2079 3152
259 166 312 195 825

878 169 908 200 S.
928 168 1091 200 MACARII
1111 170 1254 202 ΕὓΥΡΤΙ
1258 171 1270 201 Ι

1837 167 1891 200 816

260 222 350 246 totum
367 219 431 248 vitae
453 220 622 249 curriculum
646 225 760 258 propter
779 226 855 250 tanta
868 222 951 256 bona,
965 224 1048 259 quid-

1104 233 1148 252 ταν
1164 225 1240 261 ὥραν
1258 226 1289 253 ιν
1309 226 1363 261 ὅλῳ
1382 224 1421 262 τῷ
1437 225 1487 261 βίῳ
1506 225 1551 252 διά
1566 223 1717 261 τηλικαῦτα
1738 223 1840 257 ἀγαθὰ,
1862 223 1891 251 τί

260 272 324 291 nam
340 264 394 293 hoc
406 267 494 294 esset?
511 266 534 295 Ο
557 267 727 296 ineﬁ‘abilem
748 269 967 306 misericordiam
981 270 1047 298 Dei!

259 309 308 343 qui
325 311 410 345 gratis
433 319 463 338 se
480 311 571 347 ipsum
593 313 711 348 largitur
733 313 924 347 credentibus,
940 322 970 342 se
986 319 1050 350 post

259 356 388 391 exiguum
410 361 519 392 tempus
540 358 626 385 Deum
644 359 818 388 hereditario
831 360 893 396 jure
908 368 1050 395 possessu-

259 410 315 433 ros,
333 407 362 429 et
383 403 469 430 Deum
484 405 673 433 habitaturum
698 407 726 434 in
742 414 860 442 corpore
878 407 1008 441 hominis,
1021 412 1050 436 et

259 447 419 476 habiturum
428 449 575 478 Dominum
590 451 744 486 speciosam
757 452 881 485 domum,
895 453 1048 481 hominem.

259 493 338 521 Sicut
352 495 426 521 enim
454 495 527 523 Deus
546 497 648 524 coelum
668 501 696 524 et
718 502 821 525 terram
838 498 953 531 ereavit,
976 504 1007 526 ut
1021 499 1049 527 in

258 538 293 566 iis
310 539 418 568 habitet
427 541 559 570 Dominus
571 561 579 574 ,
597 542 638 570 sic
650 551 761 578 quoque
775 551 878 578 corpus
889 548 918 571 et
928 544 1050 572 animam

258 581 383 610 hominis
401 584 509 612 creavit
524 585 553 626 in
568 585 740 614 domicilium
762 595 854 620 suum,
870 592 900 615 ut
913 587 1052 617 inhabitet

258 633 287 656 et
303 630 460 664 requiescat
475 631 645 667 incorpore,
662 633 738 661 velut
755 633 784 661 in
807 633 890 662 domo
916 642 984 662 sua:
1001 635 1052 662 ba-

259 674 329 702 bens
354 682 484 710 sponsam
516 678 682 713 speciosam,
697 678 828 706 dilectam
853 678 985 712 animam,
1016 679 1051 707 ad

259 721 406 757 imaginem
420 730 498 751 suam
509 724 659 753 conditam.
669 725 803 761 Despondi
815 726 885 753 enim
896 734 952 760 vos,
962 727 1053 762 inquit

258 765 420 800 Apostolus,
439 768 486 794 uni
497 768 552 795 viro
571 769 700 804 virginem
720 774 824 797 castam
840 771 962 800 exhibere
973 770 1052 799 Chri-

259 816 299 839 sto
311 813 342 839 ".
355 813 389 841 Et
406 814 504 842 iterum
521 825 527 842 :
540 815 622 852 Cujus
634 818 726 846 damus
738 827 830 846 sumus
841 828 888 847 nos
901 820 934 847 ".
949 819 1051 853 Quem-

259 857 408 886 admodum
428 860 502 888 enim
512 861 555 888 vir
568 862 596 889 in
619 863 702 891 domo
720 872 768 892 sua
779 872 887 892 summa
897 864 1049 900 diligentia,

258 903 350 931 omnis
366 906 476 940 generis
490 906 563 934 bona
575 908 602 935 in
617 908 779 937 thesaurum
795 910 912 946 colligit,
926 910 966 938 sic
982 919 1051 947 quo-

259 958 314 984 que
329 951 463 980 Dominus
477 953 505 980 in
519 953 632 982 domum
653 963 742 989 suam,
759 956 879 984 animam
896 962 925 985 et
937 965 1050 992 corpus,

260 996 370 1029 reponit
384 1001 413 1024 et
425 997 530 1033 colligit
542 999 655 1028 divitias
668 1000 790 1036 Spiritus
804 1002 942 1030 eteiestes.
955 1002 1051 1037 Neque

260 1049 328 1070 vero
353 1044 493 1079 sapientes
520 1047 656 1082 sapientia
688 1056 748 1082 sua,
782 1057 872 1084 neque
900 1049 1053 1085 prudentes

260 1088 407 1123 prudentia
423 1099 472 1119 sua
484 1096 638 1127 potuerunt
652 1095 752 1123 anima:
773 1096 955 1123 subtilitatem
973 1104 1052 1124 com-

259 1135 444 1170 prehendere,
457 1142 505 1165 aut
521 1138 556 1166 de
571 1139 618 1167 illa
630 1140 735 1174 dicere,
753 1149 810 1176 quo
825 1145 906 1177 pacto
920 1149 950 1170 se
964 1142 1052 1169 habe-

260 1185 313 1215 ret,
338 1182 391 1210 nisi
416 1183 507 1211 solum
523 1184 554 1218 ii,
580 1185 683 1220 quibus
700 1194 752 1222 per
774 1187 908 1222 Spiritum
926 1192 1052 1215 sanctum

259 1226 399 1254 revelatur
420 1229 644 1264 comprehensio,
661 1235 689 1258 et
710 1236 805 1260 exacta
817 1232 916 1260 animae
931 1233 1053 1268 cognitio

259 1273 439 1308 perspicitur.
453 1274 590 1303 Caeterum
613 1275 659 1304 hic
683 1277 883 1312 contemplare,
901 1277 1054 1305 discernito

259 1321 288 1344 et
302 1317 435 1354 intellige,
450 1327 505 1353 quo
519 1324 609 1354 pacto,
621 1321 688 1348 audi
703 1330 709 1348 :
725 1321 770 1349 hic
786 1322 859 1351 Deus
872 1327 925 1354 est,
942 1323 988 1350 illa
998 1330 1054 1350 non

259 1367 304 1390 est
327 1363 419 1397 Deus;
440 1364 486 1392 hic
503 1365 648 1399 Dominus,
663 1366 709 1394 illa
727 1367 844 1401 ancilla;
860 1368 906 1395 hic
928 1367 1053 1400 Creator,

259 1410 307 1438 illa
323 1416 465 1445 creatura;
478 1413 524 1441 hic
532 1414 635 1449 opifex,
650 1414 697 1442 illa
709 1415 881 1450 ﬁgmentum.
893 1415 968 1443 Nihil
979 1423 1056 1443 com-

259 1463 346 1483 mune
371 1457 444 1484 inter
469 1457 552 1493 hujus
579 1463 608 1486 et
633 1459 711 1487 illius
737 1465 865 1488 naturam
887 1465 940 1488 est.
957 1461 993 1487 At
1006 1467 1057 1495 per

262 1502 410 1535 inﬁnitam,
425 1503 593 1531 ineﬁ‘abilem
619 1509 648 1532 et
661 1505 971 1540 ineomprehensibilem
983 1504 1056 1532 dile-

261 1549 381 1598 ctionem
398 1553 427 1577 et
449 1550 671 1578 misericordiam
693 1551 754 1586 ejus
770 1551 875 1586 placuit
893 1551 945 1582 illi,
959 1550 986 1578 in
1002 1550 1056 1578 hoc
1069 1568 1091 1598 α

263 1593 326 1628 ipso
341 1592 471 1628 ﬁgmento
492 1598 520 1621 et
543 1599 671 1622 creatura
684 1595 877 1627 lntellectuali,
892 1595 1013 1630 pretiosa
1027 1599 1056 1622 et

262 1639 351 1668 electa
372 1640 540 1673 inhabitare,
563 1644 593 1668 ut
616 1641 655 1668 ait
674 1641 831 1677 Scriptura,
849 1641 882 1670 Ut
902 1643 1055 1679 simus‘nos

263 1685 369 1712 initium
382 1685 490 1720 aliquod
505 1690 691 1713 creaturarum
706 1686 763 1722 ejus
773 1687 805 1720 η,
833 1687 862 1714 in
891 1687 1054 1722 sapientiam

262 1734 292 1757 et
308 1730 469 1758 societatem
479 1731 550 1766 ejus,
571 1731 599 1758 in
614 1731 758 1766 proprium
770 1732 831 1766 ejus
853 1731 1054 1764 habitaculum,

264 1774 293 1801 in
309 1775 449 1810 propriam
465 1783 498 1803 ac
516 1775 647 1803 mundam
663 1783 805 1810 sponsam.

300 1820 334 1848 V.
351 1820 447 1848 Tantis
462 1821 547 1857 igitur
563 1821 646 1849 bonis
660 1821 822 1857 propositis,
839 1820 924 1849 tantis
937 1820 1055 1856 promis-

264 1865 390 1893 sionibus
415 1865 505 1898 factis,
536 1870 668 1900 tantaque
701 1865 872 1902 benignitate
897 1873 913 1892 a
938 1865 1056 1893 Domino

263 1911 346 1939 nobis
362 1911 496 1948 exhibita,
507 1919 542 1939 ne
555 1916 776 1944 contemnamus,
792 1919 809 1939 ο
825 1911 885 1944 ﬁlii,
904 1919 974 1939 neve
984 1920 1054 1939 cun-

264 1962 374 1985 ctemur
387 1956 422 1984 ad
441 1959 525 1984 vitam
542 1962 673 1985 aeternam
695 1957 846 1993 proﬁcisci,
865 1962 895 1984 et
911 1965 962 1984 nos
982 1957 1057 1992 ipsos

265 2002 378 2037 penitus
402 2003 511 2030 Domini
533 2003 707 2038 beneplacito
726 2003 846 2030 tradere.
870 2002 1056 2030 Obsecremus

267 2048 349 2084 156
365 2056 433 2083 ergo
453 2049 611 2081 Dominum,
628 2053 717 2076 utsua
733 2048 828 2075 divina
839 2048 942 2075 virtute
957 2048 1057 2075 liberet

265 2099 317 2119 nos
327 2099 342 2119 e
353 2099 465 2119 carcere
476 2092 654 2120 tenebrarum
673 2091 1056 2127 ignominiosarumaﬁ‘ectio—

265 2144 344 2168 num,
356 2141 385 2164 et
400 2137 550 2171 imaginem
559 2145 637 2165 suam
651 2142 680 2165 et
699 2137 858 2172 ﬁgmentum
872 2137 1006 2170 vindicet,
1023 2145 1056 2164 ac

265 2180 443 2217 splendidum
469 2181 576 2215 reddat,
603 2183 707 2209 salvam
731 2186 760 2209 et
786 2189 885 2216 puram
906 2181 1056 2209 constituat

1098 271 1178 298 τοῦτο
1191 270 1243 307 ἧν;
1256 271 1279 298 ὢ
1289 271 1339 307 τῆς
1350 271 1472 307 ἀρρήτου
1485 270 1685 306 εὐσπλαγχνίας
1695 269 1743 296 τοῦ
1757 268 1838 301 Θεοῦ,
1848 269 1891 296 ὅτι

1098 316 1203 352 δωρεὰν
1222 315 1319 343 ἑαυτὸν
1334 316 1478 351 χαρίζεται
1491 317 1548 348 τοῖς
1561 315 1746 347 πιστεύουσιν;
1758 315 1787 340 ἐν
1806 313 1891 349 ὀλίγῳ

1099 360 1188 396 καιρῷ
1202 361 1268 388 Θεὸν
1281 361 1499 396 κληρονομῆσαι,
1515 361 1563 388 καὶ
1574 360 1642 388 Θεὸν
1659 360 1770 395 οἰκῆσαι
1785 360 1816 386 ὲν
1837 359 1892 386 σώ-

1101 415 1167 442 ματι
1181 406 1336 442 ἀνθρώπου,
1356 407 1404 433 καὶ
1425 406 1499 442 ἔχειν
1522 407 1568 433 τδν
1583 405 1684 441 Κύριον
1697 405 1787 432 οἰκίαν
1806 404 1892 439 καλὴν

1098 453 1146 479 τὸν
1165 451 1320 487 ἄνθρωπον.
1343 452 1450 488 Ὠσπερ
1465 451 1521 488 γὰρ
1536 453 1551 479 6
1564 452 1631 483 Θεὸς
1651 451 1698 478 τὸν
1714 451 1828 487 οὐρανὸν
1844 450 1893 477 καὶ

1098 497 1148 533 τὴν
1170 497 1223 533 γῆν
1247 497 1355 524 ἔκτισεν
1381 498 1421 530 εἰς
1444 498 1476 524 τὸ
1489 497 1652 532 κατοικῆσαι
1665 497 1711 524 τὸν
1731 495 1890 531 ἄνθρωπον,

1099 543 1187 574 οὕτως
1214 543 1262 570 καὶ
1285 543 1316 570 τδ
1343 543 1422 578 σῶμα
1441 543 1489 570 καὶ
1509 543 1560 578 τὴν
1577 543 1666 578 ψυχὴν
1683 542 1731 569 τοῦ
1746 542 1892 577 ἀνθρώπου

1101 588 1208 616 ἔκτισεν
1233 589 1274 620 εἰς
1297 588 1366 616 ἰδίαν
1386 589 1484 622 οἰκίαν,
1500 589 1540 620 εἰς
1558 588 1588 616 τὸ
1602 588 1741 623 ἐνοικῆσαι
1758 589 1806 615 καὶ
1825 588 1892 614 ἀνα-

1100 635 1215 669 παῆναι,
1228 635 1266 668 ὡς
1288 636 1318 662 ὲν
1335 635 1393 671 ἰδίῳ
1416 635 1494 671 οἴκῳ,
1513 635 1552 671 τῷ
1566 634 1683 670 σώματι,
1700 634 1769 669 ἔχων
1782 634 1893 669 νύμφην

1101 680 1187 716 καλὴν
1208 681 1258 716 τὴν
1278 681 1410 716 ἐράσμιον
1432 681 1533 716 ψυχὴν,
1557 679 1606 715 τὴν
1624 680 1685 707 κατ’
1702 680 1794 707 εἰκόνα
1809 680 1892 706 αὐτοῦ

1102 726 1304 762 πεποιημένην·
1322 726 1516 761 Ἡρμοσάμην
1527 726 1582 760 γὰρ
1590 725 1678 760 ὑμᾶς,
1692 725 1775 760 φησὶν
1788 726 1802 752 6
1812 725 1894 752 'Are6-

1102 771 1206 804 στολος,
1224 771 1269 798 ένί
1284 771 1383 806 ἀνδρὶ,
1403 771 1555 805 παρθένον
1575 771 1674 806 ἁγνὴν
1700 770 1893 805 παραστῆσαι

1101 817 1142 850 τῷ
1167 817 1292 852 Χριστῷ.
1323 817 1377 845 Καὶ
1403 817 1496 851 πάλιν,
1520 815 1561 845 υῦ
1583 814 1667 850 οἶκός
1682 817 1777 850 ἐσμεν
1795 816 1891 851 ἡμεῖς.

1103 865 1209 900 Ὠσπερ
1226 864 1281 900 γὰρ
1298 865 1313 891 6
1326 864 1395 899 ἀνὴρ
1411 863 1440 890 ιν
1453 863 1492 899 τῷ
1506 864 1574 899 οίκῳ
1592 863 1675 891 αὐτοῦ
1691 863 1762 898 μετὰ
1775 862 1894 898 σπουδῆς

1102 910 1193 937 πάντα
1205 910 1239 937 τά
1247 910 1338 945 ἀγαθὰ
1346 909 1573 945 ἀποθησαυρίζει·
1585 909 1659 936 οὕτω
1671 909 1718 936 καὶ
1728 909 1743 935 6
1753 908 1855 944 Κύριος
1864 908 1894 934 ὲν

1101 956 1140 992 τῷ
1153 957 1220 992 οῐκῳ
1233 954 1316 983 αὐτοῦ
1330 956 1364 992 τῇ
1376 955 1450 991 ψυχῇ
1477 955 1524 982 καὶ
1548 955 1588 990 τῷ
1601 955 1718 989 σώματι,
1733 953 1894 981 ἀποτίθεται

1102 1003 1150 1030 καὶ
1164 1001 1324 1038 θησαυρίζει
1336 1001 1382 1028 τὸν
1394 1001 1509 1028 πλοῦτον
1518 1001 1564 1027 τοῦ
1580 1000 1740 1035 Πνεύματος
1753 999 1800 1026 τὴν
1812 999 1895 1034 οὐρά-

1102 1058 1167 1076 νιον.
1181 1048 1250 1075 Οὔτε
1262 1048 1291 1074 δὲ
1305 1048 1383 1083 σοφοὶ
1398 1048 1443 1074 διὰ
1453 1047 1505 1082 τῆς
1515 1047 1622 1082 σοφίας,
1635 1046 1697 1073 οὔτε
1713 1047 1839 1082 φρόνιμοι
1850 1046 1892 1072 διὶ

1102 1094 1152 1130 τῆς
1166 1094 1324 1130 φρονήσεως
1339 1093 1428 1120 αὐτῶν
1443 1093 1615 1128 ἠδυνήθησαν
1626 1093 1790 1120 καταλασετν
1803 1092 1893 1127 ψυχῆς

1103 1141 1265 1177 λεπτότητα,
1274 1140 1291 1175 ἢ
1302 1141 1390 1167 εἰπεῖν
1402 1140 1466 1175 περί
1478 1139 1564 1174 αὐτῆς
1574 1139 1612 1171 ὡς
1627 1139 1711 1170 ἐστιν,
1721 1140 1746 1165 εἰ
1759 1138 1798 1174 μὴ
1814 1139 1894 1173 μόνον

1103 1183 1144 1218 οἷς
1156 1185 1202 1212 διὰ
1213 1184 1261 1212 τοῦ
1273 1185 1351 1220 ἁγίου
1367 1184 1436 1211 Πνεύ
1441 1193 1525 1220 ματος
1541 1184 1765 1211 ἀποκαλύπτεται
1781 1184 1799 1218 ἠ
1808 1183 1895 1211 κατά-

1104 1232 1185 1267 ληψις
1200 1232 1247 1259 καὶ
1262 1231 1362 1266 γνῶσις
1377 1231 1494 1266 ἀκριϐὴς
1517 1231 1582 1266 περὶ
1603 1231 1693 1266 ψυχῆς
1718 1229 1893 1266 γνωρίζεται.

1104 1278 1176 1305 Ἀλλ’
1191 1277 1308 1305 ἐνταῦθα
1320 1276 1430 1313 θεώρει,
1443 1277 1490 1304 καὶ
1502 1276 1711 1312 διάκρινοννκαὶ
1722 1275 1811 1308 σύνες.
1823 1275 1892 1307 πῶς,

1105 1322 1237 1350 ἄκουσον·
1254 1318 1331 1353 οὗτος
1350 1321 1426 1354 Θεὸς,
1442 1321 1512 1358 αὓτη
1533 1322 1564 1349 οὺ
1582 1321 1647 1353 Θεός
1659 1329 1667 1337 ”
1685 1318 1763 1353 οὗτος
1781 1321 1894 1355 Κύρπ,

1106 1368 1176 1402 α’ύτη
1198 1368 1296 1403 δούλη·
1324 1365 1402 1400 οὗτος
1429 1368 1552 1402 κτίστης,
1580 1367 1649 1403 αὕτη
1676 1367 1796 1401 κτίσμα·
1817 1363 1895 1398 οὗτος

1107 1413 1234 1449 ποιητὴς,
1250 1413 1320 1449 αὕτη
1334 1413 1451 1448 ποίημα.
1466 1413 1549 1440 Οὐδὲν
1563 1413 1652 1440 κοινὸν
1677 1412 1727 1448 τῆς
1741 1411 1822 1439 αὐτοῦ
1843 1411 1896 1446 φύ-

1108 1468 1186 1493 σεως,
1209 1459 1257 1486 καὶ
1279 1460 1364 1495 αὐτῆς
1385 1460 1531 1494 τυγχάνει·
1551 1458 1619 1485 ἀλλά
1635 1458 1680 1485 διὰ
1702 1459 1752 1494 τὴν
1770 1459 1896 1494 ἄπειρον,

1107 1506 1156 1533 καὶ
1187 1506 1316 1542 ἄρρητον,
1352 1505 1400 1532 καὶ
1431 1505 1591 1540 ἀνεννόητον
1623 1505 1744 1539 ἀγάπην,
1771 1505 1819 1531 καὶ
1850 1504 1898 1530 εὑ·

1108 1551 1276 1587 σπλαγχνίαν
1298 1550 1392 1582 αὐτοῦ,
1415 1551 1561 1585 εὐδόκησεν
1588 1552 1628 1582 εἰς
1649 1550 1729 1577 τοῦτο
1747 1550 1777 1577 τὸ
1792 1550 1898 1585 ποίημα

1107 1598 1155 1625 καὶ
1178 1598 1281 1632 κτίσμα
1302 1597 1406 1632 νοερὸν,
1421 1596 1467 1623 καὶ
1481 1597 1570 1631 τίμιον
1587 1596 1635 1624 καὶ
1655 1595 1794 1631 ἐξαίρετον
1817 1595 1899 1630 ἔργον

1105 1643 1255 1678 ἐνοικῆσαι,
1280 1642 1317 1674 ὥς
1333 1650 1425 1677 ,φησιν
1449 1643 1465 1678 ὴ
1484 1642 1593 1678 Γραφὴ,
1605 1642 1656 1674 Εἰς
1674 1641 1706 1668 τὸ
1721 1639 1797 1668 εἶναι
1818 1640 1898 1675 ἡμᾶς

1105 1687 1250 1722 ἀπαρχήν
1266 1696 1333 1715 τινα
1352 1687 1411 1714 τῶν
1424 1687 1519 1715 αὑτοῦ
1535 1686 1714 1722 κτισμάτων,
1730 1687 1770 1719 εἰς
1786 1685 1836 1723 τὴν
1848 1687 1899 1713 αύ-

1105 1735 1153 1762 τοῦ
1174 1735 1272 1770 σοφίαν
1294 1735 1340 1761 καὶ
1355 1734 1510 1766 κοινωνίαν,
1533 1734 1571 1766 εἰς
1590 1734 1655 1761 [διον
1677 1734 1897 1770 κατοικητήριον,

1107 1783 1148 1813 εἱς
1167 1781 1237 1809 ἰδίαν
1252 1781 1300 1808 καὶ
1314 1781 1438 1816 καθαρὰν
1453 1780 1574 1816 νύμφην.

1142 1828 1181 1856 E’.
1195 1827 1332 1854 Τοιούτων
1346 1825 1394 1854 οὖν
1407 1826 1518 1861 ἀγαθῶν
1533 1825 1734 1861 προκειμένων,
1750 1825 1798 1852 καὶ
1808 1825 1897 1851 τοιού-

1105 1883 1160 1901 των
1175 1873 1347 1908 ἐπαγγελιῶν
1366 1872 1597 1907 ἑπαγγελθεισῶν,
1612 1872 1660 1899 καὶ
1679 1871 1807 1906 τοιαύτης
1822 1871 1898 1898 εὐδο-

1106 1920 1170 1952 κίας
1186 1919 1239 1947 ὑπὸ
1256 1919 1359 1954 Κυρίου
1380 1919 1419 1951 εἰς
1435 1919 1510 1954 ἡμᾶς
1525 1918 1722 1953 γεγενημένης,
1740 1916 1778 1952 μὴ
1795 1916 1899 1951 ἀμελή-

1108 1973 1210 2001 σωμεν,
1231 1962 1254 1991 ὦ
1274 1964 1369 1996 τέκνα,
1393 1964 1462 2000 μήτε
1479 1964 1639 1999 ὀκνήσωμεν
1662 1963 1813 1998 ἐπαχθῆναι
1829 1962 1899 1998 πρὸς

1106 2011 1156 2046 τὴν
1174 2012 1246 2047 ζωὴν
1261 2011 1310 2046 τὴν
1326 2010 1446 2043 αἰώνιον,
1462 2010 1508 2037 καὶ
1523 2010 1636 2041 ἑαυτοὺς
1656 2008 1787 2039 ὸλοτελῶς
1802 2009 1835 2043 τῇ
1851 2006 1898 2034 τοῦ

1107 2058 1210 2093 Κυρίου
1228 2057 1405 2093 εὐαρεστήσει
1419 2056 1572 2084 ἐπιδοῦναι·
1589 2055 1825 2092 παρακαλέσωμεν
1843 2053 1899 2080 τοί-

1107 2112 1155 2130 νυν
1176 2103 1222 2130 τδν
1248 2103 1359 2138 Κύριον,
1387 2104 1430 2130 ἵνα
1447 2104 1480 2138 τῇ
1504 2102 1557 2138 ἰδίᾳ
1572 2103 1621 2138 τῆς
1636 2102 1763 2137 θεότητος
1785 2101 1899 2135 δυνάμει

1108 2149 1283 2185 λυτρώσηται
1299 2149 1374 2185 ἡμᾶς
1392 2150 1424 2176 ὲκ
1440 2149 1491 2184 τῆς
1513 2148 1638 2182 φυλακῆς
1652 2147 1700 2174 τοῦ
1720 2147 1833 2177 σκότους
1844 2146 1899 2171 τῶν

1110 2195 1206 2223 παθῶν
1232 2195 1282 2230 τῆς
1300 2196 1423 2231 ἀτιμίας,
1445 2195 1493 2222 καὶ
1518 2195 1568 2230 τὴν
1592 2194 1659 2221 ἰδίαν
1675 2193 1778 2225 εἰκόνα,
1799 2192 1847 2219 καί
1869 2191 1899 2218 τὸ

266 2228 405 2261 animam;
420 2232 449 2255 et
463 2233 494 2255 ut
514 2228 566 2256 hac
584 2229 692 2256 ratione
707 2228 783 2264 digni
799 2228 952 2256 habeamur
964 2229 1053 2257 socie-

1110 2242 1224 2278 πλάσμα
1239 2228 1386 2277 ἐκδικήσας
1399 2228 1558 2276 ἀναλάμψαί
1573 2240 1686 2275 ποιήσῃ,
1701 2238 1774 2265 σώαν
1788 2238 1835 2265 καὶ
1849 2246 1899 2264 κα-

267 2279 322 2302 tate
342 2274 473 2310 Spiritus,
488 2274 674 2310 gloriﬁcantes
686 2275 807 2307 Patrem,
817 2273 917 2302 Filium
928 2279 956 2302 et
967 2274 1055 2310 Spiri-

267 2327 324 2349 tum
339 2326 474 2355 sanctum,
491 2322 520 2350 in
531 2322 641 2350 saecula.
655 2322 755 2350 Amen.

568 2474 708 2502 HOMILIA
734 2474 766 2502 L.

319 2518 389 2546 Deus
398 2523 436 2546 est
449 2520 494 2555 qui
509 2527 556 2555 per
578 2525 683 2548 sanctos
694 2529 754 2548 suos
765 2526 789 2550 et
802 2528 941 2552 creaturas
952 2525 1006 2553 edit

591 2555 734 2584 miracula.

305 2608 324 2636 Ι.
333 2609 409 2642 Quis,
419 2609 466 2645 qui
475 2609 575 2638 clausit
582 2615 675 2646 portas
685 2612 820 2640 ccelurum
827 2613 839 2640 ?
846 2613 930 2646 Elias,
941 2623 976 2642 an
986 2615 1060 2645 Deus

267 2660 327 2684 erat
343 2656 371 2683 iu
393 2664 439 2689 eo,
468 2657 516 2692 qui
533 2657 688 2692 imperabat
714 2658 798 2686 etiam
815 2659 965 2694 pluviae“?
988 2667 1056 2698 puto

267 2709 343 2735 emn,
358 2703 406 2738 qui
421 2707 584 2737 potestatem
603 2703 687 2732 habet
706 2704 733 2731 in
749 2706 859 2739 coelum,
877 2707 1013 2736 insedisse
1027 2710 1056 2737 in

268 2747 361 2775 animo
393 2748 478 2781 illius,
496 2749 667 2784 verbumque
696 2751 744 2778 Dei
771 2758 820 2786 per
843 2751 965 2788 linguam
995 2755 1056 2790 ejus

269 2792 456 2827 prohibuisse,
468 2802 502 2822 ne
515 2795 697 2824 descenderet
708 2796 801 2831 pluvia
812 2805 895 2833 super
911 2803 1012 2827 terram
1021 2800 1054 2828 ⁸⁸.

308 2883 326 2897 ’τ
342 2882 363 2909 ιι
377 2883 440 2911 Cur.
460 2892 495 2917 si,
510 2885 554 2912 24.
594 2886 613 2901 ¹⁸
626 2885 709 2914 Hebr.
727 2895 766 2920 ιιι,
786 2887 812 2916 6.

852 2888 874 2904 "
891 2888 948 2917 Jac.
967 2898 986 2924 I,
1004 2890 1044 2918 l8.
1086 2891 1108 2907 ’θ
1125 2891 1134 2918 l
1154 2891 1219 2925 Reg.
1237 2900 1301 2924 xm,
1325 2891 1347 2918 Ι.

1111 2288 1197 2323 θαράν
1213 2287 1263 2322 τὴν
1285 2287 1374 2323 ψυχὴν
1389 2286 1630 2322 ἀπεργασάμενος,
1647 2285 1693 2311 καὶ
1708 2283 1796 2314 οὕτως
1817 2282 1899 2314 ἀξιω-

1111 2333 1202 2369 θῶμεν
1211 2334 1261 2368 τῆς
1272 2332 1413 2364 κοινωνίας
1427 2332 1474 2359 τοῦ
1489 2331 1658 2366 Πνεύματος,
1675 2329 1832 2363 δοξάζοντες
1845 2329 1899 2355 Πα-

1110 2379 1187 2414 τέρα,
1203 2379 1251 2406 καὶ
1269 2378 1344 2410 Υίδν,
1358 2378 1404 2405 καὶ
1418 2378 1495 2412 ἃγιον
1517 2376 1638 2412 Πνεῦμα,
1654 2376 1694 2408 εἰς
1705 2375 1768 2407 τοὺς
1787 2374 1898 2406 αἰῶνας.

1116 2425 1213 2460 Ἀμήν.

1412 2483 1536 2510 υλιιΛιΑ
1553 2483 1595 2510 Ν’.

1109 2532 1181 2564 Θεός
1192 2530 1278 2557 ἐστιν
1291 2531 1308 2557 ὀ
1320 2529 1369 2557 διὰ
1379 2529 1440 2557 τῶν
1448 2530 1541 2565 ἁγίων
1551 2529 1645 2556 αὑτοῦ
1656 2525 1898 2563 θαυματουργῶν.

1140 2615 1180 2643 A'.
1201 2616 1250 2648 Τίς
1273 2614 1308 2651 ἦν
1330 2617 1345 2643 6
1369 2615 1487 2650 κλείσας,
1498 2616 1549 2648 τὰς
1575 2615 1660 2651 θύρας
1684 2615 1739 2642 τῶν
1761 2613 1897 2650 ούρανῶν;

1115 2663 1220 2695 Ἠλίας,
1245 2662 1262 2698 ἤ
1285 2662 1299 2689 6
1321 2662 1387 2694 Θεὸς
1408 2660 1443 2698 ἦν
1468 2663 1497 2689 ὲν
1519 2662 1605 2698 αὐτῷ,
1623 2663 1638 2688 6
1654 2661 1786 2694 ἐπιτάξας
1799 2659 1899 2695 καὶτῷ

1110 2708 1194 2744 ύετῷ;
1212 2708 1326 2743 νομίζω,
1346 2708 1388 2735 ὅτι
1404 2709 1418 2735 6
1431 2708 1609 2743 ὲξουσιαστὴς
1627 2707 1667 2743 τῷ
1683 2706 1800 2742 οὐρανῷ,
1819 2705 1899 2736 αὐτὸς

1110 2754 1274 2789 ὲνεκαθέσθη
1293 2755 1368 2787 ἐντὸς
1379 2755 1426 2782 τοῦ
1444 2755 1504 2787 νοὸς
1519 2754 1613 2786 αὐτοῦ,
1629 2754 1677 2781 καὶ
1695 2753 1740 2780 διὰ
1750 2753 1799 2788 τῆς
1810 2751 1899 2787 γλώτο

1109 2808 1159 2836 της
1179 2799 1261 2827 αὐτοῦ
1279 2800 1294 2827 6
1308 2801 1393 2835 Λόγος
1406 2800 1454 2828 τοῦ
1466 2801 1534 2829 Θεοῦ
1551 2800 1672 2828 ἐκώλυσε
1687 2799 1734 2826 τοῦ
1753 2799 1790 2836 μὴ
1805 2798 1898 2826 κατελ-

1400 2892 1421 2907 ²¹
1439 2892 1446 2919 l
1465 2892 1532 2927 Reg.
1544 2899 1619 2925 mu,
1634 2891 1679 2923 Η,
1690 2890 1733 2918 45.
