2079 3152
218 178 270 212 817

829 170 1014 206 ΗΟΜΙῙᾸᾸΞ.
1029 179 1064 193 -‘-
1080 175 1173 206 110M.
1193 175 1226 206 L.

219 236 276 262 θεῖν
290 233 367 261 ὑετὸν
381 233 428 262 ἐπὶ
441 232 489 268 τῆς
501 232 563 267 γῆς.
574 231 631 259 Καὶ
642 229 723 259 πάλιν
738 229 809 263 εἶπε,
827 231 874 258 καὶ
892 231 1001 266 ἠνοίγη-

1068 234 1157 258 terum
1172 230 1281 258 locutus
1294 234 1347 263 est,
1364 234 1391 257 et
1406 233 1508 265 aperta
1522 234 1587 257 sunt
1597 235 1684 265 portat
1697 231 1842 263 ccelorum,

219 290 269 307 σαν
284 281 312 307 at
327 279 410 306 πύλαι
427 278 480 305 τῶν
500 278 633 313 οὐρανῶν,
648 277 698 304 καὶ
721 276 856 311 κατῆλθεν
878 277 892 303 ὁ
911 276 1004 307 ὺετόςσ

219 327 319 361 ὁμοίως
332 325 380 352 καὶ
395 324 517 359 Μωῡσῆς
526 323 608 359 ἔθηκε
620 323 728 359 ράὃδον,
746 322 795 349 καὶ
810 322 920 356 ἐγένετο
930 322 1004 356 ὄφις·

221 374 266 399 καὶ
283 373 364 398 πάλιν
381 369 453 404 εἶπε,
468 371 513 397 καὶ
528 370 636 404 ἐγένετο
652 369 760 404 ῥάϐδος.
775 369 830 396 Καὶ
845 368 940 395 ἐλαδεν
952 367 1006 395 ἀπὸ

221 419 336 453 καμίνου
357 419 472 453 τέφραν,
492 417 539 443 καὶ
556 417 712 452 ἐσκόρπισε,
728 416 776 442 καὶ
798 415 906 449 ἐγένετο
919 414 986 450 ἕλκη
997 422 1005 429 ·

222 465 269 491 καὶ
284 463 365 490 πάλιν
381 463 506 495 ἐπέταξε,
520 463 567 489 καὶ
581 462 688 496 ἐγένετο
705 460 829 492 σκνίπες,
845 460 894 487 καὶ
909 459 1009 494 βάτρα-

221 519 273 545 χοι.
288 508 362 544 *Δρα
382 508 470 535 ταῦτα
490 508 571 542 φύσις
595 506 746 543 ἀνθρώπων
768 507 856 533 ποιεῖν
877 505 1007 541 ήδύνατο;

222 553 290 581 Εἷπε
317 555 350 589 τῇ
373 553 505 587 θαλάσσῃ,
528 553 574 579 καὶ
590 551 721 587 ἐμερίσθη
734 560 742 568 '
758 551 797 586 τῷ
818 551 943 586 ποταμῷ,
962 551 1009 577 καὶ

225 599 376 635 μετεὸλήθη
389 599 429 630 εἰς
445 596 524 632 αἷμα.
547 597 627 625 ’Δλλά
639 598 730 632 δῆλον,
744 598 785 624 ὅτι
802 597 916 632 οὐρανία
930 596 1010 623 δύνα-

226 654 271 681 μις
288 644 354 680 ᾤκει
370 645 399 671 ἐν
411 643 450 679 τῷ
462 644 500 679 νῷ
513 643 606 677 αὑτοῦ,
623 643 671 670 καὶ
684 642 729 670 διὰ
742 642 864 674 Μωσέως
876 641 963 668 ἐποίει
975 641 1011 668 τὰ

227 692 328 726 σημεῖα
347 689 443 716 ταῦτα.

260 737 299 763 B'.
319 735 349 762 '0
364 735 447 763 Δαὸὶδ
462 734 520 766 πῶς
534 734 599 761 ἄνευ
614 733 695 761 ὅπλου
708 733 824 769 ήδύνατο
840 733 908 768 μετὰ
921 733 1010 759 τοιού-

225 790 272 809 του
287 782 413 816 γίγαντος
424 779 572 815 συμὸαλεῖν
586 780 625 811 είς
640 779 774 814 πόλεμον;
790 779 845 806 Καὶ
858 779 902 806 ὅτε
916 778 1011 815 ἔρριψε

226 828 272 854 τὸν
284 827 356 853 λίθον
371 826 440 853 κατὰ
454 825 500 852 τοῦ
512 825 672 859 ἀλλοφύλου,
689 824 733 851 διὰ
753 825 802 859 τῆς
815 824 904 859 χειρὸς
919 824 1011 857 Δαὸὶδ,

228 874 289 910 χεὶρ
301 873 368 900 Θεοῦ
380 873 478 908 ὼδήγει
490 873 534 898 τὸν
547 871 631 904 λίθον,
645 871 692 899 κα)⁴
709 871 778 907 αὐτὴ
793 872 810 906 ἡ
829 870 888 898 θεία
898 871 1012 906 δύναμις

227 920 386 946 ἀπέκτεινεν
401 918 482 945 αὑτὸν
494 919 631 953 ποιήσασα
642 917 691 953 τὴν
710 917 798 953 νίκην.
812 917 849 944 Οὐ
860 917 914 952 γὰρ
930 917 1012 944 Δασιδ

226 965 340 1001 ἠδύνατο
353 964 468 999 ἀσθενής
483 963 521 991 ὣν
532 964 572 998 τῷ
588 964 704 999 σώματι.
726 963 829 999 Ἰησοῦς
842 964 856 990 ό
874 964 921 990 τοῦ
935 964 1013 1000 Ναυῆ

228 1012 272 1039 ὅτε
289 1011 408 1045 ἀπῆλθεν
421 1011 460 1042 εἰς
476 1009 581 1045 Ἰεριχὼ
597 1009 797 1046 περιεκαθέσθη
820 1009 889 1037 ἑπτὰ
904 1011 1013 1046 ἡμέρας

231 1057 313 1094 μηδὲν
337 1057 484 1092 δυνάμενος
508 1055 620 1090 ποιῆσαι
632 1057 665 1091 τῇ
683 1055 735 1091 ἰδίᾳ
747 1055 837 1090 φύσει,
853 1055 911 1082 ἀλλ’
929 1056 974 1083 ὅτε
999 1057 1014 1082 ὀ

230 1104 295 1135 Θεὸς
312 1104 448 1134 ἐκέλευσε,
464 1102 499 1129 τὰ
517 1101 592 1136 τείχη
612 1101 659 1136 ἀφ’
676 1101 780 1128 ἑαυτῶν
793 1102 938 1129 κατέπεσε.
959 1102 1014 1129 Καὶ

230 1151 273 1177 are
288 1148 411 1183 εἰσῆλθεν
430 1149 469 1179 είς
488 1147 537 1182 τὴν
552 1146 605 1181 γῆν
619 1146 668 1180 τῆς
685 1147 860 1181 ἐπαγγελίας,
874 1146 949 1181 λέγει
963 1147 1013 1174 αὺ-

229 1196 268 1232 τῷ
282 1197 296 1223 ὸ
309 1195 420 1231 Κύριος,
437 1195 560 1222 Ἀπελθε
577 1195 620 1227 εις
636 1193 769 1226 πόλεμον
779 1200 788 1210 ⁶
804 1193 940 1228 ἀπεκρίθη
961 1193 1015 1228 ’1η-

231 1241 302 1274 σοῦς,
325 1240 368 1276 Ζῇ
386 1240 503 1274 Κύριος,
528 1241 564 1266 οὐ
580 1239 623 1274 μὴ
645 1238 764 1266 ἀπέλθω
778 1238 852 1265 ἄνευ
869 1238 938 1265 σοῦ.
960 1238 1015 1265 Καὶ

229 1287 271 1319 τίς
299 1288 373 1314 ἐστιν
396 1287 411 1313 ὁ
437 1286 567 1318 ἐπιτάξας
594 1284 633 1321 τῷ
659 1285 726 1320 ήλίῳ
749 1285 843 1319 στῆναι
868 1284 951 1316 ἄλλας
969 1284 1015 1312 δύο

230 1333 304 1368 ὧρας
330 1333 360 1359 ἐν
379 1333 412 1368 τῇ
440 1332 561 1367 συμϐολῇ
578 1331 625 1358 τοῦ
644 1331 772 1365 πολέμου,
797 1331 813 1366 ἠ
831 1330 911 1364 φύσις
931 1329 1014 1357 αὑτοῦ

232 1379 310 1415 μόνη,
327 1379 344 1413 ἢ
359 1379 376 1414 ἡ
399 1377 516 1405 συνοῦσα
537 1378 610 1413 αὐτῷ
624 1377 750 1412 δύναμιςς
766 1377 812 1403 καὶ
828 1377 949 1411 Μωῡσῆς
971 1377 1015 1403 ὅτε

231 1425 360 1452 συνὲὃαλε
389 1423 428 1459 τῷ
448 1423 581 1459 Ἀμαλὴκ,
611 1423 635 1450 εί
664 1423 713 1457 μὲν
734 1422 849 1455 ἐξέτεινε
883 1421 933 1454 τὰς
958 1423 1015 1457 χεῖ-

231 1479 281 1506 ρας
292 1472 331 1502 εἰς
342 1471 388 1497 τὸν
403 1470 526 1503 οὐρανὸν,
542 1469 612 1504 πρὸς
625 1469 670 1496 τὸν
680 1469 756 1500 Θεὸν,
769 1468 864 1496 ἐπάτει
877 1469 922 1496 τὸν
932 1469 1017 1504 Ἀμα-

230 1517 299 1551 λήκ·
322 1517 346 1543 εί
371 1515 399 1543 δέ
422 1515 512 1542 ἔκλινε
540 1515 589 1547 τὰς
620 1516 723 1551 χεῖρας,
747 1515 762 1541 ὁ
788 1515 911 1550 ’Δμαλὴκ
937 1523 1015 1550 περι-

231 1562 345 1597 εγενετο.

266 1609 286 1635 Γ
286 1610 303 1635 ’.
324 1608 360 1635 Σὺ
377 1607 406 1634 δὲ
419 1607 527 1634 ἁκούων
537 1606 624 1634 ταῦτα
633 1606 774 1642 γινόμενα,
792 1606 829 1642 μὴ
846 1606 955 1642 μακράν
969 1614 1015 1632 σου

231 1653 337 1687 ἀπέλθῃ
350 1652 364 1678 ό
376 1652 437 1683 νοῦς
447 1659 455 1668 ο
474 1651 531 1678 ἀλλ’
545 1652 638 1686 ἐπειδὴ
649 1652 741 1678 ἐκεῖνα
752 1651 836 1682 τύπος
849 1649 882 1686 ἦν
894 1650 941 1677 καὶ
953 1651 1018 1677 σκιὰ

230 1699 285 1725 τῶν
298 1697 432 1733 ἀληθινῶν
442 1697 623 1732 πραγμάτων,
635 1696 751 1723 ἀνάλαϐε
761 1697 800 1728 είς
813 1696 909 1722 ἑαυτὸν
920 1696 1017 1723 ταῦτα.

233 1745 298 1772 Ὅτε
313 1744 366 1779 γὰρ
379 1745 500 1775 ἐκτενεῖς
513 1743 562 1774 τὰς
574 1744 668 1778 χεῖρας
683 1742 730 1769 τοῦ
744 1743 803 1774 νοός
819 1750 877 1774 σου,
894 1742 941 1768 καὶ
955 1742 1018 1773 τοὺς

231 1790 378 1824 λογισμοὺς
398 1790 437 1821 είς
456 1789 501 1815 τὸν
518 1788 642 1823 οὐρανὸν,
655 1788 702 1814 καὶ
715 1787 837 1823 θελήσειε
850 1787 1019 1823 προσκολλη-

233 1834 312 1869 θῆναι
325 1834 364 1869 τῷ
381 1834 485 1869 Κυρίῳ,
498 1833 651 1868 κατώτερος
665 1833 719 1859 τῶν
730 1833 866 1868 λογισμῶν
881 1841 928 1859 σου
945 1833 1020 1867 γίνε-

232 1888 277 1906 ται
288 1880 304 1906 ὁ
317 1880 448 1911 Σατανᾶς.
465 1879 521 1906 Καὶ
535 1877 628 1914 ὥσπερ
639 1879 678 1909 είς
699 1877 803 1913 Ἰεριχὼ
816 1877 851 1904 τὰ
862 1877 940 1913 τείχη
955 1878 1020 1904 ἐπε-

236 1935 281 1953 σον
298 1926 342 1953 διὰ
354 1926 494 1962 δυνάμεως
514 1925 592 1958 Θεοῦ,
606 1925 678 1957 οῦτω
696 1926 743 1952 καὶ
760 1925 807 1952 νῦν
820 1925 855 1952 τὰ
875 1925 952 1960 τείχη
970 1925 1020 1960 τῆς

235 1972 335 2004 κακίας
353 1973 387 1998 τὰ
402 1972 542 1999 κωλύοντά
556 1980 602 1998 σου
617 1972 662 1998 τὸν
675 1972 745 2004 νοῦν,
766 1971 812 1998 καὶ
826 1972 854 1998 αἱ
867 1971 959 2002 πόλεις
973 1971 1019 1997 τοῦ

235 2019 354 2050 Σατανᾶ,
371 2018 417 2045 καὶ
437 2019 461 2044 οι
479 2017 569 2052 ἐχθροί
586 2026 633 2044 σου
648 2017 866 2052 ἐξολοθρεύονται
879 2016 924 2044 διὰ
942 2017 1022 2043 δυνά-

237 2072 309 2099 μεως
324 2063 391 2090 Θεοῦ
406 2072 414 2079 ·
427 2062 513 2095 οὕτως
527 2064 555 2089 ἐν
570 2064 602 2099 τῇ
617 2064 680 2098 σκιᾷ
692 2063 760 2089 Θεοῦ
772 2062 888 2097 δύναμις
903 2063 1022 2090 ἀδιαλεί-

235 2117 310 2141 πτως
327 2109 410 2144 συνῆν
423 2110 478 2140 τοῖς
491 2108 616 2140 δικαίοις,
628 2108 741 2135 ποιοῦσα
756 2107 895 2144 θαυμάσια
907 2109 1020 2144 φανερά⁶

235 2155 284 2181 καὶ
299 2154 401 2181 ἔσωθεν
416 2154 444 2181 δὲ
466 2154 495 2180 ἐν
509 2155 600 2186 αὐτοῖς
612 2153 678 2189 ᾤκει
693 2155 710 2189 ἡ
725 2153 785 2180 θεία
800 2154 889 2190 χάρις.
907 2154 1022 2190 Ὁμοίως

236 2201 283 2227 καὶ
309 2201 350 2232 εἰς
371 2199 434 2231 τοὺς
457 2200 597 2235 προφήτας
626 2200 747 2235 ἐνήργει,
774 2199 822 2227 καὶ
846 2200 964 2234 διηκόνει
992 2200 1023 2226 τὺ

237 2246 350 2281 Πνεῦμα
364 2246 393 2273 ἐν
405 2247 466 2278 ταῖς
483 2245 583 2281 ψυχαῖς
598 2244 689 2272 αὐτῶν
703 2245 749 2272 τοῦ
766 2245 957 2281 προφητεύειν,
975 2246 1023 2273 καὶ
1039 2236 1061 2264 D

237 2291 339 2324 λαλεῖν,
350 2292 395 2318 ὅτε
408 2291 488 2327 χρεία
502 2289 537 2327 ἦν
549 2291 699 2326 πράγματα
712 2291 817 2326 μεγάλα
833 2292 919 2318 εἰπεῖν
931 2291 969 2327 τῷ
982 2291 1024 2319 κό-

239 2346 310 2373 σμῳ.
340 2338 377 2365 οὐ
409 2338 462 2373 γὰρ
494 2338 610 2364 πάντοτε
646 2338 766 2370 ἐλάλουν,
797 2338 854 2364 ἀλλ’
877 2338 918 2364 ὄτι
943 2337 1024 2373 ἤθελε

237 2384 269 2411 τὸ
298 2383 329 2411 ἐν
358 2383 450 2416 αὐτοῖς
481 2383 609 2419 Πνεῦμα·
635 2383 704 2419 πλὴν
730 2384 747 2418 ή
773 2383 889 2418 δύναμις
908 2383 1024 2410 πάντοτε

239 2436 334 2464 συν-ην.

274 2481 311 2509 Δ’.
338 2481 370 2508 El
399 2478 447 2509 οὖν
474 2482 514 2514 είς
538 2481 587 2518 τὴν
610 2481 689 2508 σκιὰν
716 2480 842 2508 τοσοῦτον
864 2480 978 2517 ἐξεχύθη
994 2480 1024 2507 τὸ

239 2526 352 2562 Πνεῦμα
368 2527 399 2554 τὸ
415 2527 502 2561 ἅγιον,
519 2527 595 2562 πόσῳ
610 2527 709 2562 μᾶλλον
721 2527 761 2558 είς
777 2526 827 2562 τὴν
844 2526 946 2562 Καινὴν
962 2527 1024 2553 Δια-

239 2570 338 2607 θήκην,
364 2572 404 2604 εἰς
419 2572 465 2599 τδν
482 2572 608 2608 σταυρὸν,
623 2572 664 2604 εις
682 2571 731 2608 τὴν
755 2571 859 2598 ἕλευσιν
883 2571 930 2598 τοῦ
956 2571 1026 2606 Χρι-

240 2618 315 2651 στοῦ,
327 2618 393 2645 ὅπου
410 2619 519 2652 ἐγένετο
533 2619 549 2654 ἡ
568 2618 678 2653 ἔκχυσις
692 2618 738 2645 καὶ
751 2618 768 2653 ἡ
784 2618 853 2653 μέθη
872 2617 918 2644 τοῦ
939 2616 1025 2643 Πνεύ-

241 2671 342 2698 ματοςς
365 2664 477 2698 Ἔκχεῶ
506 2665 572 2699 γὰρ,
598 2664 674 2699 φησὶ,
701 2663 760 2690 ἀπὸ
782 2663 835 2690 τοῦ
853 2662 1026 2697 Πνεύματός

238 2718 297 2743 μου
316 2709 367 2737 ἐπὶ
384 2710 488 2738 πᾶσαν
504 2712 612 2745 σάρκα.
632 2710 717 2737 Τοῦτό
733 2711 808 2737 ἐστιν
825 2710 840 2736 ὃ
856 2704 932 2736 εἶπεν
944 2709 1026 2740 αὐτὸς

240 2755 385 2792 όίΚύριος,
407 2757 449 2784 ὅτι
463 2757 532 2784 Μεθ’
550 2756 633 2792 ὑμῶν
645 2756 752 2791 ἔσομαι
774 2756 829 2789 ἕως
846 2755 903 2790 τῆς
921 2763 1028 2783 συντε-

278 2846 301 2862 ¹¹
324 2846 409 2873 Exod.
437 2854 494 2877 vru.
511 2846 553 2874 lO.

604 2846 628 2863 “
645 2845 722 2876 ibitl.,
750 2844 793 2872 l7.
840 2844 864 2860 “
883 2842 970 2870 Exod.
1002 2850 1056 2872 xw,
1083 2841 1125 2871 l6.
1157 2840 1202 2867 2|.

1055 284 1087 303 ac
1104 275 1247 304 descendit
1259 276 1363 311 pluvia.
1380 276 1513 304 Similiter
1531 283 1642 310 quoque
1656 276 1744 304 Moses
1761 284 1846 311 pone-

1055 321 1102 348 bat
1120 321 1225 357 virgam
1237 322 1270 353 “,
1281 326 1310 349 et
1331 322 1413 349 ﬁebat
1433 329 1564 357 serpens;
1582 326 1610 349 et
1627 329 1724 349 rursus
1736 322 1845 349 locutus

1055 371 1107 398 est,
1121 371 1149 393 et
1165 366 1248 394 ﬁebat
1269 367 1358 402 virga.
1377 367 1411 394 Et
1432 367 1539 401 accepit
1553 375 1569 394 a
1586 367 1694 394 camino
1710 367 1844 399 cinerem,

1056 416 1085 440 ct
1099 412 1238 447 dispersit,
1252 417 1281 440 et
1294 412 1521 448 producebantur
1538 413 1631 440 ulcera
1648 413 1682 445 “,
1701 416 1729 439 et
1744 412 1845 439 iterum

1056 457 1204 492 percussit,
1226 462 1255 484 et
1272 457 1373 484 ﬁebant
1387 456 1512 491 ciniphes
1535 461 1563 484 et
1591 465 1674 484 ranae.
1693 456 1762 483 Num
1787 456 1846 483 haec

1057 507 1157 530 natura
1174 503 1294 530 humana
1318 503 1411 530 facere
1437 503 1549 538 potuit?
1565 502 1687 530 Locutus
1701 509 1744 530 est
1764 502 1845 535 mari,

1058 553 1086 576 et
1100 549 1220 576 divisum
1231 553 1273 576 est
1283 549 1306 564 ³⁸
1319 557 1325 575 :
1349 548 1443 581 ﬂuvio,
1458 553 1486 576 et
1501 553 1623 576 mutatus
1638 553 1681 575 est
1694 548 1721 575 in
1738 547 1848 582 sangui-

1058 599 1132 620 nem.
1146 593 1248 620 Verum
1278 597 1364 628 patet,
1382 593 1464 632 lquod
1481 593 1602 620 caelestis
1624 593 1714 620 virtus
1740 592 1849 619 habita-

1058 638 1131 666 verit
1152 638 1181 665 in
1209 638 1270 673 ejus
1295 637 1397 671 animo,
1412 639 1447 673 iet
1475 645 1525 673 per
1549 637 1642 665 Mosen
1658 637 1777 664 ediderit
1791 636 1849 664 haec

1060 683 1148 718 signa.

1094 728 1128 757 ll.
1144 727 1229 756 David
1243 735 1299 763 quo
1312 732 1395 762 pacto
1418 727 1510 763 potuit
1522 727 1627 762 absque
1642 727 1728 754 armis
1746 727 1773 754 in
1792 727 1851 755 bel—

1060 773 1118 800 lum
1132 773 1263 809 congredi
1280 781 1343 800 eum
1368 773 1414 800 tali
1430 773 1558 809 gigante?
1570 773 1605 800 Et
1620 780 1682 800 cum
1707 773 1851 808 projicere:

1061 819 1181 854 lapidem
1200 819 1228 846 in
1243 819 1425 854 alienigenam
1442 826 1490 846 sua
1506 826 1587 845 manu
1605 818 1690 846 David
1703 819 1736 852 ",
1754 826 1851 845 manus

1063 866 1111 893 Dei
1126 865 1261 900 dirigebat
1275 864 1407 899 lapidem.
1434 864 1492 898 ipsa
1517 871 1628 899 quoque
1658 864 1746 891 virtus
1757 864 1851 891 divina

1064 911 1202 939 interfecit
1217 910 1305 942 illum,
1316 917 1414 944 parans
1431 909 1587 937 victoriam.
1605 909 1664 937 Non
1676 910 1750 936 enim
1766 909 1850 936 David

1065 958 1119 985 hoc
1145 960 1263 992 poterat,
1282 955 1329 990 qui
1348 959 1410 982 erat
1431 954 1579 981 imbecillis
1606 961 1732 989 corpore.
1760 954 1850 985 Iesus.

1065 1003 1138 1030 ﬁlius
1153 1002 1228 1029 Nave
1240 1001 1273 1033 ",
1288 1008 1350 1028 cum
1368 1000 1490 1027 venisset
1513 999 1635 1032 Jcricho,
1661 999 1732 1026 sedit
1747 1003 1852 1033 sepleui

1065 1051 1135 1083 dies,
1152 1049 1222 1077 nihil
1239 1049 1348 1076 eilicere
1358 1048 1452 1075 valens
1468 1054 1517 1074 sua
1534 1046 1622 1082 ipsius
1637 1049 1750 1073 natura:
1766 1049 1794 1072 at
1805 1045 1851 1072 ubi

1063 1096 1145 1132 jussit
1160 1096 1242 1127 Deus,
1259 1094 1333 1121 muri
1354 1101 1403 1121 sua
1421 1096 1520 1128 sponte
1544 1096 1722 1119 corruerunt.
1743 1091 1852 1118 Etcum

1065 1142 1257 1178 ingrederetur
1266 1145 1367 1168 terram
1378 1138 1579 1175 promissionis,
1588 1137 1657 1165 dicit
1667 1137 1692 1164 ci
1704 1137 1852 1165 Dominus:

1066 1189 1234 1224 Proﬁciscere
1245 1189 1272 1216 in
1284 1187 1398 1220 bellant;
1412 1185 1556 1221 respondit
1571 1185 1668 1217 .lesus;
1683 1183 1748 1211 Vivit
1761 1183 1853 1210 Domi-

1065 1236 1132 1264 nus!
1146 1244 1198 1263 non
1214 1235 1353 1271 procedam
1367 1234 1424 1260 sine
1437 1237 1462 1259 te
1473 1233 1507 1258 “.
1520 1232 1554 1259 Et
1569 1231 1632 1266 quis
1646 1235 1699 1262 est,
1713 1229 1760 1264 qui
1774 1236 1853 1255 man-

1066 1282 1142 1310 davit
1160 1281 1223 1313 soli,
1244 1285 1274 1307 ut
1288 1280 1452 1307 subsisteret
1469 1277 1538 1305 duas
1553 1276 1620 1304 alias
1637 1276 1720 1302 horas
1742 1275 1768 1302 in
1785 1283 1853 1302 con-

1067 1329 1142 1357 ﬂictu
1158 1328 1245 1356 belli?
1259 1327 1299 1354 An
1325 1326 1382 1354 sola
1410 1325 1497 1360 ipsius
1510 1326 1618 1355 natura,
1634 1330 1667 1349 an
1681 1329 1742 1357 quae
1757 1320 1796 1348 illi
1808 1329 1853 1348 as-

1067 1374 1181 1402 sistebat
1191 1373 1315 1408 potentia
1326 1371 1366 1397 “?
1377 1370 1465 1397 Moses
1481 1375 1671 1404 quoque,cum
1683 1373 1779 1393 manus
1787 1372 1854 1392 oon-

1067 1424 1173 1449 sereret
1201 1427 1263 1446 eum
1280 1417 1441 1449 Amalecho,
1457 1415 1567 1451 quando
1579 1413 1743 1441 extendebat
1757 1419 1855 1439 manus

1068 1466 1096 1493 in
1112 1465 1212 1493 caelum
1226 1464 1260 1491 ad
1270 1464 1368 1496 Deum,
1385 1460 1568 1490 conculcabat
1582 1458 1713 1486 Amalech
1725 1466 1731 1484 :
1745 1456 1856 1493 quando

1068 1516 1160 1540 autem
1177 1510 1330 1538 declinaret
1349 1506 1598 1541 manus,Amalech
1608 1503 1734 1540 superior
1750 1506 1820 1530 erat.

1103 1600 1149 1629 111.
1168 1600 1208 1627 Tu
1231 1607 1298 1627 vero
1321 1597 1432 1633 quando
1453 1597 1512 1625 haec
1539 1600 1634 1623 aumtu
1660 1593 1792 1630 percipis,
1822 1600 1858 1620 ne

1068 1646 1162 1682 procul
1174 1649 1226 1672 ate
1239 1645 1368 1680 procedat
1379 1651 1456 1671 mens
1465 1647 1524 1675 tua;
1539 1648 1634 1669 verum
1646 1640 1711 1675 quia
1723 1639 1768 1666 illa
1778 1643 1858 1674 typus

1067 1696 1146 1718 erant
1160 1695 1188 1718 et
1197 1691 1293 1718 umbra
1306 1697 1432 1717 verarum
1445 1695 1549 1720 rerum,
1563 1685 1741 1714 accommoda
1760 1685 1857 1712 eadem

1069 1737 1118 1765 tibi
1142 1737 1204 1772 ipsi.
1228 1736 1455 1770 Quandocunque
1482 1734 1556 1761 enim
1576 1731 1737 1760 'estenderis
1761 1737 1859 1757 manus

1069 1784 1152 1812 animi
1169 1783 1207 1811 tui
1226 1788 1254 1811 et
1270 1782 1453 1818 cogitationes
1467 1781 1495 1808 in
1515 1781 1626 1811 collum,
1642 1785 1723 1813 atque
1739 1776 1859 1805 volueris

1069 1829 1233 1864 agglutinari
1250 1829 1378 1861 Domino,
1403 1827 1519 1855 inferior
1536 1825 1748 1860 cogitationibus
1763 1823 1818 1850 tuis
1830 1822 1859 1849 tit

1070 1875 1194 1902 Satanas.
1206 1872 1480 1908 thuemadmodum
1491 1871 1601 1898 Jerieho
1613 1872 1684 1897 muri
1695 1871 1859 1896 corruerunt

1070 1920 1175 1947 virtute
1192 1919 1285 1946 divina
1299 1919 1332 1951 ",
1362 1918 1404 1945 sic
1432 1924 1542 1952 quoque
1559 1923 1634 1942 nunc
1653 1915 1725 1941 inuri
1750 1913 1859 1940 malitia:

1071 1965 1226 2001 impediunt
1251 1969 1372 1992 mentem
1391 1968 1477 1994 tuam,
1494 1967 1576 1996 atque
1599 1960 1682 1987 urbes
1711 1959 1818 1986 Satanae
1831 1962 1860 1985 et

1072 2013 1177 2042 inimici
1192 2013 1232 2040 tui
1246 2011 1397 2046 perdentnr
1412 2011 1515 2036 virtute
1535 2008 1638 2035 divina.
1660 2005 1700 2034 Ad
1717 2005 1791 2032 hunc
1802 2012 1861 2031 m0-

1072 2061 1138 2089 dum
1169 2060 1197 2087 in
1220 2059 1317 2086 umbra
1342 2057 1410 2092 legis
1435 2056 1523 2082 virtus
1545 2054 1638 2081 divina
1671 2052 1860 2080 indesinenter

1072 2108 1166 2135 aderat
1179 2105 1271 2142 justis,
1284 2104 1369 2132 edens
1382 2101 1526 2130 manifesta
1535 2100 1676 2128 miracula.
1688 2099 1776 2133 Atque
1788 2098 1861 2124 intus

1074 2154 1101 2181 in
1118 2151 1185 2187 ipsis
1198 2149 1340 2178 habitabat
1360 2149 1454 2176 divina
1472 2147 1569 2183 gratia.
1594 2145 1691 2172 Itidem
1706 2150 1815 2179 quoque
1833 2142 1861 2168 in

1074 2197 1217 2235 prophetis
1232 2195 1411 2231 operabatur,
1439 2198 1522 2228 atque
1547 2190 1740 2226 suppeditabat
1763 2187 1863 2235 animis

1074 2233 1169 2273 eorum
1180 2243 1314 2279 Spiritum
1326 2239 1519 2277 prophetandi,
1532 2243 1560 2266 et
1570 2236 1700 2272 loquendi
1715 2239 1744 2262 et
1753 2233 1863 2262 dicendi

1075 2290 1179 2318 mundo
1214 2296 1258 2316 res
1283 2288 1429 2322 ingentes,
1472 2284 1636 2312 necessitate
1668 2282 1694 2308 id
1722 2283 1865 2316 poscente;

1074 2337 1134 2364 Non
1151 2335 1224 2363 enim
1239 2340 1349 2367 semper
1374 2331 1570 2366 loquebantur,
1591 2327 1638 2356 sed
1657 2325 1769 2361 quando
1785 2324 1863 2358 157

1074 2382 1195 2413 volebat,
1214 2379 1261 2414 qui
1284 2379 1313 2405 in
1334 2377 1400 2412 ipsis
1426 2380 1496 2408 crat,
1517 2374 1656 2409 Spiritus:
1685 2369 1864 2398 nihilominus

1076 2426 1192 2454 facultas
1208 2430 1317 2458 seraper
1333 2422 1439 2449 aderat.

1114 2478 1159 2506 Ν.
1179 2471 1208 2504 Si
1227 2475 1312 2511 igitur
1335 2474 1363 2500 in
1389 2473 1514 2499 umbram
1540 2474 1682 2504 tantopere
1701 2471 1743 2495 est
1760 2466 1865 2494 eﬂ'usus

1079 2523 1199 2559 Spiritus
1211 2526 1331 2551 sanctus,
1342 2523 1445 2554 quanto
1454 2517 1540 2552 magis
1549 2516 1578 2542 in
1587 2514 1693 2542 Novum
1706 2513 1866 2540 Testamen-

1080 2577 1148 2603 tum,
1161 2571 1189 2598 in
1206 2575 1327 2600 crucem,
1343 2567 1370 2594 in
1382 2565 1530 2593 adventum
1543 2562 1657 2594 Christi,
1673 2560 1783 2596 quando
1793 2559 1865 2586 facta

1079 2620 1122 2645 est
1136 2616 1235 2643 eﬂ'usio
1261 2617 1289 2641 et
1317 2612 1437 2640 ebrietas
1459 2608 1597 2644 Spiritus?
1614 2606 1756 2642 Eﬂ‘undam
1783 2605 1864 2636 enim,

1081 2662 1180 2697 inquit,
1198 2661 1230 2687 de
1246 2659 1348 2694 Spiritu
1359 2666 1416 2685 meo
1433 2664 1511 2691 super
1528 2662 1633 2681 onmem
1644 2660 1751 2680 carnem
1766 2649 1866 2678 “.Hoc

1079 2713 1121 2737 est
1142 2707 1216 2744 quod
1234 2707 1350 2742 ipsemet
1362 2704 1493 2732 Dominus
1504 2703 1582 2735 dixit,
1598 2708 1696 2736 nempe
1710 2709 1717 2726 :
1731 2698 1866 2726 Vobiscum

1080 2763 1125 2781 ero
1152 2742 1236 2788 itaque
1251 2751 1286 2778 ad
1308 2749 1559 2778 consummationem
1572 2745 1670 2774 seculi.
1690 2743 1780 2773 Omnis
1795 2742 1865 2770 enim

1261 2838 1314 2865 “I
1340 2838 1407 2871 Reg.
1440 2845 1505 2870 xvu,
1526 2836 1570 2864 l7.
1633 2833 1725 2862 "Jos.
1752 2840 1789 2866 vt,
1818 2831 1864 2859 2').

244 2881 265 2897 ’⁷
279 2881 335 2909 Jos.
352 2889 378 2914 ιι,
396 2883 436 2910 l3.
456 2873 462 2875 >
475 2873 497 2897 ’ί
512 2873 597 2910 Exod.
612 2889 675 2914 xvu,
694 2873 736 2908 11.
747 2881 769 2899 ’ν
784 2879 840 2907 Jos.
852 2886 888 2911 νι,
905 2879 951 2905 ‘20.
989 2877 1011 2894 ³⁸

1067 2881 1083 2904 ι.
1099 2884 1127 2909 ιι,
1146 2876 1188 2903 l6.
1200 2875 1248 2908 i7;
1261 2873 1320 2902 Jocl
1336 2881 1366 2906 ιι,
1378 2873 1424 2900 90.

1789 171 1843 204 818
1901 197 1904 200 .
