2079 3152
235 144 290 178 819

871 151 900 182 S.
922 151 1079 181 MACARII
1100 152 1261 183 [EGYPTH

1807 157 1860 191 820

237 202 282 226 ιιιιῑ
312 201 418 235 (μιαν-ει.
440 201 538 229 invenit
564 201 596 229 ".
611 201 640 230 Si
654 203 762 236 etenim,
787 203 887 239 inquit,
904 213 958 236 vos,
980 205 1025 240 qui

1075 206 1160 239 λείας
1175 206 1228 232 τοῦ
1243 205 1367 240 αιῶνος·
1380 205 1440 240 πᾶς
1451 207 1505 242 γὰρ
1523 209 1540 235 d
1553 207 1646 242 ζητῶν
1665 210 1807 244 εὑρίσκει.
1824 214 1861 240 Et

236 246 298 272 estis
312 246 386 277 ntali,
398 248 479 273 nostis
496 247 562 274 bona
578 247 647 274 dona
659 248 723 275 dare
734 248 798 281 ﬁliis
810 250 912 282 vestris,
922 255 1022 285 quanto

238 292 322 325 magis
337 290 418 319 Pater
434 296 516 318 vester
525 292 635 319 rwlestis
651 293 723 320 dabit
738 292 865 328 Spiritum
877 295 1022 329 petentibus

239 346 298 364 eum
308 347 365 365 cum
377 339 472 365 virtute
482 344 506 365 et
517 348 620 367 summa
638 339 700 374 fidei
714 342 869 369 certitudine
886 342 908 357 "
924 350 1022 370 secun-

240 383 305 409 dum
332 383 512 418 Apostolum?
537 383 672 412 Caeterum
697 386 748 413 ista
774 387 866 419 modo.
887 392 1021 422 tempore.

239 427 332 455 labore
346 436 463 461 summo,
474 429 605 464 patientia
617 435 699 465 atque
714 431 862 460 dilectione
877 432 936 468 ejus
945 441 1021 460 com-

241 479 383 508 paramur,
394 474 459 502 dum
475 481 639 504 exercentur
650 485 752 512 organa
768 479 867 506 anima:
879 481 1021 513 sensitiva,

242 525 270 546 nt
282 520 386 547 dictum
411 526 464 553 est,
481 527 509 549 et
527 523 599 550 bono
615 528 641 551 et
665 525 747 558 malo,
764 525 904 559 videlicet,
917 527 1023 554 machi-

240 568 294 599 nis,
318 568 425 596 insidiis
443 573 472 596 et
494 570 694 605 multiplicibus
711 573 926 602 circumstantiis
940 579 1023 610 atque

239 613 451 648 deceptionibus
461 615 588 643 malitias:
603 617 696 645 itidem
708 626 818 653 quoque
833 619 951 647 diversis
965 628 1024 656 gra-

241 658 285 685 tias
311 659 401 692 donis,
429 660 514 687 variis
535 662 654 695 auxiliis,
687 672 702 690 ιι
728 663 829 691 virtute
847 668 876 692 et
903 664 1023 693 eﬁicacia

241 703 361 737 Spiritus
380 704 520 738 profectis.
545 706 595 739 Qui
619 708 692 735 enim
715 710 858 744 cognoscit
881 710 1024 738 cicatrices

241 751 363 782 malitiae,
385 750 775 792 aﬁectionibus'inqninantes
792 755 952 783 interiorem
971 757 1022 784 ho-

240 797 356 830 minem;
390 803 418 824 et
439 805 493 824 non
519 798 650 833 perspicit
676 799 703 827 in
730 808 760 828 se
781 801 915 829 auxilium
935 803 1023 831 sancti

240 840 360 876 Spiritus
367 841 500 874 veritatis,
509 843 732 872 corroborantem
745 845 932 874 inﬁrmitatem
944 855 1022 875 suam

1075 251 1142 286 γὰρ,
1159 253 1253 287 φησιν,
1268 252 1352 288 ὑμεῖς
1373 254 1497 288 πονηροὶ
1516 254 1612 288 ὄντες,
1634 256 1734 283 οῑδατε
1746 257 1860 293 δόματα

1072 296 1167 330 ἀγαθὰ
1181 296 1297 324 διδόναι
1317 297 1380 331 τοῖς
1396 298 1513 332 τέκνοις
1529 299 1623 334 ὑμῶν,
1640 302 1725 334 πόσῳ
1739 301 1860 336 μᾶλλον

1072 340 1173 375 Πατὴρ
1189 340 1274 376 ὑμῶν
1287 343 1303 369 ό
1317 341 1456 376 οὐράνιος
1467 342 1555 370 δώσει
1569 345 1689 380 Πνεῦμα
1701 345 1788 381 ἅγιον
1797 348 1859 381 τοῖς

1071 386 1209 413 αιτοῦσιν
1222 386 1326 420 αὐτὸν,
1339 387 1465 422 δυνάμει
1483 388 1532 415 καὶ
1549 391 1737 426 πληροφορίᾳ
1755 393 1858 428 πολλῇ

1073 431 1146 458 κατὰ
1171 431 1217 458 τὸν
1235 432 1413 465 ’Δπόστολοη
1429 433 1469 460 Τὰ
1495 432 1541 460 οὗν
1556 435 1668 462 τοιαῦτα
1687 437 1733 464 καὶ
1754 437 1858 474 μέτρῳ,

1073 477 1121 504 καὶ
1139 477 1223 512 πόνῳ,
1238 478 1284 504 καὶ
1299 477 1377 513 κόπῳ
1389 478 1489 514 πολλῷ,
1505 480 1552 506 καὶ
1567 480 1701 516 ὑπομονῇ.
1719 481 1766 508 καὶ
1782 483 1858 518 φιλίᾳ

1072 525 1105 559 τῇ
1121 524 1190 560 πρὸς
1203 524 1285 551 αὐτὸν
1296 524 1462 560 εὑρίσκεται,
1476 525 1690 560 γυμναζομένων
1703 527 1757 554 τῶν
1766 528 1859 563 αἰσθη-

1073 567 1177 602 τηρίων
1194 567 1244 603 τῆς
1256 568 1358 603 ψυχῆς,
1375 569 1447 595 κατὰ
1459 569 1490 595 τδ
1506 569 1660 604 εἰρημένον,
1673 570 1718 597 διὰ
1731 571 1814 598 καλοῦ
1827 580 1858 598 τε

1074 615 1121 640 καὶ
1136 613 1232 647 κακοῦ,
1251 613 1349 649 δηλαδὴ
1364 614 1409 642 διά
1422 623 1452 641 τε
1466 615 1519 641 τῶν
1538 616 1666 651 μηχανῶν
1683 616 1728 642 καὶ
1747 617 1853 643 ἐπιδου-

1073 658 1138 690 λῶν,
1155 659 1203 686 καὶ
1222 659 1398 694 πολυτρόπων
1412 660 1610 695 περιστάσεων,
1621 662 1668 687 καὶ
1680 661 1796 697 ὲνεδρῶν
1808 663 1858 697 τῆς

1074 705 1173 737 κακίας
1181 713 1188 721 ³
1200 705 1300 740 ὁμοίως
1313 706 1340 732 δὲ
1352 706 1398 733 καὶ
1409 706 1455 733 διὰ
1466 706 1521 733 τῶν
1533 707 1668 743 διαφόρων
1681 709 1858 743 χαρισμάτων

1074 753 1121 779 καὶ
1149 751 1280 778 ποικίλων
1305 752 1474 788 ἀντιλήψεων
1493 753 1543 788 τῆς
1562 753 1704 788 ἐνεργείας
1719 754 1766 780 καὶ
1779 754 1858 781 δυνά-

1076 805 1149 832 μεως
1164 797 1211 824 τοῦ
1227 797 1396 833 Πνεῦματος.
1416 798 1446 825 ’0
1462 798 1517 834 γὰρ
1529 799 1670 835 γνωρίζων
1681 799 1729 834 τὴν
1741 799 1858 834 ὲπουλὴν

1074 842 1125 878 τῆς
1148 843 1246 874 κακίας
1265 843 1309 870 διὰ
1323 843 1377 871 τῶν
1392 843 1488 871 παθῶν
1506 844 1666 879 μιαίνουσαν
1682 844 1727 871 τὸν
1744 844 1798 870 ἔσω
1812 844 1858 871 ἇν-

239 890 322 921 atque
342 892 518 916 renovantem
538 891 655 917 animam
675 890 702 917 in
721 891 907 918 exsultatione
920 891 1021 925 cordis,

1075 887 1194 922 θρωπον,
1214 888 1263 915 καὶ
1278 889 1315 923 μὴ
1332 877 1521 922 ἐπιγινώσκων
1543 890 1572 915 ὲν
1596 888 1670 924 αὐτῷ
1683 889 1734 923 τὴν
1750 888 1858 922 ἀντίλη-

240 933 373 968 ejusmodi
401 933 447 969 qui
463 939 514 967 est,
535 935 595 962 sine
621 935 787 963 discretione
811 936 938 970 graditur
967 944 1022 965 non

239 979 411 1014 perspiciens
443 980 636 1008 multiformem
664 981 897 1016 dispensationem
929 983 1024 1018 gratias

239 1025 371 1059 pacisque
397 1025 506 1053 divinze.
531 1026 565 1053 Et
588 1033 603 1054 e
628 1026 748 1059 diverso,
773 1027 822 1062 qui
847 1027 990 1063 adjuvatur
1007 1035 1023 1056 ιι

239 1071 365 1102 Domino,
379 1076 407 1098 et
422 1072 511 1099 afﬁuit
525 1072 619 1100 laetitla
641 1073 789 1108 spirituali,
813 1081 845 1102 ac
865 1074 947 1102 donis
965 1082 1023 1103 oae-

239 1115 355 1143 lestibus
368 1136 376 1148 ,
402 1117 424 1144 si
444 1117 582 1144 existimet
599 1125 628 1145 se
649 1126 703 1145 non
731 1119 849 1153 amplius
873 1119 1022 1146 obnoxium

238 1165 364 1195 peccato,
380 1161 518 1196 decipitur
532 1163 649 1195 occulte,
664 1164 765 1198 quippe
782 1164 829 1199 qui
853 1172 906 1192 non
924 1165 1024 1193 habeat

239 1207 394 1234 facultatem
411 1208 587 1236 discernendi
611 1209 793 1238 subtilitatem
823 1211 945 1245 malitiae,
972 1220 1023 1240 nec

238 1255 374 1290 intelligat
386 1256 516 1290 paulatim
532 1256 591 1283 ﬁeri
615 1257 813 1285 incrementum
825 1258 960 1293 pueritiae,
981 1263 1023 1285 at-

238 1310 292 1337 que
319 1302 515 1337 perfectionem
543 1301 570 1330 in
595 1302 707 1331 Christo
731 1311 817 1330 :nam
844 1311 894 1338 per
919 1304 1025 1331 submi-

237 1348 429 1375 nistrationem
465 1347 584 1383 Spiritus
616 1349 704 1376 sancti
736 1353 764 1376 et
800 1348 905 1383 divini,
943 1349 1024 1376 simul

239 1393 307 1421 ﬁdes
338 1398 419 1421 aucta
451 1394 479 1421 in
510 1394 708 1422 incrementum
739 1394 851 1428 tendit,
886 1400 915 1422 et
943 1402 1024 1423 omne

238 1440 380 1467 munimen
408 1447 554 1474 pravarum
584 1441 779 1476 cogitationum
801 1448 835 1468 ex
868 1445 946 1476 parte
977 1441 1025 1468 dc-

237 1487 356 1514 struitur
383 1494 469 1521 usque
489 1487 522 1513 ad
546 1487 678 1522 integram
701 1488 883 1515 eversionem.
901 1487 1024 1516 Scrutari

1072 933 1118 968 ψιν
1131 933 1178 960 τοῦ
1190 933 1268 968 ἁγίου
1284 933 1441 968 Ιινεύματος
1452 935 1501 969 τῆς
1512 935 1641 970 ἀληθείας
1658 934 1857 969 ἐνδυναμοῦσαν

1073 979 1156 1006 αὐτοῦ
1179 980 1229 1015 τὴν
1247 979 1391 1007 ἀσθένειαν
1411 980 1458 1007 καὶ
1477 980 1643 1008 ἀνανεοῦσαν
1660 980 1709 1016 τὴν
1723 980 1812 1016 ψυχὴν
1828 981 1858 1007 ὲν

1073 1027 1231 1061 ἀγαλλιάσει
1260 1026 1384 1062 καρδίας,
1411 1027 1426 1054 ό
1448 1026 1566 1058 τοιοῦτος
1587 1027 1615 1053 ὲν
1629 1026 1786 1062 ἀδιακρισίᾳ
1809 1035 1858 1053 πο-

1075 1072 1194 1108 ρεύεται,
1210 1072 1248 1108 μὴ
1262 1073 1404 1108 γνωρίζων
1417 1081 1449 1107 γε
1464 1073 1518 1108 μὴν
1532 1073 1581 1108 τὴν
1595 1072 1763 1108 πολύτροπον
1786 1073 1858 1099 οίκο-

1074 1119 1171 1154 νομίαν
1183 1119 1232 1154 τῆς
1245 1119 1292 1146 τοῦ
1309 1118 1376 1146 Θεοῦ
1388 1118 1497 1154 χάριτος
1514 1120 1561 1145 καὶ
1573 1119 1694 1154 εἰρήνης.
1711 1118 1767 1145 Καὶ
1778 1118 1857 1145 πάλιν

1074 1166 1102 1193 δὲ
1118 1167 1132 1192 ὁ
1146 1165 1328 1201 βοηθούμενος
1343 1165 1395 1192 ὑπὸ
1408 1164 1456 1191 τοῦ
1472 1164 1587 1200 Κυρίου,
1605 1164 1653 1192 καὶ
1665 1164 1858 1200 εὑρισκόμενος

1075 1213 1104 1238 ὲν
1130 1210 1282 1247 εὐφροσύνῃ
1298 1211 1469 1246 πνευματικῇ
1494 1211 1541 1237 καὶ
1566 1210 1715 1245 χαρίσμασι
1741 1210 1858 1244 ἐπουρα-

1075 1257 1151 1290 νίοις,
1164 1257 1213 1284 ἐὰν
1229 1256 1327 1292 νομίσῃ
1344 1256 1444 1292 μηκέτι
1459 1257 1618 1284 ἀνακεῖσθαι
1636 1255 1689 1283 ὑπὸ
1703 1255 1753 1291 τῆς
1768 1255 1858 1290 ἁμαρ-

1074 1303 1146 1336 τίας,
1175 1304 1313 1331 ἀπατᾶται
1327 1303 1519 1338 κλεπτόμενος,
1542 1303 1580 1338 μὴ
1599 1302 1747 1337 διακρίνων
1762 1301 1856 1328 λεπτό-

1074 1358 1144 1385 τητα
1159 1350 1209 1385 τῆς
1228 1349 1342 1380 κακίας·
1369 1349 1417 1376 καὶ
1437 1348 1476 1384 μὴ
1498 1348 1596 1375 συνιὼν
1615 1347 1664 1382 τὴν
1685 1347 1756 1374 κατὰ
1778 1346 1857 1381 μέρος

1074 1395 1223 1431 γενομένην
1241 1396 1292 1430 τῆς
1306 1396 1467 1430 νηπιότητος
1479 1394 1593 1429 αὓξησιν
1604 1395 1651 1421 καὶ
1663 1393 1820 1428 τελειότητα
1829 1393 1858 1418 ἂν

1074 1442 1194 1477 Χριστῷ.
1209 1442 1259 1469 Διὰ
1269 1441 1323 1476 γὰρ
1336 1443 1385 1477 τῆς
1405 1441 1584 1477 ἐπιχορηγίας
1597 1439 1643 1467 τοῦ
1657 1439 1735 1473 ἁγίου
1746 1437 1795 1466 καὶ
1805 1437 1860 1464 θεῖ-

1075 1488 1124 1516 κοῦ
1140 1490 1297 1524 Πνεύματος
1310 1488 1387 1525 [ὁμοῦ
1403 1497 1433 1515 τε
1447 1488 1492 1515 καί
1503 1489 1520 1523 ὴ
1531 1487 1621 1518 πίστις
1635 1485 1804 1520 αὐξανομένη
1820 1485 1859 1516 είς

240 1532 324 1567 igitur
338 1532 420 1559 debet
433 1534 548 1568 quisque
563 1538 698 1566 nostrum,
712 1534 734 1561 si
753 1534 888 1562 invenerit
905 1535 932 1561 in
950 1534 1025 1561 ﬁctili

1077 1533 1218 1569 προκοπὴν
1233 1533 1352 1568 ἔρχεται,
1369 1533 1415 1560 καὶ
1432 1533 1486 1559 πᾶν
1502 1531 1633 1567 ὀχύρωμα
1649 1529 1775 1566 πονηρῶν
1787 1529 1860 1562 λογι-

240 1578 293 1605 hoc
306 1582 437 1613 apparatu
453 1578 622 1611 thesaurum,
634 1579 656 1606 si
671 1579 793 1607 induerit
804 1587 954 1615 purpuram
970 1580 1027 1614 spi-

239 1623 321 1654 ritus,
334 1623 356 1650 si
378 1622 479 1650 viderit
499 1631 601 1658 regem,
614 1628 643 1651 et
658 1624 796 1658 quieverit
813 1624 967 1659 proximum
987 1624 1026 1651 illi

240 1667 345 1700 iactus,
361 1667 384 1694 si
406 1667 514 1695 tandem
537 1668 563 1694 in
585 1668 689 1696 alienas
709 1668 806 1696 domos
824 1675 855 1696 se
883 1668 1024 1698 direxerit.

241 1711 308 1739 Nam
332 1712 423 1739 anima
448 1712 530 1740 habet
553 1717 644 1748 partes
667 1712 781 1746 multas,
802 1718 830 1741 et
855 1714 1026 1741 altitudinem

241 1765 378 1793 magnam.
394 1763 423 1785 et
440 1758 550 1786 (lenium
571 1763 713 1794 peccatum
735 1759 886 1795 ingressum
907 1760 1028 1796 possedit

241 1802 315 1829 illius
331 1803 474 1830 universas
489 1808 581 1838 partes
597 1808 625 1832 et
640 1804 732 1832 cordis
748 1805 909 1840 penetralia.
923 1805 1027 1833 Deinde

242 1847 399 1882 inquirente
413 1848 534 1881 homine,
548 1849 623 1876 venit
637 1850 723 1885 gratia
738 1850 771 1877 ad
787 1858 861 1883 eum,
873 1855 901 1878 et
912 1857 1029 1886 occupat

242 1892 310 1920 duas
324 1893 421 1921 animae
435 1899 524 1928 partes
536 1895 687 1929 :Pqualiter.
698 1895 749 1928 Qui
762 1895 845 1930 igitur
858 1896 962 1924 inscius
974 1900 1026 1929 est,

242 1937 375 1967 inuitatus
398 1948 413 1966 ιι
438 1940 543 1975 gratia,
565 1941 716 1968 arbitratur
736 1941 851 1976 gratiam
876 1942 1026 1978 ingressam

241 1992 338 2013 omnes
351 1987 450 2013 anima:
465 1991 558 2021 partes
573 1987 709 2020 obtinere,
722 1991 750 2014 et
766 1992 908 2022 peccatum
926 1989 1027 2016 radici-

242 2035 287 2058 tus
300 2031 389 2058 evelli.
402 2031 486 2066 hlajor
499 2036 590 2058 autem
604 2039 667 2067 pars
678 2040 692 2059 a
701 2038 814 2067 peccato
825 2033 1029 2068 possidetur,et

242 2084 296 2103 una
317 2084 380 2110 pars
399 2084 414 2103 a
435 2071 538 2111 gratia;
557 2081 585 2104 et
601 2078 739 2112 decipitur
755 2078 801 2106 ille
818 2084 846 2106 et
862 2079 959 2106 nescit.
976 2080 1029 2107 Per

241 2122 321 2156 plura
349 2126 441 2149 autem
471 2123 561 2150 adhuc
590 2123 624 2151 de
653 2123 697 2150 his
724 2123 858 2151 habentes
882 2124 1026 2151 attentioni

241 2171 338 2194 vestrm
358 2167 525 2195 sinceritatis
544 2168 707 2202 patefacere,
726 2176 774 2204 per
793 2177 879 2203 pauca
901 2169 1028 2197 dedimus

241 2212 319 2240 vobis
340 2213 506 2248 principium
527 2218 557 2240 ut
576 2213 792 2249 intelligentibus
813 2215 981 2248 hominibus,
998 2219 1028 2242 ut
1044 2207 1064 2234 υ

241 2266 400 2288 exercentes
410 2266 437 2288 et
447 2261 612 2289 meditantes
621 2270 777 2289 sermonum
787 2262 928 2294 virtutem,
944 2263 1024 2290 intel-

241 2308 400 2343 ligentiores
420 2306 491 2335 ﬁalis
505 2308 532 2334 in
547 2308 672 2340 Domino,
683 2313 712 2336 et
727 2307 807 2343 158
821 2308 1024 2343 simplicitatem

239 2353 333 2380 cordis
344 2353 428 2380 vestri
443 2353 566 2388 augeatis
577 2353 604 2380 in
619 2354 678 2389 ejus
690 2355 787 2389 gratia,
800 2357 828 2381 et
840 2354 941 2382 virtute
953 2355 1024 2382 veri-

240 2398 315 2430 tatis,
330 2402 359 2425 ut
374 2406 436 2425 cum
453 2399 527 2426 omni
544 2399 691 2426 securitate
705 2403 802 2427 vestra:
818 2400 899 2427 saluti
917 2400 1024 2428 incum-

238 2444 350 2477 bentes,
367 2449 396 2471 et
419 2444 526 2472 liberati
550 2445 585 2472 ab
607 2445 680 2472 onmi
703 2445 861 2473 curiositate
881 2450 909 2474 et
929 2446 1025 2475 fraude

238 2490 390 2517 adversarii
408 2490 481 2525 digni
499 2489 654 2517 habeamini
673 2490 776 2518 innoxii
794 2495 822 2518 et
837 2491 930 2519 invicti
946 2491 1023 2519 inve-

239 2537 295 2563 niri
314 2537 341 2563 in
358 2537 402 2563 die
415 2537 512 2571 judicii
529 2537 637 2564 Domini
658 2537 744 2564 nostri
760 2537 824 2565 Iesu
841 2537 960 2570 Christi;
979 2538 1024 2565 cui

238 2584 326 2618 gloria
340 2589 368 2612 et
381 2589 501 2619 potestas
511 2592 572 2612 cum
587 2585 668 2612 Patre
680 2590 709 2613 et
723 2585 831 2613 viviﬁco
847 2585 906 2621 ejus
921 2585 1023 2621 Spiritu

274 2687 298 2704 “
315 2686 409 2713 Matth.
424 2693 519 2719 xxvnt,
531 2685 577 2713 20.
616 2685 638 2702 ³³
656 2685 752 2713 Matth.
769 2693 815 2718 vn,
833 2685 874 2713 ll.

1079 1579 1156 1614 σμῶν
1184 1579 1253 1606 κατὰ
1272 1579 1355 1614 μέρος
1383 1579 1468 1614 χωρεῖ
1489 1579 1529 1610 εις
1549 1576 1708 1612 καθαίρεσιν
1730 1573 1859 1608 παντελῆ.

1084 1625 1212 1661 Ἐρευνᾷν
1225 1624 1271 1651 οὖν
1293 1625 1395 1658 ὀφείλει
1410 1624 1525 1654 ἕκαστος
1538 1622 1627 1658 ἡμῶν,
1641 1622 1666 1648 εί
1685 1619 1763 1656 εὖριν
1781 1621 1810 1647 ὲν
1823 1618 1861 1654 τῷ

1077 1669 1229 1706 ὀστρακίνῳ
1242 1669 1328 1703 τούτῳ
1340 1668 1447 1695 σκεύειΙ
1463 1668 1508 1695 τὸν
1522 1666 1666 1704 θησαυρὸν,
1683 1666 1708 1692 εί
1720 1665 1862 1693 ἐνεδύσατο

1077 1715 1126 1751 τὴν
1149 1715 1291 1750 πορφύραν
1314 1714 1361 1741 τοῦ
1380 1714 1543 1749 πνεύματος,
1565 1714 1589 1740 εί
1607 1710 1661 1739 εἶδε
1678 1712 1723 1738 τὸν
1740 1710 1860 1746 βασιλέα,

1078 1762 1125 1787 καὶ
1146 1761 1287 1796 ἀνεπαύθη
1306 1761 1316 1776 ²
1342 1761 1492 1794 ἔγγύτατος
1519 1759 1602 1786 αὑτοῦ
1624 1758 1779 1792 γενόμενος,
1807 1756 1862 1783 εἴτε

1078 1805 1169 1842 ἀκμὴν
1196 1807 1236 1838 είς
1263 1806 1324 1838 τοὺς
1347 1806 1497 1839 ὲξωτάτους
1515 1806 1605 1836 οἴκους
1624 1804 1756 1830 διακινεῑο
1779 1802 1863 1837 ἡγὰρ

1078 1853 1150 1888 ψυχὴ
1160 1852 1217 1887 ἔχει
1228 1852 1297 1887 μέλη
1309 1852 1404 1883 πολλὰ,
1419 1852 1467 1879 καὶ
1485 1851 1565 1886 βάθος
1582 1851 1660 1883 πολὺ,
1676 1850 1723 1877 καὶ
1738 1848 1830 1876 λοιπὸν
1846 1848 1863 1883 ἠ

1079 1899 1200 1934 ἁμαρτία
1219 1897 1413 1925 ἐπεισελθοῦσα
1431 1897 1562 1932 κατέσχεν
1577 1897 1661 1931 αὐτῆς
1674 1896 1724 1922 ὅλα
1744 1895 1779 1922 τὰ
1795 1893 1862 1930 μέλη

1078 1946 1125 1971 καὶ
1145 1945 1193 1976 τὰς
1213 1944 1298 1979 νομὰς
1319 1943 1368 1978 τῆς
1382 1943 1504 1979 καρδίας.
1519 1940 1587 1970 Εἶτα
1604 1941 1796 1977 ἐπιζητοῦντος
1816 1939 1862 1966 τοῦ

1079 1991 1222 2026 ἀνθρώπου
1237 1991 1346 2026 ἔρχεται
1371 1991 1388 2025 ή
1405 1990 1484 2025 χάρις
1499 1991 1567 2024 πρὸς
1581 1988 1672 2020 αὑτὸν,
1689 1988 1736 2015 καὶ
1755 1987 1864 2022 κατέχει

1078 2037 1124 2064 δύο
1145 2037 1212 2072 μέλη
1233 2036 1283 2072 τῆς
1299 2037 1387 2072 ψυχῆς
1401 2036 1475 2068 tam.
1497 2036 1526 2062 Ὀ
1540 2033 1586 2062 οὖν
1603 2035 1725 2070 ἄπειρος,
1739 2041 1864 2069 παρακα-

1078 2082 1208 2118 λούμενος
1228 2082 1280 2109 ὐπὺ
1299 2082 1349 2116 τῆς
1371 2082 1492 2117 χάριτος,
1513 2081 1627 2116 νομίζει,
1648 2080 1690 2107 ὃτι
1709 2079 1822 2106 ἐλθοῦσα
1847 2079 1864 2115 ἡ

1079 2128 1158 2163 χάρις
1176 2128 1225 2154 ὅλα
1245 2127 1279 2154 τὰ
1295 2127 1363 2163 μέλη
1379 2126 1429 2162 τῆς
1440 2127 1528 2162 ψυχῆς
1544 2126 1670 2160 κατέσχε,
1691 2125 1738 2152 καὶ
1759 2124 1864 2160 ἱξερρι-

1079 2173 1152 2209 ζώθη
1164 2174 1203 2209 ³η
1221 2173 1354 2209 ἁμαρτία.
1366 2173 1402 2200 Τὸ
1422 2173 1544 2200 πλεῖστον
1561 2171 1589 2198 δὲ
1608 2171 1691 2207 μέρος
1710 2171 1760 2206 τῆς
1774 2171 1865 2205 ἀμαρ-

1080 2219 1139 2251 τίας
1154 2221 1306 2255 κρατεῖται,
1322 2219 1369 2246 καὶ
1388 2218 1416 2245 ἓν
1439 2218 1520 2253 μέρος
1541 2217 1593 2244 ὑπὸ
1609 2217 1660 2252 τῆς
1676 2217 1786 2252 χάριτος
1796 2225 1803 2231 ·
1819 2214 1865 2242 καὶ

1080 2265 1278 2292 ὺποκλὲπτεται
1289 2265 1336 2291 καὶ
1349 2264 1400 2290 οὐκ
1415 2261 1478 2290 οἵδε.
1492 2263 1541 2290 Διὰ
1556 2263 1688 2289 πλειόνων
1700 2262 1728 2289 δὲ
1745 2261 1784 2288 ἐτι
1801 2260 1864 2296 περὶ

1078 2309 1180 2336 τούτων
1194 2309 1301 2345 ἔχοντες
1315 2310 1465 2336 ἐπιστεῖλαι
1479 2310 1512 2344 τῇ
1523 2307 1641 2335 διαθέσει
1660 2307 1710 2342 τῆς
1727 2307 1861 2342 ὑμετέρας

1077 2355 1262 2390 είλικρινείας,
1283 2355 1315 2382 δι’
1328 2355 1426 2389 ὀλίγων
1444 2355 1583 2389 ἐδώκαμεν
1598 2354 1662 2388 ὑμῖν
1679 2352 1804 2388 ἀφορμὴν
1821 2352 1859 2384 ὠς

1077 2403 1197 2434 quva-toi;
1218 2400 1357 2437 ἀνδράσιν,
1385 2400 1428 2427 [va
1453 2400 1632 2435 ἐργασάμενοι
1652 2399 1699 2426 καὶ
1715 2398 1858 2433 ἐξερευνή-

1077 2456 1174 2480 σαντες
1188 2448 1237 2483 τὴν
1247 2447 1300 2473 τῶν
1314 2446 1400 2481 λόγων
1413 2445 1536 2480 δύναμιν,
1555 2444 1732 2481 συνετώτεροι
1742 2443 1859 2479 γένησθε

1076 2495 1104 2521 ἐν
1117 2494 1222 2529 Κυρίῳ,
1241 2494 1288 2521 καὶ
1304 2493 1354 2528 τὴν
1368 2492 1506 2528 ἁπλότητα
1519 2492 1568 2526 τῆς
1587 2491 1700 2526 καρδίας
1718 2490 1795 2526 ὑμῶν
1812 2489 1861 2516 αὺ-

1077 2541 1173 2575 ξᾶνητε
1184 2540 1212 2566 ὲν
1226 2540 1259 2574 τῇ
1270 2537 1352 2566 αὑτοῦ
1364 2538 1466 2574 χάριτι,
1480 2537 1528 2564 καὶ
1537 2536 1649 2572 δυνάμει
1661 2536 1712 2571 τῆς
1722 2535 1861 2570 ἀληθείας,

1077 2586 1120 2612 ἵνα
1137 2583 1207 2621 μετὰ
1222 2585 1313 2620 πάσης
1330 2583 1480 2620 ἀσφαλείας
1496 2582 1670 2619 ἀντεχόμενοι
1690 2581 1739 2618 τῆς
1760 2579 1863 2609 ἑαυτῶν

852 2801 855 2805 .
874 2775 989 2804 VARI/Ii.
1007 2775 1212 2804 LECTIONES.

276 2857 286 2873 '
303 2856 370 2883 Cod.
391 2855 485 2884 σκεύη.
537 2855 617 2887 ’Σο-η
645 2855 751 2888 ἀνιπάη
779 2859 827 2883 aut
840 2853 974 2890 ἀνεπαύη.

1013 2855 1023 2871 ³
1039 2853 1106 2882 Cod.
1122 2853 1280 2890 ὲξεριζώθη.
