2079 3152
196 167 250 196 825

727 162 843 193 LIBER
862 161 912 192 DE
930 160 1116 192 CUSTODIA
1135 159 1284 191 CORDlS.

1780 157 1833 188 826

197 218 320 252 θεωμένοις
337 217 411 252 λέγει
423 217 440 253 ἠ
454 216 549 253 Γραφή
561 224 568 232 ·
581 215 692 250 Πιστὸς
707 218 724 244 ό
734 217 818 250 Θεὸς.
829 217 887 244 οὐκ
903 216 988 244 ἐάσει

1052 215 1089 243 lis
1099 222 1193 250 porro.
1204 213 1252 249 qui
1263 212 1358 241 animo
1369 211 1576 248 angustiantur,
1590 211 1659 239 dicit
1670 211 1813 246 Scriptura
1825 219 1832 238 :

197 262 275 298 ὑμᾶς
289 263 488 298 πειρασθῆναι
503 263 580 298 ὑπὲρ
597 264 614 290 ό
630 263 778 291 δύνασθε·
796 262 990 296 ἀπαιδεύτοις

197 310 232 337 δὲ
244 309 437 342 συναντῆσαι
450 308 537 337 κακά.

234 400 280 433 (τι,
297 399 403 434 Ὥσπερ
419 399 443 425 οἱ
465 398 518 431 ἔξω
537 398 675 435 ὀφθαλμοὶ
700 398 828 434 βλέπουσι
852 399 990 434 μακρόθεν

197 445 247 477 τὰς
267 444 401 477 ἀκάνθας,
424 445 471 472 καὶ
488 445 553 477 τοὺς
567 445 725 481 κρημνούς·
743 445 815 473 οῦτω
830 445 878 473 καὶ
894 446 909 472 ό
922 454 990 481 προ-

198 491 344 523 ϐλεπτικδς
357 491 419 524 νοῦς
430 491 580 527 προσλέπει
590 492 675 527 ταχὺς
688 491 726 519 ὣν
736 493 786 528 τῆς
798 491 991 527 ἀντικειμένης

197 538 339 573 δυνάμεως
350 537 399 569 τὰς
413 537 512 573 τέχνας
525 538 572 565 καὶ
583 537 632 569 τὰς
644 538 804 570 ἐπισκευὰς,
815 538 864 565 καὶ
874 537 991 574 ἀσφαλί-

199 584 277 616 ζεται
293 583 343 619 τὴν
357 583 457 619 ψυχὴν,
472 584 510 615 ὡς
522 583 661 619 ὀφθαλμὸς
677 583 714 611 ὢν
727 584 823 620 αὐτῆς.

233 629 271 655 Z'.
295 627 412 661 Ἀγῶνος
426 627 525 655 πολλοῦ
540 629 587 655 καὶ
604 628 686 656 πόνου
702 627 827 664 κρυπτοῦ
841 629 890 656 καὶ
904 627 991 665 ἀορά-

198 681 245 700 του
254 672 343 708 χρεία,
355 673 493 708 λογισμῶν
502 672 615 708 ἔρευναν
623 673 767 705 ποιεῖσθαι,
778 673 867 700 καὶτὰ
874 672 991 708 ἠσθενη-

200 719 268 746 xm
302 718 358 753 τῆς
385 718 491 754 ψυχῆς
517 718 602 754 ἡμῶν
631 718 809 753 αἰσθητήρια
834 718 993 754 γυμνάζειν

201 765 277 800 πρὸς
289 765 441 799 διάκρισιν
454 766 550 793 καλοῦ
571 774 603 793 τε
617 766 666 793 καὶ
683 765 796 793 κακοῦ·
812 765 854 792 δεῖ
876 765 992 792 πάντοτε

202 811 249 838 καὶ
263 810 455 846 ἀναζωπυρεῖν
472 809 516 837 διὰ
532 809 581 837 τοῦ
602 810 662 843 νοὸς
678 810 747 846 πρὸς
770 810 837 837 Θεδν
861 809 993 843 ἐπείξεως

199 857 233 884 τὰ
248 856 447 892 ἐξησθενηκότα
459 858 493 892 τῇ
506 856 579 892 ψυχῇ
597 857 665 893 μέλη
675 865 684 873 ·
695 856 743 884 τοῦ
755 856 802 884 νοῦ
816 856 896 892 ἡμῶν
909 864 993 891 προσ-

200 902 368 937 καλουμένου
382 902 451 938 μετά
469 902 517 930 τοῦ
544 902 648 938 Κυρίου
666 902 792 934 πάντοτε,
818 902 862 929 ῑνα
877 901 991 937 γένηται

200 949 243 981 εἰς
258 947 294 974 ἐν
307 947 426 982 πνεῦμα
448 947 519 974 κατὰ
541 946 573 973 τὸ
596 946 686 981 λόγιον
706 945 824 974 Παύλου.
846 945 948 972 Τοῦτον
962 944 991 971 δὲ

201 993 246 1020 τὸν
265 993 387 1030 κρυπτὸν
413 993 507 1027 ἀγῶνα
530 993 578 1020 καὶ
595 992 711 1028 μελέτην
725 991 828 1027 Κυρίου
849 991 898 1018 καὶ
912 991 992 1017 πόνον

201 1040 298 1072 νυκτὸς
310 1039 358 1067 καὶ
372 1039 477 1076 ἡμέρας
489 1039 561 1075 ἔχειν
575 1040 650 1074 ἡμᾶς
663 1038 718 1075 χρὴ
734 1039 775 1070 εἰς
790 1038 880 1065 πᾶσαν
895 1037 992 1072 ἐπιτή-

201 1086 292 1113 δευσιν
309 1085 431 1122 ὲντολῆς,
457 1085 513 1112 εἴτε
537 1084 704 1120 εὐχομένων,
729 1084 783 1111 εἴτε
806 1083 992 1118 ὲσθιόντων,ἢ

202 1131 409 1164 διακονούντων,
435 1131 452 1167 ἢ
477 1131 652 1167 πινόντων,ἣ
677 1130 770 1167 ἔτερόν
785 1139 813 1157 τι
834 1129 993 1161 ποιούντων,

203 1176 247 1203 ῐνα
258 1176 312 1203 πᾶν
326 1175 341 1202 ὃ
353 1175 458 1208 γίνεται
478 1175 583 1209 ἀγαθὸν
602 1175 772 1211 ἐπιτήδευμα
782 1176 823 1207 είς
837 1174 915 1207 δόξαν
926 1173 993 1201 Θεοῦ

204 1223 328 1260 γένηται.
353 1223 511 1258 ’Δγιάζεται
526 1222 582 1258 γὰρ
605 1222 652 1249 καὶ
675 1223 692 1258 ἡ
716 1221 771 1248 τῶν
785 1221 900 1249 ἐντολῶν
917 1222 993 1248 πᾶσα

204 1269 366 1297 ἀκολουθία·
393 1270 440 1296 καὶ
456 1269 586 1305 καθαρῶς
602 1269 648 1303 ὑφ’
663 1268 741 1304 ὑμῶν
754 1267 931 1299 ὲπιτελεῑται,
950 1267 995 1294 διὰ

202 1316 253 1351 τῆς
273 1315 446 1342 ἀδιαλείπτου
471 1315 582 1350 μνήμης
604 1314 652 1341 τοῦ
674 1313 754 1347 Θεοῦ,
779 1313 827 1341 καὶ
849 1313 932 1348 φόϐου
947 1314 995 1340 καὶ

203 1362 314 1396 ἀγάπης
325 1362 374 1397 τῆς
386 1361 455 1397 πρὸς
475 1360 552 1394 Θεὸν,
575 1361 623 1388 καὶ
637 1360 769 1396 γινόμεθα
783 1359 861 1391 ἐκτὸς
877 1359 932 1386 ἀπὸ
947 1358 995 1386 τοῦ

206 1409 357 1444 μιαίνοντος
372 1408 422 1440 τὰς
436 1407 547 1439 ἐντολὰς
561 1407 609 1434 τοῦ
622 1406 702 1434 Θεοῦ.

204 1456 252 1484 Dei
272 1463 375 1492 perque
395 1455 520 1484 timorem
543 1459 573 1483 et
592 1455 755 1483 charitatem
776 1462 842 1490 erga
859 1454 961 1485 Deum;
984 1461 1034 1489 per

205 1511 249 1533 co.
261 1503 308 1537 qui
328 1501 427 1537 polluit
441 1501 569 1529 mandata
586 1501 645 1529 Dei.

242 1550 282 1576 ﬂ'.
299 1549 354 1577 Kal.
365 1548 425 1584 ,γὰρ
438 1549 452 1575 ό
469 1548 644 1584 πατριάρχης
661 1547 788 1583 Ἀὃραὰμ
802 1545 899 1574 ἐκτῶν
912 1547 996 1581 ἀκρο-
1011 1547 1032 1576 C

207 1596 299 1623 θινίων
323 1595 362 1630 τῷ
386 1595 454 1629 ἱερεῖ
469 1593 519 1621 τοῦ
541 1593 609 1620 Θεοῦ
624 1593 794 1629 Μελχισεδὲκ
814 1592 995 1628 προσήνεγκε,

207 1643 254 1668 καὶ
268 1640 354 1672 οὕτως
370 1641 420 1675 τὴν
445 1639 572 1674 εὐλογίαν
596 1639 710 1672 ἐδέξατο
734 1638 800 1674 παρ’
817 1638 910 1665 αὑτοῦ.
926 1637 960 1664 Τί
976 1637 998 1664 δ’

207 1687 272 1714 ἄλλο
285 1686 329 1714 διὰ
341 1685 444 1713 τούτων
458 1685 607 1712 αἰνίττεται
619 1686 650 1712 τὸ
666 1684 788 1720 Πνεῦμα,
798 1685 856 1711 ἀλλ’
867 1684 885 1720 ἢ
897 1683 1000 1719 ὑψηλο-

207 1733 291 1769 τέραν
306 1733 424 1769 θεωρίαν
440 1732 581 1768 ἐμφαίνων
598 1741 662 1764 που,
680 1732 714 1759 τὰ
730 1731 803 1766 ἄκρα
817 1731 865 1758 καὶ
880 1731 915 1758 τὰ
933 1731 1001 1757 ὀστᾶ

208 1778 256 1806 τοῦ
270 1778 332 1805 ὅλου
346 1778 534 1814 συγκρίματος
550 1777 602 1813 τῆς
618 1778 727 1812 φύσεως
742 1777 837 1813 ἡμῶνς
849 1776 999 1808 τουτέστιν,
1018 1797 1020 1800 .

209 1822 292 1850 αὑτὸν
305 1822 352 1849 τὸν
371 1822 445 1854 νοῦν,
474 1821 560 1858 αὐτὴν
583 1822 633 1858 τὴν
660 1821 823 1858 συνείδησιν,
840 1821 925 1857 αὐτὴν
951 1821 1001 1857 τὴν

209 1868 340 1900 διάθεσιν,
353 1868 436 1895 αὑτὸν
450 1868 497 1895 τὸν
516 1867 659 1904 λογισμὸν,
674 1868 759 1903 αὐτὴν
776 1867 826 1903 τῆς
847 1866 937 1903 ψυχῆς
952 1867 1001 1903 τὴν

210 1913 386 1950 ἀγαπητικὴν
406 1913 533 1948 δύναμιν,
554 1913 604 1948 τὴν
629 1913 758 1950 ἀπαρχὴν
774 1913 822 1940 τοῦ
837 1913 898 1940 ὅλου
923 1913 1002 1948 ἡμῶν

211 1960 356 1995 ἀνθρώπου
370 1959 408 1995 τῷ
428 1959 488 1995 Θεῷ
503 1959 637 1995 πρότερον
655 1960 778 1995 κομίζειν
797 1959 852 1986 δεῖν
874 1959 1001 1992 πάντοτε,

210 2007 260 2042 τὴν
276 2006 326 2042 τῆς
342 2006 456 2041 καρδίας
473 2006 548 2041 ἱερὰν
560 2006 655 2033 θυσίαν
665 2014 673 2022 ο
686 2006 722 2033 τὰ
735 2005 889 2041 ἀκροθίνια,
908 2005 956 2032 καὶ
970 2005 1004 2032 τὰ

211 2054 284 2087 ἄκρα
298 2052 353 2078 τῶν
369 2051 479 2086 ἀγαθῶν
499 2052 639 2087 λογισμῶν
660 2051 702 2084 είς
717 2051 767 2087 τὴν
790 2051 876 2087 αὐτὴν
892 2052 1004 2087 μνήμην

211 2099 259 2125 καὶ
277 2098 393 2134 μελέτην
412 2098 456 2125 διὰ
479 2098 578 2130 παντὸς
595 2097 822 2134 ἀπασχολοῦντος.
847 2097 903 2124 Καὶ
918 2097 1004 2129 οὕτως

211 2142 349 2178 δυνάμεθα
362 2142 498 2178 ὁσημέραι
513 2143 564 2178 τὴν
580 2142 694 2178 αὔξησιν
714 2143 763 2170 καὶ
777 2142 919 2178 προκοπὴν
935 2143 1005 2178 λαμ-

212 2188 304 2215 ϐάνειν
330 2188 508 2224 βοηθούμενοι
535 2189 587 2215 ὑπὸ
606 2189 655 2224 τῆς
675 2189 750 2221 θείας
766 2189 889 2224 χάριτος,
907 2189 954 2216 καὶ
973 2188 1004 2215 τὺ

213 2234 323 2270 φορτίον
338 2235 387 2270 τῆς
399 2235 574 2271 δικαιοσύνης
588 2236 642 2262 τῶν
659 2235 786 2269 ἐντολῶν,
802 2235 919 2270 ὲλαφρδν
936 2236 1003 2271 ἡμῖν

213 2281 446 2316 καταφανήσεται,
463 2281 592 2317 καθαρῶς
609 2282 657 2309 καὶ
680 2283 805 2318 ἀμώμως
823 2282 925 2315 ταύτας
944 2282 1004 2309 ἑπι-

213 2325 364 2358 τελοῦντες,
381 2326 594 2362 συνεργούμενοι
610 2327 656 2353 ὑπ’
672 2326 755 2354 αὑτοῦ
777 2326 824 2353 τοῦ
841 2326 944 2363 Κυρίου
959 2327 1004 2354 διὰ

213 2373 262 2407 τῆς
280 2372 347 2408 πρὸς
365 2372 447 2399 αὐτὸν
463 2373 543 2408 ἡμῶν
568 2373 696 2404 πίστεως.
717 2373 784 2408 Περὶ
798 2372 827 2400 δὲ
844 2373 893 2408 τῆς
909 2382 1004 2408 φαινοσι

217 2418 300 2453 μένης
315 2418 469 2453 ἀσκήσεως,
484 2419 530 2446 καὶ
544 2420 620 2445 ποῖον
637 2418 739 2453 ἀγαθὸν
757 2418 928 2455 ἐπιτήδευμα
944 2420 1005 2455 μεῖ-

215 2464 261 2496 ζον
275 2464 322 2491 καὶ
342 2465 450 2501 πρῶτον
465 2466 606 2500 τυγχάνει,
624 2465 704 2492 τοῦτο
718 2463 879 2500 γινώσκετε,
896 2465 1007 2501 ἀγαπη-

215 2510 269 2543 τοὶ,
295 2510 336 2537 ὃτι
361 2510 485 2546 ἀλλήλων
501 2511 588 2537 πᾶσαι
611 2512 638 2537 αἱ
663 2510 762 2546 ἀρεταὶ
778 2511 943 2546 κρέμανται,
959 2511 1008 2538 καὶ

215 2555 338 2592 ἀλλήλων
350 2556 530 2589 συνδέδενται,
543 2556 590 2584 καὶ
601 2556 696 2592 ὥσπερ
705 2556 767 2592 ἱερά
777 2565 819 2588 τις
833 2557 1008 2592 πνευματικὴ

216 2602 320 2636 ἅλυσις,
347 2603 396 2639 μία
420 2603 474 2630 ἀπὸ
500 2604 565 2639 μιᾶς
596 2603 758 2639 ἧρτηταιιή
784 2603 851 2638 εὐχὴ
875 2602 931 2630 ἀπὸ
958 2603 1008 2638 τῆς

216 2649 337 2684 ἀγάπης.
352 2650 369 2685 ἡ
389 2649 485 2685 ἀγάπη
509 2649 563 2676 ἀπὺ
578 2649 627 2684 τῆς
644 2649 743 2684 χαρᾶς,
759 2649 776 2684 ή
792 2648 865 2684 χαρὰ
887 2648 942 2675 ἀπὸ
956 2648 1007 2683 τῆς

216 2695 382 2730 πραότητος,
397 2696 415 2731 η
430 2695 552 2732 πραότης
566 2695 621 2722 ἀπὸ
637 2696 685 2731 τῆς
704 2695 908 2728 ταπεινώσεως,
929 2696 946 2730 ἡ
961 2703 1009 2721 τα-

217 2740 345 2772 πείνωσις
350 2740 404 2767 ἀπὸ
410 2741 458 2777 τὴς
464 2741 612 2773 διακονίας,
619 2741 636 2776 ή
644 2740 765 2767 διακονία
771 2741 826 2767 ἀπὸ
831 2740 885 2775 τῆς.
889 2740 1007 2773 ἐλπίδος,

217 2784 236 2821 ἡ
245 2785 322 2818 ἐλπὶς
331 2787 439 2823 inter?“
451 2787 581 2821 πίστεως,
588 2788 606 2824 ἡ
619 2786 710 2818 πίστις
719 2786 773 2814 ἀπὸ
783 2786 833 2822 τῆς
847 2786 1008 2822 ὑπακοῆς,ζή

1008 889 1029 917 Β

254 2876 264 2891 ε
284 2876 293 2903 1
311 2875 376 2904 Cor.
389 2884 415 2908 ιι,
433 2876 477 2903 l3.
516 2876 711 2912 {Dentatum
728 2878 783 2903 κενῇ
814 2878 824 2890 ⁸
836 2874 922 2903 llebr.
937 2882 964 2908 ν,
983 2875 1027 2902 14.

1039 260 1137 288 Fidelis
1160 259 1241 291 Deus,
1262 259 1308 294 qui
1321 267 1373 286 non
1390 259 1507 294 patietur
1524 267 1569 286 vos
1591 259 1690 286 tentari
1704 266 1788 294 supra
1806 258 1835 284 id

1040 307 1109 343 quod
1124 307 1231 342 potestis
1244 307 1266 333 ‘.
1278 305 1329 338 Qui
1342 309 1431 332 autem
1452 305 1578 333 indociles
1591 309 1664 337 sunt,
1687 305 1723 332 cit
1742 312 1835 331 occur-

1040 356 1101 379 rent
1120 351 1194 379 mala
1211 351 1231 378 ³.

1076 396 1120 422 γι.
1139 395 1217 423 Sicut
1231 395 1385 423 exteriores
1399 395 1472 423 oculi
1497 395 1578 431 longe
1593 394 1767 430 prospiciunt
1777 401 1835 429 spt-

1041 449 1090 469 nas
1105 446 1134 469 et
1144 441 1318 477 pracipitia;
1334 442 1374 469 sic
1391 446 1421 469 et
1439 443 1498 470 acri
1514 442 1677 477 providendi
1694 441 1834 476 perspica-

1041 489 1082 516 cia
1099 488 1213 524 praedita
1230 496 1309 517 mens
1324 488 1380 516 cito
1393 488 1528 524 prospicit
1539 489 1702 516 adversariae
1717 491 1838 523 potesta-

1042 535 1079 562 tis
1096 539 1171 562 artes
1185 534 1367 571 insidiasque,
1382 543 1415 563 ac
1430 539 1528 563 contra
1541 542 1588 562 eas
1601 534 1750 570 praemunit
1774 533 1838 561 ani-

1041 589 1126 614 mam,
1145 582 1226 618 cujus
1245 587 1288 610 est
1299 583 1408 610 oculus.

1079 628 1138 656 Vll.
1154 627 1340 657 Contentione
1348 629 1448 661 multa,
1461 633 1489 656 et
1499 628 1605 660 labore,
1626 634 1716 663 eoque
1727 627 1838 655 occulto

1042 678 1070 701 et.
1087 674 1234 708 invisibili,
1253 679 1296 702 est
1310 683 1382 710 opus
1400 675 1429 702 in
1448 675 1621 703 scrutatione
1639 673 1837 710 cogitationum

1042 720 1190 749 facienda:
1207 726 1237 749 et
1262 721 1290 749 in
1314 721 1454 750 hebetatis
1480 722 1579 750 anima.-
1599 726 1697 748 nostra:
1720 720 1838 748 sensibus

1045 767 1170 794 acuendis
1201 768 1430 804 exercitandisque
1457 767 1492 794 ad
1522 767 1707 794 diuretionem
1731 766 1792 792 boni
1813 769 1838 792 et

1044 813 1111 841 mali
1123 813 1144 840 ⁵.
1174 812 1291 848 Oportet
1318 814 1433 841 omnino
1458 813 1644 848 undecunque
1667 811 1839 839 exsuscitare

1044 863 1144 886 conatu
1161 860 1265 887 mentis
1289 860 1324 887 ad
1343 860 1429 887 Deum
1454 867 1483 887 se
1510 859 1671 890 incitantis,
1697 857 1840 885 debilitata

1044 904 1144 932 animae
1156 905 1281 933 membra
1299 914 1307 932 :
1327 911 1420 934 mente
1439 910 1534 933 nostra
1557 913 1619 932 cum
1639 903 1748 932 Domini
1764 903 1842 938 adju—

1046 951 1120 978 torio
1139 958 1249 986 semper
1269 959 1321 979 nos
1346 956 1535 987 provocante,
1555 955 1587 978 ut
1601 958 1664 978 cum
1685 950 1733 977 illo
1749 949 1841 976 coale-

1045 1003 1158 1024 scamus
1174 998 1202 1023 in
1217 1005 1302 1024 unum
1326 998 1452 1033 spiritum
1464 998 1475 1013 '
1491 997 1569 1032 juxta
1591 995 1734 1024 oraculum
1751 993 1840 1022 Pauli.

1046 1041 1104 1069 Hoc
1119 1047 1213 1069 autem
1231 1047 1371 1070 certamen
1396 1043 1549 1075 occultum,
1579 1045 1608 1069 et
1631 1041 1842 1069 meditationem

1046 1087 1168 1120 Domini,
1183 1095 1217 1116 ac
1232 1088 1358 1116 laborem
1371 1089 1419 1116 diu
1436 1093 1575 1124 noctuque
1590 1095 1708 1116 necesse
1727 1093 1770 1114 est
1791 1094 1843 1113 nos

1047 1133 1150 1161 habere
1156 1134 1190 1161 ad
1206 1142 1317 1162 omnem
1332 1135 1486 1163 studiosam
1498 1134 1708 1163 exsecutionem
1720 1131 1843 1160 mandati

1046 1179 1249 1213 praescribentis
1263 1180 1404 1215 quidpiam
1423 1181 1480 1208 sive
1506 1180 1650 1207 orantibus
1674 1178 1733 1206 sive
1748 1185 1843 1205 come—

1046 1223 1188 1258 dentibus,
1204 1224 1262 1252 sive
1275 1225 1511 1258 ministrantibus,
1524 1225 1582 1252 sive
1595 1223 1767 1255 bibentibus,
1784 1221 1842 1255 sive

1049 1269 1124 1297 aliud
1136 1270 1248 1305 quidvis
1270 1271 1434 1306 agentibus,
1453 1275 1484 1298 ut
1508 1271 1696 1306 quodcunque
1719 1268 1750 1296 ﬁt
1773 1275 1845 1303 opus

1046 1315 1163 1347 bonum.
1176 1316 1205 1343 in
1222 1317 1271 1345 Dei
1282 1317 1399 1353 gloriam
1413 1317 1473 1345 ﬁat.
1490 1316 1684 1345 Sanctiﬁcatur
1696 1315 1770 1343 enim
1787 1319 1844 1342 tota

1050 1361 1138 1389 series
1159 1362 1366 1395 mandatorum,
1389 1367 1419 1390 et
1442 1370 1511 1397 pure
1530 1361 1706 1397 perfectaque
1727 1368 1742 1388 a
1763 1358 1845 1390 nobis

1051 1408 1223 1436 cxsecutioni
1241 1409 1359 1436 traditur
1384 1416 1435 1444 per
1457 1408 1659 1436 indesinentem
1683 1406 1844 1434 memoriam

1051 1454 1110 1483 haec
1121 1456 1196 1484 enim
1209 1464 1261 1484 nos
1275 1456 1460 1492 disjungimus
1480 1455 1653 1490 seorsimque
1669 1455 1793 1482 locamus
1810 1451 1845 1479 ab

1084 1549 1154 1576 Vill.
1167 1549 1277 1577 Etenim
1295 1549 1454 1585 patriarcha
1468 1548 1610 1577 Abraham
1625 1555 1642 1574 e
1658 1545 1789 1580 primitiis
1801 1553 1847 1572 sa-

1049 1596 1154 1624 cerdoti
1179 1596 1227 1624 Dei
1244 1595 1449 1624 Melchisedech
1464 1595 1567 1622 obtulit
1579 1595 1607 1627 ⁶;
1624 1597 1653 1621 et
1673 1593 1714 1620 sic
1730 1591 1847 1620 benedi-

1049 1642 1169 1669 ctionem
1185 1642 1294 1676 accepit
1315 1642 1349 1669 ab
1365 1641 1445 1677 ipso;
1458 1640 1530 1674 Quid
1547 1647 1614 1668 vero
1631 1639 1707 1667 aliud
1722 1647 1771 1674 per
1788 1638 1848 1666 haec

1051 1688 1199 1715 adumbrat
1212 1687 1352 1723 Spiritus?
1370 1687 1526 1715 sublimiori
1541 1686 1673 1714 nimirum
1690 1684 1848 1726 intelligen-

1051 1734 1088 1762 tia
1102 1733 1258 1770 signiﬁcare
1272 1734 1341 1765 vult,
1354 1734 1452 1768 utique
1471 1741 1578 1761 summa
1593 1736 1622 1760 et
1642 1731 1749 1764 intima,
1763 1730 1849 1758 verti-

1050 1788 1111 1808 cem
1123 1784 1152 1808 et
1161 1788 1223 1808 ossa
1236 1781 1322 1808 totius
1335 1779 1524 1808 concretionis
1545 1783 1651 1806 naturae
1662 1781 1781 1810 nostrae;
1794 1777 1849 1803 hoc

1051 1830 1103 1858 est.
1130 1827 1217 1861 ipsam
1246 1832 1378 1855 mentem.
1411 1825 1499 1860 ipsam
1520 1824 1732 1854 conscientiam,
1759 1823 1848 1857 ipsam

1054 1871 1280 1906 dispositionem,
1296 1871 1385 1906 ipsam
1401 1870 1609 1906 cogitationem,
1630 1869 1716 1903 ipsam
1739 1867 1848 1895 amandi

1053 1919 1216 1954 potentiam,
1239 1922 1371 1953 tanquam
1394 1917 1533 1952 primitias
1551 1915 1635 1944 totius
1651 1915 1739 1942 nostri
1756 1914 1849 1941 homi-

1053 1964 1106 1996 nis,
1123 1964 1180 1996 Deo
1203 1967 1268 1991 ante
1284 1963 1377 1991 omnia
1396 1963 1500 1990 debere
1529 1969 1581 1989 nos
1601 1961 1711 1993 aﬂ‘erre,
1726 1965 1754 1987 et
1773 1960 1850 1987 velut

1054 2017 1159 2037 sacram
1174 2009 1266 2037 cordis
1281 2008 1369 2036 nostri
1385 2009 1487 2036 oil‘erre
1501 2008 1652 2039 victimam,
1673 2006 1811 2042 primitias
1821 2010 1850 2033 et

1057 2055 1234 2084 summitates
1261 2056 1397 2083 bonarum
1422 2054 1634 2089 cogitationum,
1665 2053 1693 2080 in
1722 2051 1848 2079 eamdem

1056 2101 1105 2129 Dei
1136 2101 1299 2129 memoriam
1325 2105 1354 2128 et
1369 2100 1589 2131 meditationem,
1609 2098 1683 2126 omni
1698 2099 1751 2125 alia
1766 2105 1850 2125 occu-

1056 2146 1168 2181 patione
1185 2147 1318 2182 seposita,
1337 2146 1472 2174 vacantis.
1491 2145 1525 2173 Et
1539 2145 1579 2173 sic
1593 2152 1742 2180 possumus
1755 2143 1851 2178 quoti-

1057 2192 1104 2220 die
1116 2197 1296 2228 augmentum
1308 2197 1337 2220 et
1353 2192 1507 2228 profectum
1519 2191 1658 2226 accipere,
1679 2190 1764 2225 adjuti
1780 2198 1795 2217 a
1810 2189 1853 2217 di-

1058 2239 1124 2267 vina
1151 2239 1254 2274 gratia;
1283 2243 1313 2266 et
1339 2245 1411 2265 onus
1431 2237 1547 2273 iustitiae
1572 2236 1764 2264 mandatorum
1791 2235 1853 2262 lere

1058 2283 1141 2311 nobis
1156 2284 1313 2319 apparebit,
1329 2291 1400 2318 pure
1412 2287 1441 2310 et
1455 2281 1740 2317 irreprchensibiliter
1754 2288 1786 2307 ea
1801 2280 1853 2306 im-

1059 2330 1212 2366 plentibus,
1229 2334 1395 2364 cooperante
1421 2328 1455 2355 ad
1474 2328 1530 2355 hoc
1545 2327 1626 2354 nobis
1650 2326 1713 2361 ipso
1734 2325 1853 2353 Domino

1058 2384 1107 2410 per
1120 2380 1243 2403 nostram
1270 2375 1297 2402 in
1324 2374 1416 2409 ipsum
1434 2373 1525 2400 ﬁdem.
1551 2373 1590 2400 De
1614 2376 1764 2406 apparentc
1786 2378 1853 2398 vero

1059 2422 1270 2451 exercitatione,
1289 2424 1317 2448 et
1334 2420 1473 2455 quodnam
1494 2419 1599 2446 bonum
1620 2418 1743 2445 studium
1765 2417 1854 2451 majus

1059 2469 1133 2496 inter
1146 2469 1241 2495 omnia
1252 2471 1281 2494 et
1293 2467 1413 2502 primum
1426 2466 1472 2497 sit,
1492 2465 1561 2492 illud
1582 2464 1692 2495 scitote,
1704 2463 1853 2491 dilectissi-

1060 2513 1109 2546 mi,
1121 2513 1227 2540 haerere
1239 2511 1434 2545 committique
1447 2510 1567 2537 invicem
1582 2509 1700 2536 virtutes
1709 2516 1816 2539 omnes,
1826 2512 1854 2535 et

1059 2566 1132 2586 nexu
1149 2558 1272 2593 pendere
1284 2560 1382 2584 mutuo
1394 2555 1537 2584 devinctae
1553 2562 1635 2583 unam
1652 2554 1687 2582 ab
1698 2554 1798 2586 altera,
1815 2554 1855 2581 sic

1060 2604 1262 2632 constituentes
1296 2609 1403 2630 sacram
1445 2600 1593 2637 quamdam
1619 2605 1648 2629 et
1682 2600 1856 2636 spiritualetn

1062 2655 1199 2681 catenam,
1226 2648 1254 2675 in
1281 2655 1334 2682 qua
1359 2647 1449 2674 oratio
1479 2641 1618 2679 charita'ti,
1644 2645 1765 2673 charitas
1790 2651 1857 2678 gan-

1062 2695 1121 2727 dio,
1135 2693 1265 2729 gaudium
1281 2692 1499 2724 mansuetudini,
1517 2691 1597 2727 163
1608 2689 1792 2719 mansuetudo
1808 2689 1859 2716 hu-

1063 2739 1184 2770 militati,
1207 2737 1350 2765 humilitas
1367 2736 1577 2768 ministrationi,
1596 2734 1766 2763 ministratio
1784 2733 1857 2768 spei,

1063 2793 1126 2821 spes
1143 2784 1217 2818 ﬁdei,
1230 2784 1298 2812 ﬁdes
1314 2783 1489 2817 obedientiaa,
1501 2782 1661 2810 obedientia
1671 2779 1858 2817 simplicitati.

1073 2874 1084 2890 '
1104 2873 1191 2902 lCor.
1205 2881 1243 2906 τι,
1256 2873 1300 2900 l7.
1337 2873 1348 2888 '
1369 2872 1437 2900 Gen.
1452 2870 1565 2904 uv,18.
