2079 3152
243 174 297 206 827

882 170 911 200 S.
926 167 1086 200 MACARII
1107 168 1267 201 ΛΕΟΥΡΤῙῙ

1816 169 1869 201 818

243 229 389 264 subjuncta
403 229 559 264 insertaque
574 227 759 256 connectitur.
773 227 850 256 Sicut
862 236 877 255 e
893 226 1032 255 contrario

1091 226 1098 261 ᾗ
1116 226 1224 262 ὑπακοὴ
1234 226 1289 253 ἀπὸ
1297 226 1348 261 τῆς
1362 226 1611 262 ἀπλότητος.”Ωσπε
1615 234 1631 261 ρ
1641 225 1688 253 καὶ
1697 225 1728 252 τὸ
1738 227 1869 261 ἐναντίον,

243 274 311 301 vitia
321 282 432 309 quoque
450 274 521 302 inter
534 282 594 302 sese
612 274 776 309 junguntur,
795 278 824 301 et
842 281 876 301 ex
889 281 945 300 uno
957 273 1031 300 aliud

245 321 393 354 germinat;
403 325 467 355 puta
476 320 569 347 odium
578 320 612 347 ab
623 320 673 352 ira,
681 321 721 347 ira
732 328 747 346 a
756 320 884 355 superbia
891 342 896 351 ,
903 320 1032 355 superbia

245 372 261 392 ο
270 373 338 392 vana
348 366 521 400 gloriatione,
528 374 597 393 vana
608 366 736 401 gloriatio
745 366 779 392 ab
791 366 962 396 inﬁdelitate,
973 366 1034 393 iuli-

245 411 343 439 delitas
353 419 368 438 a
379 411 480 439 duritie
491 413 592 445 cordis,
602 413 718 440 durities
729 413 821 440 cordis
831 420 845 440 a
855 412 1032 448 negligentia,

244 458 410 492 negligentia
426 465 442 485 α
458 458 599 493 languore,
616 458 732 493 languor
746 466 761 485 a
776 458 968 493 despicientia,
983 458 1033 485 de-

243 503 388 538 spicientia
405 511 420 531 a
431 504 551 539 pigritia,
568 504 677 539 pigritia
694 511 708 530 a
723 504 959 538 pusillanimitate,
981 511 1034 538 pu-

245 549 418 576 sillonimitas
431 550 465 576 ab
477 557 570 577 amore
585 549 742 584 voluptatis,
757 550 832 577 etsic
842 549 895 576 alia
913 550 1034 577 membra

246 595 357 622 malitiae
373 603 505 630 suspensa
520 603 645 630 nexaque
664 595 813 622 trahuntur
826 595 955 622 invicem.
972 595 1034 622 Pari

245 642 372 674 exemplo
382 644 463 672 atque
475 641 502 667 in
514 645 592 674 parte
605 639 711 668 meliori
724 640 842 667 virtutes
854 648 886 667 ex
895 647 924 667 se.
939 645 1035 667 mutuo

246 686 541 721 pendent.Caput'vero
547 686 657 713 virtutis
663 686 751 713 otnnis
757 690 936 720 etsupremus
942 690 1035 713 vertex

245 740 360 767 operum
368 733 546 760 laudabilium
554 736 596 759 est
603 736 731 759 constans
741 732 767 758 in
779 731 903 759 oratione
912 739 1036 766 perseve-

246 778 345 809 rantia,
356 786 490 812 perquam
498 778 617 813 reliquas
624 785 733 812 quoque
741 777 877 805 virtutesa
884 778 939 805 Deo
948 777 1036 804 conti-

246 832 301 851 nua
308 825 440 858 petitione
452 825 611 859 impetratos
621 825 737 859 adipisci
746 824 869 859 quotidie
876 832 1033 859 possumus.

282 869 328 896 IX.
348 869 405 896 Nisi
424 870 576 902 humilitas,
599 874 627 897 et
640 869 813 904 simplicitas,
832 873 861 896 et
880 869 1035 905 benignitas

247 919 365 942 exornet
375 922 436 946 nos,
453 915 565 942 habitus
578 916 714 942 orationis
728 915 796 942 nihil
813 915 893 942 nobis
902 915 1033 950 proderit.

248 960 308 988 Non
324 961 412 987 solum
440 965 531 988 autem
549 961 576 988 id
602 961 636 988 de
650 962 774 988 oratione
796 961 926 992 dicimus,
943 961 990 988 sed
1008 965 1036 988 et

249 1005 283 1033 de
294 1006 391 1040 quavis
406 1006 458 1033 alia
474 1006 651 1033 contentione
665 1010 693 1034 et
707 1007 811 1039 labore,
830 1007 888 1034 sive
906 1007 932 1034 in
951 1007 1036 1042 virgi-

250 1052 346 1079 nitatis
373 1052 518 1084 custodia,
535 1053 563 1079 in
591 1053 718 1087 precibus
747 1053 906 1085 recitandis,
926 1053 953 1080 in
983 1052 1036 1080 alia

249 1097 372 1131 qualibet
388 1105 543 1124 terumnosa
563 1097 705 1125 functioue
721 1098 832 1125 virtutis
847 1105 928 1125 causa
945 1106 1036 1125 susce-

250 1143 377 1176 pta;nisi
390 1143 498 1170 fructus
508 1143 662 1175 charitatis,
680 1143 766 1178 pacis,
783 1144 888 1179 gaudii,
906 1152 1036 1171 mansure-

251 1188 367 1220 tudinis,
389 1188 564 1219 humilitatis,
580 1188 776 1223 simplicitatis,
801 1189 1036 1224 sinceritatisque,

249 1235 326 1268 ﬁdei,
342 1236 556 1271 longanimitatis
568 1236 684 1263 candide
703 1236 730 1263 in
744 1235 824 1263 nobis
835 1236 902 1271 ipsis
915 1236 1037 1270 reperia-

250 1289 322 1313 mus,
355 1281 383 1308 in
413 1289 514 1308 vanum
542 1287 571 1308 et
584 1289 700 1308 vacuum
720 1282 805 1308 nostri
824 1282 934 1309 labores
952 1281 1038 1309 susci-

250 1327 379 1362 piuntur;
396 1327 487 1355 omnis
513 1327 588 1355 enim
601 1328 653 1354 ista
672 1328 833 1355 exercitatio
849 1333 878 1355 et
897 1328 1038 1355 contentio

251 1378 365 1408 propter
380 1374 431 1400 hos
447 1373 553 1401 fructus
570 1374 671 1408 suscipi
697 1374 789 1401 debet.
807 1374 898 1406 Quare
912 1374 956 1401 his
980 1374 1037 1401 l‘ru-

251 1420 342 1447 ctibus
354 1427 409 1454 non
431 1419 656 1454 eomparenlibus
672 1419 743 1447 intra
765 1427 825 1450 nos,
839 1420 992 1447 frustranea
1011 1423 1039 1446 et

252 1465 331 1492 irrita
347 1465 393 1491 illa
413 1465 505 1492 omnis
523 1465 575 1491 fuit
592 1465 728 1499 operatio,
759 1465 894 1500 adeoque,
915 1465 962 1500 qui
979 1465 1039 1492 sine

253 1509 297 1536 his
313 1513 473 1543 operantur,
490 1509 592 1536 similes
615 1509 642 1536 in
662 1509 706 1536 die
720 1510 816 1545 judicii
831 1509 1039 1547 deprehenden-

1082 272 1125 306 ἐφ’
1140 272 1200 303 ἐνὸς
1211 272 1244 299 τὰ
1255 272 1327 299 κακά
1335 273 1483 300 ἐκδίδονταί
1492 281 1500 289 ’
1517 273 1548 300 τὸ
1559 274 1637 308 μῖσος
1649 273 1703 299 ἀπὺ
1713 272 1760 299 τοῦ
1770 273 1869 309 θυμοῦ,

1081 317 1096 343 ὁ
1106 317 1190 352 θυμὸς
1202 318 1256 344 ἀπὸ
1269 318 1469 353 ὑπερηφανίας,
1480 319 1497 352 ή
1510 318 1683 354 ὑπερηφανία
1694 318 1747 345 ἀπδ
1760 319 1810 353 τῆς
1824 328 1871 345 κε-

1082 363 1211 396 νοδοξίας,
1226 365 1242 400 ἡ
1259 363 1396 396 κενοδοξία
1416 364 1470 391 ἀπὺ
1494 364 1544 398 τῆς
1563 364 1703 396 ἀπιστίας,
1727 365 1744 399 ἡ
1759 364 1871 392 ἀπιστία

1083 409 1137 436 ἀπὸ
1164 410 1214 443 τῆς
1240 410 1467 445 σκληροκαρδίας,
1486 411 1503 446 ἡ
1531 409 1733 446 σκληροκαρδία
1748 410 1802 437 ἀπὸ
1819 411 1870 444 τῆς

1084 455 1222 490 ἀμελείας,
1235 457 1251 490 ή
1267 456 1381 491 ἀμέλεια
1394 457 1449 483 ἀπὺ
1462 457 1511 492 τῆς
1523 456 1695 492 χαυνώσεως,
1707 457 1723 492 ή
1738 457 1872 492 χαύνωσις

1084 502 1138 528 ἀπὸ
1153 503 1202 536 τῆς
1225 502 1381 537 ὀλιγωρίας,
1402 503 1419 538 ή
1434 502 1564 539 ὀλιγωρία
1581 502 1634 529 ἀπὺ
1647 503 1696 538 τῆς
1712 503 1836 538 ἀκηδῐας,
1854 504 1871 538 ή

1084 547 1184 582 ἀκηδία
1196 549 1250 574 ἀπὺ
1263 547 1313 583 τῆς
1328 548 1521 583 μικροψυχίας.
1538 549 1554 584 ή
1571 548 1739 584 μικροψυχία
1754 549 1808 575 ἀπὸ
1823 549 1872 584 τῆς

1085 593 1250 627 φιληδονίας,
1265 593 1312 620 καὶ
1327 593 1361 620 τὰ
1377 593 1460 620 λοιπά
1476 594 1545 629 μέρη
1566 594 1616 628 τῆς
1631 594 1730 626 κακίας
1749 593 1871 629 ἀλλήλων

1085 638 1154 664 είσὶν
1179 638 1385 674 ἐκκρεμάμενα.
1409 638 1503 671 Οὕτως
1525 639 1554 665 ἐν
1570 638 1609 674 τῷ
1632 639 1726 674 ἀγαθῷ
1751 639 1828 674 μέρει
1843 640 1871 665 αί

1085 683 1182 719 ἀρεταί
1199 685 1268 710 εἰσιν
1280 685 1484 721 ἀπηρτημέναι.
1497 685 1608 720 Κεφαλὴ
1623 686 1651 712 δὲ
1668 687 1757 721 πάσης
1770 686 1872 722 ἀρετῆς

1086 730 1133 756 καὶ
1147 731 1252 766 κορυφὴ
1268 731 1322 757 τῶν
1348 731 1569 766 κατορθωμάτων
1585 733 1658 758 ἐστὶν
1675 733 1692 766 ὴ
1717 733 1873 767 προσευχῆς

1087 776 1333 812 προσκαρτέρησις,
1350 777 1384 804 δι’
1405 774 1438 812 ἦς
1462 779 1508 804 καὶ
1527 777 1577 809 τὰς
1601 776 1814 817 λοιπάςρἀετὰς
1828 778 1874 805 διὰ

1086 822 1135 858 τῆς
1144 823 1218 858 παρά
1230 823 1297 850 Θεοῦ
1308 824 1442 859 αἰτήσεως
1449 824 1582 859 ὁσημέραι
1594 823 1710 850 κτᾶσθαι
1721 824 1871 858 δυνάμεθα.

1121 869 1160 895 Θ¹.
1188 867 1251 894 Ἐὰν
1279 868 1317 904 μὴ
1338 869 1355 904 ἡ
1372 868 1617 904 ταπεινοφροσύνη,
1640 870 1718 905 καὶὴ
1741 869 1872 903 ἁπλότης,

1087 913 1134 941 καὶ
1148 915 1164 949 ή
1180 913 1327 949 ἀγαθότης,
1348 914 1546 949 κατακοσμήσῃ
1567 915 1649 950 ἡμᾶς,
1666 914 1696 941 τὸ
1714 914 1806 950 σχῆμα
1820 915 1873 950 τῆς

1086 960 1168 995 εὐχῆς
1181 960 1255 994 ἡμᾶς
1275 960 1351 987 οὐδὲν
1373 960 1521 996 ὠφελήσει,
1537 961 1575 987 Οὐ
1592 961 1672 996 μόνον
1693 961 1722 987 δὲ
1745 962 1807 996 περὶ
1822 961 1873 995 τῆς

1087 1006 1169 1041 εὐχῆς
1183 1005 1310 1041 λέγομεν,
1337 1006 1404 1033 ἀλλά
1429 1006 1474 1033 καὶ
1499 1007 1564 1042 περὶ
1582 1006 1682 1037 παντὸς
1697 1007 1832 1041 καμάτου,
1853 1007 1871 1042 ἢ

1087 1051 1180 1081 πόνου.
1196 1051 1212 1086 ἦ
1228 1051 1385 1087 παρθενίας,
1402 1051 1418 1087 ἢ
1434 1051 1526 1087 εὐχῆς,
1540 1051 1556 1087 ἢ
1571 1052 1729 1085 οῐουδήποτε
1749 1053 1872 1087 καμάτου

1087 1096 1135 1124 καὶ
1155 1097 1283 1131 ἐργασίας
1300 1097 1399 1132 ἀρετῆς
1414 1097 1507 1123 ἕνεκεν
1521 1097 1745 1132 ἐπιτελουμένου·
1766 1097 1813 1124 ὲάν
1834 1098 1873 1134 μὴ
1893 1096 1900 1099 “

1087 1143 1150 1173 τοὺς
1173 1143 1296 1177 καρποὺς
1320 1143 1370 1176 τῆς
1392 1142 1502 1177 ἀγάπης
1519 1134 1566 1169 καὶ
1589 1143 1701 1178 εἰρήνης
1722 1143 1768 1169 καὶ
1786 1144 1872 1178 χαρᾶς

1088 1189 1135 1214 καὶ
1154 1189 1306 1224 πραότητος
1328 1189 1374 1215 καὶ
1389 1189 1591 1224 ταπεινότητος,
1610 1189 1760 1225 ἀπλότητός
1778 1198 1808 1216 τε
1826 1189 1874 1216 καὶ

1089 1234 1262 1269 ἀφελότητος,
1284 1234 1401 1266 πίστεως
1417 1235 1463 1261 καὶ
1481 1234 1684 1270 μακροθυμίας,
1699 1235 1822 1270 ἀφθόνως
1844 1236 1874 1262 ὲν

1089 1281 1194 1311 ἑαυτοῖς
1224 1279 1396 1314 εὖρίσκομεν,
1428 1279 1490 1316 εικῆ
1523 1281 1570 1307 καὶ
1601 1280 1689 1316 μάτην
1703 1282 1727 1307 οἱ
1756 1282 1874 1316 κάματοι

1090 1327 1168 1361 ἡμῶν
1183 1327 1311 1360 γεγόνασι
1321 1335 1328 1342 ’
1347 1327 1363 1362 ή
1380 1327 1454 1353 πᾶσα
1472 1327 1528 1361 γὰρ
1543 1327 1635 1362 ἐκείνη
1651 1327 1776 1361 ἐργασία,
1787 1328 1834 1354 καὶ
1849 1328 1875 1354 oi.

1090 1373 1208 1408 κάματοι
1220 1373 1264 1399 διὰ
1279 1373 1341 1404 τοὺς
1357 1373 1480 1406 καρποὺς
1499 1372 1621 1407 γίνεσθαι
1645 1373 1790 1407 ὀφείλουσι.
1814 1373 1875 1400 Τῶν

1089 1419 1118 1445 δὲ
1135 1418 1249 1454 καρπῶν
1263 1419 1311 1454 τῆς
1321 1419 1430 1453 ἀγάπης
1441 1419 1488 1445 καὶ
1504 1419 1612 1454 εἰρήνης
1625 1419 1662 1454 μή
1674 1419 1877 1454 εὑρισκομένων

1091 1466 1120 1491 ἐν
1137 1466 1212 1500 ἡμῖν,
1225 1465 1286 1499 εικῆ
1306 1465 1352 1491 καὶ
1375 1465 1462 1500 μάτην
1480 1465 1496 1500 ή
1511 1464 1558 1500 ὅλη
1584 1464 1699 1500 ἐργασία
1715 1464 1828 1499 γίνεται.
1845 1465 1876 1491 υἱ

1092 1511 1146 1546 γὰρ
1160 1510 1245 1545 χωρὶς
1264 1510 1367 1537 τούτων
1380 1510 1558 1545 ἐργαζόμενοι
1573 1511 1644 1537 κατά
1654 1510 1703 1542 τὰς
1723 1510 1804 1537 πέντε
1822 1519 1879 1546 μω-

253 1559 299 1581 tur
312 1554 397 1582 fatuis
424 1555 546 1589 quinque
571 1555 724 1590 virginibus
741 1556 762 1587 ',
783 1563 854 1590 quas,
881 1556 954 1590 quod
976 1556 1040 1583 hinc

1095 1556 1143 1591 ράς
1157 1556 1309 1591 παρθένους
1322 1557 1350 1583 ὲν
1365 1557 1456 1592 ἡμέρᾳ
1471 1557 1589 1591 κρίσεως
1602 1557 1817 1589 ἀποδείκνυνται,
1834 1557 1878 1584 αἶ-

253 1608 310 1627 non
324 1604 512 1634 asportassent
525 1600 552 1626 in
572 1601 645 1627 vasis
669 1600 762 1627 cordis
777 1601 920 1634 spirituale
937 1601 1040 1633 oleum,

252 1654 310 1680 quo
337 1646 415 1680 prius
436 1650 595 1673 memoratae
618 1646 735 1674 virtutes
751 1646 941 1682 designantur,
961 1647 1043 1676 fatuae

255 1692 402 1719 nominata:
411 1697 485 1724 sunt,
494 1697 522 1719 et
534 1693 671 1727 spirituali
689 1693 764 1728 regni
779 1693 898 1720 thalamo
913 1694 1042 1721 exclusae.

254 1737 403 1773 Laborque
422 1738 598 1774 virginitatis,
616 1744 728 1774 propter
744 1739 882 1766 defectum
896 1740 1041 1772 virtutum,

253 1790 284 1812 et
303 1784 485 1818 privationem
508 1784 660 1812 manifesta:
684 1785 893 1812 inhabitationis
913 1785 1042 1820 Spiritus,

254 1839 306 1866 pro
322 1831 410 1858 nihilo
420 1835 564 1866 reputatus
585 1835 637 1858 est.
658 1831 736 1858 Sicut
752 1831 825 1858 enim
839 1832 866 1858 in
879 1832 985 1859 cultura
1001 1832 1044 1859 vi-

254 1885 314 1905 nem
331 1877 421 1904 omnis
442 1877 578 1904 industria
601 1881 629 1904 et
645 1877 722 1904 labor
738 1877 771 1904 ad
791 1877 929 1905 fructuum
951 1885 1045 1912 perce-

254 1923 378 1958 ptionem
391 1923 529 1956 refertur;
543 1931 605 1957 qua:
619 1923 642 1950 si
657 1923 768 1950 demum
781 1923 869 1956 fallat,
880 1931 935 1951 non
946 1932 1043 1959 reper-

254 1969 292 1996 tis
312 1969 373 1996 uvis
391 1969 418 1995 in
436 1969 502 2000 vite,
523 1968 708 2003 nequidquam
726 1973 754 1996 et
775 1969 835 1996 sine
851 1976 942 2004 operat
954 1969 1044 2004 pretio

252 2015 430 2042 existimatur
443 2014 594 2041 desudasse
617 2014 736 2047 vinitor;
758 2014 794 2041 ita
811 2014 862 2042 nisi
883 2022 933 2049 per
948 2022 1045 2050 opera—

254 2060 360 2088 tionem
390 2060 511 2094 Spiritus
537 2059 623 2087 sancti
647 2060 753 2087 fructus
781 2060 932 2092 charitatis,
956 2061 1043 2095 pacis,

254 2105 360 2140 gaudii,
381 2104 556 2136 humilitatis,
580 2104 754 2140 aliorumque
777 2110 1000 2132 enumeratorum
1011 2105 1045 2132 ab

258 2150 390 2184 Apostolo
415 2149 552 2176 donorum
577 2149 599 2181 ³,
640 2149 668 2176 in
703 2150 778 2176 omni
808 2150 976 2177 certitudine
1013 2156 1046 2177 ac

258 2202 342 2223 sensu
355 2194 492 2229 spirituali
508 2195 536 2221 in
549 2195 631 2222 nobis
653 2195 719 2230 ipsis
735 2203 926 2230 agnoscamus,
943 2196 1045 2223 frustra

258 2241 466 2269 contentionem
489 2241 667 2276 virginitatis,
698 2241 843 2274 orationis,
876 2241 1044 2276 psalmodiae,

256 2285 354 2321 jejunii
377 2290 406 2313 et
419 2286 574 2320 vigiliarum
593 2286 714 2314 laborem
730 2286 884 2322 suscepisse
901 2287 1049 2315 convince-

258 2342 332 2361 mur.
362 2333 396 2361 lli
426 2333 529 2368 quippe
555 2334 665 2361 labores
679 2334 778 2362 anima;
798 2342 830 2362 ac
851 2335 986 2370 corporis,
1000 2343 1048 2370 spe

258 2379 446 2414 spiritualium
461 2380 597 2414 ejusmodi
618 2379 759 2408 fructuum
782 2381 904 2408 exerceri
923 2381 1047 2408 debent:

257 2425 381 2460 Spiritus
392 2432 459 2452 vero
474 2425 502 2452 in
516 2424 670 2453 virtutibus
689 2425 877 2459 fructiﬁcatio,
896 2427 991 2454 fruitio
1008 2431 1050 2454 est

258 2471 414 2505 apiritualis
443 2471 471 2498 in
490 2471 631 2506 voluptate
657 2471 833 2507 incorrupta,
861 2472 889 2499 in
918 2473 1050 2500 cordibus

259 2517 392 2544 ﬁdelibus
417 2517 578 2552 operatione
604 2517 725 2552 Spiritus
742 2518 829 2545 sancti
857 2518 994 2545 animatis.
1020 2518 1050 2545 In

260 2562 349 2589 multa
377 2562 514 2597 siquidem
541 2562 710 2590 discretione
731 2562 895 2597 prudentiae,
916 2564 1050 2597 operatio,

261 2607 384 2639 labores,
399 2612 427 2635 et
437 2615 565 2635 aerumnae
577 2612 693 2640 naturas,
703 2607 897 2635 existimentur
904 2615 953 2642 per
969 2607 1050 2635 [idem

261 2659 292 2682 et
308 2662 385 2690 Spem
400 2662 415 2681 a
432 2658 527 2681 saneto
544 2653 649 2688 Spiritu
665 2653 709 2684 iis,
721 2653 768 2687 qui
783 2652 859 2688 digni
874 2657 950 2685 sunt,
960 2653 1052 2681 edica-

253 2700 334 2727 rciter
361 2699 454 2727 inditi.
479 2699 585 2726 Bonum
610 2702 655 2725 est
672 2698 822 2733 jejunium,
847 2699 918 2726 bona
943 2699 1051 2734 vigilia;

264 2745 336 2773 bona
351 2746 413 2781 luga
428 2746 523 2780 patrias
542 2749 571 2772 et
584 2744 804 2772 conversationis
818 2744 945 2772 humanae
961 2745 988 2772 in
1007 2752 1054 2772 so-

255 2791 393 2819 litudine.
407 2791 461 2819 Sed
476 2791 534 2819 hate
543 2790 595 2818 ﬂos
609 2790 668 2826 ipse
682 2797 715 2818 ac
727 2790 805 2826 vigor
818 2795 882 2819 sunt
903 2799 1053 2819 conversa-

302 2881 312 2895 ⁵
330 2879 424 2918 Matth.
440 2889 504 2913 xxv,
517 2880 551 2908 8.-
581 2881 592 2897 ⁵
611 2881 698 2909 Calai.
714 2889 740 2912 v,
756 2880 799 2907 (ΞΩ.

1093 1611 1166 1634 τινες
1180 1603 1225 1629 διὰ
1238 1603 1268 1629 τὺ
1291 1603 1328 1638 μὴ
1345 1602 1469 1630 ἐντεῦθεν
1484 1603 1703 1638 ἀποκομίσασθαι
1718 1604 1747 1630 ὲν
1761 1604 1816 1635 τοῖς
1828 1604 1879 1636 τῆς

1093 1648 1206 1683 καρδίας
1228 1649 1349 1682 ἀγγείοις
1364 1649 1394 1675 τὸ
1416 1649 1599 1683 πνευματικὸν
1616 1649 1714 1682 ἔλαιον,
1736 1650 1803 1684 ὅπερ
1820 1650 1880 1676 ἐστὶ

1093 1695 1148 1721 τῶν
1176 1695 1385 1729 προειρημένων
1412 1695 1529 1730 ἀρετῶν,
1555 1697 1644 1732 μωραὶ
1668 1696 1878 1732 ὠνομάσθησαν,

1094 1741 1141 1767 καὶ
1153 1740 1200 1767 τοῦ
1217 1740 1403 1775 πνευματικοῦ
1423 1741 1473 1775 τῆς
1502 1741 1639 1776 βασιλείας
1662 1743 1805 1778 νυμφῶνος
1825 1743 1880 1770 ἀπ-

1094 1785 1284 1820 εκλείσθησαν.
1308 1786 1363 1812 Καὶ
1377 1787 1391 1812 ὀ
1405 1786 1454 1820 τῆς
1469 1787 1618 1822 παρθενίας
1633 1788 1755 1823 κάματος
1770 1787 1812 1814 διὰ
1826 1788 1882 1814 τῶν

1095 1832 1198 1866 ἀρετῶν
1213 1832 1329 1867 ἔλλειψιν
1351 1833 1398 1859 καὶ
1414 1832 1540 1868 στέρησιν
1555 1833 1604 1868 τῆς
1623 1834 1755 1869 ἐναργοῦς
1773 1835 1882 1870 ἐνοική-

1095 1886 1164 1909 σεως
1179 1878 1225 1904 τοῦ
1240 1878 1406 1913 Πνεὺματος.
1419 1879 1458 1910 είς
1468 1879 1544 1906 οὐδὲν
1558 1880 1694 1915 ἐλογίσθη.
1708 1881 1812 1916 ’Ὠσπερ
1825 1881 1881 1916 γὰρ

1094 1926 1124 1951 ὲν
1140 1925 1172 1960 τῇ
1185 1925 1307 1960 γεωργίᾳ
1321 1924 1371 1960 τῆς
1389 1925 1512 1959 ἀμπέλου
1529 1926 1603 1952 πᾶσα
1617 1926 1760 1960 ἐπιμέλεια
1775 1927 1822 1953 καὶ
1836 1927 1882 1954 διὰ

1094 1970 1144 2004 τὴν
1163 1970 1217 1995 τῶν
1239 1969 1354 2004 καρπῶν
1370 1970 1519 1997 ἀπόλαυσιν
1536 1971 1651 2004 γίνεται,
1669 1971 1784 2006 καρπῶν
1799 1972 1827 1998 δὲ
1843 1972 1881 2006 μὴ

1095 2015 1297 2050 εὖρισκομένων
1318 2016 1348 2041 ὲν
1368 2015 1400 2050 τῆ
1422 2016 1536 2051 ἀμπέλῳ
1551 2016 1611 2050 εἰκῆ
1635 2017 1681 2042 καὶ
1701 2017 1790 2051 μάτην
1806 2017 1881 2043 πᾶσα

1096 2062 1247 2097 ὲμπόνησις
1263 2061 1311 2095 τῆς
1326 2061 1457 2096 ἐργασίας
1471 2061 1575 2095 γίνεται
1586 2069 1592 2076 ·
1615 2061 1700 2093 οὕτως
1715 2061 1762 2087 ἐὰν
1780 2062 1817 2096 μὴ
1835 2061 1880 2088 διὰ

1095 2108 1145 2142 τῆς
1161 2107 1300 2142 ἐνεργείας
1323 2107 1370 2133 τοῦ
1395 2107 1552 2142 Πνεύματος
1569 2108 1691 2142 καρποὺς
1707 2108 1816 2141 ἀγάπης
1833 2107 1882 2134 καὶ

1097 2153 1207 2189 εἰρήνης
1218 2152 1266 2179 καὶ
1279 2153 1366 2187 χαρᾶς
1381 2153 1428 2178 καὶ
1438 2152 1636 2183 ταπεινώσεως.
1652 2153 1699 2178 καὶ
1713 2152 1767 2178 τῶν
1780 2151 1883 2179 λοιπῶν

1098 2198 1173 2234 παρὰ
1190 2199 1229 2234 τῷ
1251 2198 1403 2233 Ἀποστόλῳ
1424 2198 1559 2233 ῥηθέντων
1578 2199 1606 2224 ὲν
1622 2197 1695 2233 πάσῃ
1712 2197 1884 2233 πληροφορίᾳ

1100 2245 1145 2272 καὶ
1172 2245 1297 2279 αἰσθήσει
1322 2245 1493 2279 πνευματικῇ
1519 2244 1548 2269 ὲν
1582 2243 1687 2274 ἑαυτοῖς
1714 2243 1883 2278 ἑπιγνῶμεν,

1098 2290 1159 2325 είκῆ
1173 2291 1186 2316 ό
1200 2289 1248 2324 τῆς
1264 2288 1412 2324 παρθενίας
1423 2289 1554 2323 κάματος,
1570 2290 1616 2316 καὶ
1629 2288 1722 2324 εὐχῆς,
1739 2291 1783 2315 καὶ
1792 2288 1884 2324 ψαλμ-

1099 2334 1192 2370 ῳδὶας,
1214 2334 1340 2368 νηστείας
1361 2342 1391 2359 τε
1416 2333 1464 2360 καὶ
1480 2334 1634 2368 ἀγρυπνίας
1657 2335 1671 2360 ὁ
1691 2335 1770 2365 πόνος
1786 2334 1826 2365 εἰς
1839 2334 1885 2360 οὺ-

1099 2381 1143 2406 δὲν
1155 2379 1356 2406 ἀποδείκνυται.
1374 2375 1455 2406 Οὗτοι
1471 2379 1524 2414 γὰρ
1538 2380 1562 2405 oi
1579 2380 1652 2406 πόνοι
1668 2379 1756 2414 ψυχῆς
1771 2379 1816 2406 καὶ
1833 2378 1886 2405 σώ-

1102 2434 1187 2460 ματος
1201 2426 1245 2452 ἐπ’
1260 2425 1347 2451 ἐλπίδι
1363 2424 1556 2459 πνευματικῶν
1571 2424 1684 2459 καρπῶν
1703 2425 1886 2452 ἐπιτελεῖσθαι

1098 2471 1250 2506 ὀφείλουσιν
1261 2479 1267 2486 ·
1281 2472 1296 2505 ἡ
1312 2471 1338 2497 δὲ
1350 2470 1396 2497 τοῦ
1408 2470 1566 2506 Πνεῦματος
1581 2471 1609 2497 ὲν
1623 2471 1682 2501 ταῖς
1697 2471 1806 2505 ἀρεταῖς
1819 2479 1887 2505 καρ-

1100 2516 1221 2552 ποφορία
1235 2515 1383 2547 ἀπόλαυσίς
1402 2516 1460 2541 ἐστι
1487 2514 1659 2550 πνευματικὴ
1683 2515 1712 2541 ὲν
1729 2515 1808 2550 ήδονῇ
1835 2516 1887 2549 ἀφο

1100 2562 1203 2597 θάρτῳ,
1213 2562 1243 2587 ὲν
1257 2561 1382 2596 καρδίαις
1393 2562 1513 2594 πισταϊς,
1526 2561 1579 2587 ὑπὸ
1587 2559 1633 2587 τοῦ
1646 2560 1714 2587 11νεὺ
1719 2569 1801 2595 ματος
1812 2561 1888 2595 ἐνερ-

1100 2607 1248 2643 γουμέναις
1257 2614 1264 2621 ·
1280 2607 1309 2633 ἐν
1323 2606 1405 2642 πολλῇ
1419 2606 1472 2642 γὰρ
1487 2607 1621 2643 διακρίσει
1633 2607 1766 2638 συνέσεως
1777 2608 1794 2641 ὴ
1806 2607 1888 2642 ἐργα-

1101 2653 1148 2680 σία
1164 2653 1211 2680 καὶ
1233 2653 1312 2684 πόνος
1331 2653 1377 2679 καὶ
1391 2653 1509 2687 κάματοι
1523 2653 1575 2687 τῆς
1597 2652 1704 2686 φύσεως
1718 2651 1889 2686 ἡγείσθωσαν

1101 2699 1146 2725 διὰ
1168 2699 1287 2730 πίστεως
1301 2698 1349 2724 καὶ
1366 2697 1473 2729 ἐλπίδος
1488 2698 1542 2724 ἀπὸ
1563 2697 1610 2724 τοῦ
1633 2697 1711 2732 ἁγίου
1731 2697 1889 2732 Πνεύματος

1101 2745 1158 2776 τοῖς
1178 2744 1264 2776 ἀξίοις
1287 2744 1488 2780 ὲνεργούμενοι.
1504 2743 1595 2770 Καλόν
1614 2744 1688 2770 ἐστιν
1701 2745 1718 2778 ἡ
1733 2743 1853 2777 νηστεία,
1871 2743 1888 2773 ἠ

1103 2791 1255 2826 ἀγρυπνία,
1273 2791 1290 2826 ή
1308 2790 1439 2824 ξενιτεία·
1467 2789 1535 2817 ἀλλά
1550 2788 1636 2817 ταῦτα
1657 2789 1733 2825 ἀκμὴ
1755 2789 1890 2820 πολιτείας
