2079 3152
193 169 248 201 829

745 169 859 200 LIBER
878 170 929 200 DE
947 169 1131 201 CUSTODIA
1153 170 1302 202 CORDIS.

1778 174 1832 207 830

193 225 268 253 εστὶν
282 224 389 260 ἀγαθῆς
401 230 408 240 ⁸
432 224 502 261 πλὴν
524 225 541 260 ὴ
555 224 632 257 τάξις
655 225 710 252 τῶν
731 226 904 261 Χριστιανῶν
917 227 984 254 ἔσω-

1040 227 1126 255 tionis
1141 227 1232 256 bonae.
1247 226 1383 255 Ceterum
1401 228 1469 256 ordo
1478 228 1700 257 Christianorum
1714 230 1832 259 interior

191 271 259 306 τέρα
275 270 334 298 ἐστὶ
354 269 467 301 τούτων.
491 271 538 297 καὶ
556 271 606 297 οὐκ
625 271 728 306 ὀφείλει
745 281 788 303 τις
811 272 859 299 ἐπὶ
879 271 983 305 τούτοις

191 317 242 353 τὴν
263 315 427 351 πεποίθησιν
449 316 522 350 ἔχειν
547 317 595 344 καὶ
612 317 714 352 μόνοις.
732 318 881 353 Συμεαίνει
894 318 922 345 δὲ
944 319 985 346 ὅτι

192 363 245 391 εἰσί
267 371 341 394 τινες
363 363 475 397 χάριτος
501 363 623 399 μέτοχοι·
648 364 725 399 καὶὴ
753 365 838 392 κακία
853 365 893 392 ἐτι
917 363 986 392 οὖσα

191 409 363 444 τεχνάζεται,
379 408 427 435 καὶ
439 411 601 445 παραχωρεῖ
615 410 726 442 ἑκοῦσα,
739 411 788 437 καὶ
804 411 853 438 οὐκ
867 412 984 447 ἐνεργεῖ,

191 455 259 482 ἀλλὰ
275 455 348 481 ποιεῖ
363 454 472 489 νομίσαι
486 454 533 481 τὸν
547 455 702 491 ἄνθρωπον,
723 457 763 483 ὃτι
787 457 956 493 ἐκαθαρίσθη
970 458 985 485 6

192 503 254 534 νοῦς
265 503 347 529 αὑτοῦ
357 511 364 518 ·
381 502 428 530 καὶ
442 502 535 529 λοιπὸν
547 502 626 537 φέρει
639 501 724 538 αὐτὴν
737 503 837 538 οἴησιν,
863 503 904 530 ὄτι
917 504 985 538 Χρι-

193 548 300 580 στιανός
318 549 375 583 είμι
391 548 504 581 τέλειος,
520 547 568 574 καὶ
586 547 654 582 μετὰ
668 548 767 581 ταῦτα,
784 549 848 576 ὅταν
858 550 956 586 νομίσῃ
970 551 984 577 6

192 592 346 627 ἄνθρωπος,
364 593 406 620 ὃτι
429 592 586 628 Ἐλεύθερος
601 594 671 628 είμι,
684 594 730 621 καὶ
746 595 903 630 ἅμεριμνεῖ,
922 596 983 622 τότε

191 638 333 674 λῃστρικῷ
353 638 449 674 τρόπῳ
464 638 575 674 ἔρχεται
596 639 675 675 αὐτῷ
696 639 714 674 ἡ
733 630 817 667 κακία
833 640 984 677 ιγκρυμμα

192 684 308 711 ποιοῦσα
324 705 331 717 ,
353 685 400 711 καὶ
419 684 547 720 πειράζει
565 685 657 719 αὑτὸν,
672 686 720 713 καὶ
735 686 885 722 καταφέρει
902 687 983 714 αὑτὸν

191 731 232 762 είς
244 730 278 756 τὰ
295 730 440 757 κατώτατα
459 730 508 765 τῆς
523 730 585 765 γῆς.
603 731 634 758 Εἰ
656 731 712 768 γὰρ
728 731 866 767 ἄνθρωποι
882 733 983 760 πολλά-

191 785 235 808 κις
245 777 343 812 λῃσταὶ
354 776 431 808 ὗντες
443 776 459 812 ἢ
476 777 640 812 στρατιῶται
652 779 724 805 κατὰ
738 778 877 813 πολεμίων
895 779 983 806 οἴδασι

191 821 379 857 τεχνάζεσθαι,
401 822 449 849 καὶ
466 822 691 855 ὑποκαθέζονται,
709 824 758 850 καὶ
783 823 908 850 ποιοῦσιν
930 824 984 858 ἔγ-

192 876 318 903 κρυμμα,
335 867 382 894 καὶ
398 867 566 903 λαμϐάνουσι
581 868 614 895 τὰ
640 869 712 896 νῶτα
732 868 788 896 τῶν
803 869 919 905 ἐχθρῶν,
936 870 984 897 καὶ

193 913 405 950 περικυκλοῦσιν
430 914 528 946 αὐτοὺς
553 914 670 950 ἁθρόως,
692 915 741 942 καὶ
771 916 980 943 ἀποκτείνουσι·
999 916 1019 944 Β

193 960 283 995 πολλῷ
299 960 400 996 μᾶλλον
409 961 426 996 ἡ
442 960 526 987 κακία
540 960 606 988 οὖσα
620 962 755 989 τοσούτων
766 963 892 998 χιλιάδων
904 962 984 990 τοῦτο

192 1007 222 1033 τὸ
235 1007 314 1042 ἔργον
330 1007 440 1042 ἔχουσα,
457 1007 538 1039 τόσας
555 1007 712 1035 ἀπολέσασα
727 1008 826 1044 ψυχὰς,
848 1007 925 1045 οἶδεν]
936 1008 983 1038 οὖν

193 1052 341 1089 ἐγκρυμμα
367 1055 454 1080 ποιεῖν
480 1054 509 1080 ἐν
529 1055 562 1090 τῇ
589 1054 699 1091 καρδίᾳ,
716 1056 786 1083 κατὰ
806 1057 919 1092 καιροὺς
945 1058 983 1094 μὴ

192 1099 324 1134 ἐνεργεῖν,
337 1099 381 1127 ἵνα
394 1100 494 1137 ἐνέγκῃ
509 1100 558 1136 τὴν
571 1100 661 1136 ψυχὴν
677 1102 718 1133 είς
739 1102 828 1138 οίησιν
843 1103 983 1140 τελειότη-

191 1153 256 1179 το;;

227 1247 258 1276 l'.
283 1247 312 1273 Ὀ
337 1246 462 1282 θεμέλιος
488 1245 535 1274 τοῦ
559 1247 775 1283 Χριστιανισμοῦ
801 1245 879 1282 οὗτός
899 1249 981 1283 ἔστιν,

193 1293 237 1320 ενα
256 1293 290 1320 ἂν
304 1293 404 1329 ποιήσῃ
421 1294 435 1319 6
458 1293 600 1328 ἄνθρωπος
616 1294 800 1328 δικαιοσύνας,
819 1297 857 1331 μὴ
877 1296 982 1323 ἐπανα-

192 1339 268 1375 παύῃ
282 1340 311 1366 ὲν
324 1340 429 1372 αὑταῖς,
445 1340 492 1366 καὶ
507 1339 556 1376 ἔχῃ
572 1341 668 1368 ἑαυτὸν
691 1341 788 1376 μέγαν’
805 1341 863 1368 ἀλλ’
907 1351 981 1370 πτω-

192 1386 240 1422 χὸς
252 1386 290 1422 τῷ
304 1386 456 1421 πνεύματι·
474 1387 521 1414 καὶ
539 1387 586 1413 ἐὰν
602 1387 715 1423 γένηται
734 1388 847 1424 μέτοχος
860 1390 980 1424 χάριτος,

195 1433 232 1468 μὴ
246 1432 344 1468 νομίσῃ
360 1432 457 1459 ἑαυτὸν
478 1433 672 1468 κατειληφέναι
694 1442 731 1466 τι,
748 1434 796 1461 καὶ
811 1435 889 1471 οἰηθῇ
912 1434 982 1463 εἶναί

192 1487 244 1510 τις,
262 1479 310 1505 καὶ
323 1478 440 1514 ἄρξηται
457 1478 609 1506 διδάσκειν·
626 1479 683 1506 ἀλλ’
702 1480 745 1507 ἵνα
759 1480 797 1507 ὢν
814 1481 900 1517 καλῆς
913 1480 982 1514 ξενι-

191 1525 267 1557 τείας
284 1525 329 1551 καὶ
344 1524 493 1558 πολιτείας,
510 1525 648 1561 νηστεύων
667 1526 745 1558 πολὺ,
767 1526 919 1561 ξενιτεύων,
935 1529 981 1555 εὐ-

192 1572 317 1607 χόμενος,
335 1571 456 1607 μετέχων
471 1572 596 1607 χάριτος,
617 1573 654 1608 μὴ
677 1573 815 1609 ἡγήσηται
830 1574 879 1610 τὴν
894 1574 982 1610 ψυχὴν
997 1587 1018 1615 η

192 1616 275 1644 αὑτοῦ
286 1617 380 1653 τιμίαν
389 1626 396 1633 ·
409 1618 478 1644 ἀλλὰ
491 1618 551 1645 τότε
567 1619 696 1654 μάλιστα,
713 1619 777 1646 ὃταν
789 1620 859 1655 ἀρχὴ
874 1620 983 1656 χάριτος

193 1664 315 1700 γένηται,
331 1664 374 1691 ἵνα
389 1664 437 1699 ἔχῃ
455 1664 502 1690 τὺν
516 1665 607 1697 πόνον,
624 1665 672 1700 τὴν
686 1665 776 1700 δίψαν,
793 1666 836 1693 ἵνα
851 1666 888 1703 μὴ
902 1675 983 1694 κεκο-

195 1709 325 1744 ρεσμένος
339 1709 387 1745 ἔχῃ
409 1709 506 1736 ἑαυτὸν
530 1709 634 1737 δίκαιον
649 1709 665 1746 ἢ
681 1711 809 1738 πλούσιον
825 1712 855 1739 ὲν
874 1713 982 1750 χάριτι⁵

192 1753 280 1792 ἀλλ”ῇ
299 1754 405 1782 πενθῶν
431 1755 479 1782 καὶ
495 1755 632 1790 δακρύων.
649 1757 704 1784 Καὶ
723 1757 752 1784 ὃν
777 1759 880 1793 τρόπον
897 1758 946 1786 ἐὰν
964 1757 985 1795 ᾗ

195 1801 297 1836 μήτηρ,
312 1802 360 1827 real.
379 1801 432 1838 ἔχῃ
447 1801 505 1828 υίὺν
519 1803 650 1837 μονογενῆ
674 1803 723 1829 καὶ
737 1804 871 1840 παιδεύσῃ
888 1805 981 1838 αύτδν,

192 1845 239 1872 καὶ
256 1845 320 1872 ὅταν
332 1845 444 1881 γένηται
458 1846 537 1882 ἀνὴρ,
555 1847 645 1883 συμϐῇ
666 1848 740 1882 αὐτῷ
757 1848 916 1875 ἀποθανεῖν·
935 1850 983 1876 καὶ

193 1891 286 1918 λοιπὸν
308 1892 365 1919 ὅσοι
390 1892 423 1920 ἂν
444 1889 495 1920 ὦσι
520 1893 765 1929 παραμυθούμενοι
785 1895 833 1930 τὴν
863 1896 980 1932 μητέρα,

195 1938 294 1973 μᾶλλον
306 1939 496 1974 ὲπεγείρουσιν
513 1940 582 1975 αὐτῇ
597 1939 627 1966 τὸ
642 1940 750 1972 πένθος,
768 1942 815 1968 καὶ
832 1942 983 1978 ἀπαραμύ-

193 1984 273 2019 θητός
288 1984 379 2011 ἐστιν·
399 1984 469 2012 οὕτω
492 1986 546 2021 χρὴ
561 1985 666 2013 κλαίειν
686 1986 732 2013 τὴν
754 1987 918 2024 Χριστιανὸν
932 1988 982 2024 τὴν

193 2029 297 2056 πτῶσιν
309 2029 404 2062 αὑτοῦ,
418 2031 464 2057 καὶ
476 2030 658 2063 ἀδιαλείπτως
680 2032 809 2068 δακρύειν
819 2042 827 2048 ·
846 2034 898 2069 πρὸ
913 2034 980 2062 πάν-

191 2084 246 2102 των
259 2076 288 2103 δξ.
304 2076 378 2112 ἔχειν
393 2077 629 2113 συντετριμμένην
637 2077 687 2113 τὴν
702 2079 825 2114 καρδίαν.

1037 278 1080 301 est
1099 274 1160 307 his;
1171 279 1200 302 et
1218 282 1273 302 non
1287 275 1370 303 debet
1380 275 1444 310 quis
1460 275 1505 303 his
1520 276 1599 302 inniti
1615 276 1680 303 solis
1697 277 1731 304 ad
1745 278 1832 305 conti-

1035 320 1168 348 dentiam.
1189 320 1332 356 Contingit
1347 326 1440 349 autem
1460 329 1521 349 esse
1534 322 1668 356 quosdam
1682 323 1832 358 participes

1035 368 1143 402 gratiae;
1157 367 1185 394 in
1201 367 1303 402 quibus
1319 367 1436 400 malitia,
1451 375 1513 394 cum
1531 375 1627 395 revera
1647 368 1747 402 subsit,
1762 369 1831 397 insi-

1035 412 1114 440 diose
1134 413 1221 440 latere
1252 413 1362 449 satagit,
1391 414 1463 441 ultro
1488 422 1568 449 agere
1598 422 1710 443 cessans
1737 420 1766 443 et
1801 423 1831 444 se

1035 457 1220 492 abscondens,
1235 458 1394 494 ipsumque.
1408 459 1436 486 in
1452 467 1507 494 quo
1522 459 1639 493 habitat,
1659 461 1744 494 fallat,
1761 462 1832 489 male

1035 504 1223 539 persuadens,
1249 512 1310 532 esse
1333 513 1412 532 suam
1441 510 1561 533 mentem
1585 507 1640 542 jam
1670 512 1830 543 purgatam;

1035 551 1109 578 unde
1120 551 1149 578 in
1167 551 1353 586 arrogantiam
1369 551 1492 585 inﬂatur,
1508 553 1587 579 aiens
1604 562 1610 579 :
1629 553 1771 581 Perfectus
1781 562 1832 589 ego

1036 597 1213 625 Christianus
1230 605 1303 629 sum,
1325 601 1353 624 at
1369 597 1436 625 dum
1455 598 1540 625 miser
1554 599 1598 626 isti
1619 599 1726 627 ﬁducia:
1747 601 1831 628 homo

1037 644 1117 681 164
1126 644 1267 677 indormit,
1282 644 1399 671 liberum
1412 652 1442 672 se
1451 652 1526 671 nunc
1540 644 1653 672 demum
1664 646 1829 680 praedicans,

1034 690 1203 726 opprimitur
1220 690 1255 717 ab
1270 690 1397 717 irruente
1413 690 1442 717 in
1455 698 1530 722 eum,
1548 691 1687 718 latronum
1710 699 1796 724 more,
1813 700 1830 720 ε

1034 737 1158 769 latebris,
1176 736 1224 764 ubi
1240 736 1415 769 subsederat,
1431 737 1546 770 malitia,
1567 745 1629 772 quae
1645 738 1714 765 nihil
1737 738 1833 766 minus

1034 782 1195 817 opinantem
1209 784 1362 811 tentatione
1380 783 1537 811 vehementi
1549 783 1689 815 adoriens.
1705 784 1831 812 vincite!

1035 827 1167 864 deprimit
1192 829 1219 857 in
1239 834 1319 858 terra!
1346 830 1451 858 intima.
1467 830 1495 858 Si
1518 830 1592 858 enim
1616 831 1742 858 homines
1758 839 1832 867 saepe

1035 875 1182 903 latrocinio
1188 880 1236 903 aut.
1243 876 1348 904 militia
1355 876 1454 909 dediti,
1464 881 1667 912 stratagemate.
1676 878 1715 905 uti
1727 878 1830 910 sciunt,

1036 922 1214 950 subsidentes
1231 922 1259 949 in
1275 922 1345 950 locis
1362 923 1489 955 occultis,
1501 929 1529 951 et
1541 932 1576 951 ex
1591 924 1700 952 insidiis
1716 930 1830 960 repente

1035 967 1193 995 eoorientes
1210 967 1237 995 in
1251 968 1373 996 hostium
1389 973 1477 1003 terga,
1493 970 1611 1004 ipsoque
1626 970 1834 999 circumventos

1034 1015 1062 1042 vi
1076 1015 1167 1042 subita
1182 1015 1340 1048 trucidant,
1353 1021 1457 1051 quanto
1479 1016 1566 1051 magis
1583 1017 1699 1049 malitia,
1712 1025 1773 1052 qua:
1792 1022 1832 1045 tot

1035 1060 1159 1088 millibus
1173 1068 1311 1088 annorum
1334 1062 1388 1089 hoc
1401 1069 1472 1097 opus
1501 1063 1637 1095 exercuit,
1659 1067 1699 1090 tot
1713 1063 1832 1099 perdens

1034 1107 1152 1140 animas,
1159 1112 1251 1135 notam
1259 1108 1370 1136 habebit
1377 1114 1464 1136 artem
1475 1108 1638 1136 insidiarum
1649 1109 1676 1136 in
1685 1111 1739 1137 imo
1747 1110 1834 1138 corde

1034 1153 1240 1187 struendarum,
1259 1159 1289 1182 ut
1315 1154 1464 1189 aliquando
1479 1160 1568 1182 cesset
1589 1155 1624 1182 ab
1642 1156 1758 1191 agendo,
1775 1165 1832 1191 quo

1033 1202 1215 1237 persuasione
1228 1202 1282 1230 ista
1295 1202 1400 1229 imbuat
1411 1203 1577 1234 animam,se
1590 1210 1650 1230 esse
1663 1202 1833 1238 perfectam?

1068 1246 1103 1274 X.
1122 1247 1342 1275 Fundamentum
1367 1247 1570 1275 Christianismi
1593 1248 1645 1275 hoc
1659 1253 1711 1280 est,
1727 1256 1762 1276 ne
1777 1248 1830 1276 ho-

1033 1300 1079 1319 mo
1095 1298 1157 1327 post
1183 1292 1356 1328 quantalibet
1372 1294 1443 1320 bona
1458 1301 1558 1328 opera,
1575 1293 1602 1320 in
1621 1293 1688 1329 ipsis
1714 1293 1833 1328 acquiev

1033 1344 1103 1372 seat,
1120 1344 1168 1366 aut
1186 1347 1216 1367 se
1241 1347 1369 1374 magnum
1393 1344 1488 1375 putet,
1510 1340 1557 1368 sed
1582 1344 1742 1375 perseveret
1768 1348 1834 1368 esse

1033 1393 1139 1421 pauper
1152 1385 1252 1420 spiritu
1268 1395 1274 1412 :
1287 1393 1320 1413 ac
1328 1393 1390 1413 cum
1405 1386 1501 1421 gratiae
1517 1386 1658 1421 particeps
1669 1386 1759 1414 factus
1773 1386 1830 1414 fue-

1034 1431 1081 1464 rit,
1098 1439 1134 1458 ne
1157 1431 1295 1459 existimet
1314 1439 1343 1459 se
1365 1431 1506 1467 quidpiam
1531 1431 1671 1467 adeptum,
1698 1437 1830 1467 putetque

1033 1485 1063 1505 se
1096 1484 1157 1504 esse
1185 1476 1317 1513 aliquem,
1349 1477 1518 1513 incipiatque
1545 1478 1706 1513 magistrum
1736 1486 1828 1513 agere.

1033 1524 1108 1551 Neve
1124 1532 1153 1551 se
1165 1524 1282 1560 aliquem
1298 1532 1381 1559 supra
1393 1524 1503 1560 vulgus,
1516 1524 1582 1559 quin
1595 1524 1689 1557 etiam,
1707 1532 1770 1552 cum
1784 1532 1833 1552 se~

1036 1571 1152 1598 cesserit
1170 1571 1196 1598 in
1223 1570 1402 1598 solitudinem
1418 1575 1447 1597 et
1461 1570 1532 1598 bene
1546 1570 1741 1602 ambulaverit,
1759 1569 1833 1598 mul-

1038 1621 1096 1643 tum
1106 1617 1245 1652 jejunans,
1261 1617 1389 1644 exsilium
1403 1617 1497 1644 mundi
1511 1616 1621 1645 fortiter
1638 1617 1769 1650 tolerans,
1783 1617 1829 1652 pie

1036 1670 1129 1695 orans,
1145 1663 1240 1698 gratim
1251 1663 1388 1690 donorum
1402 1670 1524 1698 compos,
1537 1663 1626 1690 nihilo
1636 1667 1728 1690 tamen
1742 1662 1832 1698 magis

1035 1709 1154 1736 animam
1169 1717 1246 1736 suam
1262 1710 1413 1744 pretiosam
1426 1709 1539 1737 habeat.
1554 1709 1612 1736 lmo
1626 1715 1684 1736 tum
1694 1707 1827 1741 maxime,

1036 1756 1147 1791 quando
1166 1756 1286 1791 primum
1301 1756 1387 1783 sentit
1410 1756 1556 1791 appulsmn
1582 1755 1686 1791 gratia,
1710 1755 1829 1783 sollicite

1034 1800 1158 1832 laboret;
1185 1800 1317 1834 sitimque
1344 1804 1479 1826 monstret
1506 1799 1647 1826 ulterioris
1668 1798 1829 1834 profectus;

1035 1846 1115 1874 valde
1127 1853 1228 1873 cavens
1239 1853 1284 1878 ne,
1296 1845 1375 1880 quasi
1389 1846 1444 1880 jam
1468 1845 1594 1877 satiatus,
1611 1852 1640 1872 se
1657 1844 1768 1872 abunde
1780 1844 1833 1879 ju-

1036 1896 1119 1925 stum,
1133 1896 1180 1919 aut
1205 1892 1373 1927 locupletem
1395 1891 1513 1924 habeat;
1539 1899 1554 1918 e
1568 1891 1710 1918 contrario
1735 1890 1836 1925 potius-

1031 1938 1134 1973 lugeat,
1149 1942 1176 1965 et
1189 1938 1368 1973 lacrymetur.
1386 1937 1533 1970 Quomodo
1547 1937 1570 1964 si
1587 1940 1675 1963 mater
1689 1936 1828 1963 educare-

1031 1985 1068 2012 rit
1084 1992 1100 2012 a
1115 1991 1203 2020 puero
1214 1992 1279 2011 cura
1289 1992 1386 2019 magna
1403 1984 1517 2010 unicum
1530 1983 1628 2016 tilium,
1640 1983 1698 2015 ubi,
1716 1990 1778 2010 cum
1793 1982 1834 2009 ad'

1031 2031 1140 2058 virilem
1155 2031 1282 2066 pervenit
1300 2035 1422 2062 atatem,
1437 2030 1508 2057 mori
1529 2038 1592 2057 eum
1609 2029 1760 2065 contingat,
1780 2029 1834 2064 qui,

1032 2078 1169 2106 consolari
1181 2085 1241 2105 eam
1254 2077 1462 2113 aggrediuntur.
1480 2077 1619 2104 incentiva
1635 2077 1726 2104 luctus
1741 2075 1828 2111 magis

192 2123 383 2157 accumulant;
414 2123 455 2151 sic
482 2124 549 2151 flere
576 2123 767 2152 indesinenter
793 2124 981 2153 Christianum
999 2128 1110 2160 oportet
1129 2124 1238 2159 lapsum
1271 2131 1364 2156 suum,
1386 2127 1417 2151 et
1448 2126 1511 2150 ante
1535 2121 1628 2150 omnia
1652 2121 1755 2150 habere
1781 2129 1830 2149 cor

192 2169 354 2197 contritum.

228 2217 281 2244 lA'.
295 2216 400 2252 Ὥσπερ
414 2216 438 2242 εί
452 2213 526 2248 οἶκος
537 2216 670 2251 βασιλέως
685 2216 755 2252 ἔχων
767 2216 871 2249 διαίτας
884 2217 985 2249 πολλὰς

1073 2216 1119 2245 XI.
1135 2216 1171 2245 Ut
1186 2215 1208 2243 si
1226 2216 1357 2251 palatium
1371 2216 1443 2251 regis
1455 2215 1610 2251 cuiuspiam
1628 2215 1713 2242 multa
1726 2215 1828 2244 habeat

192 2263 238 2289 καὶ
254 2262 338 2293 αὐλὰς
353 2262 508 2297 διαφόρους,
526 2262 575 2288 καὶ
596 2262 720 2298 πρόθυρα
741 2262 838 2296 πολλὰ,
853 2263 900 2290 καὶ
913 2265 982 2290 ὲσω-

1035 2263 1173 2292 cubicula.
1191 2266 1219 2289 et
1233 2262 1318 2289 multa
1334 2261 1471 2288 vestibula
1494 2264 1523 2287 et
1547 2260 1630 2293 atria,
1647 2268 1679 2288 ac
1694 2261 1833 2288 interiorm

191 2309 286 2345 τέρους
312 2308 411 2341 οἴκους,
438 2307 503 2335 ἔνθα
532 2309 608 2343 μένει
629 2309 643 2336 6
663 2308 800 2344 βασιλεὺς,
823 2309 870 2336 καὶ
884 2311 901 2344 ἡ
919 2318 983 2345 πορ-

193 2356 276 2392 φύρα,
288 2356 336 2382 καὶ
351 2356 374 2382 σί
389 2354 521 2390 θησαυροὶ
536 2355 712 2382 ἀπόκεινται·
729 2355 822 2382 λοιπὸν
833 2356 847 2382 ὁ
859 2355 982 2392 εἰσερχό-

194 2404 274 2437 μενος
289 2402 329 2433 εὶς
341 2401 389 2433 τὰς
405 2400 540 2436 ἐξωτέρας
552 2400 637 2431 αὐλὰς
651 2401 688 2436 μὴ
700 2401 809 2438 νομίσῃ,
823 2401 864 2428 ὅτι
877 2402 927 2438 ἤδη
943 2403 982 2434 εἰς

191 2447 256 2478 τοὺς
271 2447 423 2482 ὲσωτέρους
439 2447 531 2479 οἴκους
545 2444 637 2482 ἦλθεν,
652 2447 719 2474 ὅπου
736 2448 752 2483 ἡ
768 2447 830 2480 δόξα
843 2448 889 2475 τοῦ
904 2448 981 2484 βασι-

191 2492 271 2524 λέως,
290 2492 338 2519 καὶ
352 2493 370 2528 ἡ
385 2493 522 2527 πορφύρα,
538 2493 584 2519 καὶ
595 2493 618 2519 οἱ
634 2493 767 2529 θησαυροί
777 2494 886 2526 ὀὕτως
899 2495 938 2527 είς
952 2495 982 2522 τὺ

192 2539 391 2574 πνευματικὸν,
414 2539 439 2564 οι
463 2537 650 2574 νηστεύοντες,
674 2539 698 2565 ot
727 2539 940 2574 ἀγρυπνοῦντες,
957 2540 982 2566 οἱ

191 2585 337 2620 ψάλλοντες
351 2584 399 2611 καὶ
409 2584 562 2620 εὐχόμενοι,
579 2583 617 2620 μὴ
631 2585 789 2619 νομίσωσιν,
801 2585 842 2612 ὅτι
858 2585 982 2620 είσῆλθον

191 2633 231 2664 εἰς
256 2631 306 2667 τὴν
329 2631 510 2664 κατάπαυσιν,
525 2630 564 2662 ὡς
585 2630 614 2657 δὲ
636 2631 730 2666 ἀκμὴν
746 2632 787 2663 είς
807 2632 841 2658 τὰ
857 2632 981 2668 πρόθυρα

190 2678 239 2705 καὶ
254 2679 293 2710 είς
309 2678 359 2709 τὰς
369 2676 455 2708 αὐλὰς
468 2677 647 2712 εἰσέρχονται,
663 2676 711 2712 οὐχ
721 2677 789 2704 ὅπου
805 2678 824 2713 ἡ
840 2678 981 2714 πορφύρα,

191 2724 238 2751 καὶ
251 2724 275 2750 οι
295 2723 442 2759 θησαυροί,
454 2723 511 2749 Οὐκ
526 2722 679 2757 ὀφείλουσιν
693 2722 739 2749 οὖν
757 2723 865 2758 ἀδελφοὶ
881 2725 913 2759 τῇ
928 2724 981 2757 ἔξω

191 2769 314 2805 πολιτείᾳ
328 2769 450 2804 θαρρεῖν,
463 2769 511 2795 καῖ
523 2767 623 2802 λέγειν,
639 2769 681 2796 ὅτι
694 2768 760 2803 Είμί
775 2778 817 2801 τις
828 2777 835 2784 ·
852 2770 877 2796 εί
890 2769 919 2796 δὲ
933 2771 980 2797 καὶ

190 2815 302 2851 χάριτος
321 2815 434 2850 μέτοχος
453 2814 575 2849 γένηται.
598 2814 729 2850 οίηθῆναι·
749 2815 787 2847 ὡς
806 2814 987 2848 καταλαϐὼνν

191 2860 210 2896 ἢ
223 2861 367 2896 γενόμενος
381 2859 530 2894 ὲγγύτατος
541 2860 588 2887 τοῦ
599 2860 732 2895 βασιλέως
742 2869 749 2877 ·
766 2861 858 2897 ἀκμὴν
869 2861 980 2897 γὰριείς

191 2907 255 2939 τοὺς
272 2907 420 2943 ἐξωτιρους
437 2906 528 2939 οἴκους
551 2907 691 2943 διατρίϐει.
711 2907 768 2936 οὐκ
783 2908 885 2943 ὀφείλει
903 2909 981 2944 ἐρευ-

1033 2307 1184 2339 conclavia,
1198 2305 1250 2332 ub‘r
1262 2305 1366 2332 residet
1382 2313 1440 2336 rex,
1457 2304 1504 2331 ubi
1519 2312 1644 2339 purpura
1658 2309 1686 2331 et
1701 2304 1829 2331 thesauri

1033 2356 1216 2388 reponuntur.
1230 2351 1330 2387 aliquis
1351 2351 1520 2379 exteriorum
1536 2355 1617 2378 tenus
1633 2351 1768 2378 atriorum
1783 2351 1832 2378 in—

1033 2399 1169 2435 grediens,
1184 2406 1218 2425 ne
1233 2401 1312 2432 putet
1339 2405 1368 2425 se
1381 2398 1439 2432 jam
1463 2397 1489 2424 in
1512 2397 1608 2424 intima
1622 2397 1699 2431 quasi
1717 2397 1831 2425 viscera-

1033 2449 1173 2472 tantarum
1184 2443 1284 2472 aedium
1299 2448 1468 2478 penetrasse,
1482 2447 1564 2478 atque
1575 2443 1643 2470 adeo
1654 2447 1749 2470 tenere
1759 2451 1831 2478 apo-

1033 2491 1138 2523 thecas,
1156 2490 1184 2517 in
1205 2490 1307 2525 quibus
1326 2497 1391 2525 gaza
1414 2493 1442 2516 et
1455 2489 1541 2524 gloria
1564 2488 1645 2524 regis,
1660 2496 1783 2524 purpura
1796 2493 1830 2516 ec

1033 2536 1155 2564 thesauri
1176 2535 1372 2563 custodiuntur
1387 2543 1394 2560 ε
1409 2534 1463 2566 εἰς,
1482 2534 1533 2561 ista
1551 2533 1668 2569 imagine
1693 2533 1727 2560 ad
1743 2534 1835 2568 spiri~

1033 2583 1107 2610 tuale
1121 2582 1262 2617 negotium
1278 2580 1423 2610 translata,
1440 2587 1474 2607 ne
1490 2580 1765 2614 putentjejunantes,
1781 2579 1831 2606 vi-

1032 2629 1160 2664 gilantes,
1176 2627 1336 2663 psallentes,
1349 2630 1471 2658 orantes,
1490 2625 1649 2660 pervenisse
1672 2633 1701 2653 se
1717 2626 1771 2661 jam
1789 2625 1831 2652 ad:

1031 2675 1192 2703 fruitionem
1210 2673 1287 2709 pacis
1304 2681 1316 2700 ς
1330 2676 1427 2707 utpote
1451 2671 1504 2706 qui'
1521 2671 1611 2699 adhuc
1642 2671 1669 2698 in
1687 2671 1829 2698 vestibula

1032 2727 1138 2750 tantum
1154 2725 1182 2749 et
1200 2721 1289 2756 prima
1308 2719 1383 2746 atria-
1401 2718 1516 2755 ingressi
1534 2721 1615 2750 sunt,
1639 2717 1762 2744 nondum
1778 2725 1831 2749 eo,

1032 2768 1079 2796 ubi
1093 2776 1227 2803 purpura,
1243 2767 1289 2794 ubi
1311 2765 1434 2793 thesauri
1448 2764 1628 2800 jacent..Non
1657 2763 1760 2791 debent
1773 2764 1827 2800 igi-

1031 2819 1077 2842 tur
1092 2814 1191 2841 fratres
1216 2812 1348 2840 exteriori
1377 2811 1588 2839 conversatione
1618 2818 1649 2838 ae
1678 2810 1830 2845 disciplima

1031 2861 1090 2888 niti-
1116 2866 1291 2895 magnopere,
1320 2865 1371 2886 nec
1400 2859 1433 2885 de
1467 2865 1496 2886 se
1527 2862 1642 2892 propter
1680 2857 1755 2884 illam
1778 2857 1830 2885 di»

1031 2914 1094 2935 cere
1112 2915 1118 2934 :
1134 2906 1190 2942 Ego
1209 2913 1270 2934 sum
1298 2905 1415 2941 aliquis;
1441 2913 1503 2939 nec,
1528 2905 1617 2932 simul,
1639 2913 1670 2933 ac
1685 2904 1830 2940 (piispiauv
