2079 3152
247 161 301 195 831

891 159 920 191 S.
940 159 1101 191 MACARII
1122 159 1283 191 IEGYPTII

1833 164 1885 196 8‘2

249 220 366 256 gratiam
398 217 579 254 adipiscitur.
601 215 773 252 prmﬁdentia
804 215 871 249 niti,
888 216 966 251 quasi
987 215 1044 252 jam

1102 217 1145 252 νᾷν
1169 217 1297 249 ἒκαστον,
1322 217 1347 244 εἰ
1369 213 1449 252 ιῦριν
1465 217 1494 244 ὲν
1508 217 1547 252 τῷ
1570 217 1722 254 ὀστρακίνῳ
1738 218 1828 246 σκεύει
1840 221 1886 247 τὴν

250 264 503 301 comprehenderit,
519 262 632 298 autregi
643 263 679 290 sit
691 262 787 289 intime
800 261 946 295 admotus;
963 261 1046 289 modo

250 312 325 338 enim
340 311 368 338 in
389 309 500 338 extimis
514 309 649 336 duntaxat
662 308 754 335 adhuc
770 307 929 336 diversatur
943 307 1045 335 adium

251 357 402 392 partibus:
421 362 472 382 nec
498 354 628 382 convenit
658 353 777 381 scrutari
809 361 1046 388 unumquemque,

251 409 318 428 num
335 400 405 427 forte
419 400 543 427 inveniat
572 399 601 426 in
616 407 680 426 vase
705 399 781 426 ﬁctili
807 399 981 432 thesaurum,
998 403 1047 426 aut

253 447 357 482 regiam
376 446 500 473 induerit
511 445 632 480 Spiritus
651 453 813 480 purpuram.
828 453 862 472 an
887 453 978 480 regem
1004 446 1048 473 in-

251 492 372 524 venerit,
388 496 417 519 et
425 492 519 526 quiete
529 491 649 518 fruatur.
662 491 707 518 Sic
720 491 822 525 quippe
836 495 993 526 comparata
1005 495 1048 518 est

251 537 372 564 hominis
386 537 487 569 anima,
506 536 589 563 habet
613 536 829 571 prolunditatem
847 536 994 571 quamdam
1017 541 1048 564 et

251 583 376 611 membra
400 583 474 609 velut
491 583 622 617 plurima.
647 582 676 609 ln
691 590 752 609 eam
779 589 863 617 porro
886 582 1048 610 subintrans

252 633 412 664 peccatum,
425 634 525 655 cuncta
543 628 604 663 ejus
616 632 733 662 occupat
755 628 891 660 membra,
903 632 931 655 et
943 628 1047 663 cogita-

254 674 344 702 tiones
357 674 451 701 cordis
464 682 471 707 ;
497 673 599 701 deinde
613 681 676 701 cum
698 673 781 700 homo
796 674 906 708 quarit,
919 673 996 700 venit
1012 673 1046 700 ad

254 721 343 755 ipsum
356 719 453 755 gratia,
467 723 495 746 ct
507 723 625 754 occupat
645 719 701 746 duo
718 719 842 747 membra
870 718 978 746 anima}.
995 718 1048 751 Qui

253 773 320 801 ergo
337 766 498 800 inexpertus
519 773 621 798 rerum,
633 765 718 792 sentit
734 765 880 800 appulsum
892 772 1048 800 provocan-

253 813 289 840 tis
310 813 414 848 gratiae.
436 812 569 839 continuo
584 816 673 847 putet.
688 811 762 847 quod
787 811 940 839 adveniens
957 811 1047 846 gratia

253 867 351 887 omnes
370 859 468 886 animae
485 863 578 893 partes
592 858 781 893 occupaverit.
795 858 932 893 planeque
945 865 978 884 ac
1000 865 1047 884 ra-

1097 262 1244 298 Θησαυρὸν,
1263 263 1280 298 ἢ
1297 263 1443 290 ἐνεδύσατο
1461 263 1511 299 τὴν
1524 263 1670 300 πορφύραν
1691 265 1739 292 τοῦ
1760 267 1887 302 Πνεῦμα-

1096 316 1152 341 τος,
1168 309 1184 344 ἠ
1204 305 1267 344 εὗρε
1289 309 1336 336 τὸν
1361 308 1483 343 βασιλέα,
1504 309 1551 337 καὶ
1569 311 1755 342 ἀνεπαύσατο.
1785 312 1817 339 Ἦ
1832 313 1888 348 γὰρ

1096 353 1170 389 ψυχὴ
1182 354 1292 390 τοιαύτη
1309 354 1472 390 ἐστίν-,εχει
1489 355 1569 390 βάθος
1583 365 1609 382 τι
1631 357 1679 383 καὶ
1696 357 1766 393 μέλη
1785 358 1871 385 πολλά
1896 376 1898 379 ι

1098 400 1146 426 καὶ
1161 399 1254 426 λοιπὸν
1273 400 1289 435 ἡ
1315 400 1438 435 ἁμαρτία
1458 401 1652 428 ἐπεισελθοῦσα
1673 403 1784 438 κατέχει
1803 404 1887 438 αὐτῆς

1097 446 1146 473 ὅλα
1168 446 1203 472 τὰ
1229 446 1309 481 μέλη,
1334 447 1382 474 καὶ
1403 447 1439 473 τὰ
1464 447 1589 482 νοήματα
1614 449 1664 483 τῆς
1678 450 1804 484 καρδίας.
1823 448 1889 476 Elite.

1097 492 1291 528 ιπιζητοῦντος
1319 493 1366 519 τοῦ
1393 493 1538 529 ἀνθρώπου
1555 494 1665 529 ἔρχεται
1681 496 1699 530 ἡ
1715 496 1795 530 χάρις
1820 496 1890 532 πρὸς

1097 538 1189 571 αὐτὸν,
1217 539 1264 565 καὶ
1289 539 1399 574 κατέχει
1422 539 1469 566 δύο
1496 539 1563 575 μέλη
1590 540 1639 576 τῆς
1664 541 1764 576 ψνχῆς.
1789 541 1820 568 '0
1842 541 1891 569 οὗν

1097 585 1210 618 ἄπειρος
1232 584 1476 627 παρακαλούμενος
1491 586 1523 621 τῇ
1547 586 1650 621 χάριτι,
1669 586 1776 621 νομίζει
1790 586 1831 614 ὅτι
1846 587 1893 614 ὲ).-

1099 629 1182 656 θοῦσα
1197 632 1213 664 ἡ
1231 631 1312 665 χάρις
1332 630 1381 656 ὅλα
1395 630 1430 657 τὰ
1447 631 1514 666 μέλη
1530 632 1578 666 τῆς
1592 631 1681 667 ψυχῆς
1698 633 1825 668 κατέσχε.
1841 634 1890 660 καὶ

1097 675 1266 711 ἑξεῤῥιζώθη
1285 676 1302 711 ή
1328 676 1451 711 ἁμαρτία
1462 677 1549 702 --ιτότε
1570 675 1617 703 οῦν
1653 677 1778 704 πλεῖστον
1807 678 1890 714 μέρος

1098 719 1151 747 ὑπὸ
1171 720 1221 754 τῆς
1238 719 1376 756 ἁμαρτιας
1394 721 1537 756 κρατεῖται
1552 717 1600 747 καὶ
1615 721 1644 747 ἓν
1662 722 1744 756 μέρος
1765 721 1817 748 ὑπὸ
1839 723 1890 757 τῆς

1098 766 1221 801 χάριτος,
1241 766 1289 791 καὶ
1307 765 1508 792 ὑποκλέπτιται
1524 766 1571 792 καὶ⁸
1589 766 1640 793 οὐκ
1653 764 1742 793 οἶδεν·
1759 766 1817 793 ἐστι
1835 767 1891 802 γὰρ

1097 811 1114 846 ἡ
1130 810 1210 844 χάρις
1225 809 1356 841 πολλάκις
1371 809 1523 845 ἐνεργοῦσι-α
1538 810 1730 842 ἀδιαλείπτως,
1745 810 1775 837 ὃν
1792 812 1891 847 τρόπον

1097 857 1111 884 6
1125 855 1263 890 οφθαλμὸς
1279 856 1308 882 ἐν
1322 855 1363 890 τῷ
1385 855 1493 890 σώματι
1507 856 1683 891 πέπρακται·
1698 857 1753 890 {aut
1769 857 1892 892 ἁμαρτία

254 906 360 934 dicitus
371 906 556 940 exstirpatum
572 906 608 933 sit
627 910 788 940 peccatum;
804 913 867 932 cum
882 909 971 932 tamen
989 905 1048 940 ple-

1102 902 1226 929 σύνεστιν
1242 902 1448 929 ὑποκλέπτουσα
1465 901 1512 929 τδν
1531 902 1592 929 νοῦν
1602 910 1610 918 '
1633 903 1681 929 καὶ
1694 904 1709 929 6
1725 903 1892 938 ἀδιάκριτος,

256 959 341 986 raque
367 951 459 978 adhuc
474 951 573 979 animae
590 951 715 979 membra
732 958 830 978 revera
844 959 858 978 a
873 954 986 985 peccato
1001 950 1051 977 de-

256 998 409 1030 tineantur,
429 1005 515 1024 unum
536 1002 642 1024 tantum
661 1005 694 1024 ex
720 997 764 1024 his
790 996 940 1032 quodpiam
964 995 1051 1032 gratia

257 1043 434 1078 possidente;
453 1043 595 1070 nesciente
627 1042 686 1078 ipso
702 1042 826 1074 homine,
841 1046 870 1069 et
892 1041 992 1076 supine
1015 1040 1052 1068 si—

255 1094 338 1116 nenle
347 1088 400 1116 sibi
417 1088 533 1123 imponi.
547 1088 594 1115 Est
605 1088 679 1115 enim
695 1087 782 1123 gratia
797 1087 959 1122 plerumque
973 1086 1052 1121 165

257 1134 449 1162 indesinenter
476 1141 604 1169 operans,
618 1133 689 1161 sicut
706 1133 804 1160 oculus
827 1132 932 1160 deﬁxus
948 1132 975 1159 in
990 1140 1052 1158 cor-

256 1188 334 1214 pore.
345 1179 379 1208 Et
394 1185 539 1215 peccatum
557 1180 654 1206 subest
665 1183 785 1206 mentem
801 1178 871 1205 clam
885 1177 1050 1212 subripiens.

256 1226 291 1253 Et
306 1230 372 1253 tunc
385 1225 432 1261 qui
448 1225 616 1253 discretione
643 1229 729 1257 carct,
742 1229 846 1252 temere
863 1228 1010 1250 autumans
1021 1230 1050 1249 se

255 1272 433 1307 perfectionis
463 1273 571 1299 culmen
597 1278 705 1304 tencre,
735 1271 897 1298 intumescit
920 1270 1052 1304 opinione

256 1318 312 1350 sui,
332 1318 413 1353 plene
425 1317 480 1354 jam
507 1326 537 1345 se
561 1318 708 1344 liberatum
723 1322 835 1352 putans,
851 1315 925 1351 quod
941 1323 996 1342 non
1013 1315 1049 1342 ita

256 1370 316 1396 est;
333 1363 372 1391 uti
388 1364 462 1390 enim
477 1364 544 1395 dixi,
564 1363 658 1390 subest
675 1363 757 1390 dolus
776 1363 890 1389 latentis
902 1361 929 1388 in
944 1361 1054 1388 insidiis

257 1409 381 1442 Satanas;
400 1409 548 1444 aliquando
571 1409 640 1435 nihil
657 1417 686 1436 se
704 1408 852 1439 moventis,
876 1412 906 1434 ut
923 1407 1053 1434 credatur

256 1455 366 1487 abesse,
380 1462 412 1482 ac
423 1454 464 1482 sic
489 1454 598 1481 noxiam
623 1453 752 1482 ﬁduciam
772 1454 916 1490 ingeneret
936 1453 1053 1486 homini,

1099 950 1137 981 ὡς
1154 949 1205 984 ἠδη
1218 947 1391 981 καταλαϐὼν,
1407 948 1494 975 ctua!
1510 957 1536 975 τι
1551 948 1713 984 περὶ“αὕτοῦ
1728 949 1777 976 καὶ
1795 949 1895 984 τυφοῦ-

1100 1003 1145 1022 ται
1162 995 1199 1026 ὡς
1215 993 1416 1030 ὲλευθιρωθείς.
1437 993 1493 1028 Οὐχ
1507 993 1595 1026 οὕτως
1611 994 1666 1029 γάρ
1679 995 1738 1021 int
1753 994 1787 1021 τὰ
1803 994 1895 1029 πράγ-

1103 1049 1175 1076 ματα
1186 1047 1193 1055 ·
1210 1039 1301 1072 καθὼς
1311 1040 1366 1075 γὰρ
1383 1037 1470 1071 εἷπον,
1483 1040 1633 1075 ἐγκρυμμα
1647 1042 1720 1068 ποιεῖ
1733 1042 1747 1067 6
1760 1042 1894 1074 Σατανᾶς,

1101 1088 1141 1118 εις
1168 1086 1280 1122 καιροὺς
1304 1086 1342 1121 μὴ
1367 1085 1497 1120 ἐνεργῶν,
1528 1086 1571 1113 ἵνα
1595 1086 1695 1122 ποιήσῃ
1715 1088 1825 1121 νομίσαι
1847 1087 1894 1114 τὶν

1105 1132 1258 1167 ἄνθρωπον,
1283 1132 1324 1158 ὅτι
1343 1131 1408 1166 Ειμὶ
1424 1131 1544 1166 καθαρδς
1563 1131 1610 1158 καὶ
1624 1131 1743 1161 τέλειοςο
1761 1132 1798 1166 μὴ
1815 1133 1829 1159 6
1843 1141 1893 1167 φυ-

1103 1177 1189 1204 τεύων
1220 1177 1370 1212 ἀμπελῶνα
1401 1177 1503 1208 εὐθέως
1529 1176 1665 1211 λαμϐάνει
1694 1177 1849 1212 σταφυλὴν,
1877 1177 1893 1213 ἢ

1103 1224 1222 1259 γεωργεῖ
1240 1221 1322 1255 οῐνον,
1341 1222 1388 1249 καὶ
1407 1223 1422 1248 ὁ
1446 1222 1566 1257 σπείρων
1580 1222 1611 1248 τὸ
1628 1221 1741 1257 σπέρμα
1756 1224 1785 1248 ὲν
1801 1224 1834 1257 τῇ
1847 1224 1893 1257 γῇ,

1104 1271 1154 1305 ἤδη
1170 1269 1276 1304 ἑθέρισε
1297 1270 1344 1296 καὶ
1359 1268 1441 1295 ἔλαϐε
1457 1268 1592 1304 καρποὺς,
1615 1268 1663 1294 καὶ
1681 1267 1711 1294 τὸ
1726 1267 1894 1302 γεννώμενον

1104 1316 1211 1342 παιδὶον
1227 1315 1328 1347 εὐθέως
1345 1315 1456 1342 δύναται
1479 1316 1520 1346 εἱς
1543 1314 1628 1349 ἄνδρα
1641 1314 1743 1341 τέλειον
1762 1314 1859 1347 ἐλθεῖν,
1876 1314 1893 1350 ἢ

1105 1362 1320 1397 στρατευόμενος
1343 1362 1427 1397 τίρων
1442 1361 1492 1397 ἤδη
1506 1361 1614 1396 ἐγένετο
1625 1361 1826 1396 ἁξιωματικόςς
1843 1361 1894 1396 χρὴ

1104 1407 1158 1443 γὰρ
1172 1406 1253 1434 αὑτὸν
1267 1407 1375 1442 πρῶτον
1388 1407 1530 1439 κοπιάσαι,
1545 1407 1591 1433 καὶ
1606 1406 1761 1433 εἰσελθόντα
1778 1406 1894 1442 πόλεμον

1105 1453 1198 1479 λαϐεῖν
1214 1452 1249 1479 τὰ
1261 1453 1408 1487 νικητήρια
1426 1453 1472 1478 καὶ
1488 1452 1705 1487 στεφανωθῆναι.

257 1501 327 1528 falso
350 1500 494 1527 arbitranti
525 1508 624 1535 purum
651 1508 689 1528 se.
714 1509 746 1528 ac
771 1500 926 1536 perlectum
951 1507 1023 1528 esse.
1052 1499 1136 1535 Atqui
1156 1507 1246 1535 nequc
1272 1499 1400 1535 plantans
1423 1499 1532 1526 vineam
1561 1499 1653 1526 statim
1682 1507 1716 1527 ex
1754 1507 1788 1528 ea
1816 1508 1894 1527 uvam

258 1551 396 1574 maturam
431 1549 479 1572 aut
502 1545 596 1573 vinum
620 1546 702 1581 legit;
727 1554 817 1582 neque
842 1546 983 1574 seminans
998 1546 1119 1573 triticum
1152 1546 1179 1573 in
1203 1550 1288 1579 terra,
1318 1546 1416 1572 eodem
1432 1550 1557 1581 tempore
1578 1551 1685 1581 segetes
1698 1547 1787 1578 metit.
1798 1551 1827 1574 et
1841 1547 1896 1574 l'ru-

257 1598 319 1620 ctus
339 1593 427 1628 capit;
446 1601 536 1628 neque
553 1592 636 1619 modo
653 1596 734 1619 natus
755 1599 825 1627 puer
850 1591 944 1619 subito
959 1595 1050 1626 potest
1069 1591 1096 1618 in
1109 1591 1199 1618 virum
1211 1590 1371 1618 adolescere
1389 1598 1396 1616 :
1417 1598 1469 1618 nec
1505 1591 1610 1618 militia:
1626 1591 1712 1627 prima
1741 1592 1896 1620 rudimenta

258 1646 364 1674 ponens
380 1639 443 1671 tiro,
458 1639 514 1674 jam
529 1637 703 1673 praefecturis
727 1637 894 1665 militaribus
910 1641 991 1672 aptus
1004 1637 1132 1672 gerendis
1149 1641 1212 1664 est:
1230 1641 1341 1672 oportet
1365 1637 1441 1664 enim
1479 1636 1554 1664 hunc
1582 1637 1702 1672 primum
1736 1638 1816 1673 longa
1848 1645 1896 1674 pa-

259 1684 356 1713 tientia
385 1685 542 1713 insuescere
565 1684 672 1717 labori;
697 1687 755 1711 tum
769 1684 840 1712 facta
853 1693 951 1721 pugnae
969 1685 1048 1720 copia
1065 1683 1174 1712 fortiter
1204 1683 1233 1710 in
1261 1691 1359 1718 campo
1378 1687 1462 1715 stare,
1476 1683 1643 1718 vincereque
1664 1684 1772 1712 hostem
1797 1692 1829 1713 ac
1851 1693 1896 1714 σου

260 1739 366 1758 1⁵01ιῖ11⁸1-

294 1776 353 1804 ΧΙΙ.
372 1776 498 1803 ΡιιΙοῑιι-τε
511 1775 595 1812 igitur
609 1781 637 1804 et
651 1776 732 1804 bona:
744 1783 789 1804 res
801 1780 878 1804 sunt.
891 1776 984 1812 inopia
1001 1785 1047 1804 vo-

1137 1776 1188 1803 IB’.
1206 1775 1297 1803 Καλδν
1316 1775 1362 1802 οὖν
1385 1776 1461 1803 ἐστιν
1481 1777 1498 1812 ὴ
1516 1777 1694 1813 ἀκτημοσύνη
1709 1779 1756 1806 καὶ
1774 1780 1791 1815 ἡ
1808 1779 1896 1816 ψαλμη

258 1822 378 1850 luntaria
390 1843 398 1855 ,
413 1823 565 1857 psalmodia
578 1843 586 1855 ,
601 1823 739 1858 jejunium
752 1843 759 1854 .
781 1823 899 1858 vigilite,
921 1828 949 1851 et
967 1824 1054 1858 gratia

258 1868 363 1903 potiri;
388 1868 436 1895 sed
462 1875 559 1903 parum
585 1873 703 1903 prosunt
726 1869 771 1902 ei,
793 1869 840 1904 qui
858 1869 1000 1901 nondum,
1024 1873 1056 1896 ut

258 1918 430 1949 oportuerat,
445 1914 530 1949 coepit
546 1913 652 1946 fodere,
667 1914 714 1941 ubi
731 1904 941 1941 fundamentum
959 1918 1054 1948 ponat.

258 1959 315 1987 Nec
327 1968 356 1987 se
371 1959 461 1995 decipi
476 1968 554 1987 mens
578 1960 606 1987 in
623 1967 657 1986 eo
676 1960 814 1994 patiatur,
832 1964 974 1994 utcunque
991 1966 1055 1994 gra-

260 2005 304 2032 tiae
314 2005 452 2040 particeps
463 2014 470 2037 ;
482 2010 529 2032 aut
540 2005 603 2032 inde
613 2005 665 2032 sibi
676 2006 815 2037 aduletur,
825 2006 974 2040 pretiosam
983 2004 1056 2031 aesti-

260 2059 340 2078 mans
366 2058 443 2078 suam
471 2051 601 2077 animam.
629 2050 744 2086 Respice
770 2051 797 2078 in
814 2051 919 2082 Jcsum.
942 2058 957 2078 a
980 2049 1055 2085 quali

260 2097 346 2132 gloria
362 2097 410 2123 Dei
424 2097 520 2128 Filius,
536 2097 608 2124 Deus
623 2097 682 2132 ipse
695 2117 703 2130 ,
721 2097 749 2124 in
767 2105 836 2132 quas
851 2097 994 2132 passiones
1009 2103 1056 2123 us-

262 2149 315 2176 que
328 2141 361 2168 ad
377 2142 587 2169 cruciﬁxionem
603 2142 696 2169 venit?
711 2143 829 2177 Propter
841 2143 912 2170 hanc
927 2150 992 2178 ergo
1003 2142 1056 2168 hu-

263 2186 409 2212 militatem
429 2185 566 2212 exaltatus
586 2189 639 2218 est,
658 2185 686 2212 in
700 2185 814 2212 dextera
834 2186 924 2213 Patris
945 2186 1054 2213 sedens.

261 2232 297 2259 At
310 2239 425 2266 serpens
437 2239 453 2258 a
467 2231 606 2266 principio
620 2231 721 2258 inscvit
740 2231 861 2265 Adamo,
883 2231 1057 2259 exaltationis

260 2285 383 2305 amorem
396 2285 546 2312 suggerens
561 2286 567 2304 :
580 2277 665 2304 Erilis
679 2278 745 2304 sicut
759 2277 803 2304 Dii
817 2277 839 2310 ',
855 2285 905 2312 per
915 2277 995 2304 istam
1007 2285 1057 2304 au-

263 2329 318 2352 tem
331 2324 534 2352 aﬁectationem
550 2324 739 2356 sublimitatis,
755 2324 832 2351 vides
844 2325 873 2351 in
884 2332 966 2359 quam
977 2324 1056 2360 igno-

261 2370 374 2398 tniniam
400 2370 546 2398 descendit
570 2378 658 2406 genus
677 2371 840 2398 humanum.
868 2370 939 2398 Sane
963 2378 1056 2406 quaero

260 2416 401 2444 hominem
429 2424 579 2452 pauperem
606 2417 717 2452 spiritu,
742 2424 794 2444 ncc
821 2417 943 2444 invenio.
970 2417 1006 2445 Ut
1033 2416 1056 2444 si

1104 1821 1181 1857 ῳόία,
1197 1822 1244 1848 καὶ
1258 1821 1275 1856 ὴ
1289 1821 1401 1855 νηστεία
1426 1823 1473 1848 καὶ
1488 1823 1504 1858 ἡ
1522 1823 1670 1858 ἀγρυπνία,
1697 1825 1745 1851 καὶ
1759 1824 1790 1851 τὸ
1804 1825 1896 1852 λαϐεῖν

1105 1867 1184 1902 χάριν
1206 1865 1273 1892 Θεοῦ
1284 1874 1291 1881 ·
1318 1867 1332 1893 ὁ
1352 1866 1380 1893 δὲ
1402 1867 1494 1903 ἀκμὴν
1508 1867 1584 1894 οὔπω
1603 1868 1705 1904 ἤρξατο
1722 1869 1760 1901 ὡς
1776 1870 1818 1897 δεῖ
1828 1872 1896 1898 σκά-

1105 1921 1183 1939 πτειν
1203 1913 1250 1939 καὶ
1269 1912 1373 1940 τιθέναι
1390 1912 1525 1948 θεμέλιον,
1551 1915 1605 1941 Καὶ
1620 1916 1648 1941 έν
1663 1915 1792 1948 τοιούτοις
1809 1918 1823 1943 6
1836 1916 1896 1950 νοῦς

1105 1959 1144 1985 δεῖ
1157 1958 1340 1992 ἀνεπίληπτος
1352 1956 1421 1985 εἶναι
1438 1959 1551 1995 μέτοχος
1560 1960 1672 1996 χάριτος
1684 1969 1691 1976 ·
1706 1961 1800 1989 λοιπὸν
1810 1963 1896 1990 οῐεται

1106 2003 1168 2038 περὶ
1182 2002 1276 2035 αὑτοῦ,
1294 2003 1342 2029 καὶ
1357 2002 1413 2038 ἔχει
1429 2004 1522 2038 τιμίαν
1545 2005 1595 2039 τὴν
1609 2006 1708 2041 ψυχήν.
1732 2007 1896 2044 Ἀπόϐλεψον

1106 2049 1145 2081 εἰς
1160 2049 1206 2075 τὸν
1224 2048 1337 2084 Ἰησοῦν,
1355 2049 1409 2075 ἀπὸ
1424 2049 1503 2082 ποίας
1518 2050 1597 2084 δόξης
1611 2051 1674 2083 Υἱὸς
1688 2052 1754 2079 Θεοῦ
1771 2054 1817 2080 καὶ
1831 2054 1897 2088 Θεὲς

1105 2094 1154 2127 ὢν,
1170 2095 1210 2126 εις
1224 2096 1290 2122 ποῖα
1306 2094 1379 2131 πάθη
1397 2095 1445 2122 καὶ
1461 2096 1615 2132 σταύρωσιν
1635 2095 1712 2132 ἦλθε.
1727 2099 1777 2126 Διά
1795 2100 1897 2136 ταύτην

1105 2141 1152 2168 οὖν
1172 2140 1221 2176 τὴν
1246 2141 1500 2178 ταπεινοφροσύνην
1524 2143 1691 2179 ὑπερυψώθη
1705 2145 1734 2171 ὲν
1754 2145 1829 2182 δεξιᾷ
1850 2147 1896 2173 τοῦ

1107 2186 1214 2221 Πατρδς
1230 2185 1390 2218 καθεσθείς·
1415 2187 1463 2214 καὶ
1481 2188 1495 2214 6
1512 2187 1574 2221 ὄφις
1597 2188 1627 2220 ἐξ
1647 2189 1733 2225 ἀρχῆς
1748 2190 1897 2226 ὑπέσπειρε

1105 2231 1144 2267 τῷ
1166 2231 1249 2267 Ἀδὰμ
1263 2231 1378 2267 ὕψωμα,
1402 2232 1443 2259 ὅτι
1466 2233 1514 2265 Ὧς
1537 2234 1609 2267 Θεὸς
1631 2235 1714 2270 γίνῃ·
1731 2236 1778 2263 διὰ
1797 2237 1898 2272 ταύτης

1105 2280 1154 2315 τῆς
1179 2279 1405 2315 ὑψηλοφροσύνης
1429 2279 1500 2313 εἶδες
1522 2281 1570 2308 οὖν
1597 2284 1638 2314 εἰς
1661 2284 1757 2310 ὁποίαν
1784 2284 1898 2320 ἀτιμίαν

1106 2325 1226 2360 κατῆλθε
1236 2325 1266 2351 τδ
1279 2324 1358 2359 γένος
1374 2325 1421 2352 τοῦ
1442 2326 1538 2362 Ἀδάμ..
1559 2327 1697 2362 Ἐπιξητῶ
1708 2329 1740 2364 δὴ
1754 2329 1898 2366 ἄνθρωπον

1108 2370 1218 2405 πτωχὸν
1231 2370 1271 2406 τῷ
1289 2371 1436 2406 πνεύματι,
1450 2372 1497 2398 καὶ
1519 2372 1568 2407 οὐχ
1591 2373 1712 2408 εὑρίσκω
1724 2382 1731 2389 ·
1746 2374 1841 2410 ὥσπερ
1855 2375 1899 2404 ἵνα

1107 2414 1124 2452 ᾗ
1135 2425 1176 2448 τις
1193 2415 1320 2448 πλούσιος
1331 2416 1400 2452 ἔχων
1411 2417 1441 2443 tv
1450 2417 1488 2452 τῷ
1499 2417 1566 2452 οἴκῳ
1575 2418 1657 2444 αὑτοῦ
1675 2419 1840 2456 θησαυροὺς,
1852 2422 1898 2448 καὶ

259 2464 323 2498 quis
338 2463 444 2492 habens
459 2464 617 2492 reconditos
632 2464 707 2492 domi
721 2464 876 2497 thesauros,
892 2468 981 2491 tamen
995 2465 1051 2492 cir-

1106 2460 1123 2499 ᾖ
1141 2462 1326 2496 ὲπιδεόμενος,
1340 2463 1388 2489 καὶ
1407 2464 1515 2498 πτωχὸς
1535 2463 1584 2490 καὶ
1599 2461 1674 2500 παρᾶ
1688 2453 1798 2493 πάντῷν
1818 2466 1896 2502 ζητῇ.

261 2513 370 2535 cumeat
386 2509 547 2536 mendicans
559 2514 587 2537 et
602 2509 637 2536 ah
653 2509 783 2537 omnibus
798 2514 896 2544 petens
910 2517 917 2535 :
933 2509 973 2537 sic
987 2514 1052 2537 sunt

260 2552 411 2580 Christiani
425 2554 518 2589 gratia:
540 2555 712 2590 possessione
735 2555 808 2590 apud
833 2555 919 2582 Deum
940 2555 1051 2588 divites,

262 2598 359 2626 humili
374 2599 417 2626 sui
434 2599 614 2627 aestimatione
629 2608 773 2636 pauperes,
785 2604 813 2627 et
826 2601 904 2636 quasi
922 2600 990 2628 nihil
1002 2601 1052 2628 ha-

262 2643 369 2672 bentes.
394 2645 536 2673 Debentur
548 2647 630 2674 alicui
643 2651 755 2674 centum
775 2647 835 2674 auri
856 2647 951 2679 librae;
971 2647 995 2674 si
1009 2647 1054 2674 ille

262 2691 385 2728 quinque
401 2693 522 2727 acceptis
536 2693 571 2720 sit
583 2697 740 2726 contentus,
755 2700 807 2720 nec
820 2693 892 2720 ultra
903 2693 1055 2728 quidquam

262 2741 385 2772 quaerat;
404 2745 439 2765 an
452 2742 514 2773 aget
526 2738 684 2773 sapienter?
697 2739 779 2773 Pejus
791 2738 874 2765 ctiam
888 2739 940 2766 sibi
956 2746 1056 2767 consu-

262 2781 324 2810 lunt
337 2783 462 2818 quidam,
486 2784 638 2818 habentes.
657 2789 687 2811 ut
706 2784 747 2812 sic
765 2784 873 2819 dicam,
896 2784 991 2813 decem
1004 2793 1056 2812 un-

299 2869 310 2885 '
330 2868 398 2897 Gen.
418 2877 457 2904 tn,
474 2870 502 2898 5.

1109 2508 1204 2540 Οῦτως
1222 2509 1277 2535 εἰσὶ
1301 2509 1460 2544 Χριστιανοὶ
1480 2509 1587 2545 ἔχοντες
1612 2511 1702 2547 χάριν,
1722 2512 1844 2539 πλούσιοι
1859 2515 1899 2545 εἰς

1105 2553 1181 2586 Θεὸν,
1199 2554 1302 2590 πτωχοί
1325 2555 1378 2581 εἰσι
1395 2555 1434 2590 τῷ
1459 2555 1604 2591 πνεύματι,
1625 2556 1663 2588 ὡς
1678 2557 1762 2593 μηδὲν
1775 2558 1897 2594 ἔχοντες·

1107 2600 1161 2626 είσὶ
1182 2599 1251 2635 πρὸς
1277 2599 1355 2634 λόγον
1378 2601 1476 2627 ἑκατὸν
1495 2601 1585 2636 λίτραι
1611 2602 1724 2637 χρυσίου
1740 2603 1773 2634 ἃς
1797 2603 1897 2638 ὀφείλει

1107 2647 1260 2682 κτήσασθαι
1273 2656 1280 2663 ·
1298 2648 1313 2674 6
1337 2647 1428 2675 λαϐὼν
1453 2649 1533 2675 πέντε
1555 2648 1650 2684 λίτρας
1675 2650 1820 2685 ἐκορέσθη.
1839 2651 1899 2677 Είσὶ

1106 2693 1137 2720 δέ
1150 2701 1222 2725 τινες
1236 2694 1304 2729 πρὸς
1320 2693 1399 2728 λόγον
1422 2693 1489 2721 δέκα
1504 2695 1615 2730 οὺγκίας
1630 2695 1736 2730 ἔχοντες
1750 2695 1800 2731 τῆς
1817 2696 1897 2731 χάρι-

1107 2748 1164 2771 τος,
1180 2740 1227 2766 καὶ
1253 2740 1376 2767 ποιοῦσιν
1397 2740 1484 2772 αὑτὰς
1512 2741 1620 2773 ἑκατὸν,
1642 2742 1825 2777 καυχώμενοι.
1842 2743 1897 2769 Καὶ

1107 2786 1161 2813 εἰσὶ
1179 2786 1311 2819 πολλάκις
1326 2787 1405 2814 πέντε
1423 2787 1538 2822 οὒγκίας
1559 2787 1667 2823 ἔχοντες
1679 2788 1728 2824 τῆς
1746 2789 1895 2826 ἁμαρτίας,
