2079 3152
154 142 216 172 ’833

705 141 820 171 LIBER
840 142 888 172 DE
908 142 1095 172 CUSTODIA
1114 142 1261 172 UORDIS.

1741 141 1795 174 834

163 199 210 225 καὶ
231 197 354 225 ποιοῦσιν
392 197 477 229 αὐτὰς
507 198 657 233 ἡμιούγκια
706 198 785 225 τοῦτο
807 198 836 225 δὲ
861 199 953 230 αὐτοῖς

1015 199 1060 226 :ias
1079 200 1189 234 gratim;
1207 203 1235 228 et
1253 206 1299 227 eas
1320 207 1391 226 vano
1405 204 1512 227 tumore
1526 199 1698 235 gloriationis
1721 199 1796 229 falsa:

163 243 317 279 συμεαίνει,
334 244 350 279 ἢ
370 244 431 270 κατ’
445 243 567 278 ἄγνοιαν,
584 244 625 270 ὅτι
650 245 679 271 ὲν
707 245 775 281 αὐτῇ
799 246 831 280 τῇ
861 245 954 281 χάριτι

163 290 397 325 ὑποκλεπτόμενοι
420 290 470 316 οὐκ
495 290 606 317 οἴδασιν.
623 290 659 317 Ἦ
689 290 761 317 κατὰ
790 290 953 324 κενοδοξίαν,

163 335 353 371 αἰσχυνόμενοι
376 336 463 363 εἰπεῖν
487 336 528 362 ὃτι
555 337 661 371 ἐνεργεῖ
674 336 704 362 τὸ
721 337 821 364 κακόν·
838 337 887 372 ήδη
900 337 955 372 γὰρ

165 380 346 416 κηρύττουσιν
367 378 438 407 εἶναι
463 381 576 411 ἑαυτοὺς
595 380 723 412 τελείους.
741 380 778 407 Τὸ
803 379 832 407 δὲ
852 380 955 408 δίκαιον

164 427 205 453 δεῖ
229 428 315 453 ποιεῖν
342 426 388 453 καὶ
413 426 504 461 λέγειν
526 426 571 452 τὸν
596 426 757 462 ἄνθρωπονι
775 426 822 453 καὶ⁸
849 426 883 453 τὰ
907 426 956 462 τῆς

165 473 276 508 χάριτος
292 473 442 507 ὁμολογεῖν,
458 473 505 499 καὶ
518 472 568 508 τὴν
584 472 726 508 ἐνέργειαν
742 472 793 507 τῆς
805 473 955 508 ἁμαρτίας.

166 519 300 546 Ψεύδεται
327 519 381 554 γὰρ
398 520 412 545 ὁ
427 517 547 550 τοιοῦτος
571 518 698 554 καθαράν
712 519 800 553 λέγων
821 518 893 554 ἔχειν
907 519 957 555 τὴν

167 565 281 602 καρδίαν
292 574 298 580 ι
315 565 364 600 οὐχ
379 564 465 597 οὕτως
475 565 530 600 γάρ
546 565 650 592 ἐστιτὰ
666 566 829 600 πράγματα,
843 565 880 597 ὠς
897 565 956 601 ἄμα

167 613 217 648 τὴν
233 611 312 648 χάριν
337 611 506 647 ἐπιδημῆσαι
531 611 581 647 ἤδη
612 611 730 647 καθαρὸν
754 611 884 646 γενέσθαι
911 612 957 639 τὸν

167 659 326 694 ἄνθρωποΨ
348 657 543 693 παραδέδονται
572 657 627 692 γὰρ
654 657 711 689 τοῖς
742 657 882 692 πολεμίοις
910 659 958 685 καὶ

168 707 224 737 τοῖς
247 704 436 740 πειρατηρίοις
453 704 492 735 είς
514 703 666 739 γυμνασίαν
700 703 747 730 καὶ
763 702 911 736 παίδευσιν,
928 704 958 730 ὃν

168 752 267 787 τρόπον
293 750 338 776 καὶ
357 751 371 776 ὁ
396 748 456 776 Ἰὼϐ
480 748 519 784 τῷ
541 747 697 784 πειρασμῷ.
720 748 850 783 Συνεργεῖ
862 748 915 784 γὰρ
928 748 958 775 τὸ

169 796 253 822 κακὸν
277 795 315 831 τῷ
336 794 442 830 ἀγαθῷ,
460 794 619 830 προαιρέσει
633 795 663 820 οὐ
679 794 769 830 καλῇ·
784 793 829 820 τὸν
847 793 873 820 δὲ
893 794 959 829 Χρι-

170 843 276 868 στιανδν
299 841 340 868 δεῖ
369 841 449 867 πέντε
478 841 593 875 οὑγκίας
616 840 665 876 τῆς
691 839 828 875 ἁμαρτίας
852 839 957 875 ἔχοντα,

169 887 275 922 λέγειν,
299 888 338 914 ὅτι
360 887 468 914 Εἴκοσιν
482 886 545 922 ἔχω,
556 886 602 913 καὶ
615 885 828 922 πεπληρωμένος
840 886 898 922 εἰμὶ
911 885 957 912 τοῦ

173 934 267 962 κακοῦ.
287 934 341 960 Καὶ
357 934 452 969 ἔχοντα
476 934 543 968 πρὸς
572 933 650 966 λόγον
670 933 784 966 οὑγκίας
806 933 892 959 εἴκοσι
910 932 958 959 τοῦ

169 980 282 1016 ἀγαθοῦ,
315 979 420 1014 λέγειν,
444 979 485 1006 ὅτι
513 979 688 1014 Ἦμιούγκιον
709 979 772 1014 ἔχω.
789 979 820 1006 Et
838 979 867 1006 δὲ
880 979 960 1006 τοῦτο

170 1027 239 1053 κατὰ
256 1025 408 1058 κενοδοξίαν
433 1024 588 1060 αἰσχύνεται
606 1026 706 1057 εἰπεῖν,
725 1025 756 1052 τὺ
778 1025 880 1053 δίκαιον
895 1025 960 1060 γοῦν

170 1073 284 1099 εἰπάτω.
304 1071 516 1107 Ὀμολογησάτω
540 1071 589 1106 μὲν
616 1072 663 1098 καὶ
681 1072 731 1107 τὴν
754 1072 896 1107 ἐνέργειαν
910 1072 960 1107 τῆς

170 1119 300 1154 lem-.0;-
334 1118 531 1154 ὁμολογησὰτω
561 1118 589 1145 δὲ
621 1119 668 1145 καὶ
692 1119 741 1154 τὴν
768 1119 905 1155 ἁμαρτίαν
932 1120 961 1146 ὲν

172 1165 260 1200 μέρει.
282 1164 381 1197 Καθὼς
409 1163 455 1191 οὖν
481 1165 612 1201 προεῖπον
636 1166 700 1200 περὶ
726 1166 775 1201 τῆς
801 1166 901 1200 ψυχῆς,
921 1166 961 1192 ὅτι

170 1209 227 1244 ἔχει
256 1209 349 1244 βάθος,
384 1210 563 1244 ὑποδείγμασι
594 1209 725 1245 χρώμεθα
762 1210 962 1245 διαγράφοντας

171 1254 255 1291 αὐτῆς
279 1255 312 1282 τὰ
340 1254 419 1291 μέλη.
437 1249 542 1291 ’Ὠσπερ
562 1255 604 1282 ἵνα
664 1256 751 1291 ἣλιος,
774 1256 822 1283 καὶ
843 1254 910 1283 ὦσιν
933 1256 963 1289 ἐξ

172 1301 254 1328 αὑτοῦ
277 1302 386 1333 ἀκτῖνες
398 1301 511 1328 πολλαί·
531 1301 547 1335 ἢ
566 1300 641 1338 ἴναῇ
661 1302 769 1337 δένδρον
785 1302 897 1337 ὑψηλὴν,
916 1303 962 1329 καὶ

171 1347 220 1384 ἔχῃ
235 1347 366 1379 κλάδους·
387 1347 403 1382 ἣ
419 1347 462 1373 ἵνα
511 1345 589 1378 πόλις
603 1346 720 1382 μεγάλη,
739 1348 787 1374 καὶ
807 1347 855 1382 ἔχη
872 1347 958 1381 γείτο-

172 1403 221 1426 νας
233 1393 333 1424 πολλάς
344 1401 350 1408 ·
369 1393 454 1424 οὕτως
470 1393 542 1419 ἐστὶν
557 1393 574 1428 ἡ
592 1392 673 1427 νοερὰ
689 1392 777 1425 οὐσία,
794 1393 811 1428 ὴ
830 1393 962 1424 ἀθάνατος

172 1440 258 1475 ψυχὴ,
271 1439 368 1470 κάλλος
383 1439 473 1473 τίμιον
487 1438 558 1474 ὑπὲρ
576 1439 664 1465 πάντα
676 1438 710 1465 τά
723 1439 962 1475 δημιουργήματα,

172 1475 266 1511 statva
279 1484 327 1511 καὶ
350 1485 476 1519 ὁμοίωμα
490 1484 568 1511 Θεοῦ.
585 1484 685 1511 Λοιπδν
701 1483 816 1511 ἐλθοῦσα
832 1485 847 1518 ἡ
864 1485 962 1520 χάρις,

173 1532 214 1563 είς
235 1531 281 1557 δύο
300 1531 411 1562 ἀκτῖνας
430 1530 479 1565 τῆς
501 1530 589 1566 ψυχῆς
612 1530 780 1564 ἐπιλάμπει·
794 1530 810 1565 ἢ
826 1531 879 1557 ἀπὸ
902 1531 963 1557 ὅλου
978 1543 1000 1573 C

173 1578 221 1605 τοῦ
242 1577 349 1612 δένδρου
374 1577 413 1607 είς
440 1575 552 1608 κλάδους
575 1576 641 1608 δύο,
675 1576 690 1611 ἣ
722 1576 775 1603 ἀπὸ
801 1576 891 1612 πάσης
915 1576 965 1612 τῆς

175 1625 278 1657 πόλεως
294 1626 333 1656 εἰς
348 1623 395 1650 δύο
409 1622 564 1657 γειτωνίας.
586 1623 647 1649 Ἐτι
665 1622 693 1649 δὲ
715 1623 750 1649 τὰ
764 1622 876 1649 πλείονα
894 1622 964 1658 μέρη

174 1671 224 1706 τῆς
236 1671 324 1706 ψυχῆς
341 1669 486 1705 κατέχεται
502 1669 556 1695 ἀπὸ
571 1670 620 1702 τῆς
633 1669 786 1704 ἁμαρτίαςο
800 1669 847 1696 καὶ
860 1668 965 1704 νομίζει

175 1717 215 1742 δτι
232 1715 280 1750 ὅλη
295 1715 329 1741 δι’
341 1714 413 1745 ὅλου,
425 1713 473 1740 τοῦ
494 1712 597 1748 ἀγαθοῦ
614 1714 716 1748 μέρους
734 1713 781 1740 καὶ
795 1714 844 1749 τῆς
856 1713 966 1749 χάριτος

176 1762 224 1788 καὶ
243 1761 293 1796 τῆς
305 1760 498 1796 λαμπρότητος
513 1760 608 1794 γέγονε
621 1768 627 1775 ·
646 1759 712 1795 πρὸς
736 1759 814 1793 λόγον
834 1760 916 1787 πέντε
931 1759 967 1786 λι.

176 1816 244 1842 τρας
258 1807 371 1842 χρυσίου
384 1807 566 1842 κτησάμενος,
580 1806 654 1832 δοκεῖ
668 1805 742 1840 αὐτῷ
757 1806 798 1833 ὅτι
812 1805 908 1832 ἑκατὸν
927 1805 967 1832 λί-

176 1862 244 1888 τρας
257 1853 405 1888 ἑκτήσατο’
424 1852 461 1888 μὴ
475 1852 505 1879 τὸ
519 1851 638 1887 ἔμϐρυον
655 1852 683 1878 ὲν
696 1853 729 1887 τῇ
746 1852 838 1887 μήτρᾳ
855 1852 906 1888 ήδη
918 1852 965 1885 γέ-

177 1908 256 1934 γονεν
272 1899 430 1934 ἆνθρωπος;
445 1898 461 1934 ἢ
479 1899 520 1926 ὅτι
536 1897 593 1930 θεὶς
608 1898 655 1924 ἕνα.
669 1897 743 1924 λίϐον
758 1897 805 1924 τοῦ
829 1897 966 1933 θεμελίου,

177 1945 227 1980 ἥδη
245 1944 384 1972 ἐτελείωσε
401 1945 431 1970 τδ
447 1944 634 1979 οἰκοδόμημα;
650 1943 667 1979 ἢ
683 1945 697 1970 ὁ
712 1943 812 1978 σπόρος
824 1944 838 1970 ὁ
851 1943 967 1978 χωσθεὶς

178 1989 225 2015 ἐπὶ
240 1989 290 2024 τῆς
314 1988 377 2023 γῆς,
400 1988 451 2024 ἤδη
476 1988 585 2022 ἐγένετο
615 1989 732 2023 στάχυς;
761 1988 797 2023 μὴ
811 1989 825 2015 ὁ
839 1996 970 2023 πραγμα-

178 2034 321 2069 τευόμενος
335 2033 394 2069 ἅμα
412 2033 460 2060 τοῦ
482 2033 615 2069 ἄρξασθαι
631 2034 680 2069 τῆς
696 2033 900 2070 πραγματείας,
917 2034 968 2068 ἤδη

178 2080 385 2116 ὲπλήρωσεπὴν
399 2079 540 2115 ἀποθήκην
552 2088 560 2112 ;
573 2080 620 2106 καὶ
631 2080 645 2106 ὁ
664 2079 784 2115 μετέχων
797 2079 908 2115 χάριτος
923 2089 968 2115 μι-

178 2127 260 2161 κρᾶς,
286 2126 361 2161 παρὰ
388 2125 467 2152 τοῦτο
492 2125 591 2160 γέγογε
625 2125 803 2161 Χριστιανόςς
829 2124 920 2160 ἀκμὴν
945 2126 970 2151 οἱ

179 2171 282 2207 πρῶτοι
306 2172 354 2197 καὶ
376 2171 401 2197 οἱ
427 2170 540 2206 μεγάλοι
553 2170 638 2202 οὕτως
649 2170 702 2196 εἰσὶ
717 2170 785 2205 πρὸς
800 2170 969 2205 τελειότητα,

1005 244 1034 272 in
1045 249 1155 272 centum
1166 245 1381 280 multiplicantes
1393 254 1399 272 :
1413 253 1428 273 e
1442 245 1582 273 contrario
1596 253 1662 273 vero
1672 246 1796 280 plerum-

1006 298 1060 326 que
1075 290 1201 318 nonnulli
1216 290 1351 319 habentes
1367 290 1489 326 quinque
1502 292 1599 320 uncias
1615 293 1733 327 peccati,
1750 301 1798 322 eas

1006 334 1034 360 in
1052 335 1234 362 semiunciam
1261 339 1422 363 extenuant.
1439 335 1467 363 ld
1487 336 1554 371 ipsis
1572 335 1674 365 accidit
1690 338 1732 365 vel
1748 347 1798 373 per

1007 379 1201 415 ignorantiam,
1219 381 1292 416 quod
1309 381 1442 417 quantula
1455 381 1511 409 sint
1524 383 1655 418 impertiti
1669 388 1798 412 mensura

1006 426 1101 461 gratiae
1122 434 1156 453 ex
1172 434 1239 454 vero
1260 434 1316 454 non
1335 432 1456 461 norunt,
1475 426 1519 456 vel
1542 437 1592 463 per
1610 437 1687 457 vanae
1704 429 1799 466 glorias

1007 472 1169 507 appetitum,
1191 480 1247 500 non
1266 473 1436 502 sustinentes
1452 474 1543 508 fateri,
1558 483 1640 510 quam
1658 475 1685 503 in
1702 484 1732 503 se
1749 476 1803 504 εἰῶ

1007 518 1165 553 pariuntur,
1179 518 1368 553 operationem
1387 519 1463 547 mali.
1480 519 1540 548 Jam
1557 520 1632 548 enim
1647 521 1800 556 praedicant

1007 571 1037 592 se
1052 563 1199 598 perfectos.
1213 564 1328 600 Oportet
1346 570 1438 593 autem
1459 569 1487 593 et
1505 565 1564 593 ﬁeri
1579 569 1607 593 et
1629 566 1684 594 dici
1699 567 1734 594 ab
1750 566 1800 594 ho-

1008 610 1082 638 mine
1093 611 1166 646 quod
1182 611 1286 646 justum
1300 615 1342 639 est
1354 621 1361 646 ;
1372 616 1400 639 et
1411 613 1505 648 gratiae
1513 620 1595 648 quam
1603 613 1713 648 accipit,
1728 614 1800 642 dona

1007 655 1151 691 profiteri;
1165 661 1193 684 et
1209 665 1264 685 non
1281 657 1466 692 dissimulare,
1494 666 1576 694 quam
1593 659 1677 687 sentit
1694 659 1722 687 in
1738 653 1804 687 sese

1008 703 1114 736 peccati
1129 704 1326 738 operationem.
1344 703 1475 732 Mentitur
1495 705 1597 740 quippe
1616 706 1678 733 talis
1699 713 1801 741 purum

1009 747 1086 775 aiens
1103 755 1133 776 se
1156 749 1259 776 habere
1276 757 1341 783 cor;
1358 749 1433 778 haud
1456 750 1530 778 enim
1550 751 1579 778 in
1596 750 1670 778 hunc
1687 751 1800 779 modum

1009 800 1039 820 se
1065 801 1109 821 res
1137 794 1258 828 habent;
1290 795 1370 830 quasi
1399 795 1434 822 ad
1456 795 1574 831 primam
1599 796 1694 824 statim
1715 796 1800 825 adve-

1009 839 1131 868 nientem
1147 841 1261 876 gratiam
1278 849 1365 876 purus
1378 842 1453 869 omni
1466 850 1501 869 ex
1512 846 1590 877 parte
1606 842 1689 870 homo
1702 843 1802 871 redda-

1011 889 1074 912 tur:
1092 885 1211 912 traditur
1227 885 1328 921 quippe
1340 886 1477 920 hostibus,
1489 891 1518 914 et
1528 888 1626 915 horum
1640 889 1786 916 tentationi
1797 901 1805 910 ι

1011 931 1063 959 bus
1079 931 1229 966 exponitur
1250 932 1285 959 ad
1306 933 1533 960 exercitationem
1555 938 1583 961 et
1605 933 1802 969 disciplinam:

1010 978 1150 1013 quomodo
1171 977 1222 1005 Joh
1240 978 1390 1006 tentatione
1407 978 1541 1012 probatus
1559 982 1610 1006 est.
1631 976 1804 1014 Cooperatur

1011 1025 1112 1061 quippe
1123 1030 1152 1052 et
1162 1025 1263 1052 malum
1281 1024 1365 1057 bono,
1378 1024 1534 1053 intentione
1548 1032 1605 1052 non
1624 1025 1707 1053 bona.
1723 1024 1806 1053 Chri-

1011 1072 1129 1099 stianum
1138 1079 1203 1098 vero
1210 1071 1341 1098 convenit
1348 1070 1471 1105 quinque
1479 1070 1576 1098 uncias
1586 1071 1693 1106 peccati
1701 1071 1806 1099 haben-

1012 1121 1077 1148 tem,
1092 1116 1185 1144 dicere
1197 1115 1369 1144 humiliando
1382 1123 1412 1143 se
1425 1125 1432 1143 :
1446 1115 1544 1151 viginti
1557 1115 1651 1144 uncias
1664 1115 1762 1148 habeo.
1776 1120 1806 1144 et

1012 1163 1110 1197 plenus
1124 1169 1185 1189 sum
1202 1161 1347 1196 iniquitate
1363 1169 1370 1187 :
1388 1161 1537 1188 habentem
1560 1165 1664 1193 autem,
1686 1162 1806 1197 exempli

1012 1215 1106 1240 causa,
1118 1208 1214 1235 uncias
1223 1208 1320 1243 viginti
1337 1207 1479 1240 bonitatis,
1496 1207 1589 1235 dicere
1603 1216 1610 1234 :
1626 1207 1672 1234 vix
1685 1207 1750 1234 boni
1762 1215 1806 1235 sc-

1013 1254 1151 1282 munciam
1182 1253 1281 1282 habeo.
1308 1253 1337 1281 Si
1358 1258 1449 1281 autem
1470 1253 1524 1281 hoc
1545 1253 1648 1287 dicere,
1675 1253 1710 1281 ob
1729 1261 1807 1282 vanae

1012 1301 1106 1336 gloriae
1118 1300 1252 1333 studium,
1268 1299 1408 1328 erubescit
1422 1308 1428 1333 ;
1448 1300 1545 1328 saltem
1559 1299 1633 1335 quod
1644 1301 1749 1336 justum
1764 1304 1808 1328 est

1014 1347 1147 1382 proferat,
1166 1347 1341 1383 fateaturque
1355 1352 1413 1375 tum
1427 1347 1494 1382 quid
1509 1347 1537 1374 in
1550 1355 1579 1374 se
1598 1352 1727 1382 operetur
1743 1355 1807 1383 gra-

1016 1395 1052 1421 tia
1063 1413 1070 1425 ,
1088 1398 1145 1421 tum
1169 1394 1235 1429 quid
1250 1401 1285 1421 ex
1298 1397 1376 1429 parte
1392 1393 1479 1420 altera
1494 1397 1638 1429 peccatum
1665 1394 1807 1421 moliatur.

1014 1439 1074 1467 Iani
1089 1439 1162 1467 circa
1175 1439 1203 1467 id
1216 1439 1289 1474 quod
1302 1437 1359 1466 dixi
1372 1439 1406 1466 de
1419 1439 1521 1472 anima,
1539 1439 1630 1467 inesse
1640 1438 1679 1466 illi
1692 1439 1809 1475 profun~

1016 1485 1130 1512 ditatem
1141 1484 1319 1516 latebrosam,
1331 1482 1463 1519 exemplis
1470 1487 1582 1511 utemur
1592 1484 1811 1518 membraipsius

1016 1529 1215 1557 describentes.
1239 1527 1478 1562 Quemadmodum
1494 1522 1568 1555 enini
1590 1531 1621 1556 ut
1641 1527 1681 1555 sol
1704 1532 1756 1558 est,
1773 1527 1810 1554 ita

1017 1580 1082 1603 sunt
1097 1583 1132 1603 ex
1146 1576 1206 1610 ipso
1223 1574 1317 1610 plures
1332 1574 1402 1601 radii
1415 1583 1422 1607 ;
1441 1577 1471 1601 ut
1486 1573 1568 1602 arbor
1583 1574 1638 1601 alta
1657 1577 1716 1606 est,
1732 1573 1769 1600 ita
1783 1576 1812 1600 et

1017 1630 1109 1650 ramos
1124 1622 1226 1656 habet;
1242 1627 1272 1649 ut
1283 1622 1381 1649 civitas
1398 1629 1496 1657 magna
1511 1626 1553 1649 est
1568 1625 1596 1649 et
1611 1620 1715 1649 circum
1727 1620 1813 1647 habet

1019 1669 1098 1704 166
1116 1669 1199 1696 urbes
1213 1669 1334 1696 multas:
1351 1669 1391 1696 sic
1407 1674 1449 1696 est
1467 1666 1663 1696 intellectualis
1680 1666 1812 1695 substan—

1018 1714 1065 1746 lia,
1083 1714 1246 1742 immortalis
1267 1714 1370 1747 anima,
1390 1713 1568 1750 pulchritudo
1587 1713 1708 1749 pretiosa
1728 1721 1813 1748 super

1017 1767 1114 1788 omnes
1126 1764 1278 1791 creaturas,
1289 1760 1378 1796 imago
1389 1764 1417 1787 et
1428 1760 1606 1788 simulacrum
1617 1759 1683 1792 Dei;
1701 1758 1728 1786 in
1740 1759 1814 1786 hanc

1017 1806 1132 1832 veniens
1146 1805 1234 1840 gratia
1247 1805 1358 1832 duobus
1368 1806 1394 1833 ei
1409 1804 1497 1832 radiis
1508 1804 1632 1840 atl'uiget,
1644 1808 1691 1831 aut
1703 1811 1737 1831 ex
1751 1803 1814 1830 uni-

1018 1859 1097 1878 versa
1110 1851 1221 1883 arbore,
1234 1850 1304 1878 duos
1316 1850 1454 1878 illuminat
1468 1857 1571 1883 ramos,
1587 1853 1635 1877 aut
1649 1849 1729 1876 binas
1743 1848 1814 1876 dun-

1018 1901 1092 1924 taxat
1106 1904 1140 1923 ex
1151 1896 1280 1924 universa
1293 1895 1436 1932 provincia
1449 1895 1534 1923 urbes
1553 1894 1707 1930 ingreditur
1719 1902 1726 1920 :
1739 1894 1813 1929 quod

1019 1942 1165 1978 allegorice
1180 1941 1317 1978 significat
1339 1949 1423 1969 unam
1441 1945 1545 1969 tantum
1572 1945 1600 1968 et
1618 1940 1733 1968 alteram
1752 1940 1814 1967 ani-

1020 2000 1070 2020 mae
1086 1993 1238 2028 potentiam
1260 1993 1349 2028 gratia
1366 1992 1506 2028 contingi,
1530 1991 1621 2019 adhuc
1641 1998 1708 2019 vero
1730 1990 1816 2026 pluri-

1020 2049 1078 2068 mas
1100 2040 1160 2076 eius
1173 2039 1251 2075 quasi
1276 2039 1401 2068 membro
1418 2043 1531 2074 peccato
1551 2038 1648 2066 teneri.
1668 2038 1816 2073 Utcunque

1020 2091 1144 2116 autumet
1163 2094 1193 2114 se
1216 2091 1299 2114 totam
1313 2094 1349 2114 ex
1364 2090 1422 2114 toto
1438 2086 1570 2113 transisse
1586 2086 1614 2113 in
1632 2090 1739 2120 partem
1754 2093 1815 2113 mc-

1021 2133 1130 2165 liorem,
1151 2137 1179 2160 et
1204 2132 1233 2159 in
1255 2132 1374 2160 solidum
1394 2140 1410 2160 a
1425 2131 1513 2168 gratia
1534 2131 1681 2167 possideri,
1706 2135 1736 2159 et
1756 2131 1816 2166 ejus

1023 2179 1107 2206 radiis
1130 2178 1293 2214 splendere;
1311 2185 1459 2214 perperam
1477 2178 1622 2206 subductis
1647 2177 1814 2210 rationibus;

179 2218 216 2248 ὡς
233 2218 247 2243 ὁ
262 2216 433 2251 όφφικιάλιος
462 2215 530 2252 πρὸς
546 2215 684 2251 ἡγεμόνα·
699 2215 715 2251 ἢ
732 2215 770 2247 ὡς
790 2215 859 2250 ρύαξ
875 2215 964 2251 μικρὸς

1027 2224 1065 2252 ita
1081 2228 1112 2252 ut
1122 2231 1185 2251 cum
1195 2223 1240 2251 vix
1252 2223 1376 2259 quinque
1392 2223 1478 2250 libras
1489 2222 1548 2250 auri
1561 2230 1626 2250 vere
1638 2222 1749 2254 habeat,
1763 2222 1817 2249 sibi

181 2263 249 2299 προς
271 2263 419 2298 Εὐφράτην
435 2262 570 2298 ποταμόν.
590 2262 621 2288 Ὀ
646 2261 716 2296 ἔχων
741 2261 870 2297 πρόθεσιν
885 2262 970 2289 ἀπελ-

179 2309 237 2335 οεῖν
254 2309 293 2340 είς
311 2308 388 2335 πόλιν
405 2308 515 2343 μακρὰν
530 2306 678 2343 τριάκοντα.
693 2306 792 2342 μονῶν,
804 2307 880 2343 δύοῆ
897 2309 971 2342 τρεῖς

180 2356 228 2382 ἐὰν
249 2355 366 2391 ᾲπέλθη,
383 2355 420 2390 μὴ
442 2354 541 2390 νομίσῃ
560 2354 600 2381 ὃτι
617 2352 744 2388 εἰσῆλθεν
760 2355 800 2385 είς
810 2354 859 2389 τὴν
877 2354 952 2380 πόλιν
963 2363 970 2370 ·

180 2401 276 2436 ἐπειδὴ
297 2399 343 2428 οὖν
365 2401 382 2436 ὴ
406 2400 514 2428 ἐναντία
540 2400 654 2435 δύναμις
671 2399 859 2435 προτρεπτική
886 2400 970 2432 ἐστιν,

180 2448 231 2476 οὐκ
239 2448 427 2483 ἀναγκαστική
439 2455 447 2463 '
464 2447 511 2474 καὶ
535 2447 595 2473 θεία
612 2446 692 2481 χάρις
708 2446 895 2481 προτρεπτική
914 2447 972 2473 ἐστι

180 2496 225 2523 διὰ
240 2495 270 2522 τδ
284 2494 518 2527 αὐτεξούσιοννκαὶ
531 2493 603 2521 λιτὸν
617 2493 666 2528 τῆς
685 2493 804 2527 φύσεως,
817 2492 910 2519 λοιπὸν
926 2493 974 2519 ἐὰν

180 2541 283 2576 ποιήσῃ
308 2541 381 2567 κακὰ
400 2540 414 2566 ὁ
438 2539 580 2575 ἅνθρωπος
603 2538 825 2573 προτρεπόμενος
852 2537 904 2564 ὑπὸ
927 2537 973 2564 τοῦ

181 2587 299 2618 Σατανᾶ,
326 2587 357 2613 οὐ
388 2586 511 2621 κρίνεται
541 2584 598 2612 ἀντ’
617 2583 727 2612 αὑτοῦδ
756 2584 896 2615 Σατανᾶς·
915 2584 973 2610 ἀλλ’

181 2633 262 2664 αὐτὸς
292 2632 307 2658 ὁ
330 2631 474 2667 ἄνθρωπος
502 2631 665 2665 τιμωρεῖται
688 2628 735 2656 καὶ
762 2628 918 2661 κολάζεται,
935 2629 972 2661 ὡς

182 2678 302 2714 ὑπήκοος
317 2676 437 2712 γεγονὼς
448 2676 498 2712 τῆς
513 2676 612 2708 κακίας
627 2675 684 2710 ἰδίῳ
695 2674 836 2710 θελήματι.
857 2675 972 2711 ὀμοίως

180 2726 228 2752 καὶ¹
254 2725 302 2752 ἐὰν
321 2725 414 2760 τραπῇ
427 2725 441 2750 ὁ
455 2722 600 2758 ἄνθρωπος
616 2723 656 2753 εἰς
679 2722 710 2748 τὸ
725 2721 840 2756 ἁγαθὺν,
858 2722 906 2749 καὶ
924 2731 972 2748 πε-

182 2772 316 2808 ριγένοιτο
330 2771 410 2807 χάρις
421 2769 501 2803 Θεοῦ,
513 2770 564 2797 οὐκ
587 2769 736 2804 ἐπιγράφει
750 2769 780 2795 τὸ
792 2768 893 2802 ἀγαθὸν
909 2769 972 2795 ἑαυ-

180 2819 213 2854 τῇ
229 2820 245 2855 ἡ
259 2818 339 2854 χάρις
356 2837 364 2850 ,
380 2817 438 2845 ἀλλ’
455 2816 611 2844 ’ἀποδίδωσι
631 2815 670 2852 τῷ
685 2816 821 2851 ἀνθρώπῳ
833 2817 879 2842 καὶ
889 2815 971 2847 δοξά-

181 2865 222 2896 ζει
239 2865 338 2891 αὑτήν·
354 2863 445 2898 ἐπειδὴ
459 2861 549 2898 ἑαυτῷ
568 2863 672 2896 ἐγίνετο
692 2862 706 2888 ὁ
722 2862 865 2896 ἅνθρωπος
883 2861 969 2893 αἴτιος

315 2911 451 2941 ΡΑτιιοι.
472 2909 531 2940 Gn.
554 2907 688 2939 XXXIV.

1022 2274 1112 2297 tamen
1124 2269 1289 2304 persuadeat
1300 2276 1356 2296 non
1372 2268 1464 2295 minus
1476 2267 1555 2295 libris
1564 2271 1676 2295 centum
1688 2274 1717 2294 se
1729 2267 1818 2301 possi-

1021 2314 1098 2342 dere.
1112 2313 1154 2341 An
1168 2313 1241 2341 fctus
1257 2313 1348 2341 adhuc
1362 2313 1489 2341 informis
1514 2313 1543 2339 in
1556 2317 1648 2345 utero,
1665 2312 1749 2339 homo
1760 2312 1817 2346 jam

1022 2359 1161 2395 perfectus
1175 2359 1240 2387 est?
1256 2360 1297 2386 An
1307 2359 1355 2394 qui
1370 2367 1456 2386 unum
1472 2358 1500 2385 in
1516 2358 1726 2385 fundamentum
1744 2357 1816 2392 lapi-

1023 2406 1086 2434 dem
1110 2406 1177 2441 jecit
1190 2426 1197 2438 ,
1215 2406 1270 2441 jam
1297 2405 1414 2440 perfecit
1431 2404 1599 2432 mdiﬁcium?
1613 2409 1706 2431 utrum
1724 2410 1819 2431 semen

1024 2452 1100 2480 sulco
1116 2451 1263 2486 ingestum,
1281 2450 1337 2485 jam
1353 2450 1429 2485 spica
1444 2449 1507 2477 est?
1523 2449 1594 2477 Num
1607 2453 1754 2480 mercator.
1770 2448 1819 2484 qui

1023 2497 1105 2525 modo
1129 2497 1226 2532 incipit
1253 2496 1399 2531 negotiari,
1427 2495 1545 2531 replevit
1569 2495 1625 2531 jam
1650 2495 1822 2530 apothecas?

1024 2544 1082 2571 Non
1096 2550 1161 2570 sane
1177 2542 1275 2577 magis,
1288 2542 1335 2576 qui
1352 2541 1448 2576 prima:
1464 2541 1560 2576 gratiae
1574 2541 1715 2576 particeps
1726 2545 1769 2568 est
1781 2540 1822 2568 fa-

1024 2594 1095 2619 ctus.
1113 2589 1169 2624 jam
1183 2588 1360 2616 Christianus
1375 2591 1428 2614 est.
1454 2586 1536 2621 Atqui
1549 2585 1631 2621 primi
1648 2585 1700 2621 ipsi
1714 2593 1746 2613 ac
1762 2593 1822 2612 tua--

1027 2635 1072 2670 gni
1088 2634 1128 2662 sic
1142 2642 1171 2662 se
1186 2634 1220 2661 ad
1235 2633 1434 2668 perfectionem
1454 2632 1559 2659 habent
1572 2651 1579 2662 .
1605 2635 1636 2658 ut
1650 2631 1775 2658 minister
1788 2630 1823 2658 ad

1028 2681 1223 2715 imperatorem
1238 2699 1245 2710 ,
1272 2683 1302 2706 ut
1321 2678 1428 2706 rivulus
1452 2677 1488 2704 ad
1511 2677 1672 2712 Euphraten
1697 2676 1823 2704 ﬂuvium.

1028 2727 1140 2754 llabens
1154 2725 1326 2760 propositum
1344 2724 1371 2751 in
1388 2724 1485 2753 urbem
1495 2723 1579 2750 eundi
1594 2723 1704 2760 triginta
1715 2723 1824 2750 dierum

1029 2772 1130 2799 itinere
1145 2770 1291 2804 dissitam;
1311 2778 1345 2797 ne
1363 2770 1409 2797 ubi
1432 2768 1547 2797 biduum
1569 2773 1617 2796 aut
1633 2768 1756 2796 triduum
1775 2769 1824 2796 viae

1025 2816 1183 2852 peregerit,
1201 2816 1255 2851 jam
1273 2823 1302 2843 se
1325 2819 1404 2850 pu-Ict
1428 2815 1585 2850 ingressum
1609 2821 1669 2842 esse
1683 2814 1823 2842 civitatem

1025 2862 1109 2888 illam.
1122 2860 1258 2894 Quoniam
1273 2859 1357 2896 igitur
1368 2859 1524 2888 adversaria
1539 2863 1660 2895 potestas
1675 2858 1822 2894 instigare.

1624 2900 1706 2934 27'
