2079 3152
282 175 337 207 8⁸35

905 175 935 205 S.
955 173 1115 205 MACARII
1136 171 1298 203 [EGYPTII

1868 174 1922 205 836

283 240 340 260 non
355 235 447 260 autem
466 231 563 260 aﬂ‘erre
578 231 769 260 necessitatem
779 235 870 267 potest
881 231 996 265 {divina
1014 231 1075 257 item

1129 228 1176 255 τοῦ
1187 227 1291 262 ἀγαθοῦ
1303 236 1311 243 ⁸
1331 227 1419 263 αὐτῆς
1433 227 1488 264 γάρ
1503 228 1562 255 ἐστι
1576 228 1627 264 τῆς
1646 227 1755 263 φύσεως
1765 226 1842 262 οὗτος
1852 238 1858 244 '
1872 231 1922 257 καὶ

284 279 371 314 gratia
384 279 527 310 hortatur,
543 282 655 313 propter
669 278 711 305 sui
730 283 828 313 potens
838 277 984 304 arbitrium
998 281 1026 304 ct
1042 276 1076 303 li«

285 325 423 352 hertatem
447 324 568 351 innatam
589 329 708 355 natura};
733 323 825 359 itaque
844 323 866 350 si
887 322 958 349 mala
980 321 1077 348 fecerit

286 369 368 395 homo
383 375 533 402 persuasus
546 375 562 394 a
575 367 686 401 Satana,
699 375 753 395 non
762 367 902 403 judicatur
916 366 976 394 vice
991 365 1077 400 ipsius

285 410 410 443 Satanas,
424 410 472 437 sed
488 410 547 445 ipse
556 410 638 437 homo
652 411 803 446 castigatur
819 418 851 438 ac
866 410 990 445 punitur,
1001 409 1076 444 quod

285 456 396 483 malitiae
410 456 544 483 obediens
559 456 646 483 factus
659 457 743 484 fuerit
753 464 786 484 ex
801 456 911 491 propria
922 457 1075 483 voluntate.

285 501 419 530 Similiter
436 501 460 528 si
478 506 574 536 vergat
588 502 671 529 homo
687 502 722 529 ad
738 502 852 534 bonum,
864 506 892 529 et
905 502 998 529 vincat
1015 510 1077 537 gra-

287 547 325 574 tia
339 547 406 580 Dei;
422 546 496 574 haud
518 548 638 574 ascribat
654 547 705 582 ipsi
719 547 770 575 sibi
787 547 890 575 bonum
905 546 1011 583 gratia;
1028 547 1075 575 sed

285 593 416 621 attribuit
432 592 536 620 homini
553 597 581 620 et
597 593 731 628 gloriﬁcat
747 593 855 628 ipsum;
876 592 1006 628 quoniam
1024 592 1076 620 sibi

286 640 370 667 homo
385 647 467 667 causa
483 639 549 667 boni
564 638 653 666 iactus
668 643 728 672 est;
748 639 810 666 talis
821 639 894 666 enim
910 639 956 666 hic
970 643 1013 666 est
1028 646 1077 666 na-

285 690 354 713 tura:
367 694 374 718 ;
389 692 445 712 non
462 688 554 712 autem
572 689 602 712 ut
618 685 734 712 veniens
748 685 783 712 ad
807 685 896 719 ipsum
908 684 995 720 gratia
1012 684 1076 720 liget

284 731 345 766 ejus
356 729 538 762 voluntatem,
553 729 705 756 inducente
724 729 917 756 necessitatem
933 730 1074 764 potentia;

284 784 317 804 ac
331 776 364 804 de
376 780 475 804 caetero
487 775 626 803 volentem
636 775 775 802 nolentem
791 776 881 811 ipsum
897 775 1076 803 immobiliter

283 823 374 858 alligat
387 822 477 853 bono;
495 821 543 849 sed
564 819 611 848 dat
632 821 723 848 locum
743 820 832 848 libero
844 820 976 852 arbitrio.
992 821 1075 849 etiam

284 875 345 895 cum
364 867 404 894 illi
417 874 538 902 praesens
547 866 626 893 adest
640 865 732 893 divina
743 866 786 894 vis
798 875 804 893 :
816 869 847 893 ut
859 866 1074 898 demonstretur,

1127 274 1176 309 οὐχ
1189 271 1246 300 οἷον
1265 273 1403 309 ἐρχομένη
1421 274 1438 309 ἡ
1453 274 1533 309 χάρις
1550 274 1618 310 πρὸς
1633 274 1716 301 αὑτὸν
1729 275 1920 312 ἁναγκαστικῇ

1127 318 1240 353 δυνάμει
1264 318 1362 353 δεσμεῖ
1382 318 1465 345 αὑτοῦ
1478 318 1508 345 τὸ
1521 318 1638 355 θέλημα,
1654 320 1703 346 καὶ
1716 319 1809 346 λοιπὸν
1823 321 1920 347 ἑκόντα

1127 364 1175 391 καὶ
1189 364 1292 392 ἄκοντα
1309 365 1382 392 ποιεῖ
1396 365 1477 392 αὑτὸν
1492 365 1629 401 ἄτρεπτον
1654 366 1769 400 ἀγαθοῦ,
1784 367 1853 394 ἀλλὰ
1867 376 1921 394 πα-

1129 411 1249 445 ραχωρεῖ
1259 409 1297 445 τῷ
1314 409 1481 447 αὑτεξουσίῳ
1494 411 1542 438 καὶ
1556 411 1674 440 συνοῦσα
1687 414 1704 448 ἡ
1719 412 1779 439 θεία
1793 413 1918 448 δύναμις,

1128 455 1172 483 ἶνα
1187 456 1334 492 ἀποδειχθῇ
1353 457 1382 484 τὺ
1400 456 1505 493 θέλημα
1520 458 1568 485 τοῦ
1581 458 1736 494 ἀνθρώπου,
1752 460 1776 486 εί
1791 460 1858 495 τιμᾷ
1870 460 1919 495 τὴν

1127 500 1214 536 ψυχὴν
1228 500 1244 536 ἢ
1259 501 1289 527 οὐ
1303 502 1371 537 τιμᾷ
1383 511 1389 517 ·
1402 503 1426 529 εί
1442 505 1582 538 συμφωνεῖ
1599 504 1615 539 ἢ
1631 505 1662 530 οὐ
1683 506 1839 539 συμφωνεῖ·
1855 505 1918 531 πολ-

1129 545 1170 573 λοὶ
1188 546 1243 582 γὰρ
1262 546 1396 582 ἐτίμησαν
1420 548 1468 574 καὶ
1489 549 1695 584 συνεφώνησαν.
1715 550 1808 577 ’Λλλοι
1830 550 1858 577 δὲ
1873 551 1918 583 ἐξ-

1127 593 1294 628 ετράπησαν.
1316 594 1396 628 Λέγει
1411 594 1465 630 γὰρ
1485 595 1500 620 ὁ
1523 595 1917 631 ’Λπὸστολος,Ἑναρξάμενοι

1130 638 1276 672 πνεύματι
1293 645 1300 653 ·
1316 638 1375 665 νῦν
1404 639 1493 673 σαρκὶ
1522 639 1684 668 ἐπιτελεῖτε
1696 649 1703 656 ·
1721 643 1753 677 τῇ
1767 641 1821 676 γὰρ
1840 641 1918 676 φύσει

1127 683 1208 718 νόμος
1235 683 1266 709 οὐ
1290 684 1389 715 κεῖται,
1416 683 1484 710 ἀλλὰ
1501 686 1533 720 τῇ
1561 685 1727 721 αὑτεξουσίῳ
1756 686 1918 721 προαιρέσει

1126 729 1265 765 δυναμένῃ
1289 729 1428 765 τραπῆναι.
1448 730 1495 756 ἐπὶ
1518 730 1549 757 τὸ
1567 731 1671 765 ἀγαθὸν
1692 732 1741 758 καὶ
1770 732 1801 758 τὸ
1820 732 1916 759 κακόν.

1126 774 1172 801 Διὸ
1190 774 1263 809 λέγει
1285 775 1299 801 ὁ
1327 775 1445 810 Κύριος⁸
1470 777 1533 810 Πῦρ
1555 775 1651 812 ἦλθον
1675 777 1787 810 βαλεῖν
1799 778 1847 804 ἐπὶ
1861 777 1919 811 τὴν

1127 819 1194 856 γῆν,
1212 820 1261 847 καὶ
1277 820 1413 855 ἠθέλησα
1433 823 1459 848 ει
1473 821 1532 856 ἤδη
1549 822 1679 857 ἀνήφθη.
1695 823 1774 850 Θέλει
1788 825 1805 850 ὰ
1816 823 1918 858 Κύριος

1127 866 1279 902 ἀναφθῆναι
1293 865 1322 893 τὸ
1337 866 1462 902 οὐράνιον
1490 866 1545 902 πῦρ
1561 869 1600 900 είς
1610 869 1660 900 τὰς
1673 868 1787 904 καρδίας
1800 869 1854 895 τῶν
1868 869 1916 895 ἁν-

285 917 379 940 utrun
396 912 517 940 hominis
532 912 659 939 voluntas
679 912 800 940 animam
818 912 846 939 in
858 912 947 947 pretio
959 912 1072 943 habeat,

1127 911 1258 947 θρὼπων,
1282 911 1329 938 καὶ¹
1354 911 1378 938 οἱ
1406 911 1456 947 μὲν
1482 912 1617 946 θέλουσιν,
1644 914 1669 940 oi
1688 902 1716 940 δέ
1731 914 1761 940 οὐ
1778 914 1916 940 θέλουσιν⁵

284 964 377 984 annon
410 956 532 988 habeat;
571 956 735 989 consentiat,
775 964 867 984 annon
901 956 1074 984 consentiat?

1127 957 1227 992 ὁμοίιος
1239 957 1320 984 πάλιν
1335 956 1409 991 λέγει
1419 966 1426 973 ·
1441 957 1576 991 Ποσάκις
1586 959 1723 993 ἠθέλησα
1734 960 1918 994 ἐπισυναγα-

284 1002 362 1030 Multl
381 1002 454 1029 enim
470 1003 499 1029 in
514 1001 604 1037 pretio
619 1001 786 1034 habuerunt,
806 1006 834 1029 et
854 1005 1073 1034 consenserunt;

1126 1002 1187 1037 γεῖν
1201 1001 1280 1036 ὑμᾶς
1292 1023 1299 1034 ,
1315 1002 1353 1034 ὡς
1367 1002 1448 1036 ὅρνις
1473 1002 1509 1029 τὰ
1525 1003 1635 1038 ἑαυτῆς
1657 1005 1780 1038 νοσσία,
1797 1005 1846 1032 καὶ
1862 1006 1918 1032 οὐκ

284 1048 330 1076 alii
353 1048 445 1076 aversi
468 1047 620 1079 abierunt;
638 1047 706 1074 dicit
726 1047 799 1075 enirn
819 1047 966 1082 Apostolus
985 1056 992 1075 :
1010 1047 1075 1075 Cum

1126 1047 1312 1081 ams-hiante;
1325 1048 1391 1083 ὁρᾷς
1413 1048 1454 1074 ὅτι
1470 1049 1483 1075 ὀ
1494 1049 1597 1084 Κύριος
1617 1050 1687 1077 θέλει
1697 1059 1705 1066 ·
1720 1051 1767 1077 καὶ
1781 1051 1814 1078 αὖ
1830 1051 1854 1078 οἱ
1870 1051 1917 1077 ἄν·

283 1093 380 1127 spirim
407 1091 539 1127 ceperitis,
563 1098 643 1118 carne
668 1091 886 1118 consummamini
911 1090 944 1119 ‘°.
967 1091 1075 1119 Naturae

1127 1093 1231 1127 θρωποι
1253 1093 1283 1120 οὑ
1309 1092 1416 1120 θέλουσι
1437 1095 1621 1130 προσεγγίσαι
1635 1096 1674 1132 τῷ
1689 1097 1793 1132 Κυρίῳ,
1809 1097 1856 1124 καὶ
1870 1096 1918 1123 εὖ·

284 1138 386 1173 quippe
400 1137 444 1165 lex
460 1145 514 1165 non
529 1141 571 1164 est
585 1136 685 1171 posita,
703 1137 751 1164 sed
768 1137 811 1163 sui
826 1136 946 1172 compoti
962 1137 1078 1165 arbitrio
1128 1139 1185 1173 ρεϊν
1198 1138 1281 1170 ἔλεος.

283 1189 311 1213 et
325 1183 472 1216 electioni,
488 1191 548 1218 quae
562 1183 632 1210 verti
644 1183 678 1210 ad
693 1183 795 1210 bonum
825 1187 853 1210 et
882 1183 984 1210 malum
1005 1187 1105 1219 potest.
1126 1184 1274 1220 Propterea
1302 1185 1369 1214 dicit
1389 1186 1522 1214 Dominus
1539 1196 1546 1214 :
1564 1187 1655 1223 Ignem
1678 1189 1737 1215 veni
1760 1189 1864 1215 mittere
1888 1189 1918 1215 in

285 1236 383 1258 terram
396 1251 403 1262 ,
427 1234 452 1256 et
476 1229 539 1265 quid
558 1228 625 1261 volo,
652 1229 703 1256 nisi
726 1233 756 1255 ut
777 1229 938 1256 acaendatur
953 1229 994 1256 "?
1014 1230 1079 1258 Vult
1096 1230 1227 1258 Dominus
1242 1231 1354 1259 accendi
1372 1233 1513 1260 caelestem
1535 1233 1627 1269 ignem
1659 1233 1687 1261 in
1707 1234 1836 1262 cordibus
1865 1234 1916 1262 ho-

284 1276 409 1308 minum;
435 1275 534 1302 horum
566 1282 633 1302 vero
651 1274 764 1309 quidam
799 1274 914 1307 volunt,
948 1275 1059 1310 quidam
1082 1275 1190 1303 nolunt.
1215 1275 1350 1305 Similiter
1370 1286 1467 1306 rursus
1483 1278 1575 1306 dicit:
1598 1279 1704 1312 Quoties
1717 1279 1787 1306 colui
1808 1288 1917 1315 congre-

282 1323 347 1360 gar'e
366 1331 410 1351 eos
436 1328 464 1350 ιιι
487 1322 590 1358 gallina
611 1326 753 1357 congregat
776 1322 863 1358 pullos
885 1331 957 1355 suos,
985 1328 1010 1350 et
1033 1323 1153 1351 noluistis
1169 1324 1213 1350 “‘2
1247 1324 1330 1352 Vides
1352 1325 1499 1353 Dominum
1531 1326 1611 1360 velle,
1642 1334 1738 1355 rursus
1754 1331 1846 1355 autem
1866 1327 1916 1354 ho-

283 1370 373 1398 mines
388 1369 461 1397 nolle
479 1369 611 1396 accedere
634 1368 668 1396 ad
689 1369 836 1396 Dominum
849 1390 855 1402 ,
873 1373 901 1397 et
916 1369 1136 1397 misericordiam
1153 1370 1288 1398 nancisci.

317 1425 390 1454 Xlli.
409 1424 462 1458 Qui
485 1425 545 1452 vult
573 1423 704 1452 accedere
730 1424 764 1451 ad
793 1424 940 1452 Dominum
968 1429 996 1452 et
1021 1425 1077 1453 vita

283 1476 386 1500 aeterna
400 1471 501 1507 dignus
519 1470 626 1503 haberi,
644 1475 673 1498 et
691 1470 879 1498 habitaculum
901 1469 949 1498 Dei
964 1471 1035 1504 fieri,
1049 1477 1076 1499 et

285 1519 392 1554 Spiritu
412 1521 508 1545 sancto
521 1516 622 1552 dignus
632 1516 742 1550 haberi,
756 1521 787 1544 ut
805 1516 913 1544 fruetus
924 1517 984 1552 ejus
995 1517 1075 1553 juxta

282 1563 413 1592 mandata
433 1562 542 1590 Domini
562 1567 644 1597 queat
662 1562 944 1597 itreprehensibiliter
961 1567 990 1590 et
1004 1570 1073 1598 pure

282 1610 384 1642 facere,
397 1608 437 1636 sic
449 1607 532 1635 debet
549 1606 682 1642 incipere.
696 1607 820 1634 Primum
830 1608 943 1636 credere
956 1608 1072 1636 Domino

282 1653 418 1685 ﬁrmiter,
441 1655 470 1680 el.
493 1652 558 1679 dare
573 1659 607 1679 ex
623 1655 680 1678 toto
701 1659 730 1679 se
745 1652 836 1687 ipsum
853 1652 946 1680 verbis
961 1653 1075 1680 manda-

282 1703 374 1726 torum
391 1698 452 1733 ejus
464 1718 471 1731 ,
492 1702 522 1724 et
537 1697 698 1725 renuntiare
721 1697 823 1725 mundo
846 1706 896 1733 per
909 1699 1001 1726 omnia
1013 1719 1020 1731 ,
1039 1699 1077 1726 ita

282 1749 314 1772 ut
332 1744 361 1771 in
379 1744 456 1771 nullo
475 1751 588 1779 prorsus
606 1743 797 1778 apparentium
816 1752 893 1771 mens
909 1749 1075 1779 occupetur;

281 1795 310 1819 et
324 1790 472 1818 obﬁrmare
483 1798 592 1825 semper
601 1797 629 1816 se
642 1789 717 1817 omni
731 1794 830 1818 conatu
845 1791 877 1818 ad
896 1798 1076 1826 perseveran-

282 1838 349 1865 tiam
364 1837 393 1864 in
400 1836 526 1864 oratione
539 1844 546 1869 ;
562 1839 655 1863 etnon
666 1835 823 1871 desperare,
838 1841 1001 1872 exspectans
1013 1844 1076 1864 cum

282 1883 383 1912 liducia
402 1883 511 1911 Domini
534 1882 734 1918 inspectionem
760 1885 788 1910 et
806 1883 937 1910 auxilium
963 1883 1074 1918 ubique,

281 1936 396 1964 scopum
412 1936 468 1956 suae
484 1928 585 1955 mentis
599 1927 627 1954 in
649 1935 682 1954 eo
695 1926 801 1954 habens
816 1927 935 1954 deﬁxum
955 1935 1076 1962 semper.

280 1975 385 2002 Deinde
401 1981 500 2009 urgere
516 1981 546 2001 se
559 1981 622 2001 cum
637 1976 738 2000 conatu
753 1976 781 2000 et
803 1973 979 2000 contentione
995 1973 1076 2000 indc~

281 2021 405 2049 sinenter
434 2019 468 2047 ad
494 2027 576 2047 omne
601 2019 724 2052 bonum,
754 2022 783 2046 et
812 2019 840 2046 in
870 2018 1075 2047 exsecutionem

281 2065 405 2093 omnium
416 2064 466 2092 Dei
479 2063 682 2096 mandatorum,
702 2063 879 2098 quantumvis
890 2063 978 2091 invito
991 2063 1075 2091 corde

281 2115 396 2146 propter
408 2110 546 2137 inhaerens
563 2112 726 2143 peccatum;
746 2113 812 2143 puta
828 2116 878 2144 per
892 2108 947 2135 vim
962 2108 1075 2144 adigen-

282 2157 317 2184 do
333 2164 363 2184 se
375 2156 465 2190 ipsum
479 2154 511 2182 ad
528 2153 670 2181 humiliter
684 2153 859 2181 sentiendum
877 2161 970 2182 coram
985 2153 1076 2181 omni-

281 2203 335 2231 bus
350 2202 427 2238 167
443 2200 614 2233 hominibus,
629 2204 658 2228 et
672 2208 701 2228 se
715 2199 804 2235 ipsum
817 2200 925 2228 cunctis
939 2200 1074 2228 minorem

281 2252 311 2276 et
326 2249 449 2284 peiorem
461 2245 685 2278 existimandum,
701 2254 756 2273 non
769 2245 918 2280 quaerendo
928 2246 1073 2278 honorem,

281 2299 330 2323 aut
343 2293 454 2322 laudem
464 2313 471 2326 ,
486 2296 534 2320 aut
554 2291 669 2327 gloriam
683 2291 717 2319 ab
730 2291 786 2319 ullo
796 2311 804 2325 ,
817 2291 889 2318 sicut
904 2290 932 2318 in
948 2290 1074 2326 Evange-
1091 2308 1112 2336 Β

280 2340 318 2368 1ἰο
330 2340 463 2375 scriptum
481 2342 525 2366 est
537 2358 544 2371 ,
562 2337 610 2365 sed
627 2337 716 2365 solum
738 2336 887 2364 Dominum
907 2343 964 2371 prie
986 2336 1075 2363 oculis

281 2386 409 2414 habendo
421 2392 530 2419 semper
546 2383 687 2419 ipsiusque
704 2383 842 2416 mandata,
859 2382 940 2417 eique
951 2382 1000 2409 soli
1014 2386 1072 2409 stu-

281 2431 372 2459 dendo
388 2430 496 2465 placere
513 2430 546 2458 ¹³.
562 2429 592 2456 ln
605 2428 847 2456 mansuetudinem
862 2435 971 2462 quoque
984 2435 1012 2454 se
1026 2435 1076 2462 per

281 2478 336 2504 vim
352 2477 476 2509 inclinet,
492 2476 647 2504 reluctante
662 2475 744 2502 etiam
761 2474 856 2506 corde,
879 2473 951 2501 sicut
965 2474 1003 2501 ait
1019 2473 1074 2501 Do-

280 2523 374 2550 minus
389 2531 396 2549 :
414 2521 511 2549 Discite
525 2530 541 2548 a
558 2529 608 2554 mc,
624 2521 686 2555 quia
702 2520 772 2546 milis
783 2528 842 2546 sum
854 2523 879 2545 et
894 2518 998 2545 humilis
1011 2527 1070 2545 cor-

279 2569 311 2595 de
325 2589 331 2601 ,
358 2571 382 2594 ct
402 2567 538 2594 invenietis
560 2566 675 2600 requiem
697 2565 836 2591 animabus
859 2564 950 2591 castris
971 2563 1003 2590 “.
1027 2563 1071 2590 Si-

280 2615 382 2642 militer
396 2621 456 2641 esse
476 2612 694 2643 misericordem,
713 2611 880 2646 benignum,
905 2610 1072 2645 compalicn-

280 2665 334 2687 tem
346 2680 353 2692 ,
369 2659 472 2686 bonum
486 2678 493 2691 ,
513 2661 647 2692 quantum
667 2660 775 2690 potest,
799 2664 828 2683 se
850 2656 875 2682 vi
892 2655 1053 2683 assuefaciat
1066 2676 1072 2687 ,

277 2707 354 2741 juxta
377 2705 403 2732 id
426 2703 498 2740 quod
522 2703 590 2730 dicit
613 2702 745 2730 Dominus
764 2711 770 2729 :
791 2702 881 2729 Estotc
899 2702 959 2729 boni
983 2707 1006 2728 ct
1029 2701 1073 2728 bc-

280 2753 366 2787 nigni,
379 2753 445 2779 sicut
458 2750 539 2777 Pater
552 2754 634 2777 vester
649 2749 759 2776 cteleslis
775 2749 920 2776 misericors
937 2752 973 2775 est
992 2748 1023 2773 ’⁵.
1040 2747 1074 2774 Et

1163 1417 1213 1444 ll".
1235 1417 1265 1444 '0
1292 1417 1454 1454 βουλόμενος
1483 1417 1644 1455 προσελθεῖν
1669 1419 1709 1455 τῷ
1731 1419 1837 1455 Κυρίῳ,
1869 1420 1917 1447 καὶ¹

1127 1462 1200 1497 ζωῆς
1230 1464 1342 1490 αἰωνίου
1382 1464 1605 1500 καταξιωθῆναι,
1631 1465 1678 1492 καὶ
1704 1466 1917 1501 κατοικητήριον

1127 1507 1194 1534 Θεοῦ
1213 1509 1351 1543 γενέσθαι,
1369 1511 1416 1536 καὶ
1428 1510 1588 1545 Πνεύματος
1607 1511 1685 1544 ἁγίου
1702 1510 1916 1546 καταξιωθῆναι,

1126 1554 1170 1581 ἵνα
1190 1555 1253 1586 τοὺς
1273 1555 1396 1591 καρποὺς
1411 1556 1494 1583 αὐτοῦ
1510 1557 1580 1583 κατὰ
1594 1557 1642 1588 τὰς
1665 1557 1776 1588 ἐντολὰς
1796 1557 1843 1583 τοῦ
1859 1558 1917 1584 Κυ-

1125 1600 1184 1635 ρίου
1208 1600 1308 1636 δυνηθῇ
1333 1601 1457 1636 ἀμώμως
1484 1601 1532 1628 καὶ
1560 1602 1688 1638 καθαρῶς
1708 1604 1805 1634 ποιεῖν,
1829 1602 1917 1633 οὕτως

1128 1645 1230 1680 ὀφείλει
1242 1646 1417 1682 ἐνάρξασθαι.
1429 1648 1541 1683 Πρῶτον
1560 1648 1704 1674 πιστεῦσαι
1719 1648 1757 1684 τῷ
1770 1648 1862 1683 Κυρίῳ
1874 1648 1919 1683 βε·

1128 1691 1223 1725 ὃαίως,
1253 1693 1300 1720 καὶ
1328 1693 1468 1720 ἐπιδοῦναι
1494 1693 1524 1727 ἐξ
1552 1694 1614 1720 ὅλου
1643 1694 1739 1720 ἑαυτὸν
1751 1695 1807 1726 τοῖς
1826 1694 1918 1728 λόγοις

1126 1737 1180 1764 τῶν
1199 1738 1313 1765 ἐντολῶν
1340 1739 1433 1772 αὐτοῦ,
1467 1740 1515 1767 καὶ
1540 1740 1724 1772 ἀποτάξασθαι
1752 1740 1791 1775 τῷ
1822 1740 1918 1775 κόσμῳ

1127 1784 1199 1812 κατὰ
1216 1785 1316 1817 πάντα,
1340 1785 1384 1812 ἵνα.
1411 1786 1441 1812 ὲν
1465 1786 1553 1812 οὐδενὶ
1566 1787 1634 1818 ὅλως
1649 1786 1702 1812 τῶν
1717 1787 1888 1821 φαινομένων
1902 1787 1918 1812 ὁ

1126 1829 1188 1861 νοῦς
1203 1830 1360 1866 ὰσχολῆται,
1388 1831 1444 1858 Καὶ
1470 1832 1511 1863 εἰς
1534 1831 1583 1867 τὴν
1597 1831 1678 1867 εὐχὴν
1697 1832 1813 1858 πάντοτε
1829 1840 1916 1866 προσ-

1126 1877 1270 1912 καρτερεῖν
1288 1876 1380 1906 αὐτὸν,
1395 1877 1441 1903 καὶ
1471 1877 1509 1912 μὴ
1530 1877 1735 1911 ἀπογινώσκειν
1765 1876 1917 1913 προσδεχᾶ-

1128 1929 1209 1956 μενος
1223 1920 1271 1947 τοῦ
1288 1921 1392 1956 Κυρίου
1420 1922 1470 1958 τὴν
1493 1922 1637 1957 ἐπίσκεψιν
1652 1923 1699 1949 καὶ
1718 1922 1768 1958 τὴν
1790 1923 1918 1958 βοήθειαν

1126 1967 1253 2000 πάντοτε,
1271 1967 1316 1994 τὸν
1340 1968 1441 1995 σκοπὸν
1469 1967 1516 1995 τοῦ
1534 1968 1593 2000 νοὸς
1607 1968 1689 1995 αὐτοῦ
1702 1969 1742 2000 είς
1755 1968 1833 1995 τοῦτο
1846 1969 1917 2004 ἔχων

1125 2012 1170 2039 διὰ
1181 2012 1291 2044 παντός.
1309 2011 1375 2040 Εἶτα
1391 2013 1532 2048 βιάζεσθαι
1547 2014 1600 2050 χρὴ
1620 2015 1663 2041 ἀεὶ
1677 2015 1717 2046 είς
1732 2015 1786 2042 πᾶν
1802 2015 1917 2049 ἀγαθὸν,

1126 2058 1173 2085 καὶ
1195 2059 1236 2090 είς
1265 2058 1356 2091 πάσας
1381 2060 1431 2091 τὰς
1458 2060 1569 2091 ἐντολὰς
1594 2060 1641 2087 τοῦ
1666 2061 1780 2096 Κυρίου,
1802 2062 1856 2088 κᾶν
1878 2062 1917 2097 μὴ

1127 2104 1256 2140 θελούσης
1269 2105 1317 2140 τῆς
1332 2106 1447 2141 καρδίας
1466 2105 1510 2133 διὰ
1525 2106 1574 2142 τὴν
1588 2106 1720 2134 συνοῦσαν
1737 2107 1805 2142 αὐτῇ
1821 2108 1913 2143 ἁμαρ-

1125 2150 1201 2177 τίαν·
1214 2150 1269 2178 οἷον
1287 2151 1429 2186 βιάζεσθαι
1457 2153 1553 2180 ἑαυτὸν
1573 2153 1613 2186 είς
1637 2153 1667 2180 τὸ
1694 2155 1917 2189 ταπεινοφρονεῖν

1126 2195 1241 2222 ἐνώπιον
1265 2196 1375 2223 πάντων
1399 2196 1564 2233 ἀνθρώπων,
1595 2198 1643 2224 καὶ
1675 2198 1771 2225 ἑαυτὸν
1799 2199 1913 2225 πάντων

1126 2241 1229 2268 ἐλάττω
1252 2242 1299 2269 καὶ
1315 2242 1427 2278 χείρονα
1457 2244 1594 2279 ἡγεῖσθαι,
1613 2243 1650 2278 μὴ
1678 2243 1767 2279 ζητῶν
1793 2243 1876 2278 τιμὴν
1897 2244 1914 2279 ἢ

1127 2287 1237 2314 ἔπαινον
1257 2287 1273 2323 ἢ
1288 2287 1366 2320 δόξαν
1379 2289 1454 2324 παρά
1479 2297 1562 2320 τινος,
1584 2288 1675 2321 καθὼς
1690 2289 1718 2315 ὲν
1741 2288 1780 2323 τῷ
1794 2289 1916 2323 Εὐαγγεο

1125 2333 1175 2369 λίῳ
1204 2333 1370 2368 γέγραπται,
1398 2334 1465 2361 ἀλλὰ
1491 2335 1571 2369 μόνον
1596 2334 1641 2361 τὸν
1664 2335 1765 2369 Κύριον
1794 2334 1839 2362 ἀεὶ
1863 2334 1915 2369 πρὸ

1126 2379 1275 2414 ὀφθαλμῶν
1292 2380 1374 2415 ἔχειν,
1386 2379 1434 2406 καὶ
1448 2379 1498 2412 τὰς
1514 2380 1624 2411 ἐντολὰς
1639 2379 1734 2413 αὐτοῦ,
1754 2379 1829 2415 αὖτῷ
1843 2380 1916 2415 μόνῳ

1127 2425 1288 2461 βουλόμενος
1300 2425 1408 2462 ἀρέσαι.
1421 2426 1469 2458 Εἰς
1483 2426 1531 2461 τὴν
1550 2426 1693 2462 πραότητα
1703 2426 1803 2461 ὁμοίως
1819 2425 1914 2452 ἑαυτὸν

1126 2472 1252 2507 βιαζέτω,
1270 2473 1317 2499 καὶ
1333 2473 1370 2508 μὴ
1388 2472 1519 2508 θελούσης
1534 2472 1584 2507 τῆς
1604 2473 1728 2508 καρδίας,
1747 2471 1784 2504 ὥς
1808 2472 1915 2506 φησινὸ

1125 2517 1226 2553 Κύριος
1239 2525 1246 2533 ·
1262 2517 1376 2545 Μάθετε
1387 2519 1437 2546 ἀπ’
1451 2518 1536 2553 ἐμοῦ,
1557 2518 1601 2545 ὅτι
1617 2517 1712 2553 πρᾶός
1728 2518 1787 2552 ειμι
1803 2517 1854 2544 καὶ
1866 2526 1916 2544 τα-

1126 2565 1230 2597 πεινὸς
1245 2564 1282 2599 τῇ
1297 2565 1416 2600 καρδίᾳ,
1437 2565 1485 2592 καὶ
1502 2566 1647 2600 εὑρήσετε
1662 2564 1838 2592 ἀνάπαυσιν
1851 2563 1917 2597 ταῖς

1124 2611 1238 2645 ψυχαῖς
1254 2611 1348 2646 ὑμῶν.
1373 2611 1489 2647 Ὁμοίως
1505 2613 1544 2642 είς
1558 2612 1588 2637 τδ
1603 2608 1671 2638 εἶναι
1685 2610 1830 2646 ἐλεήμονα,
1847 2617 1917 2644 χρη-

1125 2657 1197 2688 στὸν,
1223 2656 1423 2693 εὔσπλαγχνον,
1453 2657 1565 2692 ἀγαθὸν,
1588 2657 1638 2692 ὅση
1668 2656 1791 2691 δύναμις,
1819 2654 1916 2681 ἑαυτὸν

1123 2702 1223 2735 ἐθίζειν
1247 2704 1316 2738 μετὰ
1340 2704 1412 2739 βίας,
1429 2704 1468 2735 ὤς
1494 2712 1576 2738 φησιν
1602 2703 1616 2729 ὁ
1649 2701 1770 2738 Κύριος·
1788 2701 1917 2728 Γίνεσθε

1123 2748 1227 2783 ἀγαθοὶ
1244 2749 1293 2775 καὶ
1307 2750 1444 2784 χρηστοί,
1464 2749 1561 2782 καθὼς
1577 2750 1592 2776 ό
1608 2748 1711 2782 Πατὴρ
1729 2747 1813 2782 ὑμῶν
1833 2748 1850 2773 ὁ
1864 2747 1916 2773 οἰ·-

279 2805 376 2826 rursus
393 2807 399 2824 :
419 2797 447 2825 Si
468 2796 576 2832 diligitis
590 2804 638 2828 mc,
651 2796 780 2822 mandata
797 2804 854 2822 mea
873 2799 975 2822 servate
990 2794 1021 2820 ”.
1040 2793 1074 2821 Et

1126 2794 1226 2828 ριίνιος
1257 2796 1415 2831 clm-{pater
1439 2797 1520 2824 ἐστι·
1543 2797 1592 2824 καὶ
1618 2797 1699 2824 πάλιν
1726 2795 1825 2830 φησιν·
1846 2795 1919 2823 Ἐιῖν

317 2855 337 2871 ⁵⁸
356 2854 414 2882 Gal.
429 2862 473 2886 ιιι,
489 2854 515 2880 5.

281 2890 329 2918 ὅθ.
364 2889 386 2906 ⁸⁸
405 2889 484 2918 Joan.
503 2896 558 2923 xw,
583 2889 628 2915 25.

556 2854 575 2869 “
595 2853 661 2881 Luc.
679 2862 731 2887 xu,
750 2854 793 2882 49.
834 2854 854 2869 ⁸⁵
874 2853 970 2881 Matth.
987 2861 1062 2886 χχιιι,
1078 2853 1122 2880 57.

1181 2855 1202 2870 ³³
1221 2854 1300 2883 Joan.
1315 2862 1342 2889 ν,
1358 2855 1402 2883 44.
1457 2856 1480 2872 ¹ι
1499 2855 1596 2884 Matth.
1617 2864 1655 2890 ιι,
1667 2854 1712 2882 29.
1753 2855 1774 2871 ”
1789 2852 1858 2881 Luc.
1876 2861 1915 2885 ιἰ,
