2079 3152
179 171 231 204 837

722 165 835 200 LIBER
855 169 904 199 DE
921 168 1106 200 CUSTODIA
1124 169 1270 200 CORDIS.

1751 171 1804 203 838

177 224 313 261 ἀγαπᾶτέ
340 234 389 261 με,
415 226 467 258 τὰς
489 226 617 259 ἐντολάς
641 234 700 260 μου
725 224 881 258 τηρήσετε.
908 223 963 250 Καὶ

1014 223 1115 252 iterum
1133 233 1140 251 ε
1157 224 1214 251 Vim
1230 225 1300 252 vobis
1317 225 1406 260 facite,
1423 226 1531 253 violenti
1547 225 1620 255 enim
1636 226 1742 260 rapiunt
1760 234 1803 253 re-

177 272 275 300 πάλιν’
301 271 456 301 Βιάζὲσθε·
483 272 609 304 βιασταὶ
638 272 692 307 γὰρ
716 270 880 305 ἁρπάζουσι
906 269 963 302 τὴν

174 318 340 351 ,βασιλείαν
357 318 417 345 τῶν
443 317 595 352 οὐρανῶν·
624 318 672 345 καὶ
700 318 749 345 τό·
772 316 963 352 Ἀγωνίζεσθε
984 348 986 355 λ

177 363 325 391 εἷσελθεῖν
338 364 388 391 διὰ
405 364 457 398 τῆς
473 364 586 397 στενῆς
599 364 710 398 πύλης.
732 363 789 390 Ἀεὶ
802 362 831 389 δὲ
845 363 896 396 τὴν
914 361 962 388 τοῦ

177 407 282 443 Κυρίου
297 408 462 435 ταπείνωσιν
483 408 531 435 καὶ
558 408 697 435 πολιτείαν
727 407 774 434 καὶ
790 406 963 443 ἀναστροφὴν

177 454 263 489 ὲχέτω
279 453 332 489 πρὸ
347 453 503 489 ὀφθαλμῶν,
518 454 613 490 ὥσπερ
631 453 815 489 ὑπογραμμὸν
833 454 862 480 ἐν
888 453 963 488 πάσῃ

179 500 273 535 μνήμῃ
287 499 487 535 ἀληοαργήτῳ·
501 500 548 527 καὶ
567 500 617 534 ὂοη
631 499 746 534 δύναμις
761 499 894 534 βιαζέσθω
904 500 964 531 ταῖς

178 545 271 580 εὐχαῖς
289 546 501 582 προσκαρτερετ,
524 544 569 572 διὰ
593 545 693 577 παντδς
709 544 837 580 δεόμενος
852 543 901 570 καὶ
919 551 965 570 πι-

179 591 281 618 στεύων
291 599 299 606 ·
315 591 359 618 ἵνα
373 591 459 618 ἐλθὼν
478 591 492 617 ὁ
508 591 610 627 Κύριος
624 591 752 627 ὲνοικήσῃ
772 591 802 616 ὲν
827 590 902 624 αὐτῷ
917 589 965 616 καὶ

178 637 329 673 καταρτίσῃ
342 637 390 663 καὶ
404 637 550 672 δυναμὼσῃ
566 636 647 664 αὐτὸν
661 637 690 663 ὲν
706 636 766 667 ταῖς
777 635 897 666 ἐντολαῖς
912 634 965 661 πά-

180 691 240 714 σαις
254 682 348 716 αὑτοῦ,
368 683 415 710 καὶ
430 682 474 709 ἵνα
497 684 513 718 ἡ
542 682 615 718 ψυχὴ
627 681 710 709 αὑτοῦ
726 681 838 717 γένηται
854 682 965 717 οἰκητή-

181 737 238 764 ριον
258 727 345 763 Ἰησοῦ
359 728 493 764 Χριστοῦ·
510 728 557 754 καὶ
573 727 659 759 οὕτως
672 727 690 754 ἃ
701 726 749 754 νῦν
765 727 833 763 μετὰ
847 726 907 762 βίας
919 726 966 754 καὶ

182 773 220 809 μὴ
236 772 362 808 Θελούσης
379 773 428 807 ἧς
447 773 562 808 καρδίας
580 774 662 805 ποιεῖ,
681 772 779 805 ἐθίζειν
803 772 899 799 ἑαυτὴν
922 772 966 798 διὰ

182 819 283 850 παντὸς
301 820 340 851 είς
371 819 401 845 τὺ
426 819 528 853 ἀγαθὸν
547 818 655 845 καὶτοῦ
681 818 784 854 Κυρίου
802 818 846 845 ἀεὶ
861 826 965 853 μνημοα

181 865 280 898 νεύειν,
299 865 347 892 καὶ
363 865 514 901 προσδοκᾷν
525 865 605 891 αὐτὸν
629 864 674 892 διὰ
699 865 800 896 παντὸς
821 865 849 890 ὲν
880 863 963 898 πολλῇ

181 894 329 946 ἀγαοότητι
353 894 401 937 καὶ
425 894 530 946 ἀγάίτῃ.
550 910 589 937 Τό
602 919 632 937 τε
648 910 759 944 θεωρῶν
774 894 796 937 ὁ.
804 909 905 945 Κύριος
916 894 965 945 τὴν
980 894 1002 922 Β

181 957 307 992 τοιαύτην
322 956 404 983 αὐτοῦ
417 957 578 993 προαίρεσιν
592 957 639 983 καὶ
651 956 702 991 τὴν
713 955 820 991 ἀγαθὴν
834 955 964 990 σπουδὴν,

181 1003 240 1035 πῶς
254 1003 340 1038 βιάζει
360 1003 455 1029 ἑαυτὸν
477 1002 594 1029 πάντοτε
607 1003 647 1034 εἰς
659 1002 709 1038 τὴν
735 1002 845 1038 μνήμην
868 1001 964 1034 αὐτοῦ,

182 1048 228 1076 καὶ
243 1050 282 1081 είς
299 1049 329 1076 τὺ
345 1048 445 1083 ἀγαθὸν
472 1048 526 1081 ἀεὶ,
547 1048 595 1075 καὶ
610 1049 650 1080 εἰς
679 1048 729 1083 τὴν
747 1048 967 1084 ταπεινοφροσύ-

182 1104 240 1130 νην,
259 1094 306 1121 καὶ
322 1094 462 1130 πραότητα
480 1094 528 1121 καὶ
541 1094 668 1130 ἀγάπην·
692 1094 740 1121 καὶ
754 1131 757 1134 Ι
770 1094 807 1130 μὴ
837 1093 967 1122 θέλουσαν

181 1142 230 1178 τὴν
254 1141 368 1176 καρδίαν
382 1142 472 1176 ἄγχει,
489 1141 536 1168 καὶ
563 1141 635 1175 ἄγει,
652 1141 702 1176 ὅση
723 1141 849 1177 δύναμις,
871 1141 967 1168 ἑαυτὸν

183 1187 252 1223 μετὰ
272 1187 342 1222 βίας,
360 1188 432 1214 ποιεῖ
458 1187 517 1222 μετ’
541 1187 624 1214 αὐτοῦ
641 1187 673 1214 τὸ
698 1187 773 1219 ἔλεος
797 1187 880 1214 αὐτοῦ
894 1196 901 1203 ·
918 1188 967 1215 καὶ

180 1234 324 1270 λυτροῦται
355 1233 435 1260 αὑτὸν
461 1233 515 1260 ἀπὸ
544 1233 599 1260 τῶν
625 1233 729 1270 ἐχθρῶν
747 1233 839 1265 αὐτοῦ,
854 1233 967 1269 καὶτῆς

181 1279 336 1314 ἑνοικούσης
361 1279 514 1314 ἁμαρτίαςς
533 1278 691 1313 Πνεύματος
718 1279 796 1313 ἁγίου
822 1279 967 1314 ἐμπιπλῶν

182 1324 263 1351 αὑτὸν
277 1343 286 1355 ,
303 1324 350 1350 καὶ
369 1323 456 1355 οὕτως
478 1323 572 1350 λοιπὸν
597 1324 661 1351 ἄνευ
679 1323 739 1358 βίας
765 1324 813 1350 καὶ
842 1324 966 1359 καμάτου

182 1371 273 1401 πάσας
301 1370 375 1396 ποιεῖ
393 1370 509 1396 πάντοτε
530 1369 582 1401 τὰς
615 1369 727 1401 ἐντολὰς
747 1369 796 1396 τοῦ
818 1370 922 1405 Κυρίου
937 1369 966 1402 ἐξ

181 1414 327 1450 ἀληθείας·
353 1414 453 1450 μᾶλλον
466 1414 522 1441 δὲό
537 1414 639 1450 Κύριος
661 1416 735 1441 ποιεῖ
762 1415 791 1441 ὲν
818 1414 894 1449 αὐτῷ
916 1415 967 1447 τὰς

183 1461 251 1493 ιδίας
265 1459 348 1488 αὑτοῦ
367 1460 486 1492 ἐντολὰς,
511 1461 560 1487 καὶ
587 1461 650 1492 τοὺς
668 1461 792 1495 καρποὺς
805 1460 853 1487 τοῦ
882 1460 968 1487 Ilvati-

184 1515 277 1543 ματος,
295 1507 338 1533 ὅτε
364 1507 535 1542 καρποφορεῖ
561 1506 698 1542 καθαρῶς.
714 1506 774 1542 Χρὴ
790 1506 820 1533 δὲ
834 1506 966 1542 πρότερον

182 1551 364 1588 προσελθόντα
375 1551 435 1578 τινὰ
446 1551 485 1586 τῷ
496 1551 603 1587 Κυρίῳ,
616 1550 703 1582 οὕτως
716 1550 819 1586 βιάζειν
827 1551 873 1577 καὶ
885 1550 967 1577 αὑτὸν

182 1600 222 1630 εἰς
235 1599 266 1625 τὺ
283 1598 394 1633 ἀγαθὸν,
413 1598 459 1625 καὶ
474 1598 511 1633 μὴ
540 1597 671 1633 θελούσης
680 1598 730 1633 τῆς
747 1597 871 1633 καρδίας,
882 1606 966 1633 προσ-

182 1645 302 1672 δοκῶντα
316 1644 360 1671 διὰ
376 1644 477 1676 παντὸς
503 1645 532 1670 ὲν
555 1644 646 1671 πίστει
672 1644 827 1679 ἀδιατάκτῳ
840 1643 871 1670 τδ
892 1643 966 1675 ἔλεος

184 1690 276 1723 αὑτοῦ,
295 1691 343 1718 καὶ
367 1690 509 1725 βιάζεσθαι
538 1689 635 1716 ἑαυτὸν
649 1689 689 1720 είς
707 1688 738 1715 τὸ
752 1688 897 1723 οἰκτείρειν
917 1688 965 1715 καὶ

183 1736 317 1772 ἐλεήμονα
340 1735 413 1771 ἔχειν
428 1735 551 1770 καρδίαν,
564 1733 705 1769 βιάζεσθαι
720 1733 760 1765 είς
780 1733 810 1759 τὸ
828 1741 965 1768 καταφρο-

184 1782 300 1815 νεῖσθαι,
325 1782 367 1813 εἰς
394 1781 425 1807 τὸ
452 1779 650 1816 μακροθυμεῖν,
674 1778 917 1814 ἔξουθενούμενον,
946 1777 963 1813 ἢ

182 1827 380 1862 ὰτιμαζὸμενον
398 1826 435 1861 μὴ
455 1826 638 1859 ἀγανακτεῖν·
660 1824 731 1851 κατὰ
748 1823 779 1850 τὸ
797 1823 944 1859 εἰρημένον
955 1831 963 1839 ·

182 1872 231 1906 Μὴ
243 1871 369 1904 ἑαυτοὺς
386 1870 586 1903 ἐκδικοῦντες,
601 1868 764 1904 ἀγαπητοί·
777 1867 916 1903 βιάζεσθαί
933 1876 965 1894 τε

183 1917 277 1944 ἑαυτὸν
294 1917 334 1948 είς
347 1917 397 1951 τὴν
411 1916 504 1951 εὐχὴν,
518 1916 600 1951 μήπω
622 1914 718 1950 ἔχοντα
734 1913 817 1949 εὐχὴν
837 1913 965 1948 Πνεύμα-

182 1971 238 1994 τος.
254 1962 308 1989 Καὶ
328 1961 414 1993 οὕτως
425 1962 439 1988 ὁ
460 1960 526 1992 Θεὸς
540 1960 651 1996 θεωρῶν
664 1960 711 1986 τὸν
731 1958 820 1990 οὕτως
831 1957 965 1992 ἀγωνιζό-

185 2016 275 2043 μενον,
289 2007 336 2034 καὶ
361 2007 407 2042 βίᾳ
425 2007 520 2034 ἑαυτὸν
532 2007 635 2041 ἄγοντα
649 2006 689 2037 είς
700 2005 730 2032 τὸ
740 2004 853 2039 ἀγαθὸν,
868 2004 916 2031 καὶ
927 2003 965 2040 μὴ

184 2053 314 2086 οελούσης
331 2052 381 2088 τῆς
396 2052 520 2087 καρδίας,
541 2051 649 2078 δίδωσιν
663 2050 745 2085 εὐχὴν
758 2049 888 2085 ἀληθινὴν
898 2050 966 2084 Χρι-

184 2099 259 2131 στοῦ,
275 2098 366 2125 δίδωσι
386 2097 528 2132 σπλάγχνα
540 2096 702 2132 οἰκτιρμῶν,
716 2095 887 2131 χρηστότητα
899 2095 966 2130 ἀλη-

183 2145 270 2180 θινὴν,
287 2145 335 2170 καὶ
359 2143 526 2176 ἁπαξαπλῶς
549 2143 627 2177 τηρεῖ
645 2141 720 2176 αὺτῷ
733 2142 779 2168 τὸν
795 2141 901 2177 καρπὸν
916 2140 964 2168 τοῦ

183 2190 351 2225 Πνεύματος.
378 2189 409 2216 Εἰ
422 2189 450 2215 δέ
464 2197 505 2220 τις
521 2187 600 2223 μόνον
625 2187 665 2218 εἰς
677 2186 727 2222 τὴν
741 2186 822 2222 εὐχὴν
842 2185 964 2221 βιάζεται

1013 278 1093 306 gnum
1115 270 1241 297 caelorum
1255 271 1286 297 ".
1306 271 1339 298 Et
1358 271 1449 299 illud:
1467 267 1621 299 Contendite
1636 272 1738 299 intrare
1758 279 1804 306 per

1013 321 1156 352 angustam
1170 321 1276 352 portam
1286 317 1319 344 ¹⁸.
1332 317 1447 353 Semper
1460 323 1551 346 autem
1569 318 1678 345 Domini
1689 316 1804 344 humili—

1013 366 1109 395 tatem,
1125 363 1262 390 rationem
1278 363 1401 396 vivendi,
1417 367 1446 391 et
1458 363 1694 392 conversationem
1704 362 1805 391 habeat

1013 414 1070 441 prae
1091 407 1192 440 oculis,
1217 407 1258 434 uti
1285 407 1424 442 exemplar
1442 407 1469 435 in
1490 408 1622 435 memoria
1647 408 1722 435 omni
1743 408 1802 436 sine

1013 452 1164 480 oblivione.
1178 452 1334 493 Contendat
1352 453 1435 481 etiam
1448 458 1581 488 quantum
1602 454 1686 481 habet
1701 454 1803 481 virium

1014 498 1042 526 in
1055 498 1165 526 assidue
1177 499 1293 530 orando,
1305 506 1441 534 nusquam
1456 506 1511 526 non
1525 504 1622 534 petens
1633 504 1661 527 et
1675 500 1802 532 credens,

1014 546 1045 570 ut
1059 543 1154 570 veniat
1172 544 1304 572 Dominus
1314 549 1343 572 et
1358 545 1494 572 inhabitet
1516 545 1544 572 in
1566 545 1626 580 ipso
1638 565 1647 578 ,
1671 545 1804 572 instruat-

1014 596 1068 624 que
1081 596 1113 617 ac
1127 591 1289 618 corroboret
1304 591 1394 626 ipsum
1410 591 1438 618 in
1454 591 1563 619 cunctis
1575 592 1634 626 ejus
1647 592 1783 619 mandatis
1795 600 1802 624 ;

1014 638 1042 662 et
1052 639 1082 662 ut
1092 635 1152 670 eius
1161 635 1251 663 anima
1265 636 1302 663 sit
1315 636 1501 664 habitaculum
1517 637 1582 664 Jesu
1595 636 1708 664 Christi.
1723 637 1805 664 Etsic

1013 688 1075 715 quae
1093 689 1168 709 nunc
1186 689 1236 717 per
1254 682 1309 709 vim
1329 686 1358 710 ct
1381 682 1464 710 corde
1480 682 1566 710 invito
1582 682 1656 715 facit,
1680 681 1804 709 assuefa-

1014 726 1090 754 cient
1102 726 1192 761 ipsum
1207 727 1234 754 in
1254 735 1334 754 omne
1347 732 1455 763 tempus
1468 728 1503 755 ad
1520 728 1634 760 bonum,
1646 731 1675 754 et
1687 726 1721 754 ad
1732 734 1805 754 scm-

1014 779 1064 807 per
1079 772 1169 799 vivam
1187 772 1235 800 Dei
1248 773 1407 800 memoriam
1425 773 1590 807 habendam,
1602 779 1630 801 et
1643 778 1804 808 exspectan-

1015 818 1080 844 dum
1100 825 1164 845 eum
1184 825 1292 853 semper
1307 818 1335 846 in
1357 819 1444 846 multa
1466 819 1589 847 bonitate
1609 823 1637 846 et
1656 820 1801 846 charitatc.

1016 862 1095 890 Tunc
1112 863 1293 891 considerans
1304 864 1437 892 Dominus
1449 865 1503 892 tale
1515 865 1602 900 ipsius
1620 865 1802 900 propositum,

1015 912 1045 936 et
1061 908 1165 936 bonum
1183 908 1304 936 studium
1315 928 1322 940 ,
1338 916 1394 944 quo
1411 909 1468 937 vim
1482 910 1566 937 infert
1580 910 1634 938 sibi
1650 911 1753 946 jugiter
1769 910 1804 937 ad

1016 954 1077 990 ejus
1090 953 1305 987 recordandum,
1317 958 1346 982 et
1357 954 1391 982 ad
1403 955 1628 990 prosequendum
1638 963 1746 990 semper
1755 955 1806 983 bo.

1015 1007 1082 1027 num
1096 1009 1103 1034 ;
1119 1000 1241 1035 itemque
1266 999 1300 1027 ad
1324 1000 1530 1034 humilitatem,
1552 1000 1804 1032 mansuetudinem,

1016 1046 1197 1080 charitatcm;
1213 1050 1241 1074 et
1260 1047 1412 1081 quamlibet
1432 1047 1572 1075 reluctans
1591 1054 1640 1074 cor
1659 1046 1762 1082 subigit
1777 1046 1805 1073 iu

1015 1089 1085 1123 haec,
1109 1095 1308 1126 promovetque
1321 1095 1457 1127 quantum
1482 1095 1574 1126 potest
1596 1099 1702 1118 summa
1718 1091 1745 1118 vi
1759 1099 1804 1118 se-

1016 1137 1125 1172 ipsum;
1143 1137 1209 1164 facit
1225 1145 1287 1165 cum
1308 1139 1368 1172 ipso
1381 1137 1598 1166 misericordiam
1617 1145 1713 1170 suam,
1729 1142 1757 1165 et
1772 1138 1804 1165 li-

1016 1181 1093 1209 berat
1107 1182 1196 1217 ipsum
1212 1182 1247 1209 ab
1260 1182 1382 1210 inimicis
1400 1183 1472 1215 suis;
1493 1187 1521 1210 et
1539 1183 1575 1210 ali
1588 1182 1760 1210 inhabitante
1775 1183 1804 1210 in

1016 1227 1078 1263 ipso
1097 1231 1226 1262 peccato,
1245 1228 1356 1262 replens
1378 1228 1455 1255 illum
1473 1228 1577 1263 Spiritu
1597 1232 1709 1260 sancto,
1725 1228 1804 1262 cujus

1015 1281 1068 1308 ope
1084 1273 1119 1301 de
1137 1277 1238 1301 caetero
1260 1274 1329 1301 citra
1345 1273 1400 1300 vim
1414 1277 1443 1300 et
1457 1273 1581 1301 laborem
1596 1278 1695 1301 cuncta
1711 1273 1738 1301 in
1754 1281 1803 1300 ve-

1016 1319 1098 1347 ritate
1120 1319 1249 1346 mandata
1262 1319 1371 1346 Domini
1383 1319 1554 1354 exsequitur;
1578 1324 1627 1347 aut
1645 1319 1738 1354 potius
1751 1319 1804 1346 Do-

1016 1365 1108 1392 minus
1121 1364 1148 1392 in
1163 1365 1210 1392 illo
1222 1370 1320 1393 cuncta
1332 1365 1427 1400 implet
1438 1365 1550 1400 propria
1560 1365 1693 1399 [mandata
1703 1369 1731 1392 et
1743 1364 1802 1392 fru-

1016 1415 1077 1438 ctus
1092 1411 1222 1446 Spiritus,
1239 1411 1350 1446 quando
1363 1411 1513 1439 fructificat
1530 1419 1610 1446 pure.
1622 1411 1738 1446 Oportet
1751 1419 1803 1438 au-

1016 1461 1071 1484 tem
1085 1457 1164 1492 prius
1182 1457 1358 1485 accedentem
1378 1457 1505 1492 quemvis
1520 1457 1554 1484 ad
1579 1457 1741 1490 Dominum,
1764 1457 1804 1484 sic

1015 1503 1072 1530 vim
1095 1502 1199 1531 inferre
1221 1503 1274 1531 sibi
1291 1504 1415 1538 urgendo
1436 1511 1467 1531 se
1483 1504 1519 1531 ad
1540 1503 1654 1535 bonum,
1673 1503 1699 1530 in
1714 1510 1804 1538 eoque

1015 1548 1166 1584 frangendo
1178 1549 1361 1577 resistentium
1374 1550 1477 1582 cordis,
1485 1553 1689 1584 exspectantem
1701 1549 1804 1584 ubique

1016 1601 1049 1622 ac
1063 1601 1182 1628 semper,
1196 1593 1250 1621 fide
1270 1601 1352 1622 omne
1366 1594 1481 1622 dubium
1498 1594 1628 1629 pellente,
1643 1593 1804 1621 miscricor-

1016 1639 1088 1667 diam
1101 1639 1161 1675 ejus
1178 1649 1184 1666 :
1202 1646 1301 1675 cogere
1313 1647 1424 1675 quoque
1453 1640 1575 1675 seipsum
1585 1640 1619 1667 ad
1632 1639 1805 1668 miserandos

1016 1685 1084 1713 alios
1095 1706 1102 1719 ,
1119 1693 1223 1720 corque
1238 1686 1266 1713 in
1279 1693 1376 1713 omnes
1392 1692 1504 1721 egentes
1525 1686 1681 1714 beneﬁcum
1701 1686 1806 1713 haben-

1016 1731 1098 1764 dum;
1128 1731 1194 1759 item
1218 1731 1251 1759 ad
1280 1732 1474 1767 longanimiter
1498 1733 1670 1760 tolerandum
1694 1732 1805 1767 quidvis

1016 1777 1128 1811 durum,
1138 1782 1167 1805 et
1178 1777 1212 1805 ad
1226 1785 1282 1806 non
1295 1778 1492 1813 indignandum
1505 1786 1557 1806 nec
1564 1787 1634 1813 aegre
1647 1778 1803 1811 ferendum,

1015 1823 1126 1858 quando
1141 1823 1323 1858 vilipenditur
1336 1828 1364 1852 et
1381 1825 1585 1859 contemnitur;
1603 1825 1679 1860 juxta
1699 1825 1803 1852 dictum

1015 1868 1083 1896 illud
1102 1876 1109 1895 :
1131 1868 1190 1896 Non
1209 1870 1377 1904 vosmetipsos
1397 1869 1582 1905 defendentes,
1605 1871 1754 1898 charissimi
1770 1871 1803 1898 ".

1014 1915 1076 1943 Vim
1091 1915 1175 1942 etiam
1189 1914 1243 1942 sibi
1262 1915 1353 1944 facere
1368 1915 1403 1943 ad
1417 1915 1553 1943 orandum
1566 1936 1573 1948 ,
1598 1916 1710 1951 quando
1730 1923 1803 1943 non-

1015 1960 1083 1988 dum
1106 1960 1213 1996 accepit
1229 1961 1333 1988 donum
1354 1962 1450 1989 orandi
1469 1970 1519 1996 per
1540 1962 1684 1998 Spiritum.
1701 1962 1804 1990 Videns

1015 2006 1088 2034 enim
1104 2006 1176 2034 Deus
1187 2006 1227 2034 sic
1237 2007 1448 2035 contendentem
1463 2015 1578 2043 seseque
1594 2009 1803 2044 compellentcm

1015 2051 1049 2079 ad
1067 2052 1169 2079 bonum
1181 2072 1188 2085 ,
1205 2052 1292 2080 invito
1308 2053 1391 2080 etiam
1409 2053 1492 2081 corde
1503 2073 1512 2086 ,
1534 2053 1581 2081 dat
1596 2054 1636 2081 illi
1650 2054 1803 2081 orationem

1014 2097 1118 2125 Christi
1129 2105 1232 2131 veram,
1246 2098 1293 2126 dat
1302 2099 1409 2127 viscera
1424 2099 1630 2133 misericordiae,
1646 2101 1803 2136 benignita-

1015 2147 1070 2171 tem
1085 2151 1177 2171 veram
1196 2153 1203 2171 :
1223 2151 1278 2172 uno
1294 2145 1391 2178 verbo,
1413 2146 1521 2181 seponit
1536 2151 1564 2174 et
1582 2147 1691 2174 confert
1706 2147 1745 2174 illi
1759 2151 1803 2174 to-

1016 2192 1073 2216 tum
1085 2189 1203 2217 fructum
1218 2190 1348 2226 Spiritus.
1359 2190 1438 2225 Quod
1453 2192 1477 2219 si
1490 2192 1553 2227 quis
1567 2192 1803 2227 desiderans,qun

183 2236 288 2268 ἑαυτὸν,
311 2235 348 2270 μὴ
361 2234 429 2270 ἔχων
440 2234 534 2269 εὐχὴν,
551 2233 596 2260 ἴνα
614 2234 664 2268 σχῇ
681 2233 766 2268 εὐχὴν
784 2233 905 2267 χάριτος,
917 2232 963 2259 καὶ

1016 2237 1108 2266 caret,
1124 2234 1257 2262 orationis
1273 2235 1394 2268 donum,
1409 2241 1441 2263 ut
1459 2235 1527 2264 illud
1547 2237 1676 2272 impetret
1687 2258 1694 2269 ,
1712 2238 1801 2265 solum

183 2283 223 2313 εἰς
244 2281 292 2316 τὴν
309 2279 570 2314 ταπεινοφροσύνην,
588 2279 635 2304 καὶ
664 2279 774 2313 ἀγάπην
793 2280 840 2305 καὶ
852 2278 902 2309 τὰς
914 2277 965 2304 λοι-

184 2327 237 2359 πὰς
249 2326 357 2357 ἐντολὰς
371 2325 417 2352 τοῦ
445 2325 547 2360 Κυρίου
562 2323 668 2356 ἑαυτὸν,
683 2324 713 2350 οὺ
730 2323 862 2358 βιάζεται,
879 2323 963 2349 ἐνίοτε

183 2373 282 2400 δίδαται
306 2371 379 2407 αὐτῷ
403 2371 470 2406 εὐχὴ
498 2370 620 2406 χάριτος,
639 2369 685 2395 καὶ
703 2370 732 2395 ὲν
745 2368 899 2396 ἀναπαύσει
915 2369 963 2395 καὶ

183 2416 337 2452 εὐφροσύνῃ
359 2415 478 2451 μερικῶς
493 2414 564 2441 κατὰ
581 2414 612 2440 τὸ
633 2413 740 2449 αἴτημα
755 2412 851 2444 αὑτοῦ,
867 2413 922 2443 τοῖς
935 2412 963 2439 δὲ

181 2464 292 2500 τρόποις
307 2462 399 2497 ὅμοιός
411 2462 484 2488 ἐστιν
496 2458 518 2495 ᾧ
530 2459 565 2495 ἦν
581 2460 712 2495 πρότερον
722 2460 824 2494 ὅμοιος.
842 2459 898 2485 οὐκ
908 2458 965 2493 ἔχει

181 2510 236 2545 γὰρ
255 2509 406 2544 πραότητα,
435 2507 476 2534 ὅτι
502 2507 553 2534 οὐκ
568 2507 700 2541 ἐζήτησεν
720 2505 857 2540 ὲμπόνως,
874 2504 921 2531 καὶ
933 2504 963 2531 οὗ

180 2554 399 2590 προηυτρέπισεν
416 2552 512 2579 ἑαυτὸν
527 2552 599 2579 οὕτω
628 2551 763 2586 γενέσθαι.
778 2551 836 2577 Οὐκ
848 2549 905 2585 ἔχει
919 2559 964 2576 τα-

181 2599 406 2635 πεινοφροσύνην,
427 2598 520 2633 ὲπειδὴ
539 2598 590 2624 οὐκ
605 2597 702 2633 ᾔτησε,
716 2597 762 2623 καὶ
777 2596 872 2623 ἑαυτὸν
890 2595 962 2622 ἐϐιά-

182 2653 245 2672 σατο
257 2646 296 2677 εἰς
309 2645 405 2672 τοῦτο·
421 2644 473 2671 οὐκ
488 2644 545 2679 ἔχει
558 2643 668 2678 ἀγάπην
683 2643 751 2677 πρὸς
768 2642 883 2674 πάντας,
901 2641 962 2668 ἐπεὶ

181 2691 246 2726 περὶ
270 2691 367 2718 τούτου
394 2690 530 2726 μέριμναν
545 2690 596 2716 καὶ
619 2688 713 2722 ἀγῶνα
729 2688 779 2714 οὐκ
792 2687 871 2722 ἔσχεν
886 2687 914 2713 ὲν
929 2688 963 2722 τῇ

180 2738 285 2772 αἰτήσει
297 2737 347 2771 τῆς
362 2738 517 2772 προσευχῆς
526 2745 533 2752 ·
547 2737 599 2771 χρὴ
612 2736 666 2771 γὰρ
676 2735 802 2765 ἕκαστον,
815 2734 910 2769 ὥσπερ
925 2735 965 2766 εἰς

178 2782 228 2818 τὴν
239 2782 320 2818 εὐχὴν
333 2781 454 2817 βιάζεται
468 2781 563 2809 ἑαυτὸν
578 2782 624 2808 καὶ
632 2781 721 2816 ἄγχει,
731 2781 776 2807 καὶ
787 2779 825 2815 μὴ
836 2779 965 2815 θελούσης

1014 2280 1067 2308 sibi
1082 2281 1115 2308 ad
1129 2281 1266 2309 orandum
1284 2282 1340 2309 vim
1354 2282 1436 2316 facit,
1452 2291 1508 2311 non
1531 2282 1596 2312 item
1609 2285 1642 2311 ad
1660 2285 1802 2312 humiliter

1014 2324 1189 2352 sentiendum
1202 2325 1236 2353 de
1252 2333 1293 2357 se,
1307 2334 1363 2353 non
1377 2327 1410 2354 ad
1426 2328 1609 2355 exercendam
1627 2328 1800 2361 charitatem,

1014 2373 1062 2396 aut
1079 2369 1114 2396 ad
1129 2370 1256 2398 mandata
1273 2372 1380 2398 Domini
1397 2377 1494 2400 caatera
1515 2373 1652 2407 implenda
1674 2373 1725 2401 sibi
1746 2374 1801 2400 vim

1014 2414 1088 2448 facit,
1099 2416 1241 2451 continget
1253 2417 1390 2445 interdum
1401 2418 1460 2445 dari
1473 2419 1538 2446 huic
1544 2419 1677 2447 orationis
1685 2420 1799 2452 donum,

1014 2461 1097 2489 ctiam
1114 2468 1175 2488 cum
1191 2462 1284 2496 quiete
1299 2467 1327 2490 et
1344 2463 1440 2491 laetitia
1455 2472 1489 2492 ex
1501 2469 1590 2500 parte,
1606 2470 1690 2500 prout
1704 2471 1800 2501 postu-

1014 2503 1096 2538 lavit;
1114 2505 1238 2533 moribus
1257 2510 1349 2534 autem
1362 2507 1460 2534 similis
1479 2512 1521 2535 est
1535 2508 1572 2541 ei,
1590 2508 1636 2536 cui
1652 2510 1728 2544 prius
1741 2514 1801 2538 erat

1014 2551 1125 2584 similis;
1144 2559 1200 2579 non
1214 2552 1287 2580 enim
1309 2553 1394 2580 habet
1409 2553 1648 2581 mansuetudinem
1659 2575 1666 2587 ,
1683 2563 1733 2590 pro
1745 2563 1801 2591 qua

1014 2597 1191 2632 adipiscenda
1208 2606 1264 2626 non
1280 2599 1432 2632 laboravit;
1447 2604 1475 2627 et
1493 2599 1527 2627 ad
1551 2608 1633 2635 quam
1653 2609 1713 2629 sese
1744 2609 1800 2629 non

1013 2642 1160 2677 disposuit.
1182 2644 1242 2671 Non
1259 2644 1343 2672 habet
1366 2645 1567 2679 humilitatem,
1591 2647 1720 2682 quoniam
1739 2655 1800 2675 eam

1012 2695 1063 2714 nec
1077 2688 1165 2722 petiit,
1184 2697 1236 2716 nec
1253 2690 1305 2717 sibi
1325 2690 1359 2717 ad
1372 2698 1431 2718 eam
1448 2691 1629 2719 exercendam
1648 2693 1704 2719 vim
1725 2693 1800 2720 adhi-

1013 2733 1083 2761 buit.
1100 2735 1180 2770 168
1193 2736 1252 2763 Non
1265 2736 1348 2765 habet
1358 2737 1520 2765 charitalem
1531 2738 1564 2765 ad
1573 2746 1678 2771 omnes,
1689 2739 1801 2774 quando

1013 2779 1047 2807 de
1062 2780 1112 2808 hac
1123 2788 1184 2809 esse
1199 2782 1344 2816 sollicitus,
1358 2791 1409 2819 pro
1421 2791 1508 2820 eaque
1523 2784 1706 2814 contenderea
1725 2785 1798 2820 flagi-

219 2876 239 2893 “’
259 2876 355 2905 Matth.
375 2885 418 2909 τι,
443 2876 485 2904 12.
526 2877 545 2893 ¹⁵
567 2876 632 2903 Luc.
657 2883 722 2911 xm,
748 2877 792 2904 (ΖΞ.
833 2876 852 2892 ¹τ⁶
873 2875 942 2902 llum
981 2883 1037 2909 xu,
1058 2877 1106 2903 l9»
