  <div class='ocr_page' id='page_1' title='image "/cluster/home/n/w/nwhite01/storage/ocr_20150623/34/njp.32101077772547/448.png"; bbox 0 0 2079 3152; ppageno 0'>
   <div class='ocr_carea' id='block_1_1' title="bbox 192 199 241 232">
    <p class='ocr_par' dir='ltr' id='par_1_1' title="bbox 192 199 241 232">
     <span class='ocr_line' id='line_1_1' title="bbox 192 199 241 232; baseline 0.02 -1"><span class='ocrx_word' id='word_1_1' title='bbox 192 199 241 232; x_wconf 67' lang='grc' dir='ltr'><strong>8Η</strong></span> 
     </span>
    </p>
   </div>
   <div class='ocr_carea' id='block_1_2' title="bbox 658 205 1371 236">
    <p class='ocr_par' dir='ltr' id='par_1_2' title="bbox 658 205 1371 236">
     <span class='ocr_line' id='line_1_2' title="bbox 658 205 1371 236; baseline 0.003 -2"><span class='ocrx_word' id='word_1_2' title='bbox 658 205 774 235; x_wconf 77' lang='lat' dir='ltr'><strong>LlBER</strong></span> <span class='ocrx_word' id='word_1_3' title='bbox 795 206 842 235; x_wconf 79' lang='lat' dir='ltr'><strong>DE</strong></span> <span class='ocrx_word' id='word_1_4' title='bbox 862 205 1123 236; x_wconf 68' lang='lat' dir='ltr'><strong>PERFEC’FIONE</strong></span> <span class='ocrx_word' id='word_1_5' title='bbox 1143 205 1185 236; x_wconf 82' lang='lat' dir='ltr'><strong>IN</strong></span> <span class='ocrx_word' id='word_1_6' title='bbox 1205 206 1371 236; x_wconf 84' lang='lat' dir='ltr'><strong>SPIRITU.</strong></span> 
     </span>
    </p>
   </div>
   <div class='ocr_carea' id='block_1_3' title="bbox 1778 204 1830 235">
    <p class='ocr_par' dir='ltr' id='par_1_3' title="bbox 1778 204 1830 235">
     <span class='ocr_line' id='line_1_3' title="bbox 1778 204 1830 235; baseline 0 0"><span class='ocrx_word' id='word_1_7' title='bbox 1778 204 1830 235; x_wconf 59' lang='grc'><strong>82</strong></span> 
     </span>
    </p>
   </div>
   <div class='ocr_carea' id='block_1_4' title="bbox 195 258 984 297">
    <p class='ocr_par' dir='ltr' id='par_1_4' title="bbox 195 258 984 296">
     <span class='ocr_line' id='line_1_4' title="bbox 195 258 984 296; baseline 0.004 -11"><span class='ocrx_word' id='word_1_8' title='bbox 195 267 245 294; x_wconf 80' lang='grc' dir='ltr'>σης</span> <span class='ocrx_word' id='word_1_9' title='bbox 258 259 309 294; x_wconf 79' lang='grc' dir='ltr'>τῆς</span> <span class='ocrx_word' id='word_1_10' title='bbox 321 258 434 294; x_wconf 75' lang='grc' dir='ltr'>καρδίας</span> <span class='ocrx_word' id='word_1_11' title='bbox 450 258 538 294; x_wconf 77' lang='grc' dir='ltr'>ἡμῶν,</span> <span class='ocrx_word' id='word_1_12' title='bbox 553 259 675 294; x_wconf 83' lang='grc' dir='ltr'>δεόμενοι</span> <span class='ocrx_word' id='word_1_13' title='bbox 702 262 749 287; x_wconf 80' lang='grc' dir='ltr'>καὶ</span> <span class='ocrx_word' id='word_1_14' title='bbox 765 261 984 296; x_wconf 69' lang='grc' dir='ltr'>παρακαλοῦντες</span> 
     </span>
    </p>
   </div>
   <div class='ocr_carea' id='block_1_5' title="bbox 1035 258 1829 297">
    <p class='ocr_par' dir='ltr' id='par_1_5' title="bbox 1039 260 1829 297">
     <span class='ocr_line' id='line_1_5' title="bbox 1039 260 1829 297; baseline -0.001 -8"><span class='ocrx_word' id='word_1_15' title='bbox 1039 262 1158 290; x_wconf 81' lang='lat' dir='ltr'><strong>Humilis</strong></span> <span class='ocrx_word' id='word_1_16' title='bbox 1177 262 1251 290; x_wconf 93' lang='lat' dir='ltr'><strong>enim</strong></span> <span class='ocrx_word' id='word_1_17' title='bbox 1274 269 1416 297; x_wconf 83' lang='lat' dir='ltr'><strong>nunquam</strong></span> <span class='ocrx_word' id='word_1_18' title='bbox 1438 261 1529 293; x_wconf 87' lang='lat' dir='ltr'><strong>cadit;</strong></span> <span class='ocrx_word' id='word_1_19' title='bbox 1550 268 1606 296; x_wconf 87' lang='lat' dir='ltr'><strong>quo</strong></span> <span class='ocrx_word' id='word_1_20' title='bbox 1621 260 1694 289; x_wconf 92' lang='lat' dir='ltr'><strong>enim</strong></span> <span class='ocrx_word' id='word_1_21' title='bbox 1719 260 1829 288; x_wconf 85' lang='lat' dir='ltr'><strong>caderet</strong></span> 
     </span>
    </p>
   </div>
   <div class='ocr_carea' id='block_1_6' title="bbox 197 305 988 343">
    <p class='ocr_par' dir='ltr' id='par_1_6' title="bbox 197 305 988 343">
     <span class='ocr_line' id='line_1_6' title="bbox 197 305 988 343; baseline 0.003 -11"><span class='ocrx_word' id='word_1_22' title='bbox 197 306 243 332; x_wconf 69' lang='grc' dir='ltr'>τὸν</span> <span class='ocrx_word' id='word_1_23' title='bbox 257 305 323 332; x_wconf 83' lang='grc' dir='ltr'><strong>Θεὸν</strong></span> <span class='ocrx_word' id='word_1_24' title='bbox 334 305 363 332; x_wconf 78' lang='grc' dir='ltr'>ἐν</span> <span class='ocrx_word' id='word_1_25' title='bbox 378 305 466 331; x_wconf 79' lang='grc' dir='ltr'>πίστει</span> <span class='ocrx_word' id='word_1_26' title='bbox 480 305 527 332; x_wconf 81' lang='grc' dir='ltr'><strong>καὶ</strong></span> <span class='ocrx_word' id='word_1_27' title='bbox 539 305 627 332; x_wconf 78' lang='grc' dir='ltr'>ἐλπίδι</span> <span class='ocrx_word' id='word_1_28' title='bbox 640 306 687 333; x_wconf 78' lang='grc' dir='ltr'><strong>καὶ</strong></span> <span class='ocrx_word' id='word_1_29' title='bbox 702 307 797 343; x_wconf 81' lang='grc' dir='ltr'><strong>ἀγάπῃ</strong></span> <span class='ocrx_word' id='word_1_30' title='bbox 808 307 988 340; x_wconf 79' lang='grc' dir='ltr'>ἀδιαλείπτως</span> 
     </span>
    </p>
   </div>
   <div class='ocr_carea' id='block_1_7' title="bbox 195 351 987 389">
    <p class='ocr_par' dir='ltr' id='par_1_7' title="bbox 195 351 987 389">
     <span class='ocr_line' id='line_1_7' title="bbox 195 351 987 389; baseline 0.003 -11"><span class='ocrx_word' id='word_1_31' title='bbox 195 352 224 378; x_wconf 73' lang='grc' dir='ltr'>ἐν</span> <span class='ocrx_word' id='word_1_32' title='bbox 238 353 271 387; x_wconf 85' lang='grc' dir='ltr'>τῇ</span> <span class='ocrx_word' id='word_1_33' title='bbox 287 351 439 387; x_wconf 78' lang='grc' dir='ltr'>προσδοκίᾳ</span> <span class='ocrx_word' id='word_1_34' title='bbox 467 351 565 388; x_wconf 79' lang='grc' dir='ltr'>ταύτῃ,</span> <span class='ocrx_word' id='word_1_35' title='bbox 583 352 626 379; x_wconf 84' lang='grc' dir='ltr'>ἵνα</span> <span class='ocrx_word' id='word_1_36' title='bbox 647 353 798 389; x_wconf 82' lang='grc' dir='ltr'><strong>ἀποστείλῃ</strong></span> <span class='ocrx_word' id='word_1_37' title='bbox 823 353 852 379; x_wconf 88' lang='grc' dir='ltr'><strong>τὺ</strong></span> <span class='ocrx_word' id='word_1_38' title='bbox 874 353 987 389; x_wconf 81' lang='grc' dir='ltr'><strong>Πνεῦμα</strong></span> 
     </span>
    </p>
   </div>
   <div class='ocr_carea' id='block_1_8' title="bbox 195 398 986 435">
    <p class='ocr_par' dir='ltr' id='par_1_8' title="bbox 195 398 986 435">
     <span class='ocr_line' id='line_1_8' title="bbox 195 398 986 435; baseline 0.001 -10"><span class='ocrx_word' id='word_1_39' title='bbox 195 398 276 425; x_wconf 82' lang='grc' dir='ltr'><strong>αὐτοῦ</strong></span> <span class='ocrx_word' id='word_1_40' title='bbox 289 399 329 431; x_wconf 87' lang='grc' dir='ltr'><strong>είς</strong></span> <span class='ocrx_word' id='word_1_41' title='bbox 344 398 394 431; x_wconf 83' lang='grc' dir='ltr'><strong>τὰς</strong></span> <span class='ocrx_word' id='word_1_42' title='bbox 405 399 519 433; x_wconf 81' lang='grc' dir='ltr'><strong>καρδίας</strong></span> <span class='ocrx_word' id='word_1_43' title='bbox 529 399 609 434; x_wconf 78' lang='grc' dir='ltr'>ἡμῶν</span> <span class='ocrx_word' id='word_1_44' title='bbox 619 407 626 414; x_wconf 88' lang='grc'><strong>·</strong></span> <span class='ocrx_word' id='word_1_45' title='bbox 643 400 685 426; x_wconf 81' lang='grc' dir='ltr'>ἵνα</span> <span class='ocrx_word' id='word_1_46' title='bbox 695 399 836 434; x_wconf 80' lang='grc' dir='ltr'>εὑξώμεθα</span> <span class='ocrx_word' id='word_1_47' title='bbox 843 400 889 427; x_wconf 72' lang='grc' dir='ltr'><strong>καὶ</strong></span> <span class='ocrx_word' id='word_1_48' title='bbox 902 409 986 435; x_wconf 84' lang='grc' dir='ltr'>προσ-</span> 
     </span>
    </p>
   </div>
   <div class='ocr_carea' id='block_1_9' title="bbox 194 444 988 481">
    <p class='ocr_par' dir='ltr' id='par_1_9' title="bbox 194 444 988 481">
     <span class='ocr_line' id='line_1_9' title="bbox 194 444 988 481; baseline 0.003 -11"><span class='ocrx_word' id='word_1_49' title='bbox 194 444 359 479; x_wconf 82' lang='grc' dir='ltr'>κυνήσωμεν</span> <span class='ocrx_word' id='word_1_50' title='bbox 382 444 411 470; x_wconf 81' lang='grc' dir='ltr'>ὲν</span> <span class='ocrx_word' id='word_1_51' title='bbox 438 444 576 480; x_wconf 78' lang='grc' dir='ltr'>Πνεῦματι</span> <span class='ocrx_word' id='word_1_52' title='bbox 604 445 644 479; x_wconf 84' lang='grc' dir='ltr'>τῷ</span> <span class='ocrx_word' id='word_1_53' title='bbox 680 445 784 481; x_wconf 76' lang='grc' dir='ltr'>Πατρί¹</span> <span class='ocrx_word' id='word_1_54' title='bbox 800 446 847 472; x_wconf 73' lang='grc' dir='ltr'><strong>καὶ</strong></span> <span class='ocrx_word' id='word_1_55' title='bbox 870 445 936 472; x_wconf 81' lang='grc' dir='ltr'>αὐτὸ</span> <span class='ocrx_word' id='word_1_56' title='bbox 958 445 988 473; x_wconf 84' lang='grc' dir='ltr'><strong>τὸ</strong></span> 
     </span>
    </p>
   </div>
   <div class='ocr_carea' id='block_1_10' title="bbox 196 489 986 527">
    <p class='ocr_par' dir='ltr' id='par_1_10' title="bbox 196 489 986 527">
     <span class='ocr_line' id='line_1_10' title="bbox 196 489 986 527; baseline 0.004 -12"><span class='ocrx_word' id='word_1_57' title='bbox 196 489 308 524; x_wconf 85' lang='grc' dir='ltr'><strong>Πνεῦμα</strong></span> <span class='ocrx_word' id='word_1_58' title='bbox 325 489 438 526; x_wconf 73' lang='grc' dir='ltr'>εὔξηται</span> <span class='ocrx_word' id='word_1_59' title='bbox 453 490 482 516; x_wconf 80' lang='grc' dir='ltr'>ἐν</span> <span class='ocrx_word' id='word_1_60' title='bbox 495 491 560 525; x_wconf 86' lang='grc' dir='ltr'>ἡμῖν</span> <span class='ocrx_word' id='word_1_61' title='bbox 571 498 577 504; x_wconf 92' lang='grc'><strong>·</strong></span> <span class='ocrx_word' id='word_1_62' title='bbox 593 490 636 516; x_wconf 78' lang='grc' dir='ltr'>ἵνα</span> <span class='ocrx_word' id='word_1_63' title='bbox 651 491 717 517; x_wconf 85' lang='grc' dir='ltr'>αὐτὸ</span> <span class='ocrx_word' id='word_1_64' title='bbox 731 491 761 517; x_wconf 87' lang='grc' dir='ltr'><strong>τὸ</strong></span> <span class='ocrx_word' id='word_1_65' title='bbox 771 491 884 526; x_wconf 81' lang='grc' dir='ltr'><strong>Πνεῦμα</strong></span> <span class='ocrx_word' id='word_1_66' title='bbox 894 491 986 527; x_wconf 83' lang='grc' dir='ltr'><strong>διδάξῃ</strong></span> 
     </span>
    </p>
   </div>
   <div class='ocr_carea' id='block_1_11' title="bbox 175 535 985 573">
    <p class='ocr_par' dir='ltr' id='par_1_11' title="bbox 175 535 985 573">
     <span class='ocr_line' id='line_1_11' title="bbox 175 535 985 573; baseline 0.004 -12"><span class='ocrx_word' id='word_1_67' title='bbox 175 548 176 551; x_wconf 58' lang='grc' dir='ltr'><strong>η</strong></span> <span class='ocrx_word' id='word_1_68' title='bbox 195 536 269 569; x_wconf 77' lang='grc' dir='ltr'>ἡμᾶς</span> <span class='ocrx_word' id='word_1_69' title='bbox 292 535 375 571; x_wconf 76' lang='grc' dir='ltr'>εὐχὴν</span> <span class='ocrx_word' id='word_1_70' title='bbox 399 535 539 572; x_wconf 81' lang='grc' dir='ltr'><strong>ἀληθινὴν,</strong></span> <span class='ocrx_word' id='word_1_71' title='bbox 555 537 817 572; x_wconf 79' lang='grc' dir='ltr'><strong>ταπεινοφροσύνην,</strong></span> <span class='ocrx_word' id='word_1_72' title='bbox 833 537 985 573; x_wconf 82' lang='grc' dir='ltr'>πραότητα,</span> 
     </span>
    </p>
   </div>
   <div class='ocr_carea' id='block_1_12' title="bbox 194 581 986 618">
    <p class='ocr_par' dir='ltr' id='par_1_12' title="bbox 194 581 986 618">
     <span class='ocr_line' id='line_1_12' title="bbox 194 581 986 618; baseline 0.004 -10"><span class='ocrx_word' id='word_1_73' title='bbox 194 582 315 617; x_wconf 77' lang='grc' dir='ltr'><strong>ἀγάπην,</strong></span> <span class='ocrx_word' id='word_1_74' title='bbox 331 581 350 609; x_wconf 77' lang='grc' dir='ltr'>ἃ</span> <span class='ocrx_word' id='word_1_75' title='bbox 362 581 410 608; x_wconf 86' lang='grc' dir='ltr'><strong>νῦν</strong></span> <span class='ocrx_word' id='word_1_76' title='bbox 425 582 495 618; x_wconf 78' lang='grc' dir='ltr'>μετὰ</span> <span class='ocrx_word' id='word_1_77' title='bbox 509 583 569 618; x_wconf 85' lang='grc' dir='ltr'>βίας</span> <span class='ocrx_word' id='word_1_78' title='bbox 582 584 612 610; x_wconf 82' lang='grc' dir='ltr'>οὐ</span> <span class='ocrx_word' id='word_1_79' title='bbox 626 583 766 618; x_wconf 86' lang='grc' dir='ltr'>δυνάμεθα</span> <span class='ocrx_word' id='word_1_80' title='bbox 773 585 871 616; x_wconf 84' lang='grc' dir='ltr'><strong>ποιεῖν,</strong></span> <span class='ocrx_word' id='word_1_81' title='bbox 881 584 986 618; x_wconf 83' lang='grc' dir='ltr'>σπλάγ-</span> 
     </span>
    </p>
   </div>
   <div class='ocr_carea' id='block_1_13' title="bbox 194 628 987 664">
    <p class='ocr_par' dir='ltr' id='par_1_13' title="bbox 194 628 987 664">
     <span class='ocr_line' id='line_1_13' title="bbox 194 628 987 664; baseline 0.003 -10"><span class='ocrx_word' id='word_1_82' title='bbox 194 636 244 662; x_wconf 74' lang='grc' dir='ltr'>χνα</span> <span class='ocrx_word' id='word_1_83' title='bbox 261 628 426 663; x_wconf 77' lang='grc' dir='ltr'>οἰκτιρμῶν,</span> <span class='ocrx_word' id='word_1_84' title='bbox 442 629 626 664; x_wconf 79' lang='grc' dir='ltr'>χρηστότητα.</span> <span class='ocrx_word' id='word_1_85' title='bbox 643 629 690 656; x_wconf 82' lang='grc' dir='ltr'>καὶ</span> <span class='ocrx_word' id='word_1_86' title='bbox 707 629 798 661; x_wconf 84' lang='grc' dir='ltr'>πάσας</span> <span class='ocrx_word' id='word_1_87' title='bbox 811 629 861 661; x_wconf 84' lang='grc' dir='ltr'><strong>τὰς</strong></span> <span class='ocrx_word' id='word_1_88' title='bbox 877 630 987 662; x_wconf 78' lang='grc' dir='ltr'>ἐντολὰς</span> 
     </span>
    </p>
   </div>
   <div class='ocr_carea' id='block_1_14' title="bbox 193 674 986 711">
    <p class='ocr_par' dir='ltr' id='par_1_14' title="bbox 193 674 986 711">
     <span class='ocr_line' id='line_1_14' title="bbox 193 674 986 711; baseline 0.003 -11"><span class='ocrx_word' id='word_1_89' title='bbox 193 674 239 700; x_wconf 76' lang='grc' dir='ltr'><strong>τοῦ</strong></span> <span class='ocrx_word' id='word_1_90' title='bbox 258 674 361 710; x_wconf 79' lang='grc' dir='ltr'><strong>Κυρίου</strong></span> <span class='ocrx_word' id='word_1_91' title='bbox 376 675 469 711; x_wconf 82' lang='grc' dir='ltr'><strong>διδάξῃ</strong></span> <span class='ocrx_word' id='word_1_92' title='bbox 490 675 564 710; x_wconf 77' lang='grc' dir='ltr'>ἡμᾶς</span> <span class='ocrx_word' id='word_1_93' title='bbox 587 675 700 710; x_wconf 82' lang='grc' dir='ltr'>ποιῆσαι</span> <span class='ocrx_word' id='word_1_94' title='bbox 715 675 745 708; x_wconf 77' lang='grc' dir='ltr'><strong>ἐξ</strong></span> <span class='ocrx_word' id='word_1_95' title='bbox 763 675 901 711; x_wconf 78' lang='grc' dir='ltr'><strong>ἀληθείας,</strong></span> <span class='ocrx_word' id='word_1_96' title='bbox 918 677 986 703; x_wconf 72' lang='grc' dir='ltr'>ἀπό-</span> 
     </span>
    </p>
   </div>
   <div class='ocr_carea' id='block_1_15' title="bbox 193 721 986 758">
    <p class='ocr_par' dir='ltr' id='par_1_15' title="bbox 193 721 986 758">
     <span class='ocr_line' id='line_1_15' title="bbox 193 721 986 758; baseline 0.004 -12"><span class='ocrx_word' id='word_1_97' title='bbox 193 729 246 752; x_wconf 84' lang='grc' dir='ltr'>νως</span> <span class='ocrx_word' id='word_1_98' title='bbox 273 721 320 748; x_wconf 74' lang='grc' dir='ltr'><strong>καὶ</strong></span> <span class='ocrx_word' id='word_1_99' title='bbox 347 721 486 754; x_wconf 76' lang='grc' dir='ltr'>ἁϐιάστως</span> <span class='ocrx_word' id='word_1_100' title='bbox 499 731 506 737; x_wconf 88' lang='grc'>·</span> <span class='ocrx_word' id='word_1_101' title='bbox 531 722 569 754; x_wconf 87' lang='grc' dir='ltr'>ὡς</span> <span class='ocrx_word' id='word_1_102' title='bbox 595 722 660 749; x_wconf 80' lang='grc' dir='ltr'>αὐτὸ</span> <span class='ocrx_word' id='word_1_103' title='bbox 673 722 704 749; x_wconf 81' lang='grc' dir='ltr'>τὸ</span> <span class='ocrx_word' id='word_1_104' title='bbox 718 722 832 757; x_wconf 81' lang='grc' dir='ltr'><strong>Πνεῦμα</strong></span> <span class='ocrx_word' id='word_1_105' title='bbox 847 722 902 749; x_wconf 81' lang='grc' dir='ltr'>οἶδε</span> <span class='ocrx_word' id='word_1_106' title='bbox 915 723 986 758; x_wconf 87' lang='grc' dir='ltr'><strong>πλη-</strong></span> 
     </span>
    </p>
   </div>
   <div class='ocr_carea' id='block_1_16' title="bbox 194 765 985 802">
    <p class='ocr_par' dir='ltr' id='par_1_16' title="bbox 194 765 985 802">
     <span class='ocr_line' id='line_1_16' title="bbox 194 765 985 802; baseline 0.003 -10"><span class='ocrx_word' id='word_1_107' title='bbox 194 765 259 801; x_wconf 85' lang='grc' dir='ltr'>ροῦν</span> <span class='ocrx_word' id='word_1_108' title='bbox 274 766 349 801; x_wconf 72' lang='grc' dir='ltr'>ἡμᾶς</span> <span class='ocrx_word' id='word_1_109' title='bbox 365 767 423 798; x_wconf 85' lang='grc' dir='ltr'>τοῖς</span> <span class='ocrx_word' id='word_1_110' title='bbox 440 768 558 802; x_wconf 77' lang='grc' dir='ltr'><strong>καρποῖς</strong></span> <span class='ocrx_word' id='word_1_111' title='bbox 584 766 668 793; x_wconf 81' lang='grc' dir='ltr'>αὐτοῦ</span> <span class='ocrx_word' id='word_1_112' title='bbox 680 776 686 781; x_wconf 92' lang='grc'><strong>·</strong></span> <span class='ocrx_word' id='word_1_113' title='bbox 706 766 755 793; x_wconf 69' lang='grc' dir='ltr'>καὶ</span> <span class='ocrx_word' id='word_1_114' title='bbox 771 766 857 799; x_wconf 77' lang='grc' dir='ltr'>οὕτως</span> <span class='ocrx_word' id='word_1_115' title='bbox 873 768 926 794; x_wconf 86' lang='grc' dir='ltr'>τῶν</span> <span class='ocrx_word' id='word_1_116' title='bbox 941 769 985 794; x_wconf 75' lang='grc' dir='ltr'><strong>ὲν-</strong></span> 
     </span>
    </p>
   </div>
   <div class='ocr_carea' id='block_1_17' title="bbox 192 810 984 848">
    <p class='ocr_par' dir='ltr' id='par_1_17' title="bbox 192 810 984 848">
     <span class='ocr_line' id='line_1_17' title="bbox 192 810 984 848; baseline 0.004 -11"><span class='ocrx_word' id='word_1_117' title='bbox 192 810 277 837; x_wconf 81' lang='grc' dir='ltr'>τολῶν</span> <span class='ocrx_word' id='word_1_118' title='bbox 298 811 345 838; x_wconf 78' lang='grc' dir='ltr'><strong>τοῦ</strong></span> <span class='ocrx_word' id='word_1_119' title='bbox 371 813 473 848; x_wconf 82' lang='grc' dir='ltr'>Κυρίου</span> <span class='ocrx_word' id='word_1_120' title='bbox 496 813 692 848; x_wconf 75' lang='grc' dir='ltr'>πληρωθεισῶν</span> <span class='ocrx_word' id='word_1_121' title='bbox 715 813 758 847; x_wconf 75' lang='grc' dir='ltr'><strong>ἐφ’</strong></span> <span class='ocrx_word' id='word_1_122' title='bbox 773 813 839 848; x_wconf 76' lang='grc' dir='ltr'>ἡμῖν</span> <span class='ocrx_word' id='word_1_123' title='bbox 870 813 914 840; x_wconf 87' lang='grc' dir='ltr'><strong>διὰ</strong></span> <span class='ocrx_word' id='word_1_124' title='bbox 937 814 984 840; x_wconf 85' lang='grc' dir='ltr'><strong>τοῦ</strong></span> 
     </span>
    </p>
   </div>
   <div class='ocr_carea' id='block_1_18' title="bbox 193 857 985 895">
    <p class='ocr_par' dir='ltr' id='par_1_18' title="bbox 193 857 985 895">
     <span class='ocr_line' id='line_1_18' title="bbox 193 857 985 895; baseline 0.004 -12"><span class='ocrx_word' id='word_1_125' title='bbox 193 857 353 892; x_wconf 78' lang='grc' dir='ltr'>Πνεῦματος</span> <span class='ocrx_word' id='word_1_126' title='bbox 367 857 463 890; x_wconf 85' lang='grc' dir='ltr'>αὑτοῦ,</span> <span class='ocrx_word' id='word_1_127' title='bbox 475 857 522 885; x_wconf 83' lang='grc' dir='ltr'><strong>τοῦ</strong></span> <span class='ocrx_word' id='word_1_128' title='bbox 548 858 630 893; x_wconf 87' lang='grc' dir='ltr'>μόνου</span> <span class='ocrx_word' id='word_1_129' title='bbox 645 858 825 893; x_wconf 83' lang='grc' dir='ltr'><strong>γινώσκοντος</strong></span> <span class='ocrx_word' id='word_1_130' title='bbox 838 859 868 885; x_wconf 81' lang='grc' dir='ltr'>τὸ</span> <span class='ocrx_word' id='word_1_131' title='bbox 880 859 985 895; x_wconf 78' lang='grc' dir='ltr'><strong>θέλημα</strong></span> 
     </span>
    </p>
   </div>
   <div class='ocr_carea' id='block_1_19' title="bbox 191 902 985 939">
    <p class='ocr_par' dir='ltr' id='par_1_19' title="bbox 191 902 985 939">
     <span class='ocr_line' id='line_1_19' title="bbox 191 902 985 939; baseline 0.004 -11"><span class='ocrx_word' id='word_1_132' title='bbox 191 902 238 928; x_wconf 77' lang='grc' dir='ltr'><strong>τοῦ</strong></span> <span class='ocrx_word' id='word_1_133' title='bbox 257 903 389 937; x_wconf 80' lang='grc' dir='ltr'><strong>Χριστοῦ,</strong></span> <span class='ocrx_word' id='word_1_134' title='bbox 407 903 454 930; x_wconf 79' lang='grc' dir='ltr'><strong>καὶ</strong></span> <span class='ocrx_word' id='word_1_135' title='bbox 471 903 666 939; x_wconf 77' lang='grc' dir='ltr'>καθαρίζοντος</span> <span class='ocrx_word' id='word_1_136' title='bbox 687 905 763 939; x_wconf 79' lang='grc' dir='ltr'>ἡμᾶς</span> <span class='ocrx_word' id='word_1_137' title='bbox 776 904 831 931; x_wconf 77' lang='grc' dir='ltr'><strong>ἀπὸ</strong></span> <span class='ocrx_word' id='word_1_138' title='bbox 856 905 903 932; x_wconf 81' lang='grc' dir='ltr'><strong>τοῦ</strong></span> <span class='ocrx_word' id='word_1_139' title='bbox 923 905 985 931; x_wconf 91' lang='grc' dir='ltr'>σπί-</span> 
     </span>
    </p>
   </div>
   <div class='ocr_carea' id='block_1_20' title="bbox 190 937 1022 985">
    <p class='ocr_par' dir='ltr' id='par_1_20' title="bbox 190 937 1022 985">
     <span class='ocr_line' id='line_1_20' title="bbox 190 937 1022 985; baseline 0.004 -11"><span class='ocrx_word' id='word_1_140' title='bbox 190 949 238 974; x_wconf 82' lang='grc' dir='ltr'>λον</span> <span class='ocrx_word' id='word_1_141' title='bbox 260 949 311 983; x_wconf 79' lang='grc' dir='ltr'>τῆς</span> <span class='ocrx_word' id='word_1_142' title='bbox 342 949 491 984; x_wconf 82' lang='grc' dir='ltr'>ἁμαρτίας,</span> <span class='ocrx_word' id='word_1_143' title='bbox 515 937 611 985; x_wconf 77' lang='grc' dir='ltr'>ὥσπερ</span> <span class='ocrx_word' id='word_1_144' title='bbox 626 937 735 985; x_wconf 56' lang='lat' dir='ltr'><strong>vom};</strong></span> <span class='ocrx_word' id='word_1_145' title='bbox 749 950 835 982; x_wconf 79' lang='grc' dir='ltr'>καλὰς</span> <span class='ocrx_word' id='word_1_146' title='bbox 861 949 984 984; x_wconf 84' lang='grc' dir='ltr'>καθαρὰς</span> <span class='ocrx_word' id='word_1_147' title='bbox 1001 937 1022 965; x_wconf 71' lang='grc' dir='ltr'><strong><em>Β</em></strong></span> 
     </span>
    </p>
   </div>
   <div class='ocr_carea' id='block_1_21' title="bbox 192 996 984 1033">
    <p class='ocr_par' dir='ltr' id='par_1_21' title="bbox 192 996 984 1033">
     <span class='ocr_line' id='line_1_21' title="bbox 192 996 984 1033; baseline 0.004 -11"><span class='ocrx_word' id='word_1_148' title='bbox 192 996 239 1023; x_wconf 71' lang='grc' dir='ltr'>καὶ</span> <span class='ocrx_word' id='word_1_149' title='bbox 255 996 388 1032; x_wconf 83' lang='grc' dir='ltr'>ἀμώμους</span> <span class='ocrx_word' id='word_1_150' title='bbox 416 997 584 1033; x_wconf 83' lang='grc' dir='ltr'>παραστήσῃ</span> <span class='ocrx_word' id='word_1_151' title='bbox 603 997 643 1032; x_wconf 86' lang='grc' dir='ltr'>τῷ</span> <span class='ocrx_word' id='word_1_152' title='bbox 668 997 792 1033; x_wconf 81' lang='grc' dir='ltr'>Χριστῷ,</span> <span class='ocrx_word' id='word_1_153' title='bbox 809 998 984 1033; x_wconf 78' lang='grc' dir='ltr'>ἀναπαυομέ-</span> 
     </span>
    </p>
   </div>
   <div class='ocr_carea' id='block_1_22' title="bbox 190 1043 982 1080">
    <p class='ocr_par' dir='ltr' id='par_1_22' title="bbox 190 1043 982 1080">
     <span class='ocr_line' id='line_1_22' title="bbox 190 1043 982 1080; baseline 0.005 -12"><span class='ocrx_word' id='word_1_154' title='bbox 190 1050 244 1068; x_wconf 83' lang='grc' dir='ltr'><strong>νων</strong></span> <span class='ocrx_word' id='word_1_155' title='bbox 258 1043 337 1077; x_wconf 80' lang='grc' dir='ltr'>ἡμῶν</span> <span class='ocrx_word' id='word_1_156' title='bbox 351 1044 379 1069; x_wconf 79' lang='grc' dir='ltr'>ἐν</span> <span class='ocrx_word' id='word_1_157' title='bbox 393 1043 463 1078; x_wconf 77' lang='grc' dir='ltr'><strong>Θεῷ,</strong></span> <span class='ocrx_word' id='word_1_158' title='bbox 476 1043 523 1070; x_wconf 77' lang='grc' dir='ltr'><strong>καὶ</strong></span> <span class='ocrx_word' id='word_1_159' title='bbox 538 1043 746 1079; x_wconf 76' lang='grc' dir='ltr'>ἀναπαυομένου</span> <span class='ocrx_word' id='word_1_160' title='bbox 760 1044 806 1071; x_wconf 82' lang='grc' dir='ltr'><strong>τοῦ</strong></span> <span class='ocrx_word' id='word_1_161' title='bbox 822 1045 940 1080; x_wconf 78' lang='grc' dir='ltr'>Χριστοῦ</span> <span class='ocrx_word' id='word_1_162' title='bbox 953 1046 982 1072; x_wconf 81' lang='grc' dir='ltr'>ὲν</span> 
     </span>
    </p>
   </div>
   <div class='ocr_carea' id='block_1_23' title="bbox 191 1089 982 1126">
    <p class='ocr_par' dir='ltr' id='par_1_23' title="bbox 191 1089 982 1126">
     <span class='ocr_line' id='line_1_23' title="bbox 191 1089 982 1126; baseline 0.004 -12"><span class='ocrx_word' id='word_1_163' title='bbox 191 1089 257 1122; x_wconf 86' lang='grc' dir='ltr'>ὴμῒν</span> <span class='ocrx_word' id='word_1_164' title='bbox 271 1089 311 1120; x_wconf 83' lang='grc' dir='ltr'><strong>είς</strong></span> <span class='ocrx_word' id='word_1_165' title='bbox 332 1089 396 1120; x_wconf 80' lang='grc' dir='ltr'>τοὺς</span> <span class='ocrx_word' id='word_1_166' title='bbox 416 1089 586 1124; x_wconf 76' lang='grc' dir='ltr'><strong>ἀπεράντους</strong></span> <span class='ocrx_word' id='word_1_167' title='bbox 601 1089 714 1121; x_wconf 84' lang='grc' dir='ltr'>αίῶνας.</span> <span class='ocrx_word' id='word_1_168' title='bbox 728 1089 797 1123; x_wconf 76' lang='grc' dir='ltr'>Δόξα</span> <span class='ocrx_word' id='word_1_169' title='bbox 808 1091 863 1122; x_wconf 85' lang='grc' dir='ltr'>τοῖς</span> <span class='ocrx_word' id='word_1_170' title='bbox 877 1090 982 1126; x_wconf 83' lang='grc' dir='ltr'>οίκτιρ-</span> 
     </span>
    </p>
   </div>
   <div class='ocr_carea' id='block_1_24' title="bbox 192 1134 983 1172">
    <p class='ocr_par' dir='ltr' id='par_1_24' title="bbox 192 1134 983 1172">
     <span class='ocr_line' id='line_1_24' title="bbox 192 1134 983 1172; baseline 0.004 -12"><span class='ocrx_word' id='word_1_171' title='bbox 192 1135 252 1168; x_wconf 83' lang='grc' dir='ltr'>μοῖς</span> <span class='ocrx_word' id='word_1_172' title='bbox 265 1134 359 1167; x_wconf 83' lang='grc' dir='ltr'>αὐτοῦ,</span> <span class='ocrx_word' id='word_1_173' title='bbox 371 1135 418 1162; x_wconf 76' lang='grc' dir='ltr'><strong>καὶ</strong></span> <span class='ocrx_word' id='word_1_174' title='bbox 430 1135 470 1170; x_wconf 88' lang='grc' dir='ltr'>τῷ</span> <span class='ocrx_word' id='word_1_175' title='bbox 486 1135 568 1168; x_wconf 79' lang='grc' dir='ltr'>ἐλέει,</span> <span class='ocrx_word' id='word_1_176' title='bbox 588 1136 635 1163; x_wconf 75' lang='grc' dir='ltr'>καὶ</span> <span class='ocrx_word' id='word_1_177' title='bbox 651 1137 684 1171; x_wconf 88' lang='grc' dir='ltr'><strong>τῇ</strong></span> <span class='ocrx_word' id='word_1_178' title='bbox 710 1136 804 1172; x_wconf 79' lang='grc' dir='ltr'><strong>ἀγάπῃ</strong></span> <span class='ocrx_word' id='word_1_179' title='bbox 827 1136 921 1168; x_wconf 80' lang='grc' dir='ltr'>αὐτοῦ,</span> <span class='ocrx_word' id='word_1_180' title='bbox 941 1137 983 1164; x_wconf 85' lang='grc' dir='ltr'>ὅτι</span> 
     </span>
    </p>
   </div>
   <div class='ocr_carea' id='block_1_25' title="bbox 190 1180 985 1217">
    <p class='ocr_par' dir='ltr' id='par_1_25' title="bbox 190 1180 985 1217">
     <span class='ocr_line' id='line_1_25' title="bbox 190 1180 985 1217; baseline 0.004 -11"><span class='ocrx_word' id='word_1_181' title='bbox 190 1180 230 1211; x_wconf 78' lang='grc' dir='ltr'><strong>είς</strong></span> <span class='ocrx_word' id='word_1_182' title='bbox 245 1181 378 1216; x_wconf 77' lang='grc' dir='ltr'>τοσαύτην</span> <span class='ocrx_word' id='word_1_183' title='bbox 391 1181 476 1217; x_wconf 76' lang='grc' dir='ltr'>τιμὴν</span> <span class='ocrx_word' id='word_1_184' title='bbox 489 1181 643 1216; x_wconf 83' lang='grc' dir='ltr'>κατηξίωσε</span> <span class='ocrx_word' id='word_1_185' title='bbox 656 1181 687 1208; x_wconf 83' lang='grc' dir='ltr'>τὸ</span> <span class='ocrx_word' id='word_1_186' title='bbox 704 1181 878 1216; x_wconf 81' lang='grc' dir='ltr'>ἀνθρώπινον</span> <span class='ocrx_word' id='word_1_187' title='bbox 895 1183 985 1217; x_wconf 85' lang='grc' dir='ltr'>γένος,</span> 
     </span>
    </p>
   </div>
   <div class='ocr_carea' id='block_1_26' title="bbox 191 1226 987 1263">
    <p class='ocr_par' dir='ltr' id='par_1_26' title="bbox 191 1226 987 1263">
     <span class='ocr_line' id='line_1_26' title="bbox 191 1226 987 1263; baseline 0.004 -11"><span class='ocrx_word' id='word_1_188' title='bbox 191 1226 273 1254; x_wconf 74' lang='grc' dir='ltr'>ἰδίους</span> <span class='ocrx_word' id='word_1_189' title='bbox 298 1227 430 1261; x_wconf 66' lang='grc' dir='ltr'>ἀδελφοὺς</span> <span class='ocrx_word' id='word_1_190' title='bbox 451 1228 497 1254; x_wconf 75' lang='grc' dir='ltr'>καὶ</span> <span class='ocrx_word' id='word_1_191' title='bbox 513 1228 588 1259; x_wconf 82' lang='grc' dir='ltr'>υἱοὺς</span> <span class='ocrx_word' id='word_1_192' title='bbox 610 1228 717 1263; x_wconf 85' lang='grc' dir='ltr'>Πατρὺς</span> <span class='ocrx_word' id='word_1_193' title='bbox 734 1228 897 1263; x_wconf 74' lang='grc' dir='ltr'>ἐπουρανίου</span> <span class='ocrx_word' id='word_1_194' title='bbox 920 1237 987 1255; x_wconf 83' lang='grc' dir='ltr'>κατ-</span> 
     </span>
    </p>
   </div>
   <div class='ocr_carea' id='block_1_27' title="bbox 189 1271 985 1309">
    <p class='ocr_par' dir='ltr' id='par_1_27' title="bbox 189 1271 985 1309">
     <span class='ocr_line' id='line_1_27' title="bbox 189 1271 985 1309; baseline 0.004 -11"><span class='ocrx_word' id='word_1_195' title='bbox 189 1271 272 1303; x_wconf 79' lang='grc' dir='ltr'>αξιῶν</span> <span class='ocrx_word' id='word_1_196' title='bbox 297 1272 344 1299; x_wconf 74' lang='grc' dir='ltr'>καὶ</span> <span class='ocrx_word' id='word_1_197' title='bbox 371 1273 593 1309; x_wconf 78' lang='grc' dir='ltr'>προσαγορεύων.</span> <span class='ocrx_word' id='word_1_198' title='bbox 619 1273 688 1307; x_wconf 82' lang='grc' dir='ltr'>Δόξα</span> <span class='ocrx_word' id='word_1_199' title='bbox 713 1273 752 1309; x_wconf 84' lang='grc' dir='ltr'>τῷ</span> <span class='ocrx_word' id='word_1_200' title='bbox 769 1274 867 1309; x_wconf 82' lang='grc' dir='ltr'>Πατρὶ,</span> <span class='ocrx_word' id='word_1_201' title='bbox 890 1274 985 1309; x_wconf 80' lang='grc' dir='ltr'>καὶτῷ</span> 
     </span>
    </p>
   </div>
   <div class='ocr_carea' id='block_1_28' title="bbox 190 1318 985 1354">
    <p class='ocr_par' dir='ltr' id='par_1_28' title="bbox 190 1318 985 1354">
     <span class='ocr_line' id='line_1_28' title="bbox 190 1318 985 1354; baseline 0.005 -11"><span class='ocrx_word' id='word_1_202' title='bbox 190 1318 259 1353; x_wconf 75' lang='grc' dir='ltr'><strong>Υίῷ,</strong></span> <span class='ocrx_word' id='word_1_203' title='bbox 284 1319 330 1344; x_wconf 79' lang='grc' dir='ltr'><strong>καὶ</strong></span> <span class='ocrx_word' id='word_1_204' title='bbox 344 1318 383 1354; x_wconf 83' lang='grc' dir='ltr'>τῷ</span> <span class='ocrx_word' id='word_1_205' title='bbox 412 1319 482 1354; x_wconf 83' lang='grc' dir='ltr'><strong>ἁγίῳ</strong></span> <span class='ocrx_word' id='word_1_206' title='bbox 498 1319 648 1354; x_wconf 88' lang='grc' dir='ltr'>Πνεύματι,</span> <span class='ocrx_word' id='word_1_207' title='bbox 663 1320 703 1351; x_wconf 84' lang='grc' dir='ltr'><strong>είς</strong></span> <span class='ocrx_word' id='word_1_208' title='bbox 720 1319 783 1351; x_wconf 79' lang='grc' dir='ltr'>τοὺς</span> <span class='ocrx_word' id='word_1_209' title='bbox 810 1320 913 1352; x_wconf 79' lang='grc' dir='ltr'>αἰῶνας</span> <span class='ocrx_word' id='word_1_210' title='bbox 930 1320 985 1348; x_wconf 84' lang='grc' dir='ltr'>τῶν</span> 
     </span>
    </p>
   </div>
   <div class='ocr_carea' id='block_1_29' title="bbox 189 1364 428 1400">
    <p class='ocr_par' dir='ltr' id='par_1_29' title="bbox 189 1364 428 1400">
     <span class='ocr_line' id='line_1_29' title="bbox 189 1364 428 1400; baseline 0.008 -10"><span class='ocrx_word' id='word_1_211' title='bbox 189 1364 308 1391; x_wconf 79' lang='grc' dir='ltr'>αἰώνων.</span> <span class='ocrx_word' id='word_1_212' title='bbox 329 1365 428 1400; x_wconf 79' lang='grc' dir='ltr'>Ἀμήν.</span> 
     </span>
    </p>
   </div>
   <div class='ocr_carea' id='block_1_30' title="bbox 1041 307 1828 343">
    <p class='ocr_par' dir='ltr' id='par_1_30' title="bbox 1041 307 1828 343">
     <span class='ocr_line' id='line_1_30' title="bbox 1041 307 1828 343; baseline -0.004 -7"><span class='ocrx_word' id='word_1_213' title='bbox 1041 308 1088 343; x_wconf 87' lang='lat' dir='ltr'><strong>qui</strong></span> <span class='ocrx_word' id='word_1_214' title='bbox 1104 308 1176 336; x_wconf 82' lang='lat' dir='ltr'><strong>infra</strong></span> <span class='ocrx_word' id='word_1_215' title='bbox 1191 309 1285 336; x_wconf 87' lang='lat' dir='ltr'><strong>omnia</strong></span> <span class='ocrx_word' id='word_1_216' title='bbox 1299 308 1359 335; x_wconf 80' lang='lat' dir='ltr'><strong>est?</strong></span> <span class='ocrx_word' id='word_1_217' title='bbox 1371 307 1467 343; x_wconf 83' lang='lat' dir='ltr'><strong>Magna</strong></span> <span class='ocrx_word' id='word_1_218' title='bbox 1479 308 1608 335; x_wconf 74' lang='lat' dir='ltr'><strong>exaltatio</strong></span> <span class='ocrx_word' id='word_1_219' title='bbox 1621 307 1762 338; x_wconf 76' lang='lat' dir='ltr'><strong>humilitas</strong></span> <span class='ocrx_word' id='word_1_220' title='bbox 1776 311 1828 339; x_wconf 83' lang='lat' dir='ltr'><strong>est;</strong></span> 
     </span>
    </p>
   </div>
   <div class='ocr_carea' id='block_1_31' title="bbox 1040 353 1831 390">
    <p class='ocr_par' dir='ltr' id='par_1_31' title="bbox 1040 353 1831 390">
     <span class='ocr_line' id='line_1_31' title="bbox 1040 353 1831 390; baseline -0.003 -8"><span class='ocrx_word' id='word_1_221' title='bbox 1040 362 1164 382; x_wconf 89' lang='lat' dir='ltr'><strong>summus</strong></span> <span class='ocrx_word' id='word_1_222' title='bbox 1182 355 1296 383; x_wconf 87' lang='lat' dir='ltr'><strong>honoris</strong></span> <span class='ocrx_word' id='word_1_223' title='bbox 1307 362 1387 390; x_wconf 82' lang='lat' dir='ltr'><strong>apex,</strong></span> <span class='ocrx_word' id='word_1_224' title='bbox 1404 354 1513 382; x_wconf 81' lang='lat' dir='ltr'><strong>excelsa</strong></span> <span class='ocrx_word' id='word_1_225' title='bbox 1529 354 1657 388; x_wconf 80' lang='lat' dir='ltr'><strong>dignitas,</strong></span> <span class='ocrx_word' id='word_1_226' title='bbox 1669 354 1712 381; x_wconf 88' lang='lat' dir='ltr'><strong>sui</strong></span> <span class='ocrx_word' id='word_1_227' title='bbox 1727 353 1831 380; x_wconf 88' lang='lat' dir='ltr'><strong>demis-</strong></span> 
     </span>
    </p>
   </div>
   <div class='ocr_carea' id='block_1_32' title="bbox 1039 399 1828 436">
    <p class='ocr_par' dir='ltr' id='par_1_32' title="bbox 1039 399 1828 436">
     <span class='ocr_line' id='line_1_32' title="bbox 1039 399 1828 436; baseline -0.001 -8"><span class='ocrx_word' id='word_1_228' title='bbox 1039 401 1091 428; x_wconf 90' lang='lat' dir='ltr'><strong>sio.</strong></span> <span class='ocrx_word' id='word_1_229' title='bbox 1113 401 1336 429; x_wconf 80' lang='lat' dir='ltr'><strong>Assuefaciamus</strong></span> <span class='ocrx_word' id='word_1_230' title='bbox 1353 408 1419 436; x_wconf 79' lang='lat' dir='ltr'><strong>ergo</strong></span> <span class='ocrx_word' id='word_1_231' title='bbox 1433 408 1498 432; x_wconf 88' lang='lat' dir='ltr'><strong>nos,</strong></span> <span class='ocrx_word' id='word_1_232' title='bbox 1516 404 1544 427; x_wconf 88' lang='lat' dir='ltr'><strong>et</strong></span> <span class='ocrx_word' id='word_1_233' title='bbox 1556 400 1582 426; x_wconf 88' lang='lat' dir='ltr'><strong>vi</strong></span> <span class='ocrx_word' id='word_1_234' title='bbox 1604 401 1688 427; x_wconf 90' lang='lat' dir='ltr'><strong>etiam</strong></span> <span class='ocrx_word' id='word_1_235' title='bbox 1705 399 1828 428; x_wconf 87' lang='lat' dir='ltr'><strong>adhibita</strong></span> 
     </span>
    </p>
   </div>
   <div class='ocr_carea' id='block_1_33' title="bbox 1039 445 1828 482">
    <p class='ocr_par' dir='ltr' id='par_1_33' title="bbox 1039 445 1828 482">
     <span class='ocr_line' id='line_1_33' title="bbox 1039 445 1828 482; baseline -0.001 -9"><span class='ocrx_word' id='word_1_236' title='bbox 1039 454 1169 482; x_wconf 79' lang='lat' dir='ltr'><strong>cogamus</strong></span> <span class='ocrx_word' id='word_1_237' title='bbox 1181 446 1215 473; x_wconf 90' lang='lat' dir='ltr'><strong>ad</strong></span> <span class='ocrx_word' id='word_1_238' title='bbox 1227 446 1381 478; x_wconf 85' lang='lat' dir='ltr'><strong>submisse,</strong></span> <span class='ocrx_word' id='word_1_239' title='bbox 1397 446 1507 473; x_wconf 90' lang='lat' dir='ltr'><strong>nolente</strong></span> <span class='ocrx_word' id='word_1_240' title='bbox 1521 446 1603 472; x_wconf 89' lang='lat' dir='ltr'><strong>etiam</strong></span> <span class='ocrx_word' id='word_1_241' title='bbox 1619 445 1702 473; x_wconf 90' lang='lat' dir='ltr'><strong>corde</strong></span> <span class='ocrx_word' id='word_1_242' title='bbox 1721 449 1828 477; x_wconf 88' lang='lat' dir='ltr'><strong>nostro,</strong></span> 
     </span>
    </p>
   </div>
   <div class='ocr_carea' id='block_1_34' title="bbox 1039 491 1830 527">
    <p class='ocr_par' dir='ltr' id='par_1_34' title="bbox 1039 491 1830 527">
     <span class='ocr_line' id='line_1_34' title="bbox 1039 491 1830 527; baseline 0 -7"><span class='ocrx_word' id='word_1_243' title='bbox 1039 492 1073 520; x_wconf 90' lang='lat' dir='ltr'><strong>de</strong></span> <span class='ocrx_word' id='word_1_244' title='bbox 1089 493 1170 520; x_wconf 91' lang='lat' dir='ltr'><strong>nobis</strong></span> <span class='ocrx_word' id='word_1_245' title='bbox 1187 492 1376 525; x_wconf 87' lang='lat' dir='ltr'><strong>sentiendum;</strong></span> <span class='ocrx_word' id='word_1_246' title='bbox 1398 493 1539 526; x_wconf 86' lang='lat' dir='ltr'><strong>Deumque</strong></span> <span class='ocrx_word' id='word_1_247' title='bbox 1556 499 1618 519; x_wconf 92' lang='lat' dir='ltr'><strong>cum</strong></span> <span class='ocrx_word' id='word_1_248' title='bbox 1640 491 1710 524; x_wconf 85' lang='lat' dir='ltr'><strong>lide,</strong></span> <span class='ocrx_word' id='word_1_249' title='bbox 1732 499 1779 527; x_wconf 96' lang='lat' dir='ltr'><strong>spe</strong></span> <span class='ocrx_word' id='word_1_250' title='bbox 1797 500 1830 520; x_wconf 90' lang='lat' dir='ltr'><strong>ac</strong></span> 
     </span>
    </p>
   </div>
   <div class='ocr_carea' id='block_1_35' title="bbox 1038 538 1830 574">
    <p class='ocr_par' dir='ltr' id='par_1_35' title="bbox 1038 538 1830 574">
     <span class='ocr_line' id='line_1_35' title="bbox 1038 538 1830 574; baseline -0.001 -8"><span class='ocrx_word' id='word_1_251' title='bbox 1038 539 1173 567; x_wconf 88' lang='lat' dir='ltr'><strong>charitate</strong></span> <span class='ocrx_word' id='word_1_252' title='bbox 1194 539 1381 567; x_wconf 81' lang='lat' dir='ltr'><strong>indesinenter</strong></span> <span class='ocrx_word' id='word_1_253' title='bbox 1408 539 1596 572; x_wconf 80' lang='lat' dir='ltr'><strong>obsecrantes,</strong></span> <span class='ocrx_word' id='word_1_254' title='bbox 1619 538 1646 565; x_wconf 93' lang='lat' dir='ltr'><strong>in</strong></span> <span class='ocrx_word' id='word_1_255' title='bbox 1673 538 1830 574; x_wconf 81' lang='lat' dir='ltr'><strong>longanima</strong></span> 
     </span>
    </p>
   </div>
   <div class='ocr_carea' id='block_1_36' title="bbox 1037 584 1829 620">
    <p class='ocr_par' dir='ltr' id='par_1_36' title="bbox 1037 584 1829 620">
     <span class='ocr_line' id='line_1_36' title="bbox 1037 584 1829 620; baseline -0.001 -8"><span class='ocrx_word' id='word_1_256' title='bbox 1037 585 1260 620; x_wconf 81' lang='lat' dir='ltr'><strong>exspectatione,</strong></span> <span class='ocrx_word' id='word_1_257' title='bbox 1283 590 1314 612; x_wconf 92' lang='lat' dir='ltr'><strong>ut</strong></span> <span class='ocrx_word' id='word_1_258' title='bbox 1331 585 1423 612; x_wconf 79' lang='lat' dir='ltr'><strong>mittat</strong></span> <span class='ocrx_word' id='word_1_259' title='bbox 1436 584 1570 620; x_wconf 81' lang='lat' dir='ltr'><strong>Spiritum</strong></span> <span class='ocrx_word' id='word_1_260' title='bbox 1591 591 1672 612; x_wconf 91' lang='lat' dir='ltr'><strong>suum</strong></span> <span class='ocrx_word' id='word_1_261' title='bbox 1696 584 1724 611; x_wconf 94' lang='lat' dir='ltr'><strong>in</strong></span> <span class='ocrx_word' id='word_1_262' title='bbox 1747 584 1829 612; x_wconf 85' lang='lat' dir='ltr'><strong>corda</strong></span> 
     </span>
    </p>
   </div>
   <div class='ocr_carea' id='block_1_37' title="bbox 1038 629 1827 664">
    <p class='ocr_par' dir='ltr' id='par_1_37' title="bbox 1038 629 1827 664">
     <span class='ocr_line' id='line_1_37' title="bbox 1038 629 1827 664; baseline 0 -7"><span class='ocrx_word' id='word_1_263' title='bbox 1038 635 1142 663; x_wconf 86' lang='lat' dir='ltr'><strong>nostra,</strong></span> <span class='ocrx_word' id='word_1_264' title='bbox 1160 634 1191 658; x_wconf 87' lang='lat' dir='ltr'><strong>ut</strong></span> <span class='ocrx_word' id='word_1_265' title='bbox 1202 638 1313 658; x_wconf 89' lang='lat' dir='ltr'><strong>oremus</strong></span> <span class='ocrx_word' id='word_1_266' title='bbox 1327 635 1356 658; x_wconf 88' lang='lat' dir='ltr'><strong>et</strong></span> <span class='ocrx_word' id='word_1_267' title='bbox 1369 630 1517 658; x_wconf 83' lang='lat' dir='ltr'><strong>adoremus</strong></span> <span class='ocrx_word' id='word_1_268' title='bbox 1530 631 1559 657; x_wconf 88' lang='lat' dir='ltr'><strong>in</strong></span> <span class='ocrx_word' id='word_1_269' title='bbox 1577 629 1682 664; x_wconf 85' lang='lat' dir='ltr'><strong>Spiritu</strong></span> <span class='ocrx_word' id='word_1_270' title='bbox 1699 629 1805 658; x_wconf 88' lang='lat' dir='ltr'><strong>Patrem</strong></span> <span class='ocrx_word' id='word_1_271' title='bbox 1819 639 1827 663; x_wconf 89' lang='lat'><strong>;</strong></span> 
     </span>
    </p>
   </div>
   <div class='ocr_carea' id='block_1_38' title="bbox 1037 676 1830 712">
    <p class='ocr_par' dir='ltr' id='par_1_38' title="bbox 1037 676 1830 712">
     <span class='ocr_line' id='line_1_38' title="bbox 1037 676 1830 712; baseline -0.001 -8"><span class='ocrx_word' id='word_1_272' title='bbox 1037 681 1065 704; x_wconf 88' lang='lat' dir='ltr'><strong>et</strong></span> <span class='ocrx_word' id='word_1_273' title='bbox 1082 676 1140 711; x_wconf 88' lang='lat' dir='ltr'><strong>ipse</strong></span> <span class='ocrx_word' id='word_1_274' title='bbox 1158 676 1278 712; x_wconf 84' lang='lat' dir='ltr'><strong>Spiritus</strong></span> <span class='ocrx_word' id='word_1_275' title='bbox 1294 682 1355 704; x_wconf 89' lang='lat' dir='ltr'><strong>oret</strong></span> <span class='ocrx_word' id='word_1_276' title='bbox 1367 677 1395 704; x_wconf 94' lang='lat' dir='ltr'><strong>in</strong></span> <span class='ocrx_word' id='word_1_277' title='bbox 1410 676 1511 709; x_wconf 88' lang='lat' dir='ltr'><strong>nobis;</strong></span> <span class='ocrx_word' id='word_1_278' title='bbox 1525 679 1556 703; x_wconf 88' lang='lat' dir='ltr'><strong>ut</strong></span> <span class='ocrx_word' id='word_1_279' title='bbox 1572 676 1644 704; x_wconf 88' lang='lat' dir='ltr'><strong>idem</strong></span> <span class='ocrx_word' id='word_1_280' title='bbox 1663 676 1722 711; x_wconf 92' lang='lat' dir='ltr'><strong>ipse</strong></span> <span class='ocrx_word' id='word_1_281' title='bbox 1744 676 1830 711; x_wconf 87' lang='lat' dir='ltr'><strong>Spiri-</strong></span> 
     </span>
    </p>
   </div>
   <div class='ocr_carea' id='block_1_39' title="bbox 1039 722 1829 757">
    <p class='ocr_par' dir='ltr' id='par_1_39' title="bbox 1039 722 1829 757">
     <span class='ocr_line' id='line_1_39' title="bbox 1039 722 1829 757; baseline -0.001 -7"><span class='ocrx_word' id='word_1_282' title='bbox 1039 727 1082 750; x_wconf 89' lang='lat' dir='ltr'><strong>tus</strong></span> <span class='ocrx_word' id='word_1_283' title='bbox 1107 722 1205 750; x_wconf 84' lang='lat' dir='ltr'><strong>doceat</strong></span> <span class='ocrx_word' id='word_1_284' title='bbox 1232 731 1284 751; x_wconf 91' lang='lat' dir='ltr'><strong>nos</strong></span> <span class='ocrx_word' id='word_1_285' title='bbox 1309 723 1464 751; x_wconf 86' lang='lat' dir='ltr'><strong>orationem</strong></span> <span class='ocrx_word' id='word_1_286' title='bbox 1489 730 1602 755; x_wconf 81' lang='lat' dir='ltr'><strong>veram,</strong></span> <span class='ocrx_word' id='word_1_287' title='bbox 1628 723 1829 757; x_wconf 62' lang='lat' dir='ltr'><strong>humilitatem,</strong></span> 
     </span>
    </p>
   </div>
   <div class='ocr_carea' id='block_1_40' title="bbox 1037 768 1829 804">
    <p class='ocr_par' dir='ltr' id='par_1_40' title="bbox 1037 768 1829 804">
     <span class='ocr_line' id='line_1_40' title="bbox 1037 768 1829 804; baseline -0.003 -8"><span class='ocrx_word' id='word_1_288' title='bbox 1037 769 1295 801; x_wconf 85' lang='lat' dir='ltr'><strong>mansuetudinem,</strong></span> <span class='ocrx_word' id='word_1_289' title='bbox 1312 769 1475 797; x_wconf 88' lang='lat' dir='ltr'><strong>charitatem</strong></span> <span class='ocrx_word' id='word_1_290' title='bbox 1494 777 1501 795; x_wconf 91' lang='lat'><strong>:</strong></span> <span class='ocrx_word' id='word_1_291' title='bbox 1522 776 1590 804; x_wconf 87' lang='lat' dir='ltr'><strong>quas</strong></span> <span class='ocrx_word' id='word_1_292' title='bbox 1605 776 1690 800; x_wconf 82' lang='lat' dir='ltr'><strong>nunc,</strong></span> <span class='ocrx_word' id='word_1_293' title='bbox 1707 768 1734 796; x_wconf 92' lang='lat' dir='ltr'><strong>vi</strong></span> <span class='ocrx_word' id='word_1_294' title='bbox 1746 768 1829 795; x_wconf 88' lang='lat' dir='ltr'><strong>etiam</strong></span> 
     </span>
    </p>
   </div>
   <div class='ocr_carea' id='block_1_41' title="bbox 1037 813 1829 849">
    <p class='ocr_par' dir='ltr' id='par_1_41' title="bbox 1037 813 1829 849">
     <span class='ocr_line' id='line_1_41' title="bbox 1037 813 1829 849; baseline 0.001 -9"><span class='ocrx_word' id='word_1_295' title='bbox 1037 814 1173 846; x_wconf 85' lang='lat' dir='ltr'><strong>adhibita,</strong></span> <span class='ocrx_word' id='word_1_296' title='bbox 1189 814 1269 849; x_wconf 79' lang='lat'><strong>169</strong></span> <span class='ocrx_word' id='word_1_297' title='bbox 1281 814 1327 841; x_wconf 79' lang='lat' dir='ltr'><strong>vix</strong></span> <span class='ocrx_word' id='word_1_298' title='bbox 1339 814 1462 841; x_wconf 88' lang='lat' dir='ltr'><strong>valemus</strong></span> <span class='ocrx_word' id='word_1_299' title='bbox 1472 821 1614 846; x_wconf 82' lang='lat' dir='ltr'><strong>exercere,</strong></span> <span class='ocrx_word' id='word_1_300' title='bbox 1625 813 1732 840; x_wconf 79' lang='lat' dir='ltr'><strong>viscera</strong></span> <span class='ocrx_word' id='word_1_301' title='bbox 1747 813 1829 841; x_wconf 84' lang='lat' dir='ltr'><strong>mise-</strong></span> 
     </span>
    </p>
   </div>
   <div class='ocr_carea' id='block_1_42' title="bbox 1037 859 1830 895">
    <p class='ocr_par' dir='ltr' id='par_1_42' title="bbox 1037 859 1830 895">
     <span class='ocr_line' id='line_1_42' title="bbox 1037 859 1830 895; baseline -0.001 -8"><span class='ocrx_word' id='word_1_302' title='bbox 1037 860 1180 892; x_wconf 70' lang='lat' dir='ltr'><strong>ricordiae,</strong></span> <span class='ocrx_word' id='word_1_303' title='bbox 1202 860 1402 895; x_wconf 83' lang='lat' dir='ltr'><strong>benignitatem</strong></span> <span class='ocrx_word' id='word_1_304' title='bbox 1415 880 1422 892; x_wconf 89' lang='lat'><strong>,</strong></span> <span class='ocrx_word' id='word_1_305' title='bbox 1442 863 1470 887; x_wconf 89' lang='lat' dir='ltr'><strong>et</strong></span> <span class='ocrx_word' id='word_1_306' title='bbox 1485 866 1582 886; x_wconf 87' lang='lat' dir='ltr'><strong>omnes</strong></span> <span class='ocrx_word' id='word_1_307' title='bbox 1603 859 1740 886; x_wconf 85' lang='lat' dir='ltr'><strong>mandatis</strong></span> <span class='ocrx_word' id='word_1_308' title='bbox 1760 866 1830 894; x_wconf 69' lang='lat' dir='ltr'><strong>prae-</strong></span> 
     </span>
    </p>
   </div>
   <div class='ocr_carea' id='block_1_43' title="bbox 1036 905 1830 940">
    <p class='ocr_par' dir='ltr' id='par_1_43' title="bbox 1036 905 1830 940">
     <span class='ocr_line' id='line_1_43' title="bbox 1036 905 1830 940; baseline -0.001 -7"><span class='ocrx_word' id='word_1_309' title='bbox 1036 906 1139 940; x_wconf 87' lang='lat' dir='ltr'><strong>criptas</strong></span> <span class='ocrx_word' id='word_1_310' title='bbox 1152 905 1262 933; x_wconf 91' lang='lat' dir='ltr'><strong>Domini</strong></span> <span class='ocrx_word' id='word_1_311' title='bbox 1273 906 1360 933; x_wconf 88' lang='lat' dir='ltr'><strong>bonas</strong></span> <span class='ocrx_word' id='word_1_312' title='bbox 1375 905 1561 940; x_wconf 87' lang='lat' dir='ltr'><strong>operationes,</strong></span> <span class='ocrx_word' id='word_1_313' title='bbox 1579 905 1648 932; x_wconf 88' lang='lat' dir='ltr'><strong>citra</strong></span> <span class='ocrx_word' id='word_1_314' title='bbox 1664 905 1785 932; x_wconf 89' lang='lat' dir='ltr'><strong>laborem</strong></span> <span class='ocrx_word' id='word_1_315' title='bbox 1797 911 1830 932; x_wconf 85' lang='lat' dir='ltr'><strong>ac</strong></span> 
     </span>
    </p>
   </div>
   <div class='ocr_carea' id='block_1_44' title="bbox 1037 949 1829 987">
    <p class='ocr_par' dir='ltr' id='par_1_44' title="bbox 1037 949 1829 987">
     <span class='ocr_line' id='line_1_44' title="bbox 1037 949 1829 987; baseline -0.003 -8"><span class='ocrx_word' id='word_1_316' title='bbox 1037 952 1093 979; x_wconf 89' lang='lat' dir='ltr'><strong>vim</strong></span> <span class='ocrx_word' id='word_1_317' title='bbox 1109 959 1254 985; x_wconf 79' lang='lat' dir='ltr'><strong>exercere;</strong></span> <span class='ocrx_word' id='word_1_318' title='bbox 1271 959 1326 987; x_wconf 92' lang='lat' dir='ltr'><strong>quo</strong></span> <span class='ocrx_word' id='word_1_319' title='bbox 1341 951 1424 978; x_wconf 90' lang='lat' dir='ltr'><strong>modo</strong></span> <span class='ocrx_word' id='word_1_320' title='bbox 1435 951 1546 978; x_wconf 90' lang='lat' dir='ltr'><strong>divinus</strong></span> <span class='ocrx_word' id='word_1_321' title='bbox 1562 951 1608 978; x_wconf 87' lang='lat' dir='ltr'><strong>ille</strong></span> <span class='ocrx_word' id='word_1_322' title='bbox 1622 950 1741 986; x_wconf 89' lang='lat' dir='ltr'><strong>Spiritus</strong></span> <span class='ocrx_word' id='word_1_323' title='bbox 1751 949 1829 977; x_wconf 88' lang='lat' dir='ltr'><strong>novit</strong></span> 
     </span>
    </p>
   </div>
   <div class='ocr_carea' id='block_1_45' title="bbox 1038 996 1828 1033">
    <p class='ocr_par' dir='ltr' id='par_1_45' title="bbox 1038 996 1828 1033">
     <span class='ocr_line' id='line_1_45' title="bbox 1038 996 1828 1033; baseline -0.004 -8"><span class='ocrx_word' id='word_1_324' title='bbox 1038 997 1153 1033; x_wconf 89' lang='lat' dir='ltr'><strong>implere</strong></span> <span class='ocrx_word' id='word_1_325' title='bbox 1170 1005 1221 1025; x_wconf 93' lang='lat' dir='ltr'><strong>nos</strong></span> <span class='ocrx_word' id='word_1_326' title='bbox 1237 997 1317 1025; x_wconf 91' lang='lat' dir='ltr'><strong>donis</strong></span> <span class='ocrx_word' id='word_1_327' title='bbox 1331 998 1398 1025; x_wconf 91' lang='lat' dir='ltr'><strong>suis.</strong></span> <span class='ocrx_word' id='word_1_328' title='bbox 1421 997 1500 1025; x_wconf 89' lang='lat' dir='ltr'><strong>Unde</strong></span> <span class='ocrx_word' id='word_1_329' title='bbox 1519 997 1567 1024; x_wconf 83' lang='lat' dir='ltr'><strong>ﬁet</strong></span> <span class='ocrx_word' id='word_1_330' title='bbox 1584 1001 1624 1029; x_wconf 90' lang='lat' dir='ltr'><strong>ut,</strong></span> <span class='ocrx_word' id='word_1_331' title='bbox 1640 996 1796 1031; x_wconf 87' lang='lat' dir='ltr'><strong>adimpletis</strong></span> <span class='ocrx_word' id='word_1_332' title='bbox 1812 1004 1828 1023; x_wconf 88' lang='lat' dir='ltr'><strong>a</strong></span> 
     </span>
    </p>
   </div>
   <div class='ocr_carea' id='block_1_46' title="bbox 1037 1042 1828 1079">
    <p class='ocr_par' dir='ltr' id='par_1_46' title="bbox 1037 1042 1828 1079">
     <span class='ocr_line' id='line_1_46' title="bbox 1037 1042 1828 1079; baseline -0.004 -7"><span class='ocrx_word' id='word_1_333' title='bbox 1037 1044 1119 1072; x_wconf 90' lang='lat' dir='ltr'><strong>nobis</strong></span> <span class='ocrx_word' id='word_1_334' title='bbox 1130 1044 1267 1071; x_wconf 85' lang='lat' dir='ltr'><strong>mandatis</strong></span> <span class='ocrx_word' id='word_1_335' title='bbox 1280 1043 1329 1071; x_wconf 87' lang='lat' dir='ltr'><strong>Dei</strong></span> <span class='ocrx_word' id='word_1_336' title='bbox 1346 1051 1397 1079; x_wconf 89' lang='lat' dir='ltr'><strong>per</strong></span> <span class='ocrx_word' id='word_1_337' title='bbox 1409 1043 1544 1079; x_wconf 87' lang='lat' dir='ltr'><strong>Spiritum</strong></span> <span class='ocrx_word' id='word_1_338' title='bbox 1560 1043 1657 1078; x_wconf 86' lang='lat' dir='ltr'><strong>ipsius,</strong></span> <span class='ocrx_word' id='word_1_339' title='bbox 1668 1042 1713 1070; x_wconf 90' lang='lat' dir='ltr'><strong>cui</strong></span> <span class='ocrx_word' id='word_1_340' title='bbox 1725 1042 1828 1077; x_wconf 88' lang='lat' dir='ltr'><strong>optime</strong></span> 
     </span>
    </p>
   </div>
   <div class='ocr_carea' id='block_1_47' title="bbox 1037 1089 1829 1126">
    <p class='ocr_par' dir='ltr' id='par_1_47' title="bbox 1037 1089 1829 1126">
     <span class='ocr_line' id='line_1_47' title="bbox 1037 1089 1829 1126; baseline -0.005 -7"><span class='ocrx_word' id='word_1_341' title='bbox 1037 1091 1086 1119; x_wconf 90' lang='lat' dir='ltr'><strong>uni</strong></span> <span class='ocrx_word' id='word_1_342' title='bbox 1102 1094 1244 1126; x_wconf 87' lang='lat' dir='ltr'><strong>perspecta</strong></span> <span class='ocrx_word' id='word_1_343' title='bbox 1258 1095 1299 1118; x_wconf 90' lang='lat' dir='ltr'><strong>est</strong></span> <span class='ocrx_word' id='word_1_344' title='bbox 1313 1090 1442 1117; x_wconf 78' lang='lat' dir='ltr'><strong>voluntas</strong></span> <span class='ocrx_word' id='word_1_345' title='bbox 1453 1089 1567 1122; x_wconf 82' lang='lat' dir='ltr'><strong>Christi,</strong></span> <span class='ocrx_word' id='word_1_346' title='bbox 1583 1089 1686 1124; x_wconf 88' lang='lat' dir='ltr'><strong>quippe</strong></span> <span class='ocrx_word' id='word_1_347' title='bbox 1699 1096 1750 1116; x_wconf 90' lang='lat' dir='ltr'><strong>nos</strong></span> <span class='ocrx_word' id='word_1_348' title='bbox 1763 1096 1829 1124; x_wconf 91' lang='lat' dir='ltr'><strong>pur-</strong></span> 
     </span>
    </p>
   </div>
   <div class='ocr_carea' id='block_1_48' title="bbox 1037 1134 1828 1173">
    <p class='ocr_par' dir='ltr' id='par_1_48' title="bbox 1037 1134 1828 1173">
     <span class='ocr_line' id='line_1_48' title="bbox 1037 1134 1828 1173; baseline -0.005 -8"><span class='ocrx_word' id='word_1_349' title='bbox 1037 1142 1083 1173; x_wconf 80' lang='lat' dir='ltr'><strong>gat</strong></span> <span class='ocrx_word' id='word_1_350' title='bbox 1101 1145 1116 1164; x_wconf 88' lang='lat' dir='ltr'><strong>a</strong></span> <span class='ocrx_word' id='word_1_351' title='bbox 1140 1136 1221 1164; x_wconf 86' lang='lat' dir='ltr'><strong>sorde</strong></span> <span class='ocrx_word' id='word_1_352' title='bbox 1242 1137 1364 1171; x_wconf 84' lang='lat' dir='ltr'><strong>peccati;</strong></span> <span class='ocrx_word' id='word_1_353' title='bbox 1380 1135 1453 1163; x_wconf 90' lang='lat' dir='ltr'><strong>idem</strong></span> <span class='ocrx_word' id='word_1_354' title='bbox 1474 1143 1524 1162; x_wconf 87' lang='lat' dir='ltr'><strong>nos</strong></span> <span class='ocrx_word' id='word_1_355' title='bbox 1544 1135 1620 1162; x_wconf 86' lang='lat' dir='ltr'><strong>velut</strong></span> <span class='ocrx_word' id='word_1_356' title='bbox 1637 1142 1751 1170; x_wconf 81' lang='lat' dir='ltr'><strong>sponsas</strong></span> <span class='ocrx_word' id='word_1_357' title='bbox 1766 1134 1828 1169; x_wconf 92' lang='lat' dir='ltr'><strong>pul-</strong></span> 
     </span>
    </p>
   </div>
   <div class='ocr_carea' id='block_1_49' title="bbox 1039 1180 1826 1218">
    <p class='ocr_par' dir='ltr' id='par_1_49' title="bbox 1039 1180 1826 1218">
     <span class='ocr_line' id='line_1_49' title="bbox 1039 1180 1826 1218; baseline -0.005 -8"><span class='ocrx_word' id='word_1_358' title='bbox 1039 1183 1120 1210; x_wconf 86' lang='lat' dir='ltr'><strong>chras</strong></span> <span class='ocrx_word' id='word_1_359' title='bbox 1142 1190 1227 1218; x_wconf 88' lang='lat' dir='ltr'><strong>puras</strong></span> <span class='ocrx_word' id='word_1_360' title='bbox 1246 1186 1274 1210; x_wconf 85' lang='lat' dir='ltr'><strong>et</strong></span> <span class='ocrx_word' id='word_1_361' title='bbox 1286 1181 1544 1217; x_wconf 85' lang='lat' dir='ltr'><strong>irreprehensibiles</strong></span> <span class='ocrx_word' id='word_1_362' title='bbox 1555 1180 1685 1208; x_wconf 82' lang='lat' dir='ltr'><strong>exhibeat</strong></span> <span class='ocrx_word' id='word_1_363' title='bbox 1699 1180 1826 1214; x_wconf 84' lang='lat' dir='ltr'><strong>Christo;</strong></span> 
     </span>
    </p>
   </div>
   <div class='ocr_carea' id='block_1_50' title="bbox 1038 1225 1828 1264">
    <p class='ocr_par' dir='ltr' id='par_1_50' title="bbox 1038 1225 1828 1264">
     <span class='ocr_line' id='line_1_50' title="bbox 1038 1225 1828 1264; baseline -0.006 -8"><span class='ocrx_word' id='word_1_364' title='bbox 1038 1228 1278 1264; x_wconf 86' lang='lat' dir='ltr'><strong>acquiescentibus</strong></span> <span class='ocrx_word' id='word_1_365' title='bbox 1297 1228 1377 1255; x_wconf 86' lang='lat' dir='ltr'><strong>nobis</strong></span> <span class='ocrx_word' id='word_1_366' title='bbox 1397 1227 1425 1254; x_wconf 93' lang='lat' dir='ltr'><strong>in</strong></span> <span class='ocrx_word' id='word_1_367' title='bbox 1447 1227 1521 1257; x_wconf 72' lang='lat' dir='ltr'><strong>Deo.</strong></span> <span class='ocrx_word' id='word_1_368' title='bbox 1544 1231 1573 1254; x_wconf 89' lang='lat' dir='ltr'><strong>et</strong></span> <span class='ocrx_word' id='word_1_369' title='bbox 1592 1225 1702 1253; x_wconf 89' lang='lat' dir='ltr'><strong>Christo</strong></span> <span class='ocrx_word' id='word_1_370' title='bbox 1718 1225 1828 1260; x_wconf 88' lang='lat' dir='ltr'><strong>acquie-</strong></span> 
     </span>
    </p>
   </div>
   <div class='ocr_carea' id='block_1_51' title="bbox 1038 1271 1827 1309">
    <p class='ocr_par' dir='ltr' id='par_1_51' title="bbox 1038 1271 1827 1309">
     <span class='ocr_line' id='line_1_51' title="bbox 1038 1271 1827 1309; baseline -0.006 -6"><span class='ocrx_word' id='word_1_371' title='bbox 1038 1279 1132 1303; x_wconf 89' lang='lat' dir='ltr'><strong>scente</strong></span> <span class='ocrx_word' id='word_1_372' title='bbox 1141 1275 1168 1302; x_wconf 89' lang='lat' dir='ltr'><strong>in</strong></span> <span class='ocrx_word' id='word_1_373' title='bbox 1176 1275 1268 1307; x_wconf 85' lang='lat' dir='ltr'><strong>nobis,</strong></span> <span class='ocrx_word' id='word_1_374' title='bbox 1281 1282 1369 1309; x_wconf 89' lang='lat' dir='ltr'><strong>usque</strong></span> <span class='ocrx_word' id='word_1_375' title='bbox 1378 1274 1406 1301; x_wconf 92' lang='lat' dir='ltr'><strong>in</strong></span> <span class='ocrx_word' id='word_1_376' title='bbox 1417 1273 1516 1301; x_wconf 67' lang='lat' dir='ltr'><strong>saecula</strong></span> <span class='ocrx_word' id='word_1_377' title='bbox 1531 1272 1718 1300; x_wconf 87' lang='lat' dir='ltr'><strong>interminata.</strong></span> <span class='ocrx_word' id='word_1_378' title='bbox 1734 1271 1827 1299; x_wconf 73' lang='lat' dir='ltr'><strong>Gloria</strong></span> 
     </span>
    </p>
   </div>
   <div class='ocr_carea' id='block_1_52' title="bbox 1038 1317 1827 1355">
    <p class='ocr_par' dir='ltr' id='par_1_52' title="bbox 1038 1317 1827 1355">
     <span class='ocr_line' id='line_1_52' title="bbox 1038 1317 1827 1355; baseline -0.004 -8"><span class='ocrx_word' id='word_1_379' title='bbox 1038 1320 1264 1348; x_wconf 83' lang='lat' dir='ltr'><strong>miserationibus</strong></span> <span class='ocrx_word' id='word_1_380' title='bbox 1289 1319 1368 1355; x_wconf 83' lang='lat' dir='ltr'><strong>ejus,</strong></span> <span class='ocrx_word' id='word_1_381' title='bbox 1392 1323 1421 1346; x_wconf 86' lang='lat' dir='ltr'><strong>et</strong></span> <span class='ocrx_word' id='word_1_382' title='bbox 1446 1318 1610 1354; x_wconf 83' lang='lat' dir='ltr'><strong>benignitati</strong></span> <span class='ocrx_word' id='word_1_383' title='bbox 1640 1325 1671 1345; x_wconf 89' lang='lat' dir='ltr'><strong>ac</strong></span> <span class='ocrx_word' id='word_1_384' title='bbox 1698 1317 1827 1345; x_wconf 87' lang='lat' dir='ltr'><strong>charitati</strong></span> 
     </span>
    </p>
   </div>
   <div class='ocr_carea' id='block_1_53' title="bbox 1038 1363 1828 1401">
    <p class='ocr_par' dir='ltr' id='par_1_53' title="bbox 1038 1363 1828 1401">
     <span class='ocr_line' id='line_1_53' title="bbox 1038 1363 1828 1401; baseline -0.004 -8"><span class='ocrx_word' id='word_1_385' title='bbox 1038 1366 1126 1401; x_wconf 89' lang='lat' dir='ltr'><strong>ipsius</strong></span> <span class='ocrx_word' id='word_1_386' title='bbox 1137 1386 1144 1398; x_wconf 92' lang='lat'><strong>,</strong></span> <span class='ocrx_word' id='word_1_387' title='bbox 1160 1365 1234 1400; x_wconf 87' lang='lat' dir='ltr'><strong>quod</strong></span> <span class='ocrx_word' id='word_1_388' title='bbox 1254 1366 1282 1393; x_wconf 91' lang='lat' dir='ltr'><strong>in</strong></span> <span class='ocrx_word' id='word_1_389' title='bbox 1296 1369 1404 1393; x_wconf 86' lang='lat' dir='ltr'><strong>tantum</strong></span> <span class='ocrx_word' id='word_1_390' title='bbox 1421 1365 1556 1393; x_wconf 77' lang='lat' dir='ltr'><strong>honerem</strong></span> <span class='ocrx_word' id='word_1_391' title='bbox 1577 1371 1677 1391; x_wconf 85' lang='lat' dir='ltr'><strong>vocare</strong></span> <span class='ocrx_word' id='word_1_392' title='bbox 1698 1363 1828 1398; x_wconf 80' lang='lat' dir='ltr'><strong>dignatus</strong></span> 
     </span>
    </p>
   </div>
   <div class='ocr_carea' id='block_1_54' title="bbox 189 1409 1825 1448">
    <p class='ocr_par' dir='ltr' id='par_1_54' title="bbox 189 1409 1825 1448">
     <span class='ocr_line' id='line_1_54' title="bbox 189 1409 1825 1448; baseline 0 -11"><span class='ocrx_word' id='word_1_393' title='bbox 189 1414 231 1438; x_wconf 90' lang='lat' dir='ltr'><strong>est</strong></span> <span class='ocrx_word' id='word_1_394' title='bbox 243 1418 329 1446; x_wconf 75' lang='lat' dir='ltr'><strong>genus</strong></span> <span class='ocrx_word' id='word_1_395' title='bbox 344 1410 507 1444; x_wconf 85' lang='lat' dir='ltr'><strong>humanum,</strong></span> <span class='ocrx_word' id='word_1_396' title='bbox 520 1413 647 1447; x_wconf 89' lang='lat' dir='ltr'><strong>proprios</strong></span> <span class='ocrx_word' id='word_1_397' title='bbox 657 1412 758 1440; x_wconf 82' lang='lat' dir='ltr'><strong>fratres</strong></span> <span class='ocrx_word' id='word_1_398' title='bbox 769 1415 797 1440; x_wconf 92' lang='lat' dir='ltr'><strong>et</strong></span> <span class='ocrx_word' id='word_1_399' title='bbox 810 1412 881 1440; x_wconf 85' lang='lat' dir='ltr'><strong>ﬁlios</strong></span> <span class='ocrx_word' id='word_1_400' title='bbox 895 1412 985 1440; x_wconf 83' lang='lat' dir='ltr'><strong>Patris</strong></span> <span class='ocrx_word' id='word_1_401' title='bbox 1002 1413 1123 1441; x_wconf 74' lang='lat' dir='ltr'><strong>etelestis</strong></span> <span class='ocrx_word' id='word_1_402' title='bbox 1137 1421 1189 1441; x_wconf 91' lang='lat' dir='ltr'><strong>nos</strong></span> <span class='ocrx_word' id='word_1_403' title='bbox 1203 1417 1232 1440; x_wconf 86' lang='lat' dir='ltr'><strong>et</strong></span> <span class='ocrx_word' id='word_1_404' title='bbox 1244 1420 1305 1440; x_wconf 88' lang='lat' dir='ltr'><strong>esse</strong></span> <span class='ocrx_word' id='word_1_405' title='bbox 1331 1412 1460 1448; x_wconf 69' lang='lat' dir='ltr'><strong>dignatus</strong></span> <span class='ocrx_word' id='word_1_406' title='bbox 1490 1416 1518 1440; x_wconf 89' lang='lat' dir='ltr'><strong>et</strong></span> <span class='ocrx_word' id='word_1_407' title='bbox 1535 1411 1709 1447; x_wconf 79' lang='lat' dir='ltr'><strong>appellitans.</strong></span> <span class='ocrx_word' id='word_1_408' title='bbox 1723 1409 1825 1441; x_wconf 84' lang='lat' dir='ltr'><strong>Gloria.</strong></span> 
     </span>
    </p>
   </div>
   <div class='ocr_carea' id='block_1_55' title="bbox 191 1458 1293 1496">
    <p class='ocr_par' dir='ltr' id='par_1_55' title="bbox 191 1458 1293 1496">
     <span class='ocr_line' id='line_1_55' title="bbox 191 1458 1293 1496; baseline 0.001 -11"><span class='ocrx_word' id='word_1_409' title='bbox 191 1458 313 1493; x_wconf 87' lang='lat' dir='ltr'><strong>inquam,</strong></span> <span class='ocrx_word' id='word_1_410' title='bbox 327 1458 402 1486; x_wconf 86' lang='lat' dir='ltr'><strong>Patri</strong></span> <span class='ocrx_word' id='word_1_411' title='bbox 416 1462 445 1486; x_wconf 89' lang='lat' dir='ltr'><strong>et</strong></span> <span class='ocrx_word' id='word_1_412' title='bbox 460 1459 530 1487; x_wconf 90' lang='lat' dir='ltr'><strong>Filio</strong></span> <span class='ocrx_word' id='word_1_413' title='bbox 544 1465 572 1487; x_wconf 91' lang='lat' dir='ltr'><strong>et</strong></span> <span class='ocrx_word' id='word_1_414' title='bbox 587 1459 702 1496; x_wconf 90' lang='lat' dir='ltr'><strong>Spiritui</strong></span> <span class='ocrx_word' id='word_1_415' title='bbox 715 1463 822 1493; x_wconf 86' lang='lat' dir='ltr'><strong>sancto,</strong></span> <span class='ocrx_word' id='word_1_416' title='bbox 837 1459 866 1488; x_wconf 92' lang='lat' dir='ltr'><strong>in</strong></span> <span class='ocrx_word' id='word_1_417' title='bbox 880 1461 981 1489; x_wconf 70' lang='lat' dir='ltr'><strong>saecula</strong></span> <span class='ocrx_word' id='word_1_418' title='bbox 1001 1461 1177 1489; x_wconf 54' lang='lat' dir='ltr'><strong>saeculorum.</strong></span> <span class='ocrx_word' id='word_1_419' title='bbox 1195 1460 1293 1488; x_wconf 80' lang='lat' dir='ltr'><strong>Amen.</strong></span> 
     </span>
    </p>
   </div>
   <div class='ocr_carea' id='block_1_56' title="bbox 1237 1573 1434 1581">
    <p class='ocr_par' dir='ltr' id='par_1_56' title="bbox 1237 1573 1434 1581">
     <span class='ocr_line' id='line_1_56' title="bbox 1237 1573 1434 1581; baseline 0.005 -1"><span class='ocrx_word' id='word_1_420' title='bbox 1237 1573 1434 1581; x_wconf 23' lang='lat' dir='ltr'><strong>“a—c—n—n</strong></span> 
     </span>
    </p>
   </div>
   <div class='ocr_carea' id='block_1_57' title="bbox 250 1658 1755 1749">
    <p class='ocr_par' dir='ltr' id='par_1_57' title="bbox 250 1658 1755 1749">
     <span class='ocr_line' id='line_1_57' title="bbox 250 1658 1755 1749; baseline -0.001 -2"><span class='ocrx_word' id='word_1_421' title='bbox 250 1659 846 1747; x_wconf 85' lang='grc' dir='ltr'><strong>ΜΑΚΑΡΙΟΥ</strong></span> <span class='ocrx_word' id='word_1_422' title='bbox 914 1660 1135 1747; x_wconf 86' lang='grc' dir='ltr'><strong>ΤΟΥ</strong></span> <span class='ocrx_word' id='word_1_423' title='bbox 1201 1658 1755 1749; x_wconf 82' lang='grc' dir='ltr'><strong>ΜΕΓΑΛΟΥ</strong></span> 
     </span>
    </p>
   </div>
   <div class='ocr_carea' id='block_1_58' title="bbox 501 1786 1506 1844">
    <p class='ocr_par' dir='ltr' id='par_1_58' title="bbox 501 1786 1506 1844">
     <span class='ocr_line' id='line_1_58' title="bbox 501 1786 1506 1844; baseline -0.002 -2"><span class='ocrx_word' id='word_1_424' title='bbox 501 1799 630 1843; x_wconf 84' lang='grc' dir='ltr'>ΠΕΡΙ</span> <span class='ocrx_word' id='word_1_425' title='bbox 662 1786 1059 1844; x_wconf 59' lang='grc' dir='ltr'><strong>’ΤΕΛΕΙΟΤΗΤΟΣ</strong></span> <span class='ocrx_word' id='word_1_426' title='bbox 1099 1801 1171 1843; x_wconf 83' lang='grc' dir='ltr'><strong>ΕΝ</strong></span> <span class='ocrx_word' id='word_1_427' title='bbox 1210 1798 1506 1844; x_wconf 80' lang='grc' dir='ltr'><strong>ΠΝΕΥΜΑΤΙ</strong></span> 
     </span>
    </p>
   </div>
   <div class='ocr_carea' id='block_1_59' title="bbox 939 1887 1091 1921">
    <p class='ocr_par' dir='ltr' id='par_1_59' title="bbox 939 1887 1091 1921">
     <span class='ocr_line' id='line_1_59' title="bbox 939 1887 1091 1921; baseline 0.007 -1"><span class='ocrx_word' id='word_1_428' title='bbox 939 1887 1091 1921; x_wconf 78' lang='grc' dir='ltr'><strong>ΑΌΓοΣ.</strong></span> 
     </span>
    </p>
   </div>
   <div class='ocr_carea' id='block_1_60' title="bbox 620 2053 1396 2134">
    <p class='ocr_par' dir='ltr' id='par_1_60' title="bbox 620 2053 1396 2134">
     <span class='ocr_line' id='line_1_60' title="bbox 620 2053 1396 2134; baseline -0.001 -2"><span class='ocrx_word' id='word_1_429' title='bbox 620 2053 1020 2134; x_wconf 81' lang='lat' dir='ltr'><strong>MACARII</strong></span> <span class='ocrx_word' id='word_1_430' title='bbox 1088 2054 1396 2133; x_wconf 87' lang='lat' dir='ltr'><strong>MAGNI</strong></span> 
     </span>
    </p>
   </div>
   <div class='ocr_carea' id='block_1_61' title="bbox 497 2198 1518 2253">
    <p class='ocr_par' dir='ltr' id='par_1_61' title="bbox 497 2198 1518 2253">
     <span class='ocr_line' id='line_1_61' title="bbox 497 2198 1518 2253; baseline 0.002 -2"><span class='ocrx_word' id='word_1_431' title='bbox 497 2200 578 2252; x_wconf 91' lang='lat' dir='ltr'><strong>DE</strong></span> <span class='ocrx_word' id='word_1_432' title='bbox 635 2199 1082 2253; x_wconf 77' lang='lat' dir='ltr'><strong>PERFEGTIONE</strong></span> <span class='ocrx_word' id='word_1_433' title='bbox 1143 2200 1208 2252; x_wconf 89' lang='lat' dir='ltr'><strong>lN</strong></span> <span class='ocrx_word' id='word_1_434' title='bbox 1261 2198 1518 2253; x_wconf 81' lang='lat' dir='ltr'><strong>SPIRITU</strong></span> 
     </span>
    </p>
   </div>
   <div class='ocr_carea' id='block_1_62' title="bbox 922 2305 1085 2336">
    <p class='ocr_par' dir='ltr' id='par_1_62' title="bbox 922 2305 1085 2336">
     <span class='ocr_line' id='line_1_62' title="bbox 922 2305 1085 2336; baseline 0.006 -1"><span class='ocrx_word' id='word_1_435' title='bbox 922 2305 1085 2336; x_wconf 85' lang='lat' dir='ltr'><strong>LIBER.</strong></span> 
     </span>
    </p>
   </div>
   <div class='ocr_carea' id='block_1_63' title="bbox 224 2457 984 2495">
    <p class='ocr_par' dir='ltr' id='par_1_63' title="bbox 224 2457 974 2494">
     <span class='ocr_line' id='line_1_63' title="bbox 224 2457 974 2494; baseline -0.003 -9"><span class='ocrx_word' id='word_1_436' title='bbox 224 2458 263 2486; x_wconf 80' lang='lat' dir='ltr'><strong>A&#39;.</strong></span> <span class='ocrx_word' id='word_1_437' title='bbox 294 2459 392 2494; x_wconf 84' lang='grc' dir='ltr'>Χάριτι</span> <span class='ocrx_word' id='word_1_438' title='bbox 417 2457 466 2494; x_wconf 76' lang='grc' dir='ltr'>μὲν</span> <span class='ocrx_word' id='word_1_439' title='bbox 488 2458 536 2486; x_wconf 79' lang='grc' dir='ltr'><strong>καὶ</strong></span> <span class='ocrx_word' id='word_1_440' title='bbox 558 2458 649 2494; x_wconf 76' lang='grc' dir='ltr'>δωρεᾷ</span> <span class='ocrx_word' id='word_1_441' title='bbox 668 2458 714 2485; x_wconf 85' lang='grc' dir='ltr'><strong>τοῦ</strong></span> <span class='ocrx_word' id='word_1_442' title='bbox 732 2458 889 2493; x_wconf 78' lang='grc' dir='ltr'>Πνεύματος</span> <span class='ocrx_word' id='word_1_443' title='bbox 915 2457 974 2493; x_wconf 80' lang='grc' dir='ltr'>Θείᾳ</span> 
     </span>
    </p>
   </div>
   <div class='ocr_carea' id='block_1_64' title="bbox 1035 2457 1820 2495">
    <p class='ocr_par' dir='ltr' id='par_1_64' title="bbox 1064 2457 1820 2495">
     <span class='ocr_line' id='line_1_64' title="bbox 1064 2457 1820 2495; baseline 0 -9"><span class='ocrx_word' id='word_1_444' title='bbox 1064 2459 1085 2486; x_wconf 84' lang='grc'><strong>1.</strong></span> <span class='ocrx_word' id='word_1_445' title='bbox 1101 2457 1195 2487; x_wconf 85' lang='lat' dir='ltr'><strong>Gratia</strong></span> <span class='ocrx_word' id='word_1_446' title='bbox 1221 2457 1332 2492; x_wconf 87' lang='lat' dir='ltr'><strong>quidem</strong></span> <span class='ocrx_word' id='word_1_447' title='bbox 1357 2464 1384 2486; x_wconf 82' lang='lat' dir='ltr'><strong>et</strong></span> <span class='ocrx_word' id='word_1_448' title='bbox 1407 2460 1552 2495; x_wconf 80' lang='lat' dir='ltr'><strong>largitione</strong></span> <span class='ocrx_word' id='word_1_449' title='bbox 1578 2458 1698 2493; x_wconf 88' lang='lat' dir='ltr'><strong>Spiritus</strong></span> <span class='ocrx_word' id='word_1_450' title='bbox 1727 2457 1820 2486; x_wconf 88' lang='lat' dir='ltr'><strong>divina</strong></span> 
     </span>
    </p>
   </div>
   <div class='ocr_carea' id='block_1_65' title="bbox 189 2503 978 2541">
    <p class='ocr_par' dir='ltr' id='par_1_65' title="bbox 189 2503 978 2541">
     <span class='ocr_line' id='line_1_65' title="bbox 189 2503 978 2541; baseline -0.004 -9"><span class='ocrx_word' id='word_1_451' title='bbox 189 2507 305 2536; x_wconf 74' lang='lat' dir='ltr'><strong>Exacto;</strong></span> <span class='ocrx_word' id='word_1_452' title='bbox 318 2504 397 2541; x_wconf 85' lang='grc' dir='ltr'>ἡμῶν</span> <span class='ocrx_word' id='word_1_453' title='bbox 409 2505 459 2539; x_wconf 84' lang='grc' dir='ltr'>τὴν</span> <span class='ocrx_word' id='word_1_454' title='bbox 471 2505 607 2539; x_wconf 79' lang='grc' dir='ltr'>σωτηρίαν</span> <span class='ocrx_word' id='word_1_455' title='bbox 621 2504 772 2540; x_wconf 78' lang='grc' dir='ltr'>πορίζεται·</span> <span class='ocrx_word' id='word_1_456' title='bbox 788 2504 878 2530; x_wconf 80' lang='grc' dir='ltr'>πίστει</span> <span class='ocrx_word' id='word_1_457' title='bbox 889 2503 917 2530; x_wconf 81' lang='grc' dir='ltr'>δὲ</span> <span class='ocrx_word' id='word_1_458' title='bbox 931 2503 978 2530; x_wconf 74' lang='grc' dir='ltr'><strong>καὶ</strong></span> 
     </span>
    </p>
   </div>
   <div class='ocr_carea' id='block_1_66' title="bbox 189 2549 978 2587">
    <p class='ocr_par' dir='ltr' id='par_1_66' title="bbox 189 2549 978 2587">
     <span class='ocr_line' id='line_1_66' title="bbox 189 2549 978 2587; baseline -0.004 -9"><span class='ocrx_word' id='word_1_459' title='bbox 189 2551 303 2587; x_wconf 80' lang='grc' dir='ltr'><strong>ἀγάπῃ,</strong></span> <span class='ocrx_word' id='word_1_460' title='bbox 331 2550 417 2585; x_wconf 83' lang='grc' dir='ltr'>ἀγῶνί</span> <span class='ocrx_word' id='word_1_461' title='bbox 443 2559 473 2577; x_wconf 85' lang='grc' dir='ltr'><strong>τε</strong></span> <span class='ocrx_word' id='word_1_462' title='bbox 502 2551 688 2587; x_wconf 79' lang='grc' dir='ltr'>προαιρέσεως</span> <span class='ocrx_word' id='word_1_463' title='bbox 711 2549 907 2582; x_wconf 78' lang='grc' dir='ltr'>αὐτεξουσίου,</span> <span class='ocrx_word' id='word_1_464' title='bbox 931 2549 978 2576; x_wconf 82' lang='grc' dir='ltr'><strong>τοῦ</strong></span> 
     </span>
    </p>
   </div>
   <div class='ocr_carea' id='block_1_67' title="bbox 188 2595 978 2633">
    <p class='ocr_par' dir='ltr' id='par_1_67' title="bbox 188 2595 978 2633">
     <span class='ocr_line' id='line_1_67' title="bbox 188 2595 978 2633; baseline -0.003 -9"><span class='ocrx_word' id='word_1_465' title='bbox 188 2598 292 2625; x_wconf 81' lang='grc' dir='ltr'>τελείου</span> <span class='ocrx_word' id='word_1_466' title='bbox 316 2597 416 2633; x_wconf 81' lang='grc' dir='ltr'>μέτρου</span> <span class='ocrx_word' id='word_1_467' title='bbox 438 2597 488 2632; x_wconf 80' lang='grc' dir='ltr'>τῆς</span> <span class='ocrx_word' id='word_1_468' title='bbox 509 2597 610 2632; x_wconf 82' lang='grc' dir='ltr'>ἀρετῆς</span> <span class='ocrx_word' id='word_1_469' title='bbox 633 2596 776 2630; x_wconf 73' lang='grc' dir='ltr'>ἐφικέσθαι</span> <span class='ocrx_word' id='word_1_470' title='bbox 792 2596 919 2623; x_wconf 66' lang='grc' dir='ltr'>δῦναται·</span> <span class='ocrx_word' id='word_1_471' title='bbox 945 2595 978 2622; x_wconf 72' lang='grc' dir='ltr'><strong>ἵν’</strong></span> 
     </span>
    </p>
   </div>
   <div class='ocr_carea' id='block_1_68' title="bbox 188 2641 978 2678">
    <p class='ocr_par' dir='ltr' id='par_1_68' title="bbox 188 2641 978 2678">
     <span class='ocr_line' id='line_1_68' title="bbox 188 2641 978 2678; baseline -0.001 -9"><span class='ocrx_word' id='word_1_472' title='bbox 188 2642 283 2678; x_wconf 77' lang='grc' dir='ltr'>ὥσπερ</span> <span class='ocrx_word' id='word_1_473' title='bbox 309 2642 422 2678; x_wconf 82' lang='grc' dir='ltr'>χάριτι,</span> <span class='ocrx_word' id='word_1_474' title='bbox 451 2641 523 2668; x_wconf 68' lang='grc' dir='ltr'>οὕτω</span> <span class='ocrx_word' id='word_1_475' title='bbox 546 2643 593 2669; x_wconf 69' lang='grc' dir='ltr'><strong>καὶ</strong></span> <span class='ocrx_word' id='word_1_476' title='bbox 615 2642 774 2678; x_wconf 80' lang='grc' dir='ltr'>δικαιοσύνῃ</span> <span class='ocrx_word' id='word_1_477' title='bbox 797 2642 847 2676; x_wconf 79' lang='grc' dir='ltr'>τῆς</span> <span class='ocrx_word' id='word_1_478' title='bbox 868 2642 978 2668; x_wconf 76' lang='grc' dir='ltr'>αίωνίου</span> 
     </span>
    </p>
   </div>
   <div class='ocr_carea' id='block_1_69' title="bbox 188 2687 974 2724">
    <p class='ocr_par' dir='ltr' id='par_1_69' title="bbox 188 2687 974 2724">
     <span class='ocr_line' id='line_1_69' title="bbox 188 2687 974 2724; baseline 0.001 -10"><span class='ocrx_word' id='word_1_479' title='bbox 188 2689 382 2724; x_wconf 78' lang='grc' dir='ltr'>κληρονομήσῃ</span> <span class='ocrx_word' id='word_1_480' title='bbox 397 2687 483 2723; x_wconf 82' lang='grc' dir='ltr'><strong>ζωῆς·</strong></span> <span class='ocrx_word' id='word_1_481' title='bbox 504 2688 541 2723; x_wconf 82' lang='grc' dir='ltr'>μὴ</span> <span class='ocrx_word' id='word_1_482' title='bbox 567 2687 612 2714; x_wconf 80' lang='grc' dir='ltr'><strong>διὰ</strong></span> <span class='ocrx_word' id='word_1_483' title='bbox 632 2688 716 2723; x_wconf 80' lang='grc' dir='ltr'>μόνης</span> <span class='ocrx_word' id='word_1_484' title='bbox 742 2688 792 2722; x_wconf 83' lang='grc' dir='ltr'>τῆς</span> <span class='ocrx_word' id='word_1_485' title='bbox 805 2687 881 2720; x_wconf 83' lang='grc' dir='ltr'>θείας</span> <span class='ocrx_word' id='word_1_486' title='bbox 895 2688 974 2715; x_wconf 73' lang='grc' dir='ltr'>δυνά-</span> 
     </span>
    </p>
   </div>
   <div class='ocr_carea' id='block_1_70' title="bbox 190 2733 979 2770">
    <p class='ocr_par' dir='ltr' id='par_1_70' title="bbox 190 2733 979 2770">
     <span class='ocr_line' id='line_1_70' title="bbox 190 2733 979 2770; baseline 0 -10"><span class='ocrx_word' id='word_1_487' title='bbox 190 2733 263 2770; x_wconf 78' lang='grc' dir='ltr'>μεώς</span> <span class='ocrx_word' id='word_1_488' title='bbox 277 2743 307 2761; x_wconf 83' lang='grc' dir='ltr'><strong>τε</strong></span> <span class='ocrx_word' id='word_1_489' title='bbox 322 2735 369 2762; x_wconf 76' lang='grc' dir='ltr'>καὶ</span> <span class='ocrx_word' id='word_1_490' title='bbox 383 2734 494 2769; x_wconf 82' lang='grc' dir='ltr'>χάριτος</span> <span class='ocrx_word' id='word_1_491' title='bbox 506 2755 513 2767; x_wconf 85' lang='lat'><strong>,</strong></span> <span class='ocrx_word' id='word_1_492' title='bbox 533 2733 570 2769; x_wconf 83' lang='grc' dir='ltr'>μὴ</span> <span class='ocrx_word' id='word_1_493' title='bbox 586 2734 632 2760; x_wconf 76' lang='grc' dir='ltr'>καὶ</span> <span class='ocrx_word' id='word_1_494' title='bbox 646 2733 710 2765; x_wconf 81' lang='grc' dir='ltr'>τοὺς</span> <span class='ocrx_word' id='word_1_495' title='bbox 736 2733 818 2765; x_wconf 81' lang='grc' dir='ltr'>ἰδίους</span> <span class='ocrx_word' id='word_1_496' title='bbox 843 2742 979 2761; x_wconf 80' lang='grc' dir='ltr'>συνεισεν-</span> 
     </span>
    </p>
   </div>
   <div class='ocr_carea' id='block_1_71' title="bbox 189 2779 978 2815">
    <p class='ocr_par' dir='ltr' id='par_1_71' title="bbox 189 2779 978 2815">
     <span class='ocr_line' id='line_1_71' title="bbox 189 2779 978 2815; baseline 0.003 -11"><span class='ocrx_word' id='word_1_497' title='bbox 189 2779 279 2813; x_wconf 80' lang='grc' dir='ltr'>εγκὼν</span> <span class='ocrx_word' id='word_1_498' title='bbox 304 2779 436 2815; x_wconf 78' lang='grc' dir='ltr'>ἱδρῶτας,</span> <span class='ocrx_word' id='word_1_499' title='bbox 459 2779 510 2815; x_wconf 80' lang='grc' dir='ltr'>τῆς</span> <span class='ocrx_word' id='word_1_500' title='bbox 532 2779 627 2810; x_wconf 73' lang='grc' dir='ltr'>τελείας</span> <span class='ocrx_word' id='word_1_501' title='bbox 643 2779 785 2815; x_wconf 76' lang='grc' dir='ltr'>προκοπῆς</span> <span class='ocrx_word' id='word_1_502' title='bbox 801 2779 959 2815; x_wconf 80' lang='grc' dir='ltr'>ἀξιούμενος</span> <span class='ocrx_word' id='word_1_503' title='bbox 971 2788 978 2796; x_wconf 72' lang='grc'><strong><em>⁸</em></strong></span> 
     </span>
    </p>
   </div>
   <div class='ocr_carea' id='block_1_72' title="bbox 191 2826 979 2862">
    <p class='ocr_par' dir='ltr' id='par_1_72' title="bbox 191 2826 979 2862">
     <span class='ocr_line' id='line_1_72' title="bbox 191 2826 979 2862; baseline 0.003 -11"><span class='ocrx_word' id='word_1_504' title='bbox 191 2826 262 2860; x_wconf 79' lang='grc' dir='ltr'>μήτε</span> <span class='ocrx_word' id='word_1_505' title='bbox 278 2826 359 2853; x_wconf 77' lang='grc' dir='ltr'>πάλιν</span> <span class='ocrx_word' id='word_1_506' title='bbox 376 2827 408 2852; x_wconf 85' lang='grc' dir='ltr'><strong>ὲκ</strong></span> <span class='ocrx_word' id='word_1_507' title='bbox 425 2826 508 2861; x_wconf 82' lang='grc' dir='ltr'>μόνης</span> <span class='ocrx_word' id='word_1_508' title='bbox 522 2826 572 2862; x_wconf 81' lang='grc' dir='ltr'>τῆς</span> <span class='ocrx_word' id='word_1_509' title='bbox 587 2826 691 2858; x_wconf 83' lang='grc' dir='ltr'>οἰκείας</span> <span class='ocrx_word' id='word_1_510' title='bbox 706 2826 824 2861; x_wconf 83' lang='grc' dir='ltr'>σπουδῆς</span> <span class='ocrx_word' id='word_1_511' title='bbox 840 2827 887 2853; x_wconf 78' lang='grc' dir='ltr'><strong>καὶ</strong></span> <span class='ocrx_word' id='word_1_512' title='bbox 899 2827 979 2853; x_wconf 82' lang='grc' dir='ltr'>δυνά.-</span> 
     </span>
    </p>
   </div>
   <div class='ocr_carea' id='block_1_73' title="bbox 191 2870 977 2906">
    <p class='ocr_par' dir='ltr' id='par_1_73' title="bbox 191 2870 977 2906">
     <span class='ocr_line' id='line_1_73' title="bbox 191 2870 977 2906; baseline 0.003 -10"><span class='ocrx_word' id='word_1_513' title='bbox 191 2879 280 2905; x_wconf 80' lang='grc' dir='ltr'>μεως,</span> <span class='ocrx_word' id='word_1_514' title='bbox 309 2871 346 2906; x_wconf 84' lang='grc' dir='ltr'>μὴ</span> <span class='ocrx_word' id='word_1_515' title='bbox 367 2872 413 2897; x_wconf 65' lang='grc' dir='ltr'><strong>καὶ</strong></span> <span class='ocrx_word' id='word_1_516' title='bbox 431 2870 506 2903; x_wconf 80' lang='grc' dir='ltr'>Θείας</span> <span class='ocrx_word' id='word_1_517' title='bbox 520 2871 623 2898; x_wconf 70' lang='grc' dir='ltr'>ἄνωθεν</span> <span class='ocrx_word' id='word_1_518' title='bbox 638 2870 864 2906; x_wconf 74' lang='grc' dir='ltr'>συνεφαπτούσης</span> <span class='ocrx_word' id='word_1_519' title='bbox 877 2871 977 2906; x_wconf 77' lang='grc' dir='ltr'>χειρὸς,</span> 
     </span>
    </p>
   </div>
   <div class='ocr_carea' id='block_1_74' title="bbox 190 2916 979 2954">
    <p class='ocr_par' dir='ltr' id='par_1_74' title="bbox 190 2916 979 2954">
     <span class='ocr_line' id='line_1_74' title="bbox 190 2916 979 2954; baseline 0.001 -12"><span class='ocrx_word' id='word_1_520' title='bbox 190 2916 237 2943; x_wconf 72' lang='grc' dir='ltr'><strong>τοῦ</strong></span> <span class='ocrx_word' id='word_1_521' title='bbox 253 2917 355 2944; x_wconf 74' lang='grc' dir='ltr'>τελείου</span> <span class='ocrx_word' id='word_1_522' title='bbox 370 2919 417 2952; x_wconf 61' lang='grc' dir='ltr'><strong>’ιῆῒ</strong></span> <span class='ocrx_word' id='word_1_523' title='bbox 434 2917 588 2954; x_wconf 69' lang='grc' dir='ltr'>ἐλευθερίας</span> <span class='ocrx_word' id='word_1_524' title='bbox 603 2918 718 2954; x_wconf 76' lang='grc' dir='ltr'>μέτρου,</span> <span class='ocrx_word' id='word_1_525' title='bbox 738 2918 783 2946; x_wconf 71' lang='grc' dir='ltr'><strong>καὶ</strong></span> <span class='ocrx_word' id='word_1_526' title='bbox 800 2918 846 2953; x_wconf 73' lang='grc' dir='ltr'>τῆς</span> <span class='ocrx_word' id='word_1_527' title='bbox 859 2917 979 2952; x_wconf 68' lang='grc' dir='ltr'>καθαρό-</span> 
     </span>
    </p>
   </div>
   <div class='ocr_carea' id='block_1_75' title="bbox 1028 2505 1820 2540">
    <p class='ocr_par' dir='ltr' id='par_1_75' title="bbox 1028 2505 1820 2540">
     <span class='ocr_line' id='line_1_75' title="bbox 1028 2505 1820 2540; baseline 0.001 -9"><span class='ocrx_word' id='word_1_528' title='bbox 1028 2505 1217 2539; x_wconf 88' lang='lat' dir='ltr'><strong>unusquisque</strong></span> <span class='ocrx_word' id='word_1_529' title='bbox 1247 2509 1372 2531; x_wconf 88' lang='lat' dir='ltr'><strong>nostrum</strong></span> <span class='ocrx_word' id='word_1_530' title='bbox 1404 2506 1521 2533; x_wconf 84' lang='lat' dir='ltr'><strong>salutem</strong></span> <span class='ocrx_word' id='word_1_531' title='bbox 1556 2505 1737 2540; x_wconf 87' lang='lat' dir='ltr'><strong>assequitur:</strong></span> <span class='ocrx_word' id='word_1_532' title='bbox 1767 2505 1820 2533; x_wconf 85' lang='lat' dir='ltr'><strong>ﬁde</strong></span> 
     </span>
    </p>
   </div>
   <div class='ocr_carea' id='block_1_76' title="bbox 1027 2550 1819 2586">
    <p class='ocr_par' dir='ltr' id='par_1_76' title="bbox 1027 2550 1819 2586">
     <span class='ocr_line' id='line_1_76' title="bbox 1027 2550 1819 2586; baseline 0 -8"><span class='ocrx_word' id='word_1_533' title='bbox 1027 2558 1094 2578; x_wconf 88' lang='lat' dir='ltr'><strong>vero</strong></span> <span class='ocrx_word' id='word_1_534' title='bbox 1117 2554 1145 2576; x_wconf 91' lang='lat' dir='ltr'><strong>et</strong></span> <span class='ocrx_word' id='word_1_535' title='bbox 1159 2550 1293 2577; x_wconf 86' lang='lat' dir='ltr'><strong>charitatc</strong></span> <span class='ocrx_word' id='word_1_536' title='bbox 1310 2558 1342 2577; x_wconf 90' lang='lat' dir='ltr'><strong>ac</strong></span> <span class='ocrx_word' id='word_1_537' title='bbox 1360 2551 1538 2578; x_wconf 86' lang='lat' dir='ltr'><strong>contentione</strong></span> <span class='ocrx_word' id='word_1_538' title='bbox 1564 2551 1650 2578; x_wconf 83' lang='lat' dir='ltr'><strong>libera</strong></span> <span class='ocrx_word' id='word_1_539' title='bbox 1662 2551 1705 2578; x_wconf 92' lang='lat' dir='ltr'><strong>sui</strong></span> <span class='ocrx_word' id='word_1_540' title='bbox 1720 2555 1819 2586; x_wconf 88' lang='lat' dir='ltr'><strong>poten-</strong></span> 
     </span>
    </p>
   </div>
   <div class='ocr_carea' id='block_1_77' title="bbox 1028 2596 1820 2633">
    <p class='ocr_par' dir='ltr' id='par_1_77' title="bbox 1028 2596 1820 2633">
     <span class='ocr_line' id='line_1_77' title="bbox 1028 2596 1820 2633; baseline 0 -9"><span class='ocrx_word' id='word_1_541' title='bbox 1028 2597 1064 2624; x_wconf 83' lang='lat' dir='ltr'><strong>tis</strong></span> <span class='ocrx_word' id='word_1_542' title='bbox 1079 2596 1185 2623; x_wconf 89' lang='lat' dir='ltr'><strong>arbitrii</strong></span> <span class='ocrx_word' id='word_1_543' title='bbox 1200 2596 1234 2623; x_wconf 92' lang='lat' dir='ltr'><strong>ad</strong></span> <span class='ocrx_word' id='word_1_544' title='bbox 1260 2596 1390 2632; x_wconf 67' lang='lat' dir='ltr'><strong>perfecta:</strong></span> <span class='ocrx_word' id='word_1_545' title='bbox 1415 2598 1525 2625; x_wconf 87' lang='lat' dir='ltr'><strong>virtutis</strong></span> <span class='ocrx_word' id='word_1_546' title='bbox 1540 2605 1698 2625; x_wconf 87' lang='lat' dir='ltr'><strong>mensuram</strong></span> <span class='ocrx_word' id='word_1_547' title='bbox 1714 2597 1820 2633; x_wconf 88' lang='lat' dir='ltr'><strong>pertin-</strong></span> 
     </span>
    </p>
   </div>
   <div class='ocr_carea' id='block_1_78' title="bbox 1028 2643 1820 2679">
    <p class='ocr_par' dir='ltr' id='par_1_78' title="bbox 1028 2643 1820 2679">
     <span class='ocr_line' id='line_1_78' title="bbox 1028 2643 1820 2679; baseline 0.004 -11"><span class='ocrx_word' id='word_1_548' title='bbox 1028 2650 1093 2678; x_wconf 80' lang='lat' dir='ltr'><strong>gere</strong></span> <span class='ocrx_word' id='word_1_549' title='bbox 1106 2645 1215 2677; x_wconf 83' lang='lat' dir='ltr'><strong>potest:</strong></span> <span class='ocrx_word' id='word_1_550' title='bbox 1234 2646 1263 2669; x_wconf 84' lang='lat' dir='ltr'><strong>ut</strong></span> <span class='ocrx_word' id='word_1_551' title='bbox 1291 2643 1364 2670; x_wconf 87' lang='lat' dir='ltr'><strong>sicut</strong></span> <span class='ocrx_word' id='word_1_552' title='bbox 1381 2644 1478 2678; x_wconf 83' lang='lat' dir='ltr'><strong>gratia,</strong></span> <span class='ocrx_word' id='word_1_553' title='bbox 1509 2644 1546 2671; x_wconf 89' lang='lat' dir='ltr'><strong>ita</strong></span> <span class='ocrx_word' id='word_1_554' title='bbox 1562 2643 1718 2679; x_wconf 85' lang='lat' dir='ltr'><strong>etjustitia,</strong></span> <span class='ocrx_word' id='word_1_555' title='bbox 1738 2648 1820 2671; x_wconf 73' lang='lat' dir='ltr'><strong>aeter-</strong></span> 
     </span>
    </p>
   </div>
   <div class='ocr_carea' id='block_1_79' title="bbox 1030 2688 1821 2724">
    <p class='ocr_par' dir='ltr' id='par_1_79' title="bbox 1030 2688 1821 2724">
     <span class='ocr_line' id='line_1_79' title="bbox 1030 2688 1821 2724; baseline 0.003 -9"><span class='ocrx_word' id='word_1_556' title='bbox 1030 2696 1071 2715; x_wconf 76' lang='lat' dir='ltr'><strong>na:</strong></span> <span class='ocrx_word' id='word_1_557' title='bbox 1095 2688 1283 2716; x_wconf 67' lang='lat' dir='ltr'><strong>hazreditatem</strong></span> <span class='ocrx_word' id='word_1_558' title='bbox 1311 2689 1401 2724; x_wconf 88' lang='lat' dir='ltr'><strong>capiat</strong></span> <span class='ocrx_word' id='word_1_559' title='bbox 1422 2689 1485 2717; x_wconf 71' lang='lat' dir='ltr'><strong>vitae</strong></span> <span class='ocrx_word' id='word_1_560' title='bbox 1517 2698 1524 2716; x_wconf 85' lang='lat'>:</span> <span class='ocrx_word' id='word_1_561' title='bbox 1547 2697 1637 2724; x_wconf 85' lang='lat' dir='ltr'><strong>neque</strong></span> <span class='ocrx_word' id='word_1_562' title='bbox 1659 2697 1709 2724; x_wconf 89' lang='lat' dir='ltr'><strong>per</strong></span> <span class='ocrx_word' id='word_1_563' title='bbox 1732 2690 1821 2718; x_wconf 80' lang='lat' dir='ltr'><strong>solam</strong></span> 
     </span>
    </p>
   </div>
   <div class='ocr_carea' id='block_1_80' title="bbox 1030 2733 1820 2771">
    <p class='ocr_par' dir='ltr' id='par_1_80' title="bbox 1030 2733 1820 2771">
     <span class='ocr_line' id='line_1_80' title="bbox 1030 2733 1820 2771; baseline 0.004 -11"><span class='ocrx_word' id='word_1_564' title='bbox 1030 2733 1151 2761; x_wconf 87' lang='lat' dir='ltr'><strong>divinam</strong></span> <span class='ocrx_word' id='word_1_565' title='bbox 1167 2735 1299 2762; x_wconf 83' lang='lat' dir='ltr'><strong>virtutem</strong></span> <span class='ocrx_word' id='word_1_566' title='bbox 1317 2739 1346 2762; x_wconf 89' lang='lat' dir='ltr'><strong>et</strong></span> <span class='ocrx_word' id='word_1_567' title='bbox 1361 2735 1488 2770; x_wconf 81' lang='lat' dir='ltr'><strong>gratiam,</strong></span> <span class='ocrx_word' id='word_1_568' title='bbox 1501 2735 1604 2770; x_wconf 89' lang='lat' dir='ltr'><strong>absque</strong></span> <span class='ocrx_word' id='word_1_569' title='bbox 1621 2743 1654 2762; x_wconf 82' lang='lat' dir='ltr'><strong>eo</strong></span> <span class='ocrx_word' id='word_1_570' title='bbox 1666 2736 1738 2770; x_wconf 86' lang='lat' dir='ltr'><strong>quod</strong></span> <span class='ocrx_word' id='word_1_571' title='bbox 1756 2743 1820 2771; x_wconf 86' lang='lat' dir='ltr'><strong>pro-</strong></span> 
     </span>
    </p>
   </div>
   <div class='ocr_carea' id='block_1_81' title="bbox 1029 2778 1819 2815">
    <p class='ocr_par' dir='ltr' id='par_1_81' title="bbox 1029 2778 1819 2815">
     <span class='ocr_line' id='line_1_81' title="bbox 1029 2778 1819 2815; baseline 0.005 -11"><span class='ocrx_word' id='word_1_572' title='bbox 1029 2778 1104 2813; x_wconf 86' lang='lat' dir='ltr'><strong>prios</strong></span> <span class='ocrx_word' id='word_1_573' title='bbox 1116 2783 1143 2805; x_wconf 90' lang='lat' dir='ltr'><strong>et</strong></span> <span class='ocrx_word' id='word_1_574' title='bbox 1164 2778 1223 2813; x_wconf 88' lang='lat' dir='ltr'><strong>ipse</strong></span> <span class='ocrx_word' id='word_1_575' title='bbox 1251 2779 1374 2807; x_wconf 81' lang='lat' dir='ltr'><strong>conferat</strong></span> <span class='ocrx_word' id='word_1_576' title='bbox 1400 2780 1525 2813; x_wconf 78' lang='lat' dir='ltr'><strong>sudores,</strong></span> <span class='ocrx_word' id='word_1_577' title='bbox 1549 2780 1670 2815; x_wconf 80' lang='lat' dir='ltr'><strong>perfecto</strong></span> <span class='ocrx_word' id='word_1_578' title='bbox 1693 2781 1819 2815; x_wconf 79' lang='lat' dir='ltr'><strong>proiectu</strong></span> 
     </span>
    </p>
   </div>
   <div class='ocr_carea' id='block_1_82' title="bbox 1029 2823 1818 2860">
    <p class='ocr_par' dir='ltr' id='par_1_82' title="bbox 1029 2823 1818 2860">
     <span class='ocr_line' id='line_1_82' title="bbox 1029 2823 1818 2860; baseline 0.004 -10"><span class='ocrx_word' id='word_1_579' title='bbox 1029 2823 1129 2858; x_wconf 78' lang='lat' dir='ltr'><strong>dignus</strong></span> <span class='ocrx_word' id='word_1_580' title='bbox 1144 2824 1255 2852; x_wconf 89' lang='lat' dir='ltr'><strong>habitus</strong></span> <span class='ocrx_word' id='word_1_581' title='bbox 1274 2833 1281 2850; x_wconf 91' lang='lat'>:</span> <span class='ocrx_word' id='word_1_582' title='bbox 1295 2832 1385 2859; x_wconf 85' lang='lat' dir='ltr'><strong>neque</strong></span> <span class='ocrx_word' id='word_1_583' title='bbox 1406 2832 1501 2852; x_wconf 89' lang='lat' dir='ltr'><strong>rursus</strong></span> <span class='ocrx_word' id='word_1_584' title='bbox 1520 2825 1579 2852; x_wconf 89' lang='lat' dir='ltr'><strong>solo</strong></span> <span class='ocrx_word' id='word_1_585' title='bbox 1593 2825 1705 2860; x_wconf 89' lang='lat' dir='ltr'><strong>proprio</strong></span> <span class='ocrx_word' id='word_1_586' title='bbox 1713 2826 1818 2859; x_wconf 87' lang='lat' dir='ltr'><strong>studio,</strong></span> 
     </span>
    </p>
   </div>
   <div class='ocr_carea' id='block_1_83' title="bbox 1029 2869 1818 2907">
    <p class='ocr_par' dir='ltr' id='par_1_83' title="bbox 1029 2869 1818 2907">
     <span class='ocr_line' id='line_1_83' title="bbox 1029 2869 1818 2907; baseline 0.004 -10"><span class='ocrx_word' id='word_1_587' title='bbox 1029 2869 1133 2904; x_wconf 86' lang='lat' dir='ltr'><strong>absque</strong></span> <span class='ocrx_word' id='word_1_588' title='bbox 1158 2878 1275 2906; x_wconf 87' lang='lat' dir='ltr'><strong>superne</strong></span> <span class='ocrx_word' id='word_1_589' title='bbox 1290 2874 1455 2906; x_wconf 86' lang='lat' dir='ltr'><strong>cooperante</strong></span> <span class='ocrx_word' id='word_1_590' title='bbox 1469 2871 1560 2899; x_wconf 83' lang='lat' dir='ltr'><strong>divina</strong></span> <span class='ocrx_word' id='word_1_591' title='bbox 1589 2879 1669 2898; x_wconf 89' lang='lat' dir='ltr'><strong>manu</strong></span> <span class='ocrx_word' id='word_1_592' title='bbox 1689 2871 1818 2907; x_wconf 62' lang='lat' dir='ltr'><strong>perfectae</strong></span> 
     </span>
    </p>
   </div>
   <div class='ocr_carea' id='block_1_84' title="bbox 1029 2915 1817 2954">
    <p class='ocr_par' dir='ltr' id='par_1_84' title="bbox 1029 2915 1817 2954">
     <span class='ocr_line' id='line_1_84' title="bbox 1029 2915 1817 2954; baseline 0.003 -10"><span class='ocrx_word' id='word_1_593' title='bbox 1029 2915 1166 2944; x_wconf 83' lang='lat' dir='ltr'><strong>libertatis</strong></span> <span class='ocrx_word' id='word_1_594' title='bbox 1183 2917 1288 2952; x_wconf 78' lang='lat' dir='ltr'><strong>apicem</strong></span> <span class='ocrx_word' id='word_1_595' title='bbox 1303 2917 1478 2953; x_wconf 67' lang='lat' dir='ltr'><strong>etput‘itatis,</strong></span> <span class='ocrx_word' id='word_1_596' title='bbox 1497 2918 1643 2954; x_wconf 75' lang='lat' dir='ltr'><strong>attingens.</strong></span> <span class='ocrx_word' id='word_1_597' title='bbox 1675 2917 1732 2945; x_wconf 82' lang='lat' dir='ltr'><strong>Nisi</strong></span> <span class='ocrx_word' id='word_1_598' title='bbox 1747 2919 1817 2946; x_wconf 75' lang='lat' dir='ltr'><strong>enim</strong></span> 
     </span>
    </p>
   </div>
  </div>
