2079 3152
252 176 305 207 843

856 178 887 207 S.
907 177 1066 207 MACARII
1089 175 1248 206 lEGYPTIl

1835 167 1890 200 8M

253 231 382 259 Dominus
395 232 563 266 wdiﬁcaverit
581 232 686 259 domum
702 235 726 259 et
741 232 895 259 custodierit
908 233 1042 259 civitatem

1113 240 1177 268 ητος
1189 229 1394 266 ὲφικνούμενος·
1404 228 1475 256 Ἐὰν
1490 227 1544 262 γὰρ
1559 226 1601 261 μὴ
1615 226 1721 261 Κύριος
1734 224 1891 259 οἰκοδομή-

253 277 283 304 in
311 285 408 304 vanum
434 277 551 312 vigilavit
582 277 730 305 custodiens
749 279 789 311 ";
815 278 917 306 frustra
947 278 1050 313 pariter

257 322 327 350 fabri
343 323 542 358 architectique
556 323 728 351 laborarunt.

292 424 325 452 ll.
346 424 541 460 Interrogatio.
555 424 619 457 Qua:
652 426 685 453 sit
694 425 816 453 voluntas
830 425 889 459 Dei,
907 427 942 454 ad
968 435 1050 462 quam

256 471 354 498 scilicet
371 471 494 498 hortatur
510 475 535 499 et
549 476 674 507 provocat
684 472 824 508 Apostolus
838 480 1051 508 unumquemque

258 517 412 545 contendere
421 517 434 544 .9

294 574 449 609 Responsio.
471 575 599 604 Perfecta
621 575 729 611 peccati
747 576 887 612 purgatio,
915 581 945 604 et
961 583 1051 612 apas-

261 616 388 644 sionibus
403 616 560 652 ignominiis
571 617 698 650 libertas,
710 622 738 645 et
752 617 853 645 summi
868 617 980 645 virtutis
994 617 1053 652 api-

261 661 302 688 cis
323 661 543 696 comprebensio.
560 661 639 695 Quod
653 666 695 690 est
710 662 837 697 purgatio
850 666 879 690 et
894 661 1053 690 sanctiﬁca-

263 708 302 735 tio
314 707 415 740 cordis,
424 715 485 742 qua:
504 715 554 742 per
565 708 751 736 interventum
767 708 881 743 perfecti
908 712 937 736 et
957 707 1046 736 divini

262 751 383 785 Spiritus
399 751 426 778 in
439 751 540 779 ﬁducia
565 751 718 779 certissima
744 751 783 778 iit.
802 751 889 784 Beati,
905 751 978 779 enim
1002 751 1052 784 ait,

262 795 354 821 nutndi
369 794 455 827 corde,
491 795 616 830 quoniam
642 796 693 830 ipsi
709 795 794 822 Deum
807 795 930 822 videbunt
942 795 974 822 ’³.
996 795 1031 823 Et
1044 804 1050 822 :

262 837 363 870 Estote,
382 841 411 864 et
429 844 480 865 nos
493 841 521 865 et
537 846 596 870 vos,
623 838 751 873 perfecti,
767 838 834 865 sicut
862 837 944 865 Pater
965 841 1053 864 noster

1100 285 1142 312 σῃ
1165 275 1270 308 οἷκον,
1296 274 1346 302 καὶ
1368 273 1490 310 φυλάξῃ
1514 273 1616 302 πόλιν,
1633 273 1677 304 εἰς
1687 270 1787 306 μάτην
1799 270 1891 305 ἠγρύ-

1101 330 1221 357 πνησεν
1245 323 1263 349 ὁ
1284 319 1474 356 φυλάσσων,
1500 319 1515 345 ὀ
1539 317 1643 345 κοπιῶν
1666 318 1714 344 καὶ
1732 315 1891 351 οἰκοδομῶν,

1101 368 1142 400 εἰς
1159 368 1248 403 μάτην
1265 366 1378 402 ὁμοίως.

1136 421 1173 450 Β’.
1203 421 1361 458 Ἐρώτησις.
1393 421 1423 448 Tt
1438 419 1472 447 τὸ
1486 418 1600 454 θέλημα
1612 418 1666 446 τοῦ
1679 418 1754 445 Θεοῦ
1764 438 1772 451 ,
1789 417 1865 452 πρὸς
1877 416 1894 444 δ

1101 468 1203 504 δήπου
1222 467 1420 502 προτρέπεται
1435 465 1485 493 καὶ
1499 463 1669 500 ,παρακαλεῖ
1681 465 1698 491 ὀ
1713 464 1896 496 Ἀπόστολος

1102 515 1234 542 ἕκαστον
1247 512 1333 549 ἡμῶν
1346 511 1474 548 φθάσαι,

1143 572 1323 605 Ἀπόκρισις.
1356 568 1390 595 Ἦ
1412 567 1503 597 τελεία
1523 567 1574 602 τῆς
1589 565 1730 602 ἁμαρτίας
1745 564 1896 600 κάθαρσις,

1102 617 1150 644 καὶ
1160 615 1215 643 τῶν
1225 615 1273 650 τῆς
1284 613 1394 649 ἀτιμίας
1401 612 1496 640 παθῶν
1505 611 1657 647 ἐλευθερία,
1667 612 1738 646 καὶὴ
1746 611 1796 646 τῆς
1805 610 1896 646 dupe;

1103 662 1205 698 ἀρετῆς
1229 660 1383 696 ἀνάληψις·
1410 660 1480 695 ὅπερ
1503 659 1576 686 ἐστὶν
1598 659 1613 686 ό
1634 656 1821 693 ιαθαρισμὺς,
1847 656 1897 683 καὶ

1102 711 1117 736 ὁ
1139 707 1274 743 ἁγιασμὸς
1297 707 1347 742 τῆς
1366 705 1497 742 καρδίας.
1520 705 1536 732 ὸ
1558 703 1604 731 διὰ
1622 704 1672 738 τῆς
1686 702 1831 738 μετουσίας
1846 701 1897 728 τοῦ

1102 755 1206 782 τελείου
1227 753 1276 781 καὶ
1298 751 1391 779 θεῖκοῦ
1407 750 1567 786 Πνεύματος
1584 750 1615 776 ὲν
1629 748 1804 785 πληροφορίᾳ
1817 747 1897 782 γενό-

1105 807 1195 835 μενος·
1211 797 1356 832 Μακάριοι
1366 797 1432 832 γὰρ,
1444 795 1538 831 φησὶν,
1551 796 1578 822 oi
1590 793 1714 830 καθαροὶ
1726 792 1765 827 τῇ
1777 793 1896 828 καρδίᾳ,

1103 846 1148 872 ὅτι
1169 844 1257 872 αὐτοὶ
1278 842 1331 870 τὸν
1351 842 1425 869 Θεὸν
1445 840 1586 876 ὄψονται·
1611 839 1676 867 και·
1695 839 1835 868 Γίνεσθε.
1850 837 1898 864 καὶ

263 882 373 910 cmlcstis
386 883 513 918 perfectus
529 888 567 911 est
580 885 613 910 ".
627 883 661 911 Et
673 892 680 910 :
696 883 757 910 Fiat
771 904 779 916 ,
795 883 895 918 inquit,
910 891 955 910 cor
966 891 1053 910 meum

1111 891 1184 926 ἡμεῖς
1197 889 1245 916 καὶ
1256 888 1346 923 ὑμεῖς,
1360 886 1479 917 τέλειοι,
1493 885 1534 918 ὡς
1547 885 1564 912 ὁ
1575 882 1677 918 Πατὴρ
1686 882 1771 917 ἡμῶν
1783 883 1800 909 ὀ
1811 881 1899 929 οὐρα-

263 929 467 956 immaculatum
480 930 509 957 in
532 929 768 964 justiﬁeationibus
788 931 851 962 tuis,
866 934 896 956 ut
921 937 974 956 non
991 937 1054 956 cort-

264 974 362 1010 fundar
380 975 413 1002 ”.
426 974 460 1001 Et
470 981 567 1002 rursus
577 982 583 1001 :
595 973 666 1001 Tunc
677 981 729 1000 non
746 973 907 1008 confundar,
922 981 982 1000 cum
998 981 1057 1007 pcr-

264 1025 373 1052 spexero
390 1017 421 1043 in
435 1017 556 1044 omnibus
591 1017 725 1044 mandatis
742 1018 794 1044 tuis
811 1017 963 1045 ".lterum
986 1025 1057 1052 quo-

264 1071 318 1098 que
333 1063 367 1090 ad
379 1063 601 1099 interrogantem.
620 1063 699 1098 170
731 1062 794 1096 Quis
803 1064 924 1091 ascendet
935 1063 970 1090 ad
981 1071 1057 1090 mon-

265 1114 316 1136 tem
328 1109 454 1136 Domini?
469 1109 618 1144 respondet
631 1118 637 1136 :
651 1109 778 1137 Innocens
790 1109 909 1136 manibus
924 1113 948 1136 et
961 1108 1058 1135 mundo

265 1153 342 1180 corde
365 1154 410 1180 ’τε
435 1154 540 1189 peccati
561 1154 637 1189 quod
665 1154 708 1181 vel
735 1153 912 1188 operatione,
939 1154 982 1181 vel
1014 1153 1057 1180 in-

266 1203 345 1225 terno
357 1199 508 1226 voluntatis
544 1206 656 1226 assensu
686 1198 879 1232 consciscitur,
909 1198 1058 1233 perlectam

265 1252 316 1279 per
330 1244 384 1273 hoc
395 1244 551 1280 signiﬁcans
567 1244 760 1273 abolitionem.

301 1354 347 1382 Ill.
361 1354 419 1382 Sub
442 1361 585 1391 aspectum
611 1363 666 1384 non
676 1356 820 1385 readentes
835 1356 951 1385 allectus
962 1362 992 1385 et
1012 1365 1058 1386 oc-

268 1400 343 1428 culta
362 1401 462 1428 anima:
484 1402 575 1430 sciens
597 1401 718 1437 Spiritus
749 1408 863 1431 sanctus
874 1407 972 1431 curam
997 1410 1059 1431 esse

268 1445 401 1478 diliicilia.
431 1447 533 1482 quippe
557 1455 619 1482 quae
645 1448 696 1482 ipsi
725 1448 812 1475 veluti
847 1450 957 1484 penitus
971 1448 1058 1476 iuba:-

268 1496 367 1524 reant;
390 1500 441 1526 per
476 1493 606 1520 Davidem
637 1493 768 1527 ostendit,
796 1495 934 1529 quomodo
963 1502 1058 1522 earum

271 1536 489 1564 administranda
515 1538 642 1572 purgatio
659 1538 705 1571 sit,
725 1538 862 1566 dicentem
878 1549 885 1566 :
900 1540 938 1567 Ab
949 1541 1058 1568 occultis

272 1583 338 1609 meis
352 1583 451 1610 munda
463 1591 514 1615 me,
524 1583 636 1610 Domine
647 1584 670 1600 ’⁸
685 1593 692 1611 :
713 1592 763 1619 per
777 1593 838 1620 qua:
849 1585 931 1613 verba
946 1586 1036 1614 innuit
1051 1608 1059 1621 ,

273 1635 355 1655 unam
373 1636 468 1655 earum
491 1629 819 1658 sanandarumeﬂicacem
834 1637 895 1658 esse
913 1632 1058 1666 rationem,

273 1673 423 1708 perfectam
444 1682 506 1701 cum
534 1675 619 1702 multa
636 1683 718 1710 prece
729 1683 760 1703 ac
777 1675 831 1704 ﬁde
852 1678 1060 1705 conversionem

275 1719 309 1746 ad
326 1719 434 1752 Deum;
461 1719 656 1754 cooperatione
686 1720 825 1756 Spiritus;
843 1722 891 1749 sed
920 1726 1011 1750 tamen
1033 1727 1061 1751 et

274 1764 355 1792 nobis
374 1765 403 1792 in
421 1765 494 1792 idem
513 1769 570 1793 toto
589 1770 688 1795 conatu
703 1767 904 1801 annitentibus,
934 1773 963 1796 et
986 1769 1061 1797 omni

275 1810 401 1838 custodia
416 1811 590 1839 servantibus
609 1820 658 1840 cor
673 1817 810 1841 nostrum.

309 1868 355 1896 IV.
384 1868 473 1895 Etiam
500 1868 599 1896 beatus
621 1868 702 1897 docet
725 1870 842 1906 Moyses,
870 1878 920 1906 per
941 1871 1062 1907 symbola

275 1913 464 1946 subindicans,
487 1914 561 1942 haud
587 1915 786 1951 indulgendum
810 1916 920 1944 duabus
942 1924 1062 1952 propen-

275 1960 410 1993 sionihus,
424 1961 510 1988 altera
525 1961 552 1988 in
563 1962 678 1994 malum,
688 1963 774 1989 altera
788 1962 823 1990 ad
837 1963 940 1990 bonum
953 1963 1064 1990 trahen-

277 2010 324 2039 te;
339 2006 387 2033 sed
416 2006 445 2033 in
463 2014 545 2034 unam
575 2008 797 2042 prosecutionem
814 2009 879 2036 boni
900 2009 1063 2036 incumben-

277 2052 353 2078 dum.
369 2051 464 2086 Neque
480 2057 608 2087 oportere
625 2053 695 2080 duos
708 2054 790 2081 simul
817 2054 924 2082 fruetus
946 2063 1040 2083 serere
1055 2076 1063 2088 ,

278 2097 374 2123 utilem
395 2101 424 2124 et
447 2098 559 2124 noxium
574 2107 582 2131 ;
597 2098 645 2126 sed
670 2100 767 2126 utilem
784 2107 817 2127 ac
833 2100 936 2128 bonum
963 2101 1062 2128 solum.

280 2141 314 2169 Ut
336 2143 389 2170 hoc
410 2144 564 2178 exprimat,
579 2144 620 2172 sic
649 2144 766 2172 scribit:
788 2145 849 2172 Non
864 2147 961 2182 junges
976 2147 1065 2175 cadent

273 2185 340 2221 fugo
353 2186 380 2212 in
405 2194 469 2214 area
482 2191 528 2214 tua
539 2188 634 2216 diversi
656 2190 758 2223 generis
786 2190 925 2224 animalia,
937 2197 1001 2226 puta
1020 2192 1065 2221 bo-

277 2239 334 2258 vem
358 2236 383 2258 et
403 2233 585 2266 asinum;sed
598 2235 630 2262 iis
644 2242 702 2270 quin
718 2235 770 2262 sint
780 2235 897 2270 ejusdem
918 2238 1013 2272 speciei
1024 2238 1065 2265 in-

278 2279 359 2305 vicem
371 2279 483 2314 junctis,
500 2280 635 2308 triturabis
650 2289 759 2308 messem
778 2287 854 2309 tuam
879 2283 913 2309 ".
936 2282 993 2310 Hoc
1005 2288 1064 2316 est;
1083 2275 1104 2301 ί)

277 2331 313 2351 ne
328 2324 355 2351 in
372 2332 435 2352 area
446 2325 538 2353 cordis
548 2327 637 2354 nostri
652 2327 741 2355 virtus
756 2333 785 2355 et
795 2328 898 2356 malitia
909 2328 989 2356 simul
999 2337 1062 2363 ope-

277 2372 383 2401 rentur,
400 2368 449 2396 sed
472 2369 560 2397 virtus
583 2370 672 2404 (sola.
699 2371 802 2398 Iterum
827 2372 974 2407 prmcipit:
1007 2372 1067 2399 Non

277 2415 379 2441 intexes
391 2414 467 2442 laneo
480 2423 569 2449 panno
587 2415 670 2442 linunt
687 2424 695 2442 :
713 2424 804 2451 neque
819 2424 915 2444 rursus
942 2417 970 2444 in
997 2421 1067 2444 veste

278 2467 333 2494 qua
364 2461 449 2487 utaris
476 2460 547 2488 linea
577 2461 668 2488 lanam
679 2462 713 2488 ³ο.
725 2462 783 2489 Non
809 2471 878 2489 seres
892 2463 919 2489 in
936 2471 1000 2498 agro
1023 2467 1067 2489 tuo

280 2506 347 2533 duas
374 2507 462 2542 fruges
477 2507 567 2534 simul.
583 2507 737 2535 Iumentum
752 2513 826 2534 tuum
841 2517 894 2535 non
906 2509 985 2543 facies
996 2509 1066 2535 coire

281 2561 342 2579 cum
356 2553 466 2580 alterius
485 2554 587 2589 generis
617 2555 815 2586 animantibus;
839 2554 885 2581 sed
907 2555 1067 2589 homogenea

281 2599 444 2633 homogeneis
456 2599 597 2634 conjunges
612 2599 644 2626 ³¹.
671 2599 722 2626 Per
751 2607 812 2634 qua:
839 2599 930 2626 omnia
955 2600 1069 2635 mystice

282 2644 373 2671 innuit
389 2653 444 2671 non
465 2650 593 2679 oportere
611 2645 708 2673 vitium
730 2650 758 2673 et
769 2646 910 2679 virtutem,
926 2646 1068 2673 utdictum

279 2694 332 2722 est,
348 2690 375 2716 in
391 2690 471 2717 nobis
486 2690 535 2717 feri
551 2699 558 2723 ;
576 2690 623 2717 sed
649 2691 730 2718 unius
753 2691 863 2718 virtutis
891 2691 982 2726 fruges
1014 2691 1069 2718 seri

281 2735 433 2770 excoliquc.
454 2739 483 2762 ut
496 2735 650 2771 germinent
670 2736 698 2763 in
713 2736 803 2763 nobis.
831 2735 926 2770 Neque
957 2735 1066 2763 duobus

321 2824 342 2836 “
365 2823 435 2849 l'sal.
452 2832 541 2856 cun,
562 2824 587 2850 Ι.

636 2825 659 2840 ³³
670 2825 765 2851 Matth.
782 2833 808 2855 ν,
827 2826 852 2851 8.

286 2857 308 2871 ²¹⁵
324 2857 393 2883 ιιολιε.
404 2866 479 2890 mn,
495 2859 534 2885 15.

906 2825 927 2840 "
942 2825 1008 2852 ihitl.
1034 2826 1078 2853 43.

574 2860 595 2876 ²⁹
611 2860 691 2889 Deut.
707 2868 773 2893 xx",
789 2861 830 2887 10.
869 2861 892 2877 ³ο
903 2859 970 2887 ibid.
992 2862 1031 2888 ll.
1072 2861 1092 2876 ³¹
1110 2860 1176 2889 Lev.
1192 2868 1246 2894 xtx,
1263 2860 1304 2888 l9.

1107 944 1172 968 νιος
1185 934 1298 966 τέλειός
1308 933 1384 961 ἐστι·
1400 930 1457 959 καῑο
1472 930 1642 964 Γενηθήτω,
1655 929 1748 964 φησὶν,
1759 929 1779 963 ἠ
1790 927 1900 962 καρδία

1106 990 1165 1016 μου
1179 980 1298 1015 ἄμωμος
1312 978 1348 1006 ἐν
1360 977 1424 1011 τοῖς
1435 975 1613 1011 omath
1625 983 1695 1006 σου,
1711 974 1792 1007 ὅπως
1805 973 1843 1001 ἂν
1853 973 1899 1008 μὴ

1107 1024 1271 1061 αισχυνθῶ·
1288 1024 1336 1051 καὶ
1351 1021 1440 1055 αὖθις·
1459 1023 1527 1050 Τότε
1543 1022 1579 1049 οὐ
1591 1020 1634 1056 μὴ
1645 1019 1799 1055 αἰσχυνθῶ
1811 1019 1846 1046 ἐν
1858 1017 1900 1052 τῷ

1106 1082 1145 1108 με
1164 1071 1339 1101 ἐπιϐλέπειν
1361 1069 1411 1097 ἐπὶ
1427 1068 1530 1101 πάσας
1546 1067 1601 1101 τὰς
1613 1065 1740 1100 ἐντολάς
1754 1073 1829 1093 σου·
1850 1065 1899 1092 καὶ

1109 1120 1177 1155 πρὸς
1198 1119 1243 1146 τὸν
1264 1116 1409 1153 ἐρωτῶντα
1426 1115 1455 1143 δὲ
1475 1114 1575 1142 πάλιν
1595 1114 1644 1147 Τις
1657 1112 1840 1145 ἀναϐήσεται
1855 1111 1898 1143 et;

1108 1167 1142 1194 τὸ
1157 1166 1225 1200 ὅρος
1238 1165 1292 1192 τοῦ
1303 1164 1432 1198 Κυρίου;
1454 1161 1565 1195 ’Δθῶος
1579 1160 1694 1195 χερσὶν,
1709 1158 1899 1194 ἀποκρίνεται,

1108 1212 1158 1240 και
1173 1210 1304 1245 καθαρὸς
1315 1209 1353 1244 τῇ
1367 1208 1475 1244 καρδίᾳ
1487 1216 1493 1222 ·
1520 1207 1571 1242 τῆς
1585 1206 1630 1234 διὰ
1642 1205 1767 1241 πράξεως
1780 1204 1828 1231 καὶ
1839 1204 1899 1230 δια·-

1109 1258 1183 1289 νοίας
1212 1255 1348 1292 ἁμαρτιας
1385 1255 1435 1290 τὴν
1454 1253 1562 1283 τελείαν
1580 1251 1706 1281 ιντεῦθεν
1718 1250 1807 1286 δηλῶν
1820 1248 1899 1278 ἀναι-

1110 1310 1196 1338 ρεσιν.

1144 1357 1181 1386 I".
1201 1358 1242 1385 Τὰ
1259 1357 1351 1392 ἀφανῆ
1367 1355 1452 1391 πάθη,
1469 1355 1546 1390 φησι,
1565 1355 1612 1382 καὶ
1625 1353 1731 1389 κρύφια
1744 1352 1775 1379 τδ
1788 1351 1899 1387 Πνεῦμα

1109 1405 1140 1432 τδ
1152 1405 1230 1440 ᾱγιον
1246 1404 1429 1439 ἐπιστάμενον
1442 1400 1653 1429 δυσαπάλλακτα
1666 1399 1742 1432 ὂντα,
1757 1399 1806 1426 καὶ
1818 1398 1899 1425 οἱονεὶ

1109 1452 1141 1488 τῇ
1164 1451 1237 1487 ψυχῇ
1261 1449 1505 1486 κατερῤιζωμένα,
1529 1447 1573 1475 διὰ
1596 1447 1643 1474 τοῦ
1665 1446 1745 1474 Δασὶδ
1768 1445 1898 1476 δείκνυσι,

1110 1497 1168 1529 πῶς
1189 1497 1244 1532 ἄρα
1263 1496 1367 1523 τούτων
1388 1493 1581 1530 ποιητέον.τῆν
1596 1491 1748 1528 κεῖοαρσιν⁸
1774 1492 1825 1519 Ἐκ
1840 1491 1900 1518 τῶν

1111 1542 1247 1576 κρυφίων
1263 1550 1323 1575 μου
1345 1540 1399 1579 γὰρ
1408 1539 1591 1574 ,κκιιθάρισόν
1604 1547 1657 1573 με,
1679 1537 1777 1573 φησιν·
1801 1536 1840 1568 ὡς
1857 1535 1901 1562 διὰ

1115 1587 1216 1621 πολλῆς
1235 1586 1284 1620 τῆς
1306 1585 1425 1621 δεήσεώς
1442 1593 1472 1611 τε
1495 1584 1541 1611 καὶ
1562 1584 1689 1616 πίστεως,
1707 1582 1754 1609 καὶ
1769 1582 1818 1617 τῆς
1832 1581 1901 1616 πρὸς

1112 1632 1179 1659 Θεὸν
1203 1632 1309 1664 τελείας
1330 1631 1418 1668 ῥοπῆς
1431 1651 1438 1664 ,
1463 1631 1497 1666 τῇ
1516 1629 1661 1664 συνεργεια
1671 1627 1718 1655 τοῦ
1732 1627 1900 1662 Πνεύματος,

1112 1677 1334 1713 κατεργασθῆναι
1362 1675 1519 1711 δυναμένων
1541 1675 1620 1710 ἡμῶν
1633 1683 1639 1690 ·
1669 1673 1739 1709 πλὴν
1762 1673 1832 1700 ἀλλὰ
1854 1672 1902 1698 καὶ

1111 1722 1190 1758 ἡμῶν
1212 1721 1281 1757 πρὸς
1301 1721 1390 1748 ταῦτα
1411 1720 1626 1753 ἀντιτεινόντων,
1642 1719 1691 1746 καὶ
1706 1718 1813 1753 φυλακῇ
1827 1717 1901 1753 πασῃ

1112 1767 1267 1803 τηρούντων
1283 1766 1334 1802 τὴν
1346 1765 1451 1793 ἑαυτῶν
1464 1765 1589 1800 καρδίαν.

1147 1872 1184 1898 Δ’.
1204 1870 1259 1897 Καὶ
1269 1870 1283 1897 ὁ
1300 1869 1432 1906 μακάριός
1448 1876 1515 1904 φησι
1527 1867 1658 1902 Μωῡσῆς,
1674 1866 1718 1894 διὰ
1731 1865 1824 1893 τύπων
1835 1865 1902 1892 ὑπο-

1113 1916 1241 1949 δεικνὺς,
1269 1915 1300 1942 τὸ
1323 1915 1362 1950 μὴ
1385 1915 1441 1942 δεῖν
1465 1913 1590 1948 γνώμαις
1611 1913 1694 1945 δυοῖν,
1712 1912 1798 1939 κακοῦ
1811 1920 1841 1937 τε
1855 1911 1904 1938 καὶ

1113 1961 1227 1995 ἀγαθοῦ,
1242 1960 1291 1996 τὴν
1304 1960 1403 1995 ψυχὴν,
1416 1959 1485 1986 ἀλλὰ
1493 1959 1532 1994 τῷ
1544 1958 1638 1994 ἀγαθῷ
1651 1959 1723 1993 μόνῳ
1735 1957 1903 1988 ἀκολουθεῖν,

1114 2007 1162 2035 καὶ
1185 2007 1216 2034 τὸ
1243 2007 1280 2042 μὴ
1302 2007 1402 2042 χρῆναι
1418 2006 1464 2033 δύο
1479 2006 1602 2040 καρποὺς
1618 2005 1766 2040 γεωργεῖν,
1784 2002 1904 2038 χρηστοῦ

1114 2053 1162 2080 καὶ
1171 2052 1302 2088 χείρονος,
1315 2051 1382 2079 ἀλλὰ
1394 2052 1501 2087 χρηστὰ
1512 2051 1590 2086 μόνα,
1605 2050 1676 2077 οὕτω
1687 2050 1779 2085 φησιν·
1791 2051 1833 2076 Οὐ
1843 2049 1905 2079 ζεύ-

1115 2099 1178 2132 ξεις
1197 2099 1234 2126 ὲν
1251 2098 1288 2133 τῇ
1308 2098 1372 2131 ἅλῳ
1386 2105 1445 2125 σου
1467 2095 1619 2131 ἀλλοτενῆ
1635 2095 1691 2126 ζῶα
1705 2095 1754 2122 ἐπὶ
1769 2095 1802 2121 τὸ
1817 2094 1904 2126 αὐτὸ,

1115 2145 1206 2173 οἱονεὶ
1222 2145 1303 2178 ,ϐοῦν
1325 2144 1374 2171 καὶ
1395 2143 1483 2170 ὄνον·
1507 2142 1589 2170 ἀλλὰ
1606 2142 1641 2169 τὰ
1655 2140 1784 2176 ὁμογενῆ
1799 2140 1906 2173 ζεύξας

1116 2192 1265 2225 ἀλωήσεις
1279 2191 1333 2218 τὸν
1345 2191 1461 2225 ἀμητόν
1474 2197 1542 2216 σου⁹
1559 2188 1708 2219 τουτέστιν,
1725 2187 1768 2214 ἴνα
1782 2187 1820 2221 μὴ
1832 2187 1861 2212 ὲν
1871 2187 1904 2221 τῇ

1117 2237 1173 2272 ἅλῳ
1189 2237 1241 2271 τῆς
1255 2236 1369 2271 καρδίας
1383 2235 1461 2270 ἡμῶν
1478 2234 1524 2261 επὶ
1537 2233 1568 2260 τὺ
1580 2233 1645 2260 αὐτὸ
1659 2232 1744 2268 ἁρετὴ
1761 2232 1808 2258 καὶ
1820 2231 1906 2258 κακία

1118 2283 1168 2318 τὴν
1190 2282 1321 2317 ἐργασίαν
1345 2281 1408 2316 ἔχῃ,
1435 2280 1492 2307 ἀλλ’
1515 2280 1532 2314 ἢ
1547 2279 1631 2314 ἀρετὴ
1649 2279 1734 2313 μόνη⁸
1761 2279 1802 2305 Οὐ
1829 2286 1906 2304 συν-

1122 2328 1249 2363 υφανεῖς
1272 2327 1344 2362 ἐρέῳ
1366 2327 1469 2362 Ιματίιρ
1492 2325 1616 2353 λινοῦν·
1635 2324 1712 2352 Οὐδὲ
1728 2324 1808 2351 πάλιν
1831 2323 1906 2357 λινῷ

1118 2375 1200 2409 ἔριον
1212 2383 1220 2390 ·
1246 2375 1283 2401 οὑ
1306 2373 1485 2408 recup-Macte
1506 2372 1541 2398 ὲν
1562 2371 1599 2405 τῇ
1615 2370 1694 2406 χώρᾳ
1709 2370 1765 2404 τῆς
1777 2367 1836 2404 τῆς(
1846 2377 1905 2396 σου

1118 2422 1172 2449 δύο
1193 2421 1327 2454 καρποὺς
1344 2420 1393 2446 ἐπὶ
1410 2419 1442 2445 τι)
1456 2419 1530 2445 αὐτό
1538 2426 1547 2435 ·
1573 2419 1628 2445 οὐκ
1643 2416 1795 2449 ἐπιϐαλεῖς
1807 2416 1904 2450 ἑτερο-

1118 2466 1204 2501 γενὲς
1227 2465 1300 2496 ((1301-
1322 2466 1366 2497 εις
1387 2464 1482 2499 γονὴν
1502 2463 1608 2497 ἐτέρῳο
1631 2462 1711 2489 ἀλλὰ
1726 2463 1762 2489 τὰ
1775 2461 1904 2496 ὁμογενῆ

1117 2511 1177 2543 τοῖς
1190 2509 1347 2545 ὀμογενέσι
1359 2508 1527 2541 συζεύξεις·
1545 2508 1578 2534 δι’
1589 2504 1626 2535 ὧν
1638 2508 1746 2534 πάντων
1757 2507 1905 2534 αἰνίττεται

1119 2553 1270 2588 μυστικῶς,
1292 2553 1323 2578 τὸ
1340 2551 1378 2587 μὴ
1391 2552 1446 2578 δεῖν
1460 2552 1559 2578 κακίαν
1574 2552 1620 2577 καὶ
1632 2551 1742 2586 ἀρετὴν,
1757 2551 1852 2586 ὥσπερ
1867 2551 1906 2577 εῖ-

1118 2607 1214 2633 ρηται,
1239 2599 1267 2623 ἐν
1290 2598 1355 2633 ἡμῖν
1374 2596 1568 2632 γεωργεῖσθαι·
1587 2596 1654 2622 ἀλλὰ
1669 2596 1841 2631 μονοτρόπως
1856 2595 1906 2626 τὰς

1117 2644 1165 2678 τῆς
1187 2644 1287 2678 ἀρετῆς
1312 2644 1393 2677 γονὰς
1420 2642 1629 2670 ἀποτίκτεσοαι·
1656 2641 1769 2668 καὶτοῦ
1791 2642 1828 2676 μὴ
1845 2641 1907 2666 δνσὶ

1119 2689 1272 2724 πνεύμασι,
1297 2689 1335 2724 τῷ
1350 2688 1488 2723 Πνεὺματι
1502 2687 1549 2714 τοῦ
1564 2687 1642 2720 Θεοῦ,
1659 2688 1705 2714 καὶ
1719 2687 1756 2723 τῷ
1769 2687 1905 2722 πνεύματι

1119 2735 1165 2762 τοῦ
1188 2736 1290 2771 κόσμου
1311 2736 1401 2771 ψυχήν
1418 2744 1480 2763 τινα
1495 2736 1645 2763 κοινωνεῖν.
1670 2734 1721 2761 Διὰ
1735 2735 1824 2761 τοῦτο
1840 2734 1904 2768 γὰρ,

1135 2826 1158 2840 ’⁸
1170 2825 1241 2852 Psal.
1253 2832 1343 2859 εει-ιιι,
1355 2824 1400 2852 80.
1415 2825 1439 2842 ³⁸
1451 2823 1519 2852 ibid.
1539 2825 1566 2852 6.
1614 2823 1642 2857 ν²⁷
1657 2823 1729 2851 Psal.
1749 2831 1824 2858 xxm,
1839 2823 1864 2856 3,
1878 2823 1902 2850 ης.
