2079 3152
194 173 249 204 815

657 180 772 210 LIBER
792 181 840 211 DE
860 182 1120 212 PERFECTIONE
1142 183 1182 214 ΙΝ
1204 183 1368 215 SPIRITU-

1771 182 1824 215 846

195 231 272 276 φησὶ,
288 231 364 264 πρδς
375 231 475 265 πάσας
490 233 543 266 τὰς
555 234 682 268 ἐντολάς
693 244 751 264 σου
761 238 978 273 κατιυρθούμην·

1036 239 1192 276 spiritibus,
1219 239 1329 273 spiritui
1340 240 1388 267 Dei
1403 244 1431 268 ct
1453 238 1563 274 spiritui
1581 237 1688 270 mundi,
1704 237 1824 264 animam

195 275 298 303 πᾶσαν
309 276 381 304 ὁδὸν
391 277 495 305 ἄδικον
508 279 652 314 ἐμίσησα.

228 361 267 390 Ε¹.
296 361 353 389 Οὐκ
373 364 427 391 ἀπὸ
445 365 499 391 τῶν
517 367 642 402 φανερῶν
664 369 870 405 ἁμαρτημάτων
888 371 977 406 μόνον,

194 403 250 433 οἷον
273 409 415 443 πορνείας,
438 411 532 444 φόνου,
554 413 666 449 κλοπῆς,
682 403 911 451 γαστριμαργίας,
928 425 978 443 κα-

194 453 339 485 ταλαλιᾶς,
356 454 486 489 ψεύδους,
511 457 691 494 φιλαργυρίας
704 469 734 486 τε
752 462 798 487 καὶ
811 462 977 496 πλεονεξίας,

194 497 242 523 καὶ
256 497 311 524 τῶν
323 499 451 526 τοιούτων
466 501 591 535 ἁγνεύειν
604 503 656 539 χρὴ
671 504 718 540 τὴν
732 505 865 540 παρθένον
878 506 976 542 ψυχὴν,

194 543 242 570 καὶ
264 543 303 579 τῷ
322 545 382 580 Θεῷ
404 547 573 583 συναφθῆναι
599 551 814 587 προῃρημένηνο
840 553 908 579 ἀλλὰ
932 554 979 580 καὶ

194 589 284 624 πολλῷ
303 590 385 617 πλέον
411 592 464 618 ἀπὸ
484 593 538 620 τῶν
560 595 692 629 κρυφίων,
709 597 803 633 ὥσπερ
817 599 977 634 εἰρήκαμεν·

194 637 341 670 τουτέστιν,
357 638 515 674 ἐπιθυμίας,
530 641 693 674 κενοδοξίας,
706 642 976 680 ἀνθρωπαρεσκείας,

195 682 382 717 ὑποκρίσεως,
405 684 560 720 φιλαρχίας,
576 686 662 720 δόλου,
679 688 854 724 κακοηθείας,
872 690 977 724 μίσους,

193 728 323 760 ἀπιστίας
333 749 340 760 ,
361 729 471 764 φθόνου,
487 732 640 765 φιλαυτίας.
655 733 751 768 τύφου,
766 736 812 761 καὶ
823 735 878 762 τῶν
891 737 979 764 ἄλλων

193 771 247 817 τῷν
269 772 402 817 τοιούτων,
418 775 528 810 ὁμοίως.
561 775 622 803 Οἷδε
644 778 714 813 γὰρ,
737 781 820 814 φησὶν
837 781 854 815 ή
871 781 977 817 Γραφὴ,

192 814 227 840 τὰ
241 816 344 850 κρύφια
355 816 438 843 ταῦτα
453 818 503 852 τῆς
514 819 602 854 ψυχῆς
616 820 802 856 ἁμαρτήματα
815 814 909 859 enimp
923 814 980 856 έοὲξ

192 859 271 891 ἐκτὸς
295 861 429 890 τίθεσθαι.
457 863 560 898 Κύριος
583 865 637 900 γάρ
661 874 746 900 φησι·
764 869 980 904 Διεσκόρπισεν

1032 286 1182 322 quamlibet
1213 287 1427 314 communicare.
1452 286 1615 322 Propterea,
1647 284 1721 311 enim
1756 284 1826 313 dicit

1032 339 1135 358 omnem
1161 331 1230 357 viam
1263 330 1410 365 iniquitatis
1439 331 1497 358 odio
1531 331 1610 358 habui
1621 330 1659 363 ²²,
1679 330 1714 357 ad
1735 329 1827 358 omnia

1032 378 1159 404 mandata
1182 381 1227 404 tua
1265 377 1404 411 dirigebar.

1067 423 1099 450 V.
1112 423 1171 450 Non
1185 424 1219 450 ab
1231 423 1353 451 exterius
1370 422 1568 457 apparentibus
1580 421 1700 457 peccatis
1719 421 1821 454 solum,

1030 472 1097 503 puta
1114 467 1306 501 fornicatione,
1318 467 1476 497 homicidio.
1488 467 1572 500 furto,
1581 467 1702 502 crapula,
1715 466 1818 494 calum-

1031 515 1083 542 niae
1109 514 1209 547 studio,
1238 514 1392 546 mendacio,
1417 513 1567 548 cupiditate
1596 513 1731 548 pecuniae,
1759 519 1824 539 ava-

1032 559 1094 586 ritia
1117 563 1146 586 ct
1164 559 1264 586 talibus
1280 563 1410 594 praestare
1423 565 1453 585 se
1477 564 1574 592 puram
1602 561 1711 591 oportet
1737 556 1824 592 virgi-

1031 612 1093 631 nem
1108 604 1238 637 animam,
1254 611 1282 632 et
1292 612 1353 639 quae
1369 604 1424 631 Deo
1437 611 1466 631 se
1479 604 1646 638 conjungere
1656 603 1821 637 decreverit;

1032 650 1080 677 sed
1109 654 1138 677 et
1165 651 1252 678 multo
1279 651 1365 685 magis
1377 650 1412 677 ab
1426 649 1555 682 occultis,
1572 649 1612 676 uti
1624 649 1756 682 diximus,
1769 649 1822 677 hoc

1031 699 1083 728 est.
1110 703 1125 723 a
1141 696 1301 731 cupiditate,
1321 705 1337 724 a
1365 704 1442 724 vanae
1457 696 1552 731 gloriae
1565 696 1682 728 ambitu,
1707 703 1723 723 a
1734 695 1822 723 nimio

1032 740 1171 768 desiderio
1186 741 1345 769 hominibus
1373 741 1511 776 placendi,
1533 749 1548 770 a
1576 741 1762 773 simulatione,
1785 741 1821 768 ab

1032 786 1206 814 affectatione
1227 787 1432 819 dominationis,
1450 794 1466 814 a
1491 787 1565 819 dolo,
1588 795 1605 814 a
1628 786 1798 821 malignitate
1812 806 1820 818 ,
1853 787 1861 790 ”

1032 832 1068 859 ab
1087 832 1162 865 odio,
1176 832 1211 860 ab
1229 832 1401 865 inﬁdelitate,
1419 833 1453 860 ab
1471 832 1585 865 invidia,
1615 840 1630 859 a
1656 832 1698 859 sui
1727 838 1821 859 amore

1034 878 1226 911 immoderato,
1251 878 1285 905 ab
1299 878 1462 913 arrogantia,
1479 878 1669 913 similibusque
1683 877 1710 905 id
1724 885 1821 914 genus.

193 905 268 958 tiqui
288 907 562 943 ὰνθρωπαρέσκων·
590 911 647 943 καὶ,
663 912 776 946 ’Δνδρα
790 914 921 948 αἱμάτων
934 916 978 943 καὶ

1033 923 1115 950 Novit
1129 923 1214 956 enim,
1228 923 1267 950 ait
1294 905 1445 958 Scrip’tura,
1459 924 1565 951 occulta
1577 923 1635 951 haec
1650 905 1748 951 anima;
1755 931 1822 958 pec-

191 949 295 978 eam
317 952 525 983 ,βδελύσσεται
548 954 673 988 Κύριος·
701 955 748 983 τὸν
769 956 844 984 δόλον
861 958 906 984 ἐπ’
921 958 982 994 ἴσης

191 996 230 1031 τῷ
243 997 315 1033 φόνῳ
329 998 458 1029 δεικνύων
474 1000 525 1026 ὑπὸ
538 1000 604 1027 Θεοῦ
619 1001 830 1038 βδελυσσόμενον
842 1013 849 1020 ·
862 1005 911 1032 καὶ
922 1005 982 1033 τῶν

190 1043 366 1070 λαλούντων
388 1044 514 1079 εἰρήνην
537 1046 612 1081 μετὰ
634 1046 694 1075 τῶν
714 1050 848 1083 πλησίον
869 1050 978 1085 αὐτῶν,

190 1089 238 1115 καὶ
253 1089 285 1116 τὰ
299 1089 373 1125 ἑξῆς.
391 1091 444 1118 Καὶ
457 1091 547 1119 πάλιν·
561 1094 617 1120 Καὶ
627 1094 682 1129 τὰρ
692 1095 843 1130 ὲνκαρδίᾳ
852 1097 980 1132 ἀνομίας

189 1133 346 1168 ἐργάζεσθε
359 1136 394 1162 ἐν
406 1136 444 1171 τῇ
457 1137 513 1172 τῇΓ
534 1139 592 1170 καὶ,
611 1140 683 1167 οὐαί
696 1140 776 1175 ὑμῖν,
793 1141 867 1169 ὅταν
881 1143 979 1175 καλῶς

189 1180 316 1208 εἴπωσιν
340 1181 418 1216 ὑμᾶς
447 1184 474 1210 οι
496 1183 664 1218 ἄνθρωπον
697 1187 852 1219 τουτέστιν,
878 1188 978 1216 ὁπόταν

190 1226 253 1260 ὑμῖν
272 1227 329 1253 ἐστι
347 1227 456 1263 θέλησις
479 1229 554 1264 παρὰ
573 1230 724 1265 ἀνθρώπων
747 1233 836 1264 καλῶς
856 1234 975 1268 ἀκούειν,

189 1270 236 1297 καὶ
260 1271 310 1306 τῆς
331 1271 410 1307 δόξης
432 1273 479 1299 καὶ
496 1274 550 1300 τῶν
564 1275 684 1302 ἐπαίνων
698 1276 789 1304 αὐτῶν
804 1278 955 1313 ὲξήρτησθε
968 1287 975 1295 ·

188 1315 249 1342 ἐπεὶ
273 1316 332 1348 πῶς
356 1317 468 1344 δυνατὸν
488 1319 724 1355 ἀγαθοεργοῦντας
745 1323 850 1350 ὲσάπαν
867 1323 975 1359 λαθεῖν;

188 1361 276 1392 ἄλλως
295 1370 324 1387 τε
347 1362 374 1388 δὲ
394 1363 439 1389 καὶ
456 1363 537 1395 αὐτὸς
553 1365 567 1391 ό
580 1364 693 1399 Κύριος,
710 1367 872 1401 Λαμψάτω,
887 1368 974 1404 λέγει,

187 1406 222 1433 τὸ
243 1406 306 1441 φῶς
330 1407 415 1442 ὑμῶν
439 1409 609 1445 ἕμπροᾳθεν
627 1410 687 1437 τῶν
700 1412 873 1446 ἀνθρώπων.
890 1415 974 1451 Πλὴν,

188 1452 245 1480 ἀλλ’
264 1453 304 1484 εἰς
316 1453 395 1485 δόξαν
411 1454 540 1481 σπεύδετε
554 1455 602 1482 τοῦ
617 1456 701 1490 Θεοῦ,
720 1459 786 1493 φησὶ
798 1479 805 1490 ,
831 1459 861 1486 τὸ
874 1460 975 1494 ἀγαθὸν

189 1499 333 1532 πράττειν,
360 1500 408 1526 καὶ
431 1501 469 1535 μὴ
485 1500 530 1527 διὰ
544 1500 623 1533 δόξαν
641 1501 717 1535 ἰδίαν,
735 1503 797 1539 μηδ’
811 1504 847 1537 ὡς
860 1505 913 1532 τῶν
926 1506 974 1533 ἀν-

189 1543 332 1579 θρωπίνων
355 1545 474 1572 ἐπαίνων
496 1546 635 1582 ἐρωτικῶς
651 1547 758 1583 ἔχοντες
768 1557 774 1563 ·
794 1550 842 1576 καὶ
857 1551 912 1586 γὰρ
927 1553 974 1580 καὶ

189 1591 319 1622 ἀπίστους
343 1591 482 1624 ἀπέδειξεν
505 1592 589 1619 εἰπών
601 1601 607 1607 ·
634 1594 699 1627 Πῶς
715 1594 849 1623 δύνασθε
869 1597 974 1626 πίστιν
988 1591 1010 1621 C-

189 1636 286 1670 ἔχειν,
314 1637 408 1670 δόξαν
430 1637 509 1672 παρὰ
530 1638 674 1672 ἀλλήλων
690 1641 908 1676 λαμϐάνοντες,
927 1644 977 1671 καὶ

189 1683 247 1717 τὴν
259 1683 353 1715 δόξαν
375 1683 432 1718 τὴν
448 1685 528 1719 παρὰ
546 1685 599 1712 τοῦ
612 1687 708 1720 μόνου
722 1687 795 1715 Θεοῦ
808 1690 844 1716 οὺ
857 1689 978 1724 ζητοῦν-

189 1737 254 1762 τες;
269 1729 340 1764 Ὅρα
355 1730 402 1756 καὶ
415 1730 460 1756 τὸν
476 1731 649 1765 Ἀπόστολον,
666 1732 723 1765 πῶς
736 1734 782 1760 καὶ
796 1735 878 1762 αὑτοῦ
895 1736 978 1771 μέχρι

189 1774 236 1800 τοῦ
262 1776 359 1810 φαγεῖν
385 1776 432 1802 καὶ
453 1778 536 1809 πιεῖν,
555 1777 645 1814 πάντα
659 1779 699 1810 είς
713 1779 792 1812 δόξαν
805 1780 872 1807 Θεοῦ
887 1782 979 1808 ἐντέλ-

190 1819 265 1847 λεται
288 1822 374 1847 ποιεῖν
387 1828 394 1835 ·
421 1821 489 1848 Εἴτε
503 1823 556 1857 γὰρ
566 1843 573 1855 ,
590 1823 688 1859 φησὶν,
705 1825 820 1853 ἐσθίετε
830 1846 837 1858 ,
854 1828 914 1854 εἴτε
928 1828 977 1854 πί-

190 1873 273 1897 νετε,
291 1866 351 1893 εἴτε
365 1876 392 1893 τι
406 1867 483 1894 ἄλλο
499 1868 618 1902 ποιεῖτε,
635 1871 678 1903 εὶς
691 1870 784 1904 δόξαν
799 1872 874 1899 Θεοῦ
885 1874 978 1901 ποιεῖ-

190 1920 233 1938 τε.
263 1911 291 1938 '0
315 1912 344 1938 δέ
367 1921 399 1946 γε
425 1913 495 1945 θεῖος
518 1915 644 1950 Ἰωάννης
668 1916 707 1951 τῷ
729 1918 801 1952 φόνῳ
825 1920 978 1948 συντάττων

190 1957 221 1983 τὸ
235 1956 362 1993 μῖσος,”0
373 1958 471 1993 μισῶν
486 1961 538 1986 τὸν
552 1960 686 1996 ἀδελφὸν
697 1963 801 1996 αὐτοῦ,
817 1965 908 2000 φησὶν,
925 1966 979 1994 ἀν-

191 2005 398 2038 θρωποκτόνος
412 2006 509 2034 ἐστίν.

228 2146 273 2181 q’.
299 2147 334 2175 ἰι
345 2149 445 2183 ἀγάπη
463 2149 561 2176 πάντα
576 2150 692 2186 στέγει,
710 2151 809 2180 πάντα
823 2152 975 2187 ὑπομένει.

197 2191 232 2219 Ἢ
241 2192 340 2227 ἀγάπη
357 2194 500 2222 οὐδέποτε
514 2195 650 2222 ἐκπίπτει
659 2204 666 2211 ·
682 2196 722 2228 τὸ,
738 2197 881 2225 οὐδέποτε
894 2198 978 2225 ἐκπί-

1033 974 1093 997 cata
1107 970 1168 1005 pari
1190 970 1252 998 loco
1278 977 1342 998 cum
1375 971 1499 998 externis
1525 969 1658 997 Dominus
1689 975 1821 1001 censere,

1032 1015 1100 1043 dicit
1117 1016 1219 1051 quippe
1233 1024 1240 1042 :
1256 1015 1397 1052 Dissipavit
1408 1024 1467 1044 ossa
1478 1024 1579 1047 eorum,
1603 1015 1649 1048 qui
1674 1014 1823 1042 hominibus

1031 1062 1135 1098 placent
1153 1063 1186 1089 ³³.
1199 1063 1254 1090 Et:
1273 1062 1361 1089 Virum
1380 1063 1540 1098 sanguinum
1565 1065 1589 1088 et
1605 1060 1726 1087 dolosam
1757 1060 1822 1086 abo~

1031 1107 1177 1134 minabitur
1198 1107 1327 1134 Dominus
1348 1107 1382 1134 ".
1405 1107 1502 1134 Dolum
1524 1113 1602 1140 mque
1639 1113 1672 1133 ac
1703 1105 1822 1132 homici-

1030 1152 1105 1180 dium
1120 1153 1268 1180 ostendens
1295 1153 1492 1180 abominationi
1533 1152 1590 1180 Deo
1605 1159 1677 1180 esse.
1711 1150 1748 1179 Et
1775 1151 1822 1186 qui

1030 1198 1175 1234 loquuntur
1196 1206 1286 1234 pacem
1308 1207 1368 1225 cum
1381 1198 1541 1234 proximo",
1564 1201 1593 1225 et
1616 1204 1678 1232 quae
1701 1203 1820 1231 sequun-

1028 1248 1084 1271 tur.
1110 1245 1145 1271 Et
1158 1252 1276 1271 rursus.:
1292 1243 1398 1271 Etenim
1429 1244 1458 1270 in
1471 1243 1548 1270 corde
1577 1243 1731 1278 iniquitates
1755 1249 1820 1278 ope-

1028 1289 1126 1316 ramini
1137 1309 1145 1322 ,
1169 1289 1197 1316 in
1212 1292 1294 1321 terra,
1309 1293 1363 1316 etc.
1388 1289 1437 1316 Et:
1462 1289 1506 1315 Va:
1518 1288 1588 1315 vobis
1604 1296 1662 1314 cum
1682 1287 1822 1314 hancdiu-

1027 1335 1082 1362 rint
1102 1335 1172 1362 vobis
1196 1335 1313 1362 homines
1322 1335 1355 1361 "’.
1384 1335 1441 1362 Hoc
1458 1339 1499 1362 est
1515 1343 1523 1368 ;
1539 1342 1602 1362 cum
1620 1333 1761 1361 studueris
1785 1333 1821 1362 ab

1027 1380 1188 1408 hominibus
1216 1381 1286 1408 bene
1302 1381 1407 1413 audire,
1420 1385 1448 1408 et
1471 1380 1498 1408 in
1525 1380 1640 1416 gloriam
1666 1379 1820 1414 laudesque

1026 1426 1148 1462 ipsorum
1188 1426 1319 1454 ferimini.
1360 1427 1469 1454 Etenim
1508 1426 1556 1461 qui
1578 1429 1667 1461 potest
1692 1425 1771 1459 ﬁeri,
1790 1429 1822 1453 ut

1025 1471 1096 1499 bene
1117 1475 1263 1506 operantes
1285 1471 1400 1499 omnino
1425 1471 1543 1499 lateant?
1576 1471 1730 1507 prresertim
1756 1478 1819 1499 cum

1025 1518 1083 1552 ipse
1105 1517 1237 1544 Dominus
1257 1517 1348 1545 dicat:
1364 1517 1462 1544 Luceat
1480 1517 1527 1544 tua;
1545 1522 1632 1544 vostra
1659 1525 1748 1544 coram
1773 1517 1821 1544 ho-

1026 1563 1139 1590 minibus
1150 1564 1183 1590 ³⁷.
1205 1563 1241 1591 At
1262 1563 1297 1591 de
1310 1568 1410 1591 caetero
1427 1563 1547 1597 studete,
1563 1564 1602 1592 ait
1616 1584 1624 1596 ,
1642 1564 1675 1591 ad
1685 1564 1735 1591 Dei
1761 1564 1822 1599 glo-

1027 1608 1095 1636 riam
1105 1609 1178 1643 quod
1191 1609 1294 1636 bonum
1309 1613 1352 1636 est
1366 1617 1457 1644 agere,
1477 1617 1533 1637 non
1558 1614 1649 1637 autem
1661 1609 1695 1637 ad
1706 1615 1820 1645 captau-

1027 1654 1090 1682 dam
1107 1655 1183 1689 171
1202 1655 1281 1682 vobis
1309 1655 1418 1682 laudem
1444 1656 1581 1690 propriam
1597 1664 1606 1689 ;
1622 1663 1672 1684 nec
1686 1656 1821 1684 utvidea-

1028 1700 1096 1726 mini
1128 1700 1313 1729 humanarum
1350 1700 1464 1728 laudum
1494 1701 1620 1729 cncomia
1647 1701 1823 1736 impudenter

1028 1753 1130 1772 amare.
1146 1745 1214 1772 Nam
1228 1749 1256 1773 et
1267 1746 1392 1773 inﬁdeles
1418 1754 1480 1774 esse
1490 1747 1558 1774 tales
1572 1746 1694 1774 ostendit
1705 1747 1821 1775 dicens:

1029 1789 1164 1822 Quomodo
1176 1791 1282 1825 potestis
1294 1790 1374 1825 ﬁdem
1391 1790 1498 1824 habere,
1529 1792 1645 1826 gloriam
1660 1791 1693 1818 ab
1712 1792 1823 1819 inuicem

1029 1837 1193 1871 accipientes,
1207 1840 1232 1863 et
1244 1837 1370 1872 gloriam,
1383 1845 1442 1872 qua:
1451 1845 1467 1864 ιι
1480 1836 1537 1864 solo
1550 1836 1605 1864 Deo
1617 1841 1730 1870 est,non
1744 1846 1821 1872 qum-

1029 1885 1115 1908 rentes
1131 1881 1164 1907 ".
1182 1881 1250 1909 Vide
1283 1885 1311 1909 et
1343 1882 1519 1917 Apostolum,
1547 1883 1686 1917 quomodo
1729 1884 1821 1912 omnia

1029 1936 1115 1963 usque
1141 1927 1175 1955 ad
1191 1928 1280 1963 ipsum
1306 1928 1475 1956 manducare
1491 1932 1521 1956 et
1534 1929 1641 1963 bibere,
1657 1930 1685 1957 in
1706 1930 1821 1965 gloriam

1029 1973 1078 2001 Dei
1098 1973 1223 2009 praecipit
1249 1981 1330 2009 agere
1343 1983 1350 2006 ;
1364 1974 1403 2002 ait
1416 1975 1490 2002 enim
1512 1983 1520 2002 :
1537 1974 1597 2002 Sive
1623 1976 1790 2003 manducatis
1812 1996 1820 2009 ,

1027 2021 1081 2047 sive
1106 2019 1202 2050 bibitis,
1217 2019 1353 2046 siveuliud
1365 2020 1429 2055 quid
1444 2020 1534 2056 agitis,
1549 2020 1639 2047 omnia
1660 2020 1688 2047 in
1705 2020 1822 2056 gloriam

1028 2065 1078 2093 Dei
1090 2066 1169 2101 facile
1180 2066 1213 2092 ‘9.
1228 2066 1263 2093 At
1277 2065 1387 2094 divinus
1395 2066 1515 2094 Joannes
1522 2067 1822 2102 homicidioadaequans

1028 2111 1132 2143 odium,
1141 2111 1186 2146 qui
1205 2111 1268 2143 odit,
1277 2110 1375 2146 inquit,
1387 2111 1497 2146 fratrem
1508 2119 1584 2139 suum
1594 2112 1724 2139 homicida
1734 2116 1772 2139 est
1783 2111 1819 2137 ⁵ο.

1063 2156 1107 2185 Vl.
1120 2156 1243 2184 Charitas
1251 2157 1340 2184 omnia
1348 2157 1449 2193 suffert,
1463 2158 1552 2185 omnia
1567 2159 1687 2186 sustinet.
1696 2158 1821 2186 Charitas

1028 2211 1166 2238 nunquam
1177 2203 1274 2230 excidit
1282 2202 1315 2230 “.
1341 2202 1404 2231 Haec
1422 2204 1517 2236 verba,
1538 2213 1674 2240 nunquam
1696 2205 1793 2232 excidit
1810 2225 1818 2238 ,

192 2247 272 2272 πτει,
291 2240 371 2267 τοῦτο
384 2240 528 2276 δηλοῦντός
539 2242 615 2269 ἐστιν
625 2251 631 2258 ·
650 2243 745 2279 ὅτιπερ
759 2245 783 2270 οἱ
795 2244 848 2270 τῶν
862 2244 976 2279 εἰρημέ-

1029 2253 1094 2276 sunt
1107 2249 1178 2285 ejus,
1208 2249 1254 2283 qui
1269 2249 1425 2284 signiﬁcare
1451 2250 1538 2278 velit:
1566 2259 1624 2283 eos,
1655 2251 1703 2286 qui
1737 2259 1820 2286 supra

191 2292 244 2310 νων
259 2285 435 2320 χαρισμάτων
450 2285 497 2312 τοῦ
511 2287 669 2322 Πνεύματος
683 2287 869 2323 ἐπιτυχόντες,
890 2289 973 2324 μήπω

191 2329 220 2356 δε
245 2330 289 2357 διὰ
311 2332 360 2366 τῆς
384 2331 574 2368 πληρεστάτης
597 2333 644 2360 καὶ
659 2333 786 2368 ἐνεργοῦς
803 2334 913 2369 ἀγάπης
928 2334 975 2362 τοῦ

192 2375 351 2410 Πνεύματος
374 2376 425 2411 τῆς
446 2378 534 2412 ἄκρας
550 2377 604 2404 τῶν
620 2377 713 2405 παθῶν
729 2378 884 2414 ἐλευθερίας
897 2379 980 2412 ἀξιωη

193 2421 294 2454 θέντες,
307 2422 412 2449 οὐδέπω
424 2423 471 2450 τοῦ
483 2424 621 2458 ἀσφαλοῦς
631 2424 744 2459 ἥψαντο·
757 2425 814 2452 ἀλλ’
824 2426 853 2452 ὲν
864 2425 980 2462 κινδύνῳ

192 2465 234 2493 έτι
247 2466 293 2493 καὶ
307 2467 381 2503 φόϐῳ
395 2467 430 2494 τὰ
443 2469 505 2496 καθ’
519 2469 633 2501 ἑαυτοὺς
645 2470 808 2504 ἓστηκε,διὰ
817 2470 851 2498 τὰ
861 2479 981 2506 πνευμα-

192 2512 256 2539 τικὰ
281 2513 331 2548 τῆς
354 2514 496 2550 πονηρίας.
525 2514 611 2542 Τοῦτο
628 2515 683 2550 γὰρ
702 2515 733 2542 τὸ
752 2516 861 2551 μέτρον,
880 2517 979 2552 μηκέτι

193 2558 244 2584 ὑπὸ
260 2558 361 2585 πτῶσιν
374 2559 420 2592 ὃν,
438 2560 506 2596 μηδὲ
521 2559 606 2593 πάθος
620 2561 743 2594 ὑπέδειξε
753 2562 874 2590 τοιοῦτον
887 2563 977 2598 ὑπάρ-

192 2612 254 2638 χον,
272 2604 309 2636 ὡς
325 2605 450 2640 γλῶσσαν
464 2607 587 2641 ἀγγέλων
597 2627 605 2640 ,
622 2608 668 2634 καὶ
685 2609 854 2644 προφητείαν
864 2630 871 2642 ,
889 2609 979 2637 πᾶσάν

192 2658 221 2676 τε
237 2651 286 2686 τὴν
298 2651 408 2685 γνῶσιν,
422 2653 469 2679 καὶ
478 2652 513 2680 τὰ
525 2653 579 2680 τῶν
594 2653 716 2688 ἰαμάτων
728 2655 886 2691 χαρίσματα
897 2656 980 2692 μηδὲν

193 2693 275 2730 εἶναι,
292 2697 361 2733 πρὸς
374 2699 464 2725 έκεῖνο
478 2699 718 2735 παραϐαλλόμενα.

228 2843 251 2883 ’ξ
265 2844 335 2873 Psai.
351 2853 443 2883 cxvlu,
455 2846 515 2883 i283
536 2847 573 2883 ,³³
591 2848 661 2875 Psal.
678 2857 724 2883 LII,
746 2850 773 2876 6.
811 2851 833 2867 ³⁸
849 2851 919 2879 Psal.
935 2860 961 2882 γ,
975 2853 999 2879 7.

194 2878 218 2895 ³³
237 2879 316 2907 Joau.
336 2881 422 2913 v.41.
461 2881 512 2918 ".1
528 2882 591 2910 Cor.
608 2891 634 2916 v,
651 2884 694 2911 5i.
718 2878 755 2900 ’⁵ο
769 2885 779 2912 I
793 2885 872 2914 Joau.
884 2878 924 2920 ιιι,
945 2878 986 2915 ι’δζ

1023 2299 1175 2322 memorata
1192 2295 1355 2322 charismata
1372 2295 1492 2330 Spiritus
1515 2296 1633 2324 assecuti
1657 2301 1731 2329 sunt,
1754 2304 1822 2323 non-

1025 2339 1090 2367 dum
1118 2345 1209 2367 autem
1227 2348 1276 2375 per
1290 2340 1476 2375 plenissimam
1490 2345 1519 2368 et
1533 2341 1671 2368 efﬁcacem
1698 2341 1820 2369 Charita—

1030 2391 1087 2414 tem
1108 2386 1228 2421 Spiritus
1245 2394 1351 2413 summa
1366 2394 1381 2414 a
1410 2387 1587 2422 passionibus
1610 2387 1739 2414 libertate
1756 2391 1820 2415 sunt

1029 2431 1145 2467 dignati,
1162 2432 1284 2459 nondum
1301 2433 1481 2460 securitatem
1496 2433 1634 2468 attigisse:
1650 2432 1735 2460 sedin
1747 2433 1820 2467 peri-

1032 2478 1096 2506 culo
1109 2478 1201 2505 adhuc
1212 2482 1239 2504 et
1259 2478 1358 2505 timore
1380 2486 1425 2506 res
1447 2479 1569 2513 ipsorum
1597 2483 1682 2511 stare,
1707 2482 1820 2513 propter

1033 2523 1188 2558 spiritualia
1201 2523 1341 2558 nequitiae.
1370 2524 1452 2551 Istam
1473 2524 1547 2552 enim
1566 2531 1723 2551 mensuram
1747 2524 1820 2552 haud

1032 2569 1123 2596 adhuc
1137 2568 1207 2596 infra
1226 2569 1374 2596 discrimen
1391 2569 1484 2604 lapsus
1497 2577 1530 2596 ex
1551 2568 1758 2604 perturbatione
1771 2575 1819 2596 ve<

1033 2615 1175 2647 hementi,
1197 2615 1374 2642 constitutam
1415 2622 1475 2642 esse
1498 2614 1617 2642 ostendit
1639 2622 1713 2642 :nec
1738 2615 1819 2641 talem

1032 2668 1104 2694 esse,
1135 2661 1180 2688 cui
1220 2661 1321 2697 lingua:
1354 2661 1536 2699 angelorum;
1551 2660 1706 2695 prophetia,
1730 2661 1820 2687 omnis

1033 2707 1158 2739 scientia,
1180 2712 1208 2736 ct
1233 2709 1405 2736 curationum
1422 2707 1557 2735 charisma
1569 2711 1736 2742 comparata,
1750 2707 1818 2734 nihil

1033 2759 1098 2781 sunt.

1035 2853 1057 2869 ³⁵
1082 2854 1244 2886 l’sal.xxvn,
1260 2854 1286 2880 ὅ.
1317 2854 1338 2869 ³⁵
1356 2854 1421 2882 Luc.
1435 2853 1527 2888 v1,26.
1567 2854 1588 2870 ³⁷
1598 2852 1694 2882 Matth.
1714 2861 1750 2886 vr,
1776 2851 1818 2881 l6.

1025 2888 1045 2903 Μ
1062 2889 1071 2915 i
1090 2890 1152 2916 Cor.
1171 2897 1226 2922 xui,
1243 2889 1324 2923 7,15.
