2075 3155
262 168 316 202 83⁵1

881 170 911 200 S.
932 168 1093 199 MACARII
1115 168 1274 200 tEGYPTll

1845 165 1900 197 858

297 226 353 254 VII.
372 227 426 254 Per
443 227 496 255 hoc
522 227 701 262 perfectionis
718 225 869 254 declaravit
880 231 1005 260 scopum,
1020 227 1050 251 ut

1140 224 1175 250 Z'.
1195 223 1243 250 Διὰ
1255 223 1333 250 τοῦτο
1347 223 1396 258 τῆς
1409 223 1576 258 τελειότητος
1591 222 1714 258 ὑπέφηνε
1727 222 1772 249 τὸν
1786 222 1899 248 σκοπόν

263 272 454 307 unusquisque
475 280 632 308 cgenumse
647 276 784 300 tantarum
801 270 959 298 divitiarum
975 276 1054 297 reco-

262 323 398 351 gnoscens
408 316 525 344 ferventi
539 320 784 351 etperseveranter
798 314 983 343 contendente
998 313 1056 348 spi—

264 361 321 388 ritu
354 369 439 396 usque
475 362 510 389 ad
541 362 667 390 ultimum
693 361 826 394 festinet,
853 365 881 388 et
916 359 1057 395 spirituale

262 405 304 432 sic
341 411 486 440 percurrat
511 407 630 434 stadium
648 427 656 439 ,
701 406 789 434 donec
818 405 1056 440 comprehendat,

266 449 339 477 sicut
359 450 464 479 dictum
492 455 536 479 est
554 458 563 475 ι
592 450 636 478 Sic
665 451 772 482 currite,
801 454 829 476 ut
853 448 1057 484 comprehenda-

263 495 297 522 tis
313 495 346 524 ".

298 541 367 569 Vill.
393 542 538 579 Abnegare
553 551 582 572 se
596 544 687 579 ipsum
709 543 763 571 hoc
776 547 842 578 puta
859 549 920 570 esse
937 550 945 569 :
964 548 1057 576 prom-

262 593 342 624 ptum
363 597 393 617 se
407 590 442 617 ad
470 591 561 618 omnia
577 590 744 618 fraternitati
753 590 888 626 praebere,
905 588 970 617 etin
981 588 1057 615 nullo

262 643 378 672 prorsus
395 637 531 664 voluntati
555 637 676 672 propria:
687 636 820 671 obsequi;
833 643 886 663 nec
908 635 992 662 ullius
1008 641 1055 666 se,

262 686 363 717 praeter
378 682 464 709 solam
493 687 607 716 vestem,
624 683 768 711 dominum
795 686 901 717 putare,
931 685 962 708 ut
975 679 1057 707 undi-

263 735 319 762 que
338 728 482 763 expeditus
495 728 523 755 in
546 728 691 763 procinctu
705 733 758 756 stet
774 727 809 755 ad
820 727 930 763 quidvis
938 726 1057 761 impera-

264 778 322 803 tum
337 781 400 801 cum
428 774 528 810 gaudio
540 775 746 810 exsequendum
760 796 766 807 ,
794 778 825 801 ut
846 772 1013 807 mancipium
1027 780 1057 800 se

263 818 350 846 habet
366 819 499 847 adverSus
511 828 608 848 omnes
623 829 630 853 ;
645 820 764 848 maxime
793 823 885 847 autem
901 818 1057 854 przepositis

262 861 443 897 obsequatur,
457 862 569 890 Christo
582 863 781 898 obtemperans
792 862 896 890 dicenti
917 871 924 888 ε
940 861 1056 894 Quiuult

1110 269 1149 295 ἵν’
1175 269 1291 301 ἕκαστος
1321 271 1439 304 πτωχεῐν
1466 269 1562 296 ἑαυτὸν
1588 269 1642 295 ἀπὸ
1668 268 1716 295 τοῦ
1738 268 1899 304 τηλικούτου

1107 315 1224 342 πλούτου
1240 315 1437 349 διαγινώσκων,
1454 315 1549 350 ϐερμῷ
1564 315 1604 349 τῷ
1618 315 1754 349 πνεύματι
1773 314 1821 341 καὶ
1836 323 1899 340 συν-

1106 362 1176 396 τόνῳ
1190 361 1257 397 πρὸς
1269 361 1300 388 τὸ
1313 361 1425 396 ἔσχατον
1438 361 1646 396 κατεπείγηται,
1655 360 1701 386 τὸν
1714 360 1899 394 πνευματικὸν

1107 406 1178 434 οὕτω
1193 408 1277 443 τρέχῃ
1293 408 1393 444 δρόμον
1404 427 1411 440 ,
1431 407 1513 443 ἄχρις
1528 407 1561 434 ἂν
1576 406 1716 441 καταλάϐῃ
1728 427 1734 437 ,
1754 406 1844 437 καθὼς
1859 405 1899 432 εἵ-

1107 461 1199 489 ρηται·
1220 453 1302 480 Οὕτω
1317 453 1445 488 τρέχετε,
1462 453 1514 480 ἵνα
1524 452 1721 486 καταλάϐητε.

1144 540 1185 567 H’.
1214 538 1252 566 Τὸ
1274 539 1486 574 ἀπαρνήσασθαι
1502 539 1598 566 ἑαυτὸν
1614 538 1695 565 τοῦτο
1709 538 1803 573 νόμιζε
1818 535 1898 565 εἶναι·

1107 585 1138 612 τὸ
1154 585 1260 612 ἔκδοτον
1279 585 1319 617 εἰς
1335 585 1409 612 ἅπαν
1433 586 1468 621 τῇ
1484 584 1648 620 ἀδελφότητι
1663 585 1834 619 παρασχεῖν,
1852 585 1900 612 καὶ

1108 631 1241 667 θελήματι
1267 631 1325 666 ἰδίῳ
1348 631 1505 658 παντάπασι
1531 632 1568 666 μὴ
1591 632 1723 666 στοιχεῖν·
1743 631 1813 666 μήτε
1828 631 1900 662 τινος

1107 675 1202 710 κύριον
1216 672 1285 702 εἶναι
1296 695 1303 707 ,
1321 675 1362 702 ὅτι
1379 675 1417 710 μὴ
1430 675 1478 702 τοῦ
1489 675 1639 710 ἐνδύματος
1654 675 1734 710 μόνον
1746 683 1753 690 ’
1774 676 1817 702 ἵνα
1831 676 1899 702 πάν-

1107 720 1185 748 τοθεν
1209 721 1303 752 ἄνετος
1325 720 1380 752 ὢν,
1406 721 1460 747 τῶν
1483 721 1702 756 ἐπιταττομένων
1719 721 1794 756 αὐτῷ
1819 722 1899 757 μόνον

1109 766 1178 801 μετὰ
1192 767 1278 802 χαρᾶς
1293 766 1399 807 ἔχηται,
1415 766 1452 798 ὡς
1468 767 1500 794 ἄν
1515 775 1557 798 τις
1572 766 1766 802 ἀργυρώνητος
1778 766 1817 793 ὢν
1832 769 1899 802 πρὸς

1108 813 1232 844 πάντας,
1261 813 1307 839 καὶ
1334 813 1450 847 μάλιστα
1475 813 1538 844 τοὺς
1559 813 1771 848 ἐξηγουμένους,
1789 813 1898 849 Χριστῷ

1109 859 1272 894 πειθόμενος
1294 859 1334 893 τῷ
1355 858 1458 885 εἰπόντι
1470 866 1476 872 ·
1500 858 1527 884 '0
1542 858 1640 885 θέλων
1654 859 1689 885 ἐν
1700 859 1772 894 ὑμῖν
1786 858 1899 893 πρῶτος

261 908 332 936 inter
347 917 392 936 vos
413 910 514 944 primus
530 917 585 937 esse
604 913 628 936 et
642 917 754 944 magnus
768 929 775 941 ,
795 909 829 936 sit
842 909 960 936 omnium
974 908 1053 935 mini-

1105 903 1179 932 εἷναι
1193 905 1242 932 καὶ
1252 904 1355 940 μέγας,
1366 905 1444 932 ἔστω
1455 903 1577 931 πάντων
1589 904 1738 938 διάκονος,
1751 905 1799 932 καὶ
1809 905 1896 940 ἐσκει-

261 960 326 987 ster,
340 959 365 981 et
377 954 497 987 ultimus,
513 960 538 982 et
548 964 639 983 seruus
654 956 678 972 "
693 963 700 988 ;
718 963 772 983 non
785 955 911 990 gloriam.
923 954 1058 981 honorem

262 1006 311 1029 aut
336 1000 446 1028 laudem
461 1008 582 1034 venans;
599 1009 655 1028 non
677 999 711 1027 ad
736 999 847 1027 oculum
861 998 994 1031 serviens,
1010 1002 1058 1025 aut

260 1046 374 1081 placere
390 1045 553 1074 hominibus
568 1045 701 1078 studens;
715 1045 763 1073 sed
791 1044 946 1072 debitorem
966 1051 996 1071 se
1008 1051 1058 1078 per

262 1092 354 1120 omnia
389 1096 520 1128 reputans
554 1091 701 1120 ministerii
716 1091 743 1118 in
757 1090 892 1118 charitate
911 1094 939 1117 et
950 1089 1056 1125 simpli-

262 1137 345 1166 citate
358 1137 491 1165 fratribus
505 1137 669 1165 exhibendi.

292 1183 339 1213 ιχ.
355 1183 519 1218 Praepositos
533 1182 724 1214 fraternitatis.
741 1181 817 1217 operi
835 1189 933 1217 magno
960 1181 1056 1208 admo-

261 1233 316 1262 tos,
327 1229 460 1257 adversus
471 1233 567 1257 contra
584 1228 724 1256 molientis
737 1228 849 1256 malitia:
868 1227 985 1256 artiﬁcia
1007 1228 1055 1256 de-

259 1281 366 1305 certare
380 1284 430 1312 per
440 1276 624 1304 humilitatem
641 1280 761 1311 oportet,
774 1283 809 1304 ne
819 1275 888 1303 vitio
903 1275 1053 1311 superbiae,

259 1325 291 1348 ut
315 1321 343 1348 in
358 1321 457 1349 fratres
469 1321 537 1356 ipsis
555 1320 683 1348 subditos
709 1320 894 1354 dominantes,
910 1321 971 1349 vice
984 1320 1054 1348 lucri

259 1367 383 1399 maximi,
397 1367 530 1396 damnum
547 1366 629 1394 nobis
650 1366 718 1402 ipsis
745 1374 934 1402 procuremus.
958 1366 1013 1394 Sed
1024 1371 1054 1394 ut

260 1411 457 1440 misericordes
469 1412 575 1444 Patres,
592 1411 696 1446 quique
718 1411 811 1446 potius
832 1416 948 1447 propter
965 1411 1053 1439 Deum

260 1465 291 1486 se
305 1457 471 1485 fraternitati
486 1457 520 1485 ad
529 1457 716 1490 serviendum,
728 1458 909 1492 corporaliter
922 1462 951 1485 et
968 1457 1053 1492 spiri-

261 1503 374 1531 tualiter
388 1503 562 1535 dediderint,
577 1510 674 1531 eorum
687 1507 718 1530 ut
730 1503 778 1531 Dei
798 1503 917 1530 filiorum
935 1503 1052 1539 diligen-

261 1554 317 1577 tem
335 1550 364 1576 in
373 1548 502 1577 omnibus
514 1556 608 1576 curam
624 1553 739 1584 gerant;
767 1549 909 1584 arguendo
921 1550 969 1576 ubi
985 1558 1052 1577 con-

261 1595 358 1628 venit,
383 1594 431 1623 ubi
466 1599 575 1629 oportet
597 1595 782 1627 consolando;
801 1603 837 1622 ne
867 1590 982 1623 obtentu
1000 1596 1054 1623 hu-

261 1641 388 1672 militatis
415 1645 443 1668 et
461 1641 684 1668 mansuetudinis
713 1641 742 1668 in
765 1640 928 1669 confusione
959 1649 1054 1669 mona-

263 1687 349 1715 steria
378 1687 454 1720 sint;
478 1695 629 1722 congruum
659 1687 784 1715 ordinem
805 1687 1012 1722 praesidentium
1027 1694 1055 1716 et

262 1733 451 1769 subiectorum
463 1741 518 1762 non
534 1734 690 1767 servantia;
708 1734 735 1761 in
753 1739 862 1762 secreto
871 1739 963 1762 autem
976 1743 1054 1762 men—

262 1780 300 1808 tis
316 1787 410 1808 servos
429 1779 556 1816 indignos
577 1780 701 1807 omnium
734 1780 850 1808 fratrum
871 1788 901 1808 se
916 1781 991 1816 ipsos
1009 1789 1054 1809 re-

262 1830 414 1862 putantes;
430 1830 513 1861 atque
531 1830 561 1853 ut
580 1825 646 1853 boni
666 1825 818 1862 paedagogi,
842 1826 944 1862 quibus
974 1827 1055 1862 spiri-

263 1872 353 1899 tuales
369 1871 419 1900 filii
433 1872 586 1900 concrediti
603 1876 680 1905 sunt,
697 1880 760 1899 cum
778 1872 852 1900 omni
863 1873 1055 1901 benevolentia

261 1922 290 1948 et
304 1917 353 1945 Dei
369 1918 467 1946 timore
476 1925 701 1953 unumquemque
717 1917 833 1946 fratrum
847 1926 1009 1953 promovere
1020 1919 1054 1947 ad

261 1971 344 1996 omne
361 1963 464 1991 bonum
480 1963 642 1998 studentes;
662 1971 718 1991 non
729 1963 816 1999 ignari
828 1986 835 1998 ,
852 1972 976 2000 magnam
986 1965 1054 2000 ipsis

261 2014 291 2037 et
305 2009 527 2043 inamissibilem,
544 2009 703 2044 laborisque
724 2010 863 2044 quantivis
875 2011 1054 2039 excedentem

262 2055 403 2088 meritum,
417 2054 567 2089 repositam
577 2062 638 2084 esse
652 2055 819 2082 mercedem.

300 2146 380 2179 172
398 2145 433 2173 Χ.
449 2145 484 2173 Ut
500 2146 547 2180 qui
561 2154 655 2174 curam
667 2147 822 2182 suscipiunt
829 2147 1011 2183 regendorum
1027 2153 1055 2176 et

264 2189 501 2218 instituendorum
525 2191 743 2225 adolescentum,
771 2200 840 2227 quos
858 2193 991 2229 contingit
1004 2195 1055 2222 ali-

1108 959 1176 984 τος,
1192 951 1242 978 καὶ
1255 951 1381 984 δοῦλος,
1399 951 1436 986 μὴ
1450 950 1529 982 δόξαν
1550 952 1597 977 καὶ
1607 951 1691 986 τιμὴν
1703 971 1711 984 ,
1734 951 1772 986 μὴ
1790 951 1898 978 ἔπαινον

1108 997 1287 1032 ποριζόμενος
1297 1004 1304 1012 ·
1326 997 1365 1032 μὴ
1383 997 1412 1023 ὲν
1428 995 1658 1032 ὀφθαλμοδουλείᾳ
1679 998 1717 1029 ὡς
1733 997 1898 1032 ἀνθρωπάρ-

1107 1052 1188 1075 εσκος
1200 1051 1207 1059 ·
1230 1043 1288 1070 ἀλλ’
1303 1043 1446 1078 ὀφειλέτην
1462 1042 1558 1069 ἑαυτὸν
1574 1043 1618 1070 διὰ
1633 1043 1733 1075 παντὸς
1747 1044 1899 1079 ἡγούμενος

1107 1090 1156 1125 τῆς
1174 1091 1203 1116 ὲν
1220 1090 1317 1126 ἀγάπῃ
1331 1097 1361 1116 τε
1379 1088 1427 1115 καὶ
1443 1088 1576 1123 ἁπλότητι
1602 1089 1671 1125 πρὸς
1686 1090 1750 1121 τοὺς
1767 1089 1898 1123 ἀδελφοὺς

1106 1135 1255 1167 διακονίας.

1141 1182 1180 1208 θ’.
1200 1181 1271 1213 Τοὺς
1285 1181 1486 1217 ἐξηγουμένους
1499 1182 1548 1217 τῆς
1561 1181 1749 1216 ἀδελφότητος,
1761 1181 1799 1211 ὡς
1814 1182 1898 1215 μεγά-

1104 1228 1143 1264 λῳ
1159 1227 1232 1264 ἔργῳ
1246 1228 1479 1264 ἐπιϐαλλομένους
1498 1229 1566 1264 πρὸς
1579 1229 1630 1260 τὰς
1647 1228 1697 1263 τῆς
1709 1228 1810 1259 κακίας
1823 1228 1896 1254 ἀντι-

1103 1274 1215 1308 τέχνους
1232 1274 1372 1309 μεθοδείας
1386 1275 1570 1309 ἀγωνίζεσθαι
1588 1274 1632 1301 διὰ
1645 1273 1896 1309 ταπεινοφροσύνης

1103 1319 1159 1353 δεῖ,
1177 1320 1221 1347 ἴνα
1237 1321 1274 1356 μὴ
1290 1320 1371 1348 πάθει
1382 1320 1570 1357 ὑπερηφανίας
1584 1321 1622 1352 ὡς
1635 1320 1690 1347 τῶν
1704 1319 1894 1354 ὑποτεταγμέ-

1104 1375 1157 1394 νων
1164 1366 1286 1401 ἀδελφῶν
1295 1366 1558 1400 κατεξουσιάζοντες,
1566 1367 1625 1394 ἀντὶ
1635 1366 1764 1402 μεγίστου
1773 1366 1804 1392 κέ
1808 1365 1894 1400 ρδους,

1104 1412 1205 1448 ζημίαν
1221 1413 1327 1445 ἑαυτοῖς
1341 1413 1565 1449 προξενήσωμεν·
1587 1413 1646 1439 ἀλλ’
1661 1411 1699 1444 ὡς
1713 1412 1895 1446 εῠσπλαγχνοι

1103 1462 1234 1495 πατέρες,
1251 1459 1300 1486 καὶ
1314 1459 1451 1486 δουλεύειν
1466 1459 1566 1495 μᾶλλον
1581 1459 1625 1486 διὰ
1635 1459 1681 1486 τὸν
1692 1458 1758 1486 estw
1772 1459 1895 1490 ἐκδόντες

1102 1507 1135 1542 τῇ
1154 1505 1314 1541 ἀδελφότητι
1344 1506 1457 1537 ἑαυτοὺς
1473 1505 1636 1541 σωματικῶς
1653 1513 1683 1532 τε
1706 1507 1754 1532 καὶ
1772 1514 1896 1540 πνευμα-

1104 1551 1199 1583 τικῶς,
1215 1550 1285 1586 ὑπὲρ
1297 1551 1389 1578 αὐτῶν
1403 1551 1577 1587 φροντίζωσι,
1593 1552 1640 1578 καὶ
1652 1551 1690 1583 ὡς
1702 1551 1806 1578 τέκνων
1815 1550 1894 1582 Θεοῦ,

1105 1596 1252 1628 διαπαντὸς
1268 1597 1463 1632 ὲπιμέλωνται,
1484 1596 1593 1631 ἐλέγξαι
1606 1597 1674 1623 ὅπου
1687 1596 1751 1632 χρὴ,
1768 1596 1817 1623 καὶ
1831 1597 1860 1622 ὲν
1873 1592 1896 1631 ᾧ

1105 1641 1147 1669 δεῖ
1168 1643 1380 1678 παρακαλέσαι·
1408 1642 1452 1670 ἵνα
1483 1642 1520 1678 μὴ
1545 1642 1682 1677 προφάσει
1704 1642 1895 1678 ταπεινότητος

1105 1688 1154 1715 καὶ
1172 1689 1327 1724 πραότητος
1345 1689 1374 1716 ὲν
1390 1688 1523 1724 συγχύσει
1539 1688 1574 1715 τὰ
1590 1687 1758 1724 μοναστήρια
1772 1685 1806 1722 ἦν
1819 1708 1828 1721 ,
1845 1688 1895 1723 τὴν

1107 1735 1299 1770 προσήκουσαν
1312 1734 1389 1766 τάξιν
1403 1734 1457 1761 τῶν
1471 1733 1651 1769 προεστώτων
1665 1733 1712 1760 καὶ
1728 1732 1895 1768 ὑποδεϐηκό-

1104 1788 1160 1807 των
1181 1781 1231 1807 οὐκ
1247 1779 1424 1812 ἀποσώζοντα
1435 1788 1442 1796 ι
1469 1779 1499 1806 ὲν
1515 1779 1546 1806 δέ
1560 1788 1592 1814 γε
1606 1779 1646 1814 τῷ
1660 1779 1759 1813 ἀφανεῖ
1772 1779 1822 1813 τῆς
1833 1778 1893 1804 δια-

1106 1826 1180 1858 νοίας
1211 1827 1250 1858 ὡς
1272 1826 1383 1858 δούλους
1406 1826 1533 1859 ἀναξίους
1561 1825 1670 1853 πάντων
1695 1825 1749 1851 τῶν
1772 1824 1895 1858 ἀδελφῶν

1106 1874 1218 1906 ἑαυτοὺς
1235 1874 1383 1910 ἡγούμενοι
1395 1894 1402 1906 ,
1421 1874 1459 1905 ὡς
1476 1873 1647 1907 παιδαγωγοὶ
1664 1871 1838 1907 πνευματικὰ
1852 1871 1896 1897 τέ-

1106 1929 1158 1947 κνα
1175 1920 1388 1956 πεπιστευμένοι
1400 1941 1408 1953 ,
1437 1920 1506 1955 μετὰ
1524 1920 1614 1954 πάσης
1628 1918 1735 1950 εὐνοίας
1751 1919 1798 1945 καὶ
1811 1918 1894 1952 φόϐου

1105 1965 1173 1993 Θεοῦ
1200 1966 1317 1993 ἕκαστον
1346 1965 1401 1992 τῶν
1424 1965 1547 2000 ἀδελφῶν
1574 1964 1750 2000 καταρτίζειν
1777 1964 1817 1994 εἰς
1841 1964 1895 1990 πᾶν

1105 2012 1208 2046 ἀγαθὸν
1231 2012 1446 2044 σπουδάζοντες·
1476 2011 1512 2047 μὴ
1538 2010 1698 2045 ἀγνοοῦντες
1713 2031 1720 2043 ,
1742 2011 1784 2037 ὅτι
1807 2009 1894 2044 μέγας

1106 2058 1197 2089 αὐτοῖς
1222 2057 1270 2084 καὶ
1296 2057 1476 2094 ἀναφαίρετος
1491 2058 1505 2083 ό
1520 2057 1589 2092 ὑπὲρ
1599 2056 1646 2083 τοῦ
1661 2056 1785 2092 καμάτου
1799 2056 1894 2091 μισθὸς

1105 2102 1275 2137 ταμιεύεται.

1141 2147 1279 2182 Ῑ¹.Ὥσπερ
1289 2148 1314 2174 οἱ
1325 2148 1508 2182 παιδαγωγεῖν
1519 2148 1581 2179 τοὺς
1592 2148 1669 2179 νέους
1679 2147 1893 2182 παραλαϐόντες,

1106 2192 1180 2220 ἔστιν
1206 2193 1251 2220 ὅτε
1276 2193 1324 2220 καὶ
1344 2193 1479 2225 δεσπότας
1493 2192 1574 2225 ὄντας
1591 2192 1682 2225 ἰδίους,
1700 2193 1757 2220 ἀλλ’
1770 2190 1817 2219 οὖν
1833 2202 1895 2219 παι-

262 2234 374 2269 quando
385 2238 413 2262 et
430 2235 559 2270 proprios
584 2236 707 2270 ipsorum
723 2243 784 2264 esse
800 2237 944 2270 dominos;
961 2243 1051 2266 tamen

1105 2238 1180 2270 δείας
1196 2237 1277 2273 χάριν
1298 2238 1345 2265 καὶ
1361 2237 1511 2272 εὐκοσμίας
1525 2237 1599 2272 ἠθῶν
1616 2237 1667 2264 οὒκ
1680 2237 1804 2264 ὀκνοῦσιν
1821 2237 1894 2272 ὅμως

262 2285 294 2308 ut
318 2280 464 2316 disciplina
485 2289 534 2309 eos
548 2281 652 2309 salubri
668 2282 794 2310 imbuant
805 2287 849 2314 ,et
867 2291 958 2311 mores
975 2284 1048 2319 ipso-

261 2333 323 2353 rum
345 2325 477 2354 honestos
488 2326 620 2360 formem,
641 2335 696 2355 non
710 2333 877 2356 cunctantur
899 2337 948 2357 eos
963 2329 1049 2358 inter-

261 2372 326 2400 dum
341 2373 429 2409 plagis
443 2373 527 2401 etiam
552 2381 651 2409 magna
664 2374 793 2402 libertate
816 2374 954 2410 impositis
968 2377 1051 2404 casti-

259 2425 325 2453 gare
340 2427 348 2451 ;
365 2418 405 2446 sic
421 2423 531 2454 oportet
547 2423 575 2447 et
588 2419 760 2454 prmpositos,
777 2428 831 2448 non
843 2421 890 2448 ira:
902 2422 1049 2456 perturba-

259 2463 345 2495 tione,
368 2468 416 2491 aut
445 2464 518 2492 fastu
558 2464 712 2500 superbiae;
740 2473 831 2501 neque
850 2470 880 2493 ut
914 2474 945 2494 se
971 2467 1048 2501 ipsos

259 2509 435 2540 ulciscentes.
450 2510 559 2539 allicere
574 2519 655 2546 paena
670 2512 768 2539 merita
780 2519 828 2539 eos
851 2520 885 2540 ex
903 2512 1047 2545 fratribus,

1104 2283 1152 2311 καὶ
1173 2283 1282 2318 πληγὰς
1304 2283 1397 2315 αὐτοῖς
1421 2283 1559 2314 ἐντεῖναι,
1586 2283 1656 2309 κατὰ
1671 2283 1773 2317 πολλὴν
1785 2283 1892 2309 ἄδειαν·

1103 2329 1174 2356 οὕτω
1191 2329 1233 2356 δεῖ
1246 2328 1294 2355 καὶ
1308 2329 1371 2360 τοὺς
1384 2328 1561 2363 προεστῶτας
1572 2348 1580 2360 ,
1599 2327 1630 2354 οὐ
1646 2328 1727 2355 πάθει
1743 2327 1830 2363 θυμοῦ
1847 2328 1892 2354 καὶ

1103 2375 1338 2412 ὐψηλοφροσύνης,
1351 2374 1406 2401 οὐδ’
1419 2374 1457 2406 ὡς
1470 2374 1582 2406 ἑαυτοὺς
1595 2373 1776 2406 ἐκδικοῦντες,
1791 2372 1893 2408 ἀμύνει

1103 2419 1166 2446 σθαι
1184 2419 1248 2450 τοὺς
1267 2418 1391 2450 παιδείας
1407 2418 1480 2451 τινὸς
1492 2419 1547 2445 τῶν
1558 2418 1680 2453 ἀδελφῶν
1692 2419 1892 2453 ὲπιδεομένους,

1102 2465 1170 2493 ἀλλὰ
1186 2465 1349 2501 σπλάγχνοις
1362 2466 1508 2501 χρηστοῖς,
1528 2465 1577 2492 καὶ
1598 2464 1692 2500 σκοπῷ
1708 2465 1894 2500 πνευματικῆς

1102 2511 1249 2546 ὠφελείας,
1267 2510 1316 2545 τὴν
1329 2510 1498 2546 ἐπιστροφὴν
1513 2510 1626 2536 ἐκείνων
1641 2509 1818 2544 ἐργάζεσθαι.

259 2556 307 2591 qui
327 2557 497 2585 correctione
515 2557 639 2593 indigent
658 2558 750 2592 aliqua
762 2567 770 2591 ;
783 2566 878 2586 verum
901 2559 929 2586 id
944 2559 1047 2587 faciant
1062 2557 1191 2593 benignis
1204 2556 1362 2584 visceribus
1381 2561 1410 2584 et
1437 2564 1552 2591 scopum
1580 2556 1721 2584 intuentes
1736 2560 1822 2583 unum
1838 2556 1894 2592 spi-

259 2600 368 2629 ritualis
380 2601 504 2636 ipsorum
527 2602 666 2635 utilitatis,
690 2608 721 2630 ut
748 2609 898 2639 operentur
928 2604 1051 2640 ipsorum
1071 2602 1291 2632 conversionem.

297 2648 344 2676 XI.
363 2649 448 2677 Multo
463 2649 566 2682 studio,
580 2651 769 2683 contentione,
790 2659 868 2684 cura,
886 2653 1051 2680 etcertami-

259 2702 293 2725 nc
307 2696 622 2730 possumuscharitatem
645 2697 673 2724 in
684 2697 770 2725 Deum
798 2698 951 2732 acquirere.
962 2699 1048 2734 gratia

259 2742 287 2765 et
304 2739 377 2767 dono
390 2739 506 2772 Christi,
526 2740 573 2775 qui
602 2739 738 2768 formatur
764 2741 789 2768 in
814 2742 904 2769 nobis.
934 2742 973 2769 Ex
998 2743 1051 2770 hoc

259 2792 370 2820 quoque
390 2787 480 2820 primo
500 2786 539 2814 sic
553 2787 662 2822 expleto
678 2788 817 2820 mandato,
846 2788 878 2815 ad
894 2789 1046 2816 secundum

298 2885 341 2914 θ’]
359 2887 421 2914 (lor.
438 2896 474 2921 1x,
491 2889 517 2916 tl.
558 2890 578 2906 ⁵³
589 2890 681 2917 Matth.
694 2899 737 2923 xx,
755 2891 799 2917 27.

1143 2650 1193 2676 lA'.
1209 2649 1271 2676 ὀτι
1288 2648 1332 2676 διὰ
1348 2648 1447 2683 πολλῆς
1462 2648 1579 2684 σπουδῆς
1594 2649 1641 2675 καὶ
1653 2648 1745 2680 πόνου,
1759 2649 1893 2683 μερίμνης

1105 2705 1135 2722 τε
1159 2696 1206 2722 καὶ
1223 2695 1328 2730 ἀγῶνος
1346 2695 1394 2731 τὴν
1411 2695 1479 2730 πρὸς
1491 2695 1558 2721 Θεὸν
1573 2695 1683 2730 ἀγάπην
1697 2694 1804 2722 δυνατοὶ
1820 2694 1892 2728 γινό-

1107 2742 1178 2777 μεθα
1198 2742 1352 2777 κτήσασθαι
1369 2742 1461 2777 χάριτι
1482 2740 1530 2767 καὶ
1544 2740 1634 2775 δωρεᾷ
1648 2739 1765 2776 Χριστοῦ
1785 2741 1813 2765 ὲν
1828 2739 1893 2774 ἡμῖν

1104 2790 1352 2826 διαμορφουμένου.
1377 2789 1423 2815 Ἐκ
1446 2788 1472 2814 δὲ
1494 2787 1596 2822 ταύτης
1623 2788 1668 2813 καῖ
1692 2787 1741 2821 τὴν
1764 2785 1893 2822 δευτέραν
