2075 3155
200 172 253 203 δι’)

664 179 779 210 LIBER
801 181 849 211 DE
871 182 1131 213 PERFECTIONE
1150 183 1191 214 IN
1213 183 1380 214 SPIRITU.

1779 182 1832 213 87.0

199 227 272 262 φημὶ
287 229 407 264 ἐντολήν,
425 230 472 266 τὴν
489 233 555 267 προς
570 233 615 260 τὸν
630 234 744 270 πλησίον
757 236 878 271 ἀγάπην,
893 238 977 273 me,

1028 237 1133 269 gfacilis
1156 237 1252 266 eadem
1268 246 1319 273 ope
1337 237 1416 265 nobis
1430 237 1572 273 continget
1585 237 1729 270 transitus,
1744 238 1777 265 ad
1788 238 1831 264 di-

199 273 374 310 κατορθῶσαι
395 275 507 309 γίνεται.
537 279 577 305 Τὰ
592 279 646 315 γὰρ
666 281 761 317 πρῶτα
778 283 824 308 καὶ
840 284 988 318 προταττέ-

199 318 255 345 σθω
271 319 325 345 τῶν
340 320 436 354 ἄλλων,
455 322 503 349 καὶ
519 323 599 352 πλέον
616 326 706 353 αὐτῶν
721 327 922 355 σπουδευέσθω·
941 330 988 356 καὶ

198 366 269 394 οὕτω
291 368 326 394 τὰ
343 368 457 405 δεύτερα
473 374 527 404 τοῖς
542 373 660 408 πρώτοις
677 375 796 410 ἑπόμενα
808 375 884 402 ἔσται
895 385 903 392 ·
921 378 945 403 εί
960 377 987 403 δέ

197 422 240 446 τις
263 415 314 450 τῆς
340 417 461 452 μεγάλης
482 418 584 454 ταύτης
607 421 654 446 καὶ
671 421 783 457 πρώτης
798 422 920 457 ἐντολῆς,
938 424 988 458 τῆς

199 461 266 496 πρὸς
281 462 346 488 Θεὸν
362 463 473 499 ἀγάπης
489 467 572 500 φημὶ,
588 467 814 503 κατολιγωρήσας
824 489 831 501 ,
858 469 919 503 ἣτις
934 469 987 495 ἀπὸ

198 507 247 542 τῆς
270 507 345 534 ἔνδον
361 509 440 544 ήμῶν
463 510 611 544 διαθέσεως
631 513 810 549 συνειδήσεώς
825 523 853 540 τε
868 515 985 550 ἀγαθῆς,

199 551 245 577 καὶ
260 551 359 585 ὑγειῶν
375 553 429 579 τῶν
445 554 514 588 πρὸς
527 555 593 582 Θεὸν
605 557 725 591 ὲννοιῶν,
746 559 851 593 συνάμα
865 561 911 585 καὶ
925 559 988 595 βοη-

198 597 274 630 θείας
292 603 536 638 συνεφαπτομένης
551 604 705 631 συνίσταται
719 613 726 621 ·
749 606 798 641 τῆς
816 606 844 633 δὲ
858 607 986 642 δευτέρας

197 645 246 679 τῆς
261 644 360 677 ἔξωθεν
377 647 457 681 μόνον
471 648 632 684 ἐπιμέλειαν
645 651 693 686 τῆς
705 651 843 683 διακονίας
856 653 985 686 ἀφοσιοῦν

198 690 332 726 βούλεται,
342 693 473 720 ἀδύνατον
482 695 556 730 αὐτῷ
565 697 666 732 ταύτην
676 698 758 732 ὑγιῶς
765 707 793 725 τε
804 699 850 727 καὶ
857 699 986 735 καθαρῶς

198 737 347 772 μετελθεῖν.
358 738 389 765 ἸΙ
402 739 455 776 γὰρ
468 740 517 775 τῆς
529 742 626 773 κακίας
639 743 750 777 μέθοδος
762 744 871 779 μνήμης
883 744 985 780 ἔρημον

195 784 244 810 καὶ
268 784 379 819 ἀγάπης
405 786 453 812 καὶ
478 786 546 813 Θεοῦ
567 787 707 823 ζητήσεως
729 789 774 815 τὸν
795 790 855 816 νοῦν
875 791 984 826 ἀνευρί-

197 838 308 864 σκουσα,
327 831 343 866 ἣ
359 832 477 868 δυσχερῆ
494 833 541 860 καὶ
556 835 673 861 ἐπίπονα
688 835 723 861 τὰ
737 835 795 862 θεῖα
809 837 984 871 ἐπιτάγματα

195 876 339 910 φαίνεσθαι
355 881 437 912 ποιεῖ,
455 881 632 914 γογγυσμοὺς
646 881 693 907 καὶ¹
705 881 794 914 λύπας
808 884 854 909 καὶ
866 884 984 918 μέμψεις

195 922 265 949 κατὰ
280 923 330 958 τῆς
344 925 384 955 είς
398 925 462 956 τοὺς
475 926 606 960 ἀδελφοὺς
625 926 763 959 διακονίας
778 929 811 963 τῇ
829 928 901 964 ψυχῇ
923 929 986 955 ἀνα-

195 968 324 1004 κινοῦεαΓ
348 969 364 1004 ἢ
383 970 469 1005 οἰήσει
484 970 658 1008 δικαιοσύνης
672 972 868 1008 ἐξαπατήσασα
882 977 984 1009 φυσιοῖ,

194 1014 241 1041 καὶ
256 1014 352 1041 ἑαυτὸν
366 1016 493 1050 ἡγεῖσθαι
509 1017 600 1052 τίμιόν
614 1027 644 1044 τε
661 1019 706 1045 καὶ
723 1019 821 1054 μέγαν,
834 1020 880 1047 καὶ
891 1021 984 1056 ἄκρως

193 1059 377 1094 κατορθοῦντα
393 1060 443 1092 τὰς
456 1062 566 1094 ἐντολάς
580 1063 733 1091 ἀναπείθει.

194 1112 223 1134 ut
242 1115 272 1135 se
284 1108 422 1137 existimet
447 1110 598 1144 pretiosum
612 1112 758 1146 quemdam
770 1121 802 1141 ac
823 1121 951 1150 magnum
968 1123 976 1148 ;

193 1156 268 1182 dita.

228 1201 278 1228 lB’.
303 1202 420 1229 Ὀπόταν
435 1203 530 1230 ἑαυτὸν
543 1205 622 1241 οἰηθῇ
637 1205 780 1241 ἄνθρωπος
796 1207 850 1234 τῶν
865 1209 980 1236 ἐντολῶν

191 1247 370 1283 ἐπιμελητὴν,
384 1249 462 1284 δῆλός
476 1250 549 1277 ἐστιν
562 1251 740 1287 ἁμαρτάνων,
753 1253 800 1280 καὶ
811 1254 860 1288 τῆς
871 1254 981 1289 ἐντολῆς

192 1293 388 1328 σφαλλόμενος·
406 1296 450 1322 ὅτε
465 1297 566 1331 κρίνων
579 1298 688 1331 ἑαυτὸν,
704 1299 751 1326 καὶ
766 1299 803 1334 μὴ
817 1300 861 1326 τὸν
873 1299 980 1334 ἀληθῶς

191 1339 318 1374 κρίνοντα
334 1341 561 1376 προσδεξάμενος·
577 1344 643 1370 ὅταν
655 1344 709 1380 γὰρ
725 1345 925 1380 συμμαρτυρῇ
940 1345 980 1378 τῷ

190 1386 334 1420 πνεύματι
349 1386 432 1421 ἡμῶν
446 1388 479 1414 τὸ
495 1389 548 1415 τοῦ
564 1389 637 1416 Θεοῦ
651 1390 786 1425 Πνεῦμα,
808 1391 878 1418 κατὰ
892 1392 922 1419 τδ
935 1392 980 1419 λό-

190 1438 248 1463 γιον
265 1431 382 1464 Παύλου,
399 1432 460 1459 τότε
475 1433 630 1469 φιλαλήθως
645 1435 764 1471 Χριστοῦ
778 1437 857 1470 ἄξιοι,
874 1438 920 1464 καὶ
933 1438 978 1464 τέ-

189 1484 242 1504 κνα
267 1477 334 1504 Θεοῦ
358 1479 530 1514 τυγχάνομεν
551 1480 645 1512 ὄντες,
672 1482 720 1516 οὔχ
742 1482 805 1508 ὅταν
823 1483 876 1518 ἰδίᾳ
889 1484 977 1519 οἰήσει

189 1523 302 1554 ἑαυτοὺς
319 1524 509 1560 δικαιώσωμεν
522 1533 529 1540 ”
555 1527 596 1552 Oi:
613 1526 668 1561 γὰρ
686 1527 795 1554 ἑαυτὸν
809 1528 975 1562 συνιστῶν,

189 1570 270 1604 φησι,
288 1569 427 1604 δόκιμος·
448 1571 518 1598 ἀλλ’
542 1571 578 1598 ὃν
602 1574 619 1599 ό
640 1573 748 1607 Κύριος
768 1575 974 1610 συνίστησιν·

1043 283 1202 317 lectionem,
1233 284 1355 319 inquam,
1386 284 1514 318 proximi.
1531 284 1598 311 Nam
1611 285 1699 319 prima
1726 291 1832 319 praepo-

1041 334 1144 357 nantur
1160 330 1232 362 aliis,
1252 334 1279 357 et
1292 330 1354 365 plus
1373 330 1400 358 in
1419 330 1453 357 iis
1471 330 1555 357 studii
1575 335 1703 365 ponatur,
1716 338 1748 358 ac
1774 334 1831 357 tum

1042 375 1152 402 demum
1173 375 1271 403 ordine
1283 376 1458 403 convenienti
1478 376 1598 403 secunda
1617 376 1713 411 primis
1734 384 1832 404 conse-

1042 426 1161 456 quenter
1187 422 1383 457 adjungentur.
1404 422 1432 449 Si
1454 423 1517 457 quis
1543 427 1634 450 autem
1663 431 1762 458 magno
1783 423 1830 450 illo

1041 473 1068 495 et
1082 468 1170 503 primo
1186 468 1326 499 mandato,
1340 469 1505 500 dilectionis,
1521 469 1643 503 inquam,
1661 469 1719 502 Dei,
1736 469 1830 504 negle-

1040 519 1085 542 cto
1106 514 1178 550 (quae
1192 514 1304 542 dilectio
1324 522 1357 542 ex
1372 515 1498 542 interiori
1521 521 1615 542 nostra
1637 515 1828 550 dispositione,

1041 559 1263 595 conscientiaque
1275 560 1356 593 bona,
1367 564 1395 587 et
1406 560 1480 588 sanis
1495 561 1528 587 de
1542 561 1598 588 Deo
1607 561 1828 596 cogitationibus,

1041 611 1224 634 concurrente
1233 607 1315 634 simui
1337 607 1439 634 auxilio
1454 607 1547 642 gratia:
1558 607 1753 642 cooperatrieis
1777 608 1827 634 eli-

1040 653 1123 688 citur)
1134 654 1256 681 secundo
1281 655 1410 682 mandato
1421 654 1579 682 dilectionis
1604 655 1734 689 proximi,
1751 659 1828 681 exte-

1040 699 1107 726 riori
1124 704 1230 726 tantum
1244 705 1325 727 tenus
1342 700 1493 727 ministerii
1509 701 1688 728 aeeuratione
1717 700 1826 736 defungi

1038 745 1158 772 voluerit
1173 754 1180 778 ;
1193 753 1365 780 nequaquam
1380 746 1446 773 illud
1462 747 1563 782 poterit
1582 755 1648 774 sane
1657 755 1688 774 ac
1700 755 1768 781 pure
1781 755 1828 774 ex-

1038 792 1127 826 sequi.
1154 791 1222 818 Nam
1233 792 1303 819 ratio
1320 792 1506 827 impugnantis
1524 801 1574 820 nos
1586 794 1707 826 malitia,
1724 802 1828 821 memo-

1038 836 1096 869 riae,
1114 837 1227 869 amoris,
1239 842 1267 864 et
1282 837 1331 864 Dei
1367 838 1556 872 inquisitionis
1572 846 1685 866 vacuam
1708 843 1826 866 mentem

1038 883 1189 917 reperiens,
1211 887 1259 910 aut
1279 883 1372 915 eflieil,
1390 889 1420 911 ut
1442 885 1556 911 molesta
1574 889 1602 911 et
1631 885 1768 912 laboriosa
1785 886 1828 912 ni-

1002 925 1022 952 Ῑῖ
1037 930 1090 956 mis
1107 930 1157 964 ipsi
1174 930 1221 956 Dei
1237 934 1371 964 praecepta
1385 930 1551 964 vidcantur;
1568 932 1640 958 unde
1659 931 1686 958 in
1702 940 1828 959 murmu-

1038 976 1171 1008 rationes,
1192 976 1311 1008 dolores,
1337 981 1364 1003 et
1379 977 1505 1011 querelas
1529 982 1625 1004 contra
1641 978 1826 1004 ministerium

1037 1028 1100 1056 erga
1116 1020 1215 1048 fratres
1233 1021 1352 1048 animam
1366 1021 1482 1053 incitat;
1500 1027 1547 1048 aut
1564 1023 1695 1056 opinione
1714 1024 1827 1057 justitim

1002 1083 1004 1086 -
1037 1066 1182 1102 deceptum
1198 1067 1237 1094 sic
1248 1067 1451 1094 ministrantem
1467 1066 1558 1101 inﬂat;
1574 1072 1602 1095 et
1618 1068 1643 1095 ei
1657 1069 1826 1103 persuadet,

995 1119 1023 1143 et
1056 1122 1163 1143 summa
1196 1115 1365 1150 perfectione
1380 1120 1479 1143 cuncta
1494 1116 1543 1144 Dei
1569 1117 1732 1144 eﬂicientem
1751 1126 1825 1145 man‘

1061 1208 1120 1236 ΧΠ.
1137 1209 1207 1237 Cum
1220 1210 1303 1238 homo
1317 1218 1346 1238 se
1359 1210 1597 1246 ipsumexistimat
1610 1216 1737 1239 accurate
1747 1220 1826 1239 man-

1034 1254 1098 1282 data
1118 1255 1249 1290 exsequi,
1278 1255 1331 1283 hoc
1356 1256 1416 1290 ipso
1443 1256 1590 1284 manifesto
1610 1257 1702 1292 prodit
1724 1258 1826 1285 indicio

1032 1308 1126 1329 errare
1138 1309 1178 1334 se,
1191 1309 1223 1329 ac
1234 1309 1249 1328 a
1265 1302 1394 1337 przecepti
1414 1302 1607 1330 observatione
1621 1303 1754 1330 deviasse.
1776 1304 1826 1331 Ut-

1033 1353 1096 1383 pote
1106 1348 1152 1382 qui
1168 1353 1341 1383 prazoccupet
1355 1348 1489 1384 judicium
1507 1348 1541 1376 de
1550 1356 1579 1376 se
1594 1349 1654 1384 ipso
1662 1349 1734 1376 ferre
1750 1370 1757 1381 ,
1770 1357 1824 1376 non

1033 1399 1195 1430 exspectans
1212 1402 1277 1422 vere
1287 1394 1469 1430 judicantem.
1483 1395 1600 1427 Quando
1615 1397 1689 1422 enim
1703 1396 1826 1423 testimo-

1031 1439 1108 1467 nium
1120 1440 1206 1466 reddit
1226 1440 1332 1475 spiritui
1344 1443 1432 1466 nostra
1443 1439 1491 1467 Dei
1502 1440 1618 1476 Spiritus
1629 1440 1661 1473 ",
1673 1441 1825 1468 secundum

1031 1486 1119 1518 Pauli,
1137 1491 1204 1513 tunc
1220 1486 1309 1513 solum
1322 1485 1432 1513 Christo
1452 1487 1545 1522 digni,
1565 1491 1593 1514 et
1607 1486 1654 1514 filii
1680 1487 1729 1514 Dei
1760 1495 1825 1515 vere

1029 1540 1141 1565 sumus;
1153 1540 1209 1560 non
1222 1536 1315 1560 autem
1331 1532 1443 1567 quando
1457 1534 1577 1567 propria:
1592 1533 1734 1568 opinionis
1748 1542 1826 1561 arro-

1029 1579 1119 1614 gantia
1130 1579 1220 1614 justos
1235 1586 1284 1606 nos
1298 1579 1349 1614 ipsi
1362 1578 1607 1606 declaraverimus.
1624 1579 1684 1606 Non
1697 1581 1766 1606 enim
1780 1572 1826 1615 qn"

188 1616 303 1651 ἐπείπερ
327 1617 391 1643 ὅταν
410 1618 521 1652 μνήμης
543 1619 591 1645 καὶ
613 1620 696 1653 φόϐου
718 1620 786 1647 Θεοῦ
812 1623 916 1658 γυμνὸς
938 1623 976 1651 ὣν

1028 1633 1053 1652 se
1063 1626 1149 1661 ipsum
1162 1626 1338 1658 commendat,
1349 1625 1397 1658 ait,
1416 1625 1463 1652 ille
1478 1626 1603 1661 probatus
1619 1631 1657 1653 est
1668 1647 1675 1658 ,
1687 1627 1732 1653 sed
1747 1634 1824 1661 quem

187 1661 346 1697 εὑρίσκηται
372 1663 386 1688 ὁ
407 1663 570 1697 ἄνθρωπος,
595 1665 679 1701 πολλὴ
702 1666 810 1702 ἀνάγκη
833 1669 879 1695 καὶ
897 1669 975 1705 δόξης

187 1707 252 1742 ὲρᾷν
268 1707 315 1733 καὶ
331 1707 458 1742 θηρεύειν
471 1709 582 1737 ἔπαινον
600 1712 675 1745 παρὰ
689 1712 742 1739 τῶν
759 1713 803 1740 ὑπ’
816 1714 898 1742 αὐτοῦ
915 1715 974 1743 δια-

187 1754 367 1788 κονουμένων.
396 1753 425 1781 Ὀ
449 1755 478 1781 δέ
501 1763 533 1789 γε
553 1756 675 1788 τοιοῦτος
697 1758 812 1791 ἄπιστος
836 1761 911 1795 παρὰ
928 1761 974 1788 τοῦ

187 1799 290 1834 Κυρίου
308 1800 487 1836 ὲλήλεγκται,
511 1802 637 1838 καθάπερ
654 1804 704 1839 ἤδη
721 1804 889 1840 δεδήλωται·
909 1807 976 1839 Πῶς

186 1847 250 1880 τὰρ,
268 1847 344 1881 φησὶ,
363 1846 496 1874 δύνασθε
511 1848 595 1882 ὑμεῖς
610 1850 772 1883 πιστεύειν,
789 1851 883 1883 δόξαν
895 1853 976 1887 παρὰ

186 1891 330 1924 ἀλλήλων
343 1892 557 1926 λαμϐάνοντες,
575 1894 624 1921 καὶ
636 1894 694 1927 τὴν
709 1895 803 1927 δόξαν
814 1897 868 1924 τοῦ
878 1898 975 1932 μόνου

188 1937 260 1964 Θεοῦ
276 1939 311 1964 οὺ
326 1937 497 1972 ζητοῦντες

221 2029 269 2054 ll".
295 2029 393 2063 Ἀγῶνι
415 2030 505 2066 πολλῷ
528 2039 576 2058 και
595 2032 713 2068 καμάτῳ
729 2033 788 2064 νοὸς
805 2033 848 2061 διὰ
866 2035 974 2071 σεμνῶν

184 2073 294 2101 ἐννοιῶν
318 2075 364 2101 καὶ
385 2076 434 2110 τῆς
451 2077 581 2112 συνεχοῦς
597 2078 707 2105 πάντων
722 2079 776 2106 τῶν
790 2081 880 2108 καλῶν
897 2082 974 2118 μερί-

186 2128 256 2153 μνης
282 2121 298 2154 ἡ
320 2120 388 2156 προς
408 2121 475 2148 Θεὸν
496 2123 609 2158 ἀγάπη,
629 2125 757 2161 καθάπερ
773 2127 891 2162 εἴρηται,
909 2137 974 2155 κατ-

184 2165 330 2199 ορθοῦσθαι
345 2165 467 2193 δύναται·
487 2168 535 2194 an
550 2169 597 2195 τοῦ
610 2170 733 2198 ἐναντίου
745 2171 784 2206 τῷ
796 2173 924 2210 ἡμετέρῳ
935 2174 973 2210 νῷ

184 2211 386 2247 ἐμποδίζοντος,
399 2213 445 2239 καὶ⁸
457 2214 486 2240 οὐ
502 2215 706 2251 συγχωροῦντος
718 2218 792 2253 αὑτῷ
804 2219 848 2246 διὰ
858 2220 907 2255 τῆς
918 2221 973 2248 τῶν

180 2257 276 2284 «καλῶν
302 2259 413 2293 μνήμης
438 2259 478 2295 τῷ
501 2260 565 2294 θείῳ
586 2261 666 2296 ἔρωτι
690 2267 881 2300 προσανέχειν,
902 2267 970 2295 ἀλλὰ

184 2303 243 2334 ταῖς
257 2303 365 2336 γηῒναις
380 2304 537 2339 ἐπιθυμίαις
552 2307 600 2341 τὴν
614 2308 739 2343 αἴσθησιν
754 2311 968 2344 περισαίνοντος.

191 2348 234 2374 Ἐν
243 2349 329 2384 τούτῳ
339 2350 394 2384 γὰρ
403 2351 417 2376 ὁ
426 2350 471 2377 τοῦ
483 2352 600 2386 πονηροῦ
610 2352 734 2384 θάνατος.
748 2356 794 2381 καὶ
806 2353 862 2382 οἷον
873 2358 970 2390 εἰπεῖν,

184 2394 302 2429 ἀγχόνη,
321 2395 364 2422 ὅτε
382 2397 414 2431 τῇ
433 2397 477 2422 τοῦ
492 2397 560 2423 Θεοῦ
576 2398 669 2435 ἀγάπῃ
692 2400 738 2426 καὶ
758 2402 851 2437 μνήμῃ
873 2403 971 2438 ἀπεριη

185 2439 312 2471 σπὰστως
335 2442 349 2467 ὁ
366 2441 428 2474 νοῦς
448 2443 622 2478 εὑρίσκηται.
642 2444 783 2472 Ἐντεῦθεν
808 2448 855 2474 καὶ
871 2449 887 2483 ἡ
904 2449 973 2484 πρὸς

182 2486 229 2512 τὸν
242 2486 355 2521 ἀδελφὺν
371 2488 520 2524 εἰλικρινὴς
532 2490 626 2525 ἀγάπη
641 2493 773 2527 συστῆναι
785 2493 906 2525 δύναται,
923 2496 972 2522 καὶ

183 2532 199 2566 ή
215 2531 316 2567 ἀληθὴς
330 2532 463 2568 ἀπλὸτης,
479 2536 526 2561 καὶ
541 2536 556 2570 ἡ
572 2536 693 2572 πραότης
706 2538 736 2564 τέ
749 2547 820 2574 φημι
833 2540 880 2566 καὶ
892 2541 969 2577 εὐχὴ,

182 2577 229 2604 καὶ
246 2578 301 2609 πᾶς
315 2579 329 2604 ὀ
342 2579 508 2614 περικαλλὴς
522 2580 576 2606 τῶν
590 2581 695 2616 ἀρετῶν
710 2583 851 2616 στέφανος,
865 2585 908 2612 διὰ
921 2587 970 2621 τῆς

181 2624 255 2657 μιᾶς,
272 2624 319 2651 καὶ
333 2624 428 2659 μόνης,
443 2626 491 2652 καὶ
505 2626 616 2662 πρώτης
631 2629 752 2664 ἐντολῆς,
765 2631 814 2665 τῆς
825 2632 893 2666 πρὸς
902 2632 969 2659 Θεὸν

179 2668 291 2704 ἀγάπης
319 2670 369 2705 τὴν
395 2671 552 2707 τελειότητα
580 2673 698 2708 δέχεται.
734 2676 852 2710 Ἀγῶνος
877 2679 968 2706 τοίνυν

179 2715 277 2741 πολλοῦ
305 2717 352 2742 καὶ
375 2717 456 2744 πόνου
479 2719 601 2752 κρυπτοῦ
627 2721 675 2746 καὶ
698 2721 796 2755 ἀδήλου
813 2723 902 2758 χρεία,
920 2725 963 2750 λο-

177 2760 286 2795 γισμῶν
311 2761 426 2797 ἐρεύνης
449 2771 479 2789 τε
504 2764 551 2790 καὶ
570 2766 620 2799 τῆς
634 2766 692 2795 ,τῶν
710 2767 899 2804 ἡσθενηκότων
917 2770 966 2805 τῆς

177 2808 266 2843 ψυχῆς
280 2809 359 2844 ἡμῶν
373 2810 557 2847 αἰσθητηρίων
572 2814 736 2847 γυμνασίας,
750 2814 817 2849 πρὸς
831 2815 968 2851 διάκρισιν

216 2897 237 2912 ⁸⁵
254 2899 334 2930 Rom.
356 2908 415 2933 vm,
438 2901 478 2929 l6.

518 2902 538 2918 δ”
552 2902 573 2930 ll
591 2903 652 2931 Cor.
672 2912 698 2936 x,
716 2904 756 2931 i8.
793 2905 902 2933 “Joan.
927 2913 951 2939 ι’,
971 2907 1014 2937 Η.

1027 1671 1096 1698 Deus
1109 1672 1272 1698 commendat
1284 1671 1316 1699 "'.
1346 1671 1572 1707 Quandoquidem
1595 1680 1658 1700 cum
1687 1673 1826 1700 memoria:

1026 1723 1055 1747 et
1080 1719 1188 1746 timoris
1202 1719 1250 1746 Dei
1270 1726 1367 1753 expers
1397 1719 1535 1753 reperitur
1555 1719 1649 1752 homo,
1668 1719 1727 1747 fieri
1768 1727 1824 1748 non

1027 1768 1129 1799 potest,
1154 1765 1221 1799 quin
1235 1769 1263 1792 et
1278 1765 1393 1799 gloriam
1406 1768 1489 1798 amet,
1516 1769 1544 1791 et
1569 1769 1687 1792 venetur
1711 1765 1820 1792 laudem

1028 1811 1063 1837 ab
1078 1810 1122 1842 iis,
1142 1818 1212 1845 quos
1228 1810 1382 1837 ministerio
1405 1818 1456 1837 suo
1476 1811 1565 1846 juvat.
1582 1811 1655 1838 Talis
1666 1819 1748 1846 porro
1771 1812 1824 1839 fide

1026 1863 1144 1882 carerea
1158 1855 1274 1882 Domino
1291 1855 1434 1883 convictus
1447 1860 1499 1888 est,
1516 1856 1555 1883 uti
1565 1864 1646 1891 supra
1667 1857 1722 1892 jam
1741 1858 1824 1892 signi-

1026 1901 1138 1929 ficatum
1164 1906 1205 1929 est
1223 1909 1229 1928 :
1247 1901 1382 1933 Quomodo
1406 1902 1513 1937 potestis
1540 1902 1645 1929 credere
1677 1911 1721 1929 vos
1738 1924 1745 1936 ,
1776 1904 1821 1938 qui

1024 1948 1139 1983 gloriam
1167 1949 1198 1976 ab
1210 1949 1320 1975 invicem
1334 1949 1459 1984 accipitis,
1476 1953 1500 1976 et
1523 1948 1649 1984 gloriam,
1669 1957 1728 1984 qua:
1740 1950 1822 1976 τιθοῖο

1025 1994 1079 2022 Deo
1093 1999 1141 2028 est,
1159 2003 1210 2021 non
1223 1995 1340 2030 quaeritis
1352 1995 1384 2021 ⁸⁸.

1060 2041 1297 2069 Xlll.Certamine
1312 2041 1399 2068 multo
1413 2045 1441 2068 et
1459 2041 1554 2069 labore
1565 2042 1676 2075 mentis,
1695 2050 1745 2078 per
1757 2050 1822 2070 san-

1026 2091 1084 2115 etas
1093 2087 1276 2122 cogitationes
1289 2091 1317 2114 et
1334 2087 1494 2114 continuam
1511 2095 1562 2122 pro
1591 2088 1721 2116 omnibus
1743 2088 1823 2116 honis

1025 2132 1108 2159 rebus
1125 2132 1337 2160 sollicitudinem
1354 2133 1475 2161 charitas
1483 2133 1512 2160 in
1522 2134 1617 2166 Deum,
1633 2134 1704 2162 sicut
1717 2135 1820 2162 dictum

1024 2184 1076 2210 est,
1090 2178 1125 2205 ab
1136 2179 1258 2211 homine,
1269 2182 1353 2214 prout
1369 2179 1409 2206 fas
1422 2183 1475 2212 est,
1486 2184 1576 2215 potest
1589 2181 1711 2208 exerceri
1728 2190 1734 2208 :
1747 2181 1820 2216 quod

1025 2224 1207 2253 adversarius
1224 2225 1358 2261 impediat
1366 2231 1487 2255 mentem
1508 2231 1642 2259 nostram,
1661 2235 1712 2254 nec
1730 2227 1819 2254 eidem

1025 2270 1213 2304 permittat,ut
1227 2278 1278 2306 per
1294 2273 1454 2300 memoriam
1465 2272 1599 2299 bonarum
1614 2280 1706 2299 rerum
1731 2274 1818 2300 amori

1023 2314 1119 2342 divino
1132 2320 1224 2348 vacet;
1236 2315 1284 2343 sed
1298 2317 1427 2344 terrentis
1442 2317 1588 2344 desideriis
1601 2317 1692 2344 sensui
1709 2317 1822 2343 ahhlan-

1020 2358 1106 2386 ditur.
1121 2358 1190 2386 Nam
1203 2366 1287 2390 mors.
1307 2364 1335 2387 et
1366 2364 1396 2387 ut
1425 2361 1466 2388 sic
1494 2361 1596 2394 dicam,
1639 2361 1818 2394 suspendiur‘n

1020 2399 1122 2427 diaboli
1153 2404 1214 2432 est,
1239 2401 1349 2435 quando
1380 2403 1408 2429 in
1433 2403 1481 2429 Dei
1500 2402 1634 2430 eharitate
1660 2407 1688 2430 et
1713 2410 1818 2429 memo-

1021 2445 1062 2472 ria
1074 2445 1211 2473 indivulse
1223 2453 1397 2482 commorans
1413 2455 1490 2474 mens
1519 2452 1642 2474 humana
1670 2448 1817 2481 reperitur.
1832 2471 1834 2474 .

1022 2489 1155 2524 Hincjam
1172 2497 1267 2524 prono
1279 2490 1357 2524 quasi
1374 2490 1446 2517 flexu
1459 2491 1552 2518 illimis
1564 2491 1591 2518 in
1607 2491 1721 2518 fratrem
1740 2491 1818 2520 facile

1020 2534 1155 2562 redundat
1175 2535 1305 2567 Charitas,
1316 2541 1343 2564 et
1357 2544 1418 2564 vera
1431 2537 1602 2572 simplicitas,
1618 2543 1647 2564 et
1658 2543 1820 2566 mansuetu-

1019 2576 1065 2609 do,
1080 2580 1108 2603 et
1119 2577 1270 2610 humilitas,
1283 2578 1435 2606 sinceritas.
1445 2584 1473 2606 et
1485 2579 1604 2612 bonitas,
1615 2584 1643 2607 et
1651 2580 1712 2614 ipsa
1728 2581 1817 2607 oratio

1021 2622 1100 2657 173
1118 2617 1338 2659 cunctarumque
1365 2625 1485 2653 formose
1511 2626 1688 2661 resplendens
1715 2635 1817 2654 corona

1017 2670 1168 2704 virtutum,
1200 2680 1250 2708 per
1278 2673 1345 2700 illud
1363 2681 1448 2700 unum
1472 2679 1500 2702 et
1526 2674 1615 2702 solum
1643 2679 1672 2702 et
1696 2675 1816 2710 primum

1019 2716 1177 2745 dilectionis
1214 2718 1262 2745 Dei
1293 2719 1452 2746 mandatum
1476 2719 1674 2754 perfectionem
1702 2720 1815 2754 accipit-

1017 2761 1174 2790 Ccrtamine
1197 2763 1281 2798 igitur
1303 2765 1390 2792 multo
1420 2769 1449 2792 et
1480 2769 1582 2792 conatu
1607 2765 1735 2797 occulto,
1762 2773 1815 2792 nec

1018 2810 1086 2838 foris
1111 2811 1277 2839 observabili
1306 2812 1491 2840 contentionis
1529 2813 1625 2841 labore
1660 2821 1730 2849 opus
1755 2815 1809 2845 est,
