2075 3155
266 149 314 181 851

880 148 912 179 S.
931 148 1092 179 MACARII
1109 149 1271 179 IEGYPTII

1836 149 1890 181 852

266 203 295 230 in
322 202 542 237 perscrutatione
563 201 774 237 cogitationum,
802 201 831 229 in
852 202 1052 230 exercitatione

1110 202 1188 229 καλοῦ
1211 211 1241 229 τε
1266 203 1312 229 καὶ
1333 202 1431 236 κακοῦ,
1450 202 1557 229 καὶτοῦ
1572 202 1703 237 ῥωννύειν
1720 203 1767 230 κα)⁸
1782 203 1889 236 ἀναζω-

267 248 440 275 inflrmorum
472 247 569 274 animas
610 255 741 275 sensuum
782 248 816 275 ad
855 249 1053 276 discretionem

267 292 332 318 boni
352 295 380 318 et
398 291 473 324 mali,
490 291 519 318 ir:
541 291 756 319 corroborandis
774 297 803 320 et
827 293 981 320 excitandis
1004 300 1054 327 per

267 338 418 365 studiosam
441 344 538 364 versus
558 337 645 364 Deum
665 338 871 366 inclinationem
902 338 1054 366 debilitatis

267 384 364 416 animm
388 383 529 410 membris.
561 383 600 410 lta
624 391 701 411 mens
716 389 809 411 nostra
836 384 967 411 continue
997 384 1054 412 Deo

267 428 356 459 allixa,
377 429 514 456 coalescet
537 429 565 456 in
582 436 667 456 unum
688 436 751 456 cum
777 429 894 456 Domino
911 429 1052 465 spiritum,

266 474 342 508 juxta
360 474 503 501 oraculum
520 474 608 501 Pauli.

302 519 370 547 XIV.
391 519 467 546 lianc
481 525 573 547 autem
595 520 754 547 interiorem
777 520 994 554 contentionem,
1014 521 1055 549 la-

269 564 366 592 borem
381 585 388 597 ,
419 570 446 592 et
471 565 700 598 meditationem,
728 565 898 593 incessanter
927 567 1055 595 conferre

269 615 379 644 oportet
389 611 499 638 virtutis
508 616 645 639 amatores
661 611 695 638 ad
710 619 820 639 omnem
836 612 1055 641 observationem

270 656 392 683 mandati
410 657 468 683 sive
482 661 604 690 orantes,
621 657 678 685 sive
693 657 893 691 ministrantes,
909 658 1056 686 comeden-

271 706 312 728 tcs
324 702 391 736 quin
406 702 489 730 etiam
506 707 552 729 aut
573 703 701 731 bibentes
719 711 726 730 :
749 707 777 730 ut
798 703 982 739 quodcunque
1005 703 1055 732 de-

270 755 346 774 mum
361 747 462 774 bonum
475 748 510 775 ab
527 749 594 784 ipsis
609 749 666 781 lict,
690 749 719 776 in
745 749 858 782 gloriam
874 750 933 783 Dei,
956 755 983 778 et
999 759 1056 778 non

271 791 300 819 in
317 797 438 820 nostram
465 793 512 820 ﬁat
535 793 666 829 gloriam;
685 802 772 829 prona
794 800 887 823 autem
914 800 943 824 et
964 795 1056 824 facilia

270 837 351 865 nobis
367 843 476 871 cuncta,
494 847 556 874 quae
573 840 607 867 ad
623 841 786 875 quorumvis
799 841 848 869 Dei
863 842 1056 870 mandatorum

1105 249 1201 284 πυρεῖν
1216 248 1260 275 διὰ
1273 249 1322 281 τῆς
1335 247 1382 275 τοῦ
1394 248 1439 275 νοῦ
1457 248 1525 283 πρὸς
1536 248 1602 275 Θεὸν
1614 248 1760 283 ἐπιμελοῦς
1772 250 1890 282 νεύσεως

1103 292 1138 319 τὰ
1160 293 1335 327 πεπονηκότα
1357 292 1405 327 τῆς
1420 292 1510 327 ψυχῆς
1526 292 1606 327 μέλη.
1625 292 1653 319 ’0
1667 292 1721 328 γὰρ
1735 292 1796 324 νοῦς
1812 293 1889 328 ἡμῶν

1103 337 1175 364 οὕτω
1187 337 1331 369 διαπαντὸς
1346 337 1385 372 τῷ
1397 337 1456 372 Θεῷ
1469 337 1725 372 προσκολλὼμενος,
1746 339 1888 373 γενήσεται

1106 385 1174 418 μετὰ
1188 383 1235 410 τοῦ
1249 384 1351 419 Κυρίου
1367 384 1406 415 είς
1421 383 1450 410 ἒν
1464 382 1581 418 πνεῦμα,
1592 383 1663 410 κατὰ
1675 383 1705 410 τὺ
1715 383 1803 417 λόγιον
1817 384 1890 411 Παύ-

1104 428 1161 456 λου.

1141 519 1190 547 ῘΔ’.
1208 518 1309 546 Τοῦτον
1323 518 1352 545 δέ
1367 527 1433 554 φησι
1448 517 1493 545 τὸν
1517 517 1638 553 κρυπτὸν
1657 517 1759 552 ἀγῶνα,
1775 518 1823 544 καὶ
1844 519 1890 545 τὸν

1105 565 1197 597 πόνον,
1226 564 1273 590 καὶ
1301 563 1351 599 τὴν
1369 563 1495 599 μελέτην,
1526 562 1706 595 ἀδιαλείπτως
1732 564 1804 598 ἔχειν
1827 564 1889 593 τοὺς

1106 609 1268 646 φιλαρέτους
1295 609 1348 644 χρὴ
1377 609 1445 644 πρὸς
1473 609 1563 635 πᾶσαν
1579 609 1752 644 ἐπιτήδευσιν
1770 609 1889 644 ἐντολῆς,

1105 656 1166 692 ἦτοι
1181 654 1385 690 εὐχομένους,ἢ
1401 653 1602 686 διακονοῦντας,
1619 653 1758 685 ἐσθίοντας
1769 654 1786 689 ἢ
1800 655 1890 680 πίνον-

1104 709 1155 733 τας
1168 709 1175 716 ·
1193 701 1226 727 ῐν*
1243 701 1311 736 ὅπερ
1327 700 1360 727 ἃν
1379 700 1492 735 γένηται
1506 699 1618 734 ἀγαοδν,
1645 701 1686 731 είς
1709 700 1789 733 δόξαν
1811 700 1889 731 Θεοῦ,

1105 747 1153 774 καὶ
1189 746 1227 782 μὴ
1253 747 1294 778 είς
1319 745 1458 781 ἡμετέραν
1481 746 1596 780 γένηται
1622 745 1720 777 δόξαν*
1739 746 1843 781 εὐπετῆ
1860 746 1890 772 es

1105 794 1172 829 ἡμῖν
1190 793 1237 820 καὶ
1257 792 1337 828 ῥᾴδια
1355 791 1445 818 πάντα
1461 791 1495 818 τά
1520 791 1574 818 τῶν
1595 791 1709 817 ἐντολῶν
1732 791 1820 824 ἔσται,
1839 791 1890 826 τῆς

1105 838 1153 865 τοῦ
1168 837 1236 865 Θεοῦ
1251 838 1362 872 ἀγάπης
1378 837 1447 865 αὑτά
1459 836 1702 873 διευμαριζούσης,
1715 837 1763 864 καὶ
1779 837 1809 864 τδ
1827 837 1888 864 ἐπί·

270 883 379 917 plenam
404 885 609 913 exsecutionem
636 886 772 920 attinent;
796 895 890 916 amore
914 888 982 922 Dei,
1004 888 1056 916 ista

1110 891 1188 911 πονον
1201 883 1291 910 αὐτῶν
1310 881 1460 918 εκλνοῦσης
1474 881 1559 910 ἅπαν.

271 927 427 961 alleviante,
445 933 474 956 et
488 930 561 964 quod
578 930 748 959 laboriosum
778 937 822 960 est
851 933 882 960 in
905 933 982 968 ipsis,
1000 934 1057 962 dis-

270 974 406 1001 solvente.

307 1018 364 1046 XV.
385 1018 481 1047 Omnis
495 1020 636 1048 contentio
655 1025 684 1048 et
707 1022 828 1050 studium
846 1022 1008 1056 adversarii,
1027 1024 1056 1053 in

271 1062 335 1094 hoc,
361 1067 391 1090 ut
404 1063 509 1091 dictum
530 1069 583 1097 est,
600 1065 705 1100 vigilat,
721 1071 752 1093 ut
775 1066 917 1094 annitatur
935 1073 1056 1096 mentem

270 1114 394 1135 nostram
406 1117 420 1135 a
433 1109 479 1136 Dei
491 1110 635 1141 memoria,
645 1111 753 1143 timore,
765 1119 912 1147 amoreque
922 1113 1055 1147 avellere;

274 1155 395 1182 terrenis
425 1154 511 1189 ipsam
538 1156 747 1184 avocationibus
773 1161 801 1184 et
829 1157 1057 1192 delinimentis,a

270 1208 336 1227 vero
356 1201 428 1228 bono
455 1201 490 1228 ad
514 1202 674 1237 apparentia
690 1202 864 1231 divertendo.

307 1290 377 1318 XVI.
396 1290 517 1318 invicem
539 1291 658 1319 virtutes
677 1296 880 1320 connectuntur
906 1296 934 1320 et
961 1296 1059 1320 mutuo

271 1336 416 1369 inhaerent,
433 1341 462 1364 ut
476 1337 503 1364 in
519 1342 615 1365 catena
629 1338 769 1365 commissi
785 1338 880 1365 annuli
894 1346 948 1366 uno
963 1346 995 1366 ex
1004 1339 1059 1367 alio

271 1383 419 1416 pendente.
440 1383 470 1410 ln
484 1383 558 1410 hunc
573 1384 646 1411 enim
660 1383 771 1411 modum
792 1384 882 1411 oratio
909 1392 943 1411 ex
969 1384 1060 1412 chari-

272 1432 344 1460 tate;
366 1429 486 1456 charitas
501 1437 516 1456 c
529 1429 644 1464 gaudio;
663 1430 792 1465 gaudium
805 1438 821 1457 e
835 1431 1057 1464 mansuetudine;

271 1472 456 1500 mansuetudo
469 1481 503 1500 ex
518 1473 687 1506 humilitate;
701 1473 844 1501 humilitas
855 1481 870 1501 c
888 1474 1058 1508 ministerio;

273 1517 458 1545 ministerium
476 1525 493 1545 e
509 1525 573 1552 spe;
587 1525 650 1553 spes
665 1526 699 1545 ex
716 1518 785 1552 ﬁde;
805 1518 873 1547 ﬁdes
885 1526 918 1546 ex
931 1519 1061 1546 obedien-

273 1561 329 1594 tia;
348 1561 506 1589 obedienlia
526 1570 542 1589 e
559 1562 753 1597 simplicitate;
774 1563 856 1590 sicuti
879 1571 895 1591 e
919 1564 1059 1592 contrario
1073 1555 1096 1586 ο

273 1607 403 1634 vitiorum
417 1615 526 1642 quoque
543 1615 630 1635 unum
644 1615 678 1635 ex
693 1608 781 1641 altero
798 1608 946 1643 dependet.
963 1609 1003 1636 Ex
1021 1610 1061 1638 ira

274 1653 377 1687 quippe
400 1652 503 1687 pendet
524 1653 636 1686 odium;
664 1661 698 1680 ex
713 1653 767 1681 hoc
787 1654 933 1688 superbia;
957 1663 991 1683 ex
1009 1655 1062 1683 hac

274 1705 351 1725 vana:
374 1697 468 1732 gloriae
489 1697 644 1730 aﬂ'ectatio;
669 1697 726 1725 haec
750 1698 940 1726 infidelitatem
967 1699 1060 1733 trahit,

275 1751 337 1778 qua:
352 1743 466 1771 duritiei
487 1743 579 1771 cordis
592 1747 681 1771 mater
697 1747 749 1776 est,
766 1745 858 1779 proles
875 1750 966 1772 autem
982 1745 1061 1773 incu-

275 1788 334 1820 τίω,
359 1796 439 1823 quam
454 1787 541 1824 gignit
557 1789 674 1824 languor
696 1789 820 1824 spiritus,
840 1798 874 1817 ex
897 1790 996 1825 supino
1012 1798 1062 1818 ne-

275 1835 364 1869 glectu
384 1834 488 1861 ducens
512 1835 662 1869 originem;
690 1834 764 1862 hunc
793 1835 922 1869 producit
949 1835 1060 1869 acedia;

275 1879 331 1906 ﬁlia
346 1879 404 1906 haec
418 1879 608 1914 impatientia,
639 1880 719 1915 cujus
747 1887 824 1907 amor
850 1880 999 1915 voluptatis
1020 1885 1063 1908 est

275 1929 363 1959 pater.
378 1925 416 1952 lta
431 1929 529 1952 caetera
542 1932 652 1960 quoque
669 1925 792 1953 membra
813 1926 924 1954 malitia:
943 1926 1062 1954 invicem

275 1975 338 2005 apta
351 1979 475 2005 nexaque
492 1975 567 1998 sunt.

313 2025 393 2052 XVI].
413 2024 499 2052 Omne
513 2025 627 2058 bonum,
650 2025 724 2060 quod
752 2026 835 2054 homo
863 2026 938 2060 facit,
969 2027 1061 2062 inqui-

275 2078 344 2097 nare
365 2078 396 2097 ac
417 2071 608 2098 contaminare
635 2071 733 2098 nititur
748 2071 874 2100 diabolus
894 2073 1062 2101 immistione

276 2123 389 2142 suorum
402 2115 549 2149 seminum,
573 2124 649 2143 vanae
676 2117 806 2144 nimirum
834 2118 938 2153 glorias,
966 2118 1062 2153 praeli-

276 2161 387 2194 dentix,
403 2161 441 2188 uti
458 2165 486 2188 et
503 2162 740 2195 murmurationis,
759 2167 807 2190 aut
826 2163 979 2198 cujuspiam
992 2164 1062 2192 alte-

276 2206 337 2233 rius
350 2206 455 2238 talium,
468 2211 498 2233 ut
515 2215 569 2234 non
585 2211 698 2242 propter
712 2208 796 2235 Deum
811 2208 911 2240 solum,
932 2216 983 2236 nec
1001 2214 1063 2236 tan-
1078 2221 1101 2250 ο

278 2256 336 2278 tum
350 2259 383 2278 ex
401 2252 510 2280 sincero
525 2253 625 2280 mentis
637 2253 782 2288 proposito
804 2253 908 2280 bonum
922 2261 991 2288 opus
1005 2254 1061 2281 iiut.

275 2297 416 2333 Scriptum
436 2304 479 2326 est
499 2299 594 2326 enim:
610 2299 723 2326 Abelem
742 2299 876 2326 obtulisse
897 2300 1062 2327 sacriﬁcium

276 2344 333 2372 Deo
343 2344 375 2371 de
388 2345 507 2380 adipibus
519 2349 544 2371 et
559 2345 591 2372 de
602 2345 781 2380 primogenitis
795 2345 911 2372 ovium"
927 2354 933 2372 :
946 2345 1063 2372 Cainum

275 2397 386 2424 quoque
398 2389 525 2417 similiter
541 2390 612 2417 dona
628 2389 762 2417 obtulisse
784 2389 817 2417 dc
840 2389 975 2418 fructibus
999 2390 1062 2425 qui-

277 2435 339 2462 dem
355 2441 444 2467 terra‘,
459 2434 507 2462 sed
524 2443 579 2462 non
594 2443 609 2462 e
629 2435 727 2470 primis
748 2439 794 2462 aut
808 2435 929 2469 optimis.
947 2436 981 2462 Et
998 2443 1062 2470 pro-

276 2486 372 2516 pterea
394 2481 480 2510 Deum
502 2481 656 2516 respexisse
679 2481 713 2508 ad
741 2480 875 2508 sacriticia
898 2481 1010 2513 Abelis,
1028 2481 1062 2509 ad

276 2527 355 2556 Caini
373 2533 464 2555 autem
482 2535 598 2555 munera
614 2535 668 2555 non
689 2528 848 2555 attendisse.
865 2528 932 2556 lude
954 2528 1062 2556 discere

277 2574 411 2601 debemus
425 2567 698 2609 contingere'posse,
713 2582 742 2601 ut
753 2574 863 2609 aliquod
890 2575 992 2602 bonum
1008 2583 1064 2602 non

277 2620 348 2648 bene
366 2621 413 2648 ﬂat
425 2629 432 2647 :
446 2625 511 2655 puta
523 2620 546 2647 si
557 2621 603 2647 ﬁat
622 2621 792 2655 negligenter
812 2626 861 2648 aut
871 2621 1063 2656 contemptim,

277 2666 366 2694 aliove
379 2667 446 2693 vitio
461 2666 605 2698 submisto,
626 2671 654 2693 et
669 2674 723 2693 non
739 2674 813 2694 mere
825 2671 938 2702 propter
952 2667 1037 2695 Deum
1055 2676 1062 2694 :

277 2719 312 2739 cx
332 2720 388 2747 quo
407 2712 501 2740 evenit
535 2717 568 2741 ut
594 2717 703 2748 gratum
731 2712 759 2740 id
783 2718 812 2741 et
838 2719 981 2749 acceptum
1007 2713 1063 2741 Dco

278 2765 334 2786 non
349 2759 396 2786 sit.

315 2845 339 2862 "
350 2844 418 2873 Gen.
432 2853 470 2879 IV,
483 2845 509 2873 4.

1141 1016 1193 1043 ιε’.
1209 1015 1290 1048 Ὀλος
1308 1016 1324 1043 δ
1346 1015 1422 1050 ἀγὼν
1438 1015 1485 1042 καὶ
1500 1014 1601 1051 σπουδὴ
1617 1014 1677 1042 ’τοῦ
1697 1014 1887 1051 ἀντικειμένου

1106 1062 1185 1090 τοῦτο
1201 1063 1285 1094 ἐστιν,
1311 1061 1350 1094 ὼς
1368 1061 1525 1098 δεδήλωται,
1548 1061 1579 1088 τὺ
1601 1061 1748 1096 δυνηθῆναι
1766 1062 1813 1088 τδν
1829 1062 1891 1089 νοῦν

1107 1108 1162 1136 ἀπὸ
1178 1108 1227 1143 τῆς
1244 1107 1313 1144 πρὸς
1326 1107 1392 1134 Θεὸν
1407 1108 1527 1142 μνήμης,
1552 1107 1600 1134 καὶ
1618 1106 1666 1133 τοῦ
1682 1106 1765 1141 φόϐου
1779 1107 1828 1134 καὶ
1841 1108 1892 1142 τῆς

1107 1154 1217 1188 ἀγάπης
1233 1154 1412 1189 περισπᾶσαι,
1429 1153 1537 1187 γητναις
1550 1153 1632 1179 αὐτὴν
1649 1154 1829 1188 παραγωγαῖς
1845 1155 1892 1181 καὶ

1109 1200 1301 1235 δελεάσμασιν,
1315 1199 1369 1226 ἀπδ
1378 1199 1425 1226 τοῦ
1439 1199 1523 1231 ὅντως
1538 1197 1642 1233 ἀγαθοῦ
1655 1198 1723 1234 πρὸς
1734 1198 1769 1225 τά
1782 1198 1892 1235 δοκήσει

1108 1245 1179 1273 καλὰ
1197 1245 1429 1280 παρατρέποντος.

1144 1292 1204 1325 1ίῖ’.
1226 1291 1362 1326 ’Δλλήλων
1378 1291 1407 1317 αἱ
1423 1290 1518 1326 ἀρεταὶ
1540 1289 1670 1321 δέδενται,
1698 1289 1745 1316 καὶ
1771 1289 1894 1323 ἀλλήλων

1109 1335 1226 1371 ἔχονται,
1240 1336 1366 1371 καθάπερ
1378 1337 1437 1370 ἱερά
1449 1344 1491 1368 τις
1507 1335 1585 1370 σειρὰ
1598 1335 1648 1370 μία
1660 1335 1710 1370 τῆς
1726 1335 1791 1369 μιᾶς
1807 1335 1893 1370 ἠρτη-

1111 1382 1179 1417 μένη
1193 1389 1201 1397 ·
1222 1378 1279 1408 οἷον
1299 1382 1315 1416 ἡ
1339 1381 1387 1416 μὲν
1410 1381 1488 1416 εὐχὴ,
1506 1380 1557 1414 τῆς
1586 1381 1706 1415 ἀγάπης,
1724 1380 1741 1414 ἡ
1758 1380 1852 1415 ἀγάπη
1864 1380 1894 1406 δὲ

1108 1429 1159 1462 τῆς
1174 1427 1271 1462 χαρᾶς,
1288 1427 1304 1462 ἠ
1323 1426 1404 1462 χαρὰ,
1416 1426 1465 1460 τῆς
1478 1426 1642 1460 πραότητος,
1659 1424 1820 1460 ἡπραότης,
1845 1425 1895 1460 τῆς

1109 1470 1372 1507 ταπεινοφροσύνης,
1401 1471 1417 1505 ἠ
1435 1469 1670 1505 ταπεινοφροσύνῃ
1688 1469 1716 1495 δὲ
1730 1470 1781 1503 τῆς
1802 1469 1895 1496 διακο-

1114 1517 1185 1550 νίας,
1203 1518 1220 1552 ἡ
1245 1516 1368 1543 διακονία
1390 1515 1428 1548 δὲ,
1450 1516 1500 1551 τῆς
1525 1515 1641 1547 ἐλπίδος,
1666 1515 1682 1550 ἡ
1706 1515 1734 1541 δὲ
1751 1514 1829 1547 ἐλπὶς
1844 1517 1895 1550 τῆς

1111 1562 1248 1593 πίστεως·
1272 1561 1319 1588 καὶ
1337 1562 1354 1597 ὴ
1377 1561 1427 1596 μὲν
1448 1561 1550 1593 πίστις,
1579 1560 1630 1596 τῆς
1653 1560 1787 1595 ὑπακοῆς,
1818 1561 1835 1596 ἡ
1866 1561 1895 1587 δὲ

1113 1607 1220 1643 ὑπακοὴ
1249 1607 1298 1641 τῆς
1314 1607 1476 1641 ἁπλότητος,
1496 1606 1590 1639 ὥσπερ
1614 1605 1745 1632 τάναντία
1769 1605 1849 1632 πάλιν
1866 1605 1897 1632 ἓν

1113 1653 1158 1688 ὑφ’
1171 1653 1231 1685 ἑνὸς
1248 1653 1353 1680 δέδεται
1365 1661 1372 1668 ·
1387 1649 1443 1679 οἷον
1461 1651 1508 1678 τοῦ
1523 1651 1573 1686 μὲν
1598 1651 1698 1686 θυμοῦ,
1715 1651 1746 1677 τὸ
1771 1652 1848 1685 μῖσος
1858 1659 1865 1665 ·
1880 1651 1896 1676 ὁ

1113 1700 1154 1732 δὲ,
1171 1700 1220 1734 τῆς
1236 1698 1426 1734 ὑπερηφανίας
1441 1706 1448 1713 ·
1461 1697 1511 1732 τῆς
1525 1697 1677 1730 κενοδοξίας
1686 1696 1756 1730 αὓτη
1769 1704 1776 1712 ·
1791 1696 1895 1730 ἐκείνη,

1112 1745 1161 1780 τῆς
1175 1744 1304 1776 ἀπιστίας
1316 1752 1322 1758 '
1344 1744 1360 1778 ἡ
1389 1743 1418 1770 δὲ
1442 1742 1491 1778 τῆς
1508 1742 1742 1777 σκληροκαρδίας’
1761 1743 1808 1768 καὶ
1825 1741 1895 1777 αὕτη

1114 1791 1164 1826 μὲν
1181 1791 1214 1817 ὲκ
1224 1790 1274 1825 τῆς
1292 1789 1421 1825 ἀμελείας
1435 1797 1442 1804 ⁸
1460 1787 1554 1822 ἐκείνη
1566 1787 1595 1814 δὲ
1609 1787 1660 1821 τῆς
1676 1787 1849 1822 χαυνώσεως,
1865 1788 1898 1813 ἐκ

1112 1838 1141 1864 δὲ
1162 1838 1211 1872 τῆς
1227 1835 1374 1872 ὀλιγωρίας
1395 1834 1476 1870 αὖτηυ
1503 1834 1617 1868 κάκείνη
1644 1833 1693 1869 μὲν
1708 1834 1740 1860 ἐκ
1761 1833 1810 1868 τῆς
1829 1834 1898 1867 ἀκη-

1112 1882 1172 1914 δίας
1185 1890 1191 1896 ·
1210 1881 1247 1913 ὡς
1260 1881 1292 1907 ὲκ
1308 1879 1356 1907 τοῦ
1368 1878 1580 1914 Ιάνυπομονήτου
1604 1877 1686 1905 πάλιν
1711 1877 1782 1912 αὕτη
1797 1885 1804 1892 ·
1824 1878 1854 1904 τὸ
1866 1877 1895 1903 δὲ

1112 1927 1163 1962 τῆς
1179 1926 1333 1962 φιληδονίας
1344 1933 1351 1940 ·
1362 1924 1409 1951 καὶ
1421 1924 1492 1951 οὕτω
1507 1924 1540 1951 τά
1554 1923 1635 1951 λοιπὰ
1652 1923 1720 1959 μέλη
1738 1923 1788 1957 τῆς
1797 1923 1896 1954 κακίας

1113 1973 1235 2007 ἀλλήλων
1251 1971 1368 2007 ἐχόμενά
1382 1972 1459 1998 εἰσιν.

1149 2024 1197 2051 ΙΖ¹.
1214 2024 1272 2050 Πᾶν
1293 2023 1360 2057 ὅπερ
1379 2022 1413 2050 ἂν
1429 2023 1493 2058 ποιῇ
1516 2023 1599 2050 καλὸν
1621 2023 1636 2048 ὁ
1664 2022 1817 2057 ἄνθρωπος,
1834 2031 1898 2048 σπι-

1112 2069 1176 2096 λοῦν
1191 2068 1258 2096 αὐτὸ
1271 2068 1318 2095 καὶ
1333 2067 1521 2102 καταμιαίνειν
1546 2069 1561 2094 ὁ
1584 2062 1703 2102 πονηρὸς
1720 2068 1752 2103 τῇ
1771 2067 1898 2102 ἐπιμιξίᾳ

1113 2115 1166 2142 τῶν
1187 2113 1283 2141 ἑαυτοῦ
1303 2114 1469 2149 σπερμάτων
1493 2113 1625 2148 βούλεταιο
1638 2110 1694 2139 οἷον
1717 2113 1767 2147 τῆς
1793 2112 1901 2139 κενοδο-

1117 2161 1187 2195 ξίας,
1201 2161 1252 2196 τῆς
1267 2161 1393 2195 οἰήσεως,
1410 2159 1466 2186 εἴτε
1486 2159 1539 2194 μὴν
1567 2158 1673 2185 καὶτοῦ
1690 2158 1859 2192 γογγυσμοῦ,
1880 2158 1897 2193 ἢ

1114 2208 1208 2242 ἑτέρου
1223 2206 1295 2237 τινὸς
1311 2205 1365 2232 τῶν
1379 2205 1526 2232 τοιούτων·
1541 2205 1574 2231 ἵν’
1587 2204 1602 2240 ἢ
1620 2204 1657 2240 μὴ
1670 2204 1715 2230 διὰ
1725 2204 1791 2230 Θεὸν
1807 2204 1897 2239 μόνον,

1114 2253 1130 2288 ἢ
1149 2252 1186 2288 μὴ
1198 2253 1230 2280 ὲκ
1242 2251 1398 2286 προθυμίας
1422 2250 1454 2277 τὸ
1480 2250 1623 2285 γινόμενον
1652 2250 1755 2282 ἀγαθὸν
1775 2250 1897 2284 γένηται.

1112 2299 1270 2333 Γέγραπται
1295 2298 1350 2333 γὰρ
1378 2298 1423 2324 τδν
1440 2297 1524 2323 ’Λΰελ
1543 2298 1737 2331 προσενεγκεῖν
1756 2296 1851 2322 θυσίαν
1861 2295 1899 2330 τῷ

1113 2344 1173 2380 Θεῴ
1183 2344 1241 2372 ἀπὸ
1256 2343 1315 2370 τῶν
1329 2342 1474 2375 στεάτων,
1489 2342 1540 2369 καί
1565 2341 1624 2369 ἀπὸ
1637 2341 1697 2368 τῶν
1705 2342 1900 2376 πρωτοτόκων

1111 2390 1172 2417 τῶν
1203 2389 1372 2424 προϐάτων·
1405 2388 1452 2415 καὶ
1477 2389 1522 2415 τὸν
1552 2388 1621 2414 Κάϊν
1645 2387 1673 2414 δὲ
1699 2387 1800 2422 ὁμοίως
1826 2387 1900 2422 δῶρα

1112 2438 1305 2473 προσενεγκεῖν
1322 2435 1376 2463 ἀπὸ
1400 2434 1456 2461 τῶν
1471 2434 1586 2473 καρπῶν
1603 2434 1651 2469 μὲν
1679 2433 1730 2468 τῆς
1755 2435 1824 2469 γῆς,
1841 2432 1898 2460 ἀλλ’

1112 2483 1162 2510 οὐκ
1181 2483 1235 2510 ἀπὸ
1260 2482 1314 2508 τῶν
1337 2480 1466 2517 πρώτων·
1480 2481 1528 2507 καὶ
1551 2479 1595 2506 διὰ
1620 2478 1698 2506 τοῦτο
1714 2479 1760 2505 ἐπὶ
1776 2479 1825 2514 μὲν
1842 2480 1900 2510 ταῖς

1114 2529 1220 2559 θυσίαις
1239 2528 1287 2554 τοῦ
1316 2527 1400 2554 ’Ἅϐελ
1419 2527 1522 2553 ἐπιδεῖν
1554 2525 1600 2552 τὸν
1622 2525 1689 2552 Θεόν
1701 2533 1709 2541 ⁸
1727 2525 1773 2552 ἐπὶ
1799 2525 1828 2551 δὲ
1845 2527 1901 2556 τοῖς

1113 2575 1210 2611 δώροις
1226 2575 1274 2601 τοῦ
1292 2574 1362 2600 Κάῖν
1379 2573 1417 2609 μὴ
1434 2575 1576 2608 προσχεῖν,
1607 2572 1655 2598 Ἐκ
1683 2571 1781 2599 τούτου
1800 2570 1902 2607 μανοὰ-

1115 2631 1170 2649 νειν
1185 2621 1293 2656 ἔχομεν,
1307 2621 1347 2646 ὅτι
1361 2620 1420 2646 ἔστι
1445 2628 1472 2646 τι
1488 2619 1571 2646 καλὸν
1597 2618 1635 2653 μὴ
1652 2618 1763 2653 ποιῆσαι
1788 2617 1878 2648 καλῶς
1892 2625 1899 2633 ·

1116 2664 1172 2693 οἷον
1186 2666 1296 2701 ἀμελῶς
1321 2665 1338 2700 ἢ
1353 2662 1597 2699 καταφρονητικῶς
1611 2663 1627 2698 ἢ
1644 2662 1678 2689 δι’
1692 2661 1785 2697 ἕτερόν
1800 2669 1839 2692 τι,
1855 2660 1902 2686 καὶ

1115 2713 1146 2739 οὐ
1163 2713 1206 2739 διὰ
1222 2711 1288 2738 Θεόν
1303 2719 1310 2726 '
1340 2711 1388 2737 καὶ
1408 2710 1483 2745 παρά
1509 2709 1589 2736 τοῦτο
1619 2707 1763 2744 συμϐαίνει
1780 2706 1902 2742 γίνεσθαι

1118 2757 1155 2794 μὴ
1166 2757 1331 2794 πρόσδεκτον
1346 2756 1385 2792 τῷ
1401 2755 1472 2791 Θεῷ.
