2075 3155
176 160 230 191 853

786 162 903 192 LIBER
922 162 973 192 DE
989 161 1195 194 ORATIONE.

1750 162 1805 196 854

251 372 847 462 ΜΑΚΑΡΙΟΥ
910 374 1130 460 ΤΟΥ
1193 364 1746 462 ΜΕΓΑΛΟΥ

747 522 876 566 ΠΕΡΙ
911 522 1248 566 ΠΡΟΣΕΥΧΗΣ

921 613 1075 642 ΛΟΓΟΣ.

552 777 634 815 ³⁷⁸
667 777 1063 856 MACARII
1135 775 1405 856 MAGN
1411 780 1442 852 Ι

769 922 850 973 DE
900 922 1228 976 ORATIONE

915 1029 1071 1061 LIBER.

223 1190 262 1219 A'.
276 1188 432 1225 Κεφάλαιον
449 1189 539 1224 πάσης
558 1187 664 1224 ἀγαθῆς
682 1188 812 1224 σπουδῆς,
831 1189 878 1215 καὶ
889 1197 971 1224 κορυ-

1056 1190 1077 1218 l.
1098 1188 1188 1224 Caput
1209 1189 1300 1217 omnis
1319 1189 1385 1217 boni
1414 1188 1499 1216 studii
1524 1192 1552 1216 ct
1578 1194 1673 1217 vertex
1695 1198 1810 1225 operum

189 1237 227 1272 φὴ
243 1236 296 1262 τῶν
317 1234 537 1270 κατορθωμάτων
572 1234 589 1268 ἡ
615 1234 770 1269 προσευχῆς
795 1234 854 1261 ἐστι
886 1242 973 1269 προσ-

189 1282 279 1317 εδρεξα
292 1303 299 1315 ,
313 1282 346 1308 δι’
358 1279 392 1318 ἦς
418 1281 465 1308 καὶ
479 1281 533 1307 τῶν
547 1280 634 1308 ἄλλων
658 1281 687 1307 ὲν
709 1281 805 1315 κτήσει
823 1279 972 1315 γινόμεῦα,

188 1327 235 1354 τοῦ
262 1327 428 1362 καλουμένου
456 1327 534 1362 χεῖρα
558 1325 690 1362 συνεργὸν
706 1326 901 1361 ὲπορέγοντος·
926 1326 974 1352 καὶ

191 1372 245 1408 γὰρ
261 1372 386 1399 κοινωνία
410 1372 460 1406 τῆς
490 1373 623 1407 μυστικῆς
644 1372 794 1407 ἐνεργείας,
820 1373 869 1399 καὶ
909 1381 975 1399 συν-

191 1418 273 1453 άφεια
288 1417 432 1449 διαθέσεως
448 1418 497 1453 τῆς
510 1417 578 1453 πρὸς
592 1416 658 1443 Θεὸν
673 1417 876 1452 ἁγιότητος,καὶ
890 1417 973 1444 αὑτοῦ

189 1464 236 1490 τοῦ
247 1464 292 1491 νοῦ
309 1463 343 1490 δι’
363 1463 474 1499 ἀγάπης
488 1464 608 1499 ἀρρήτου
624 1463 693 1499 πρὸς
709 1463 820 1499 Κύριον,
834 1464 863 1490 ὲν
879 1464 912 1499 τῇ
927 1463 975 1489 6'5-

191 1511 224 1546 χῇ
249 1511 306 1542 τοῖς
344 1510 566 1545 καταξιουμένοις
593 1510 717 1544 γίνεται·
748 1510 884 1544 Ἕδωκιις
902 1511 973 1546 γὰρ,

192 1555 284 1590 φησὶν,
297 1556 490 1590 εὐφροσύνην
500 1557 544 1590 εἷς
553 1556 611 1588 τὴν
621 1556 748 1590 καρδίαν
755 1565 824 1591 μου·
837 1557 885 1583 καὶ
893 1556 975 1588 αὐτὸς

190 1600 219 1626 δὲ
233 1601 247 1627 ὁ
264 1600 366 1635 Κύριος
379 1608 386 1616 ⁶
419 1600 450 1627 Ἠ
468 1600 613 1633 ,ϐασιλεία
629 1599 765 1634 οίφανῶν
780 1600 866 1634 ἐντὸς
889 1600 974 1635 ὑμῶν

191 1645 266 1672 ἐστι.
297 1645 332 1671 Τὸ
354 1645 382 1671 δὲ
405 1646 481 1677 ἐντὸς
496 1643 565 1671 εἶναι
580 1645 628 1680 τὴν
641 1644 792 1680 βασιλείαν,
816 1644 843 1671 τι
865 1644 898 1671 ἂν
911 1644 974 1671 ἄλλο

191 1690 287 1726 δηλοῦν
302 1690 355 1726 εἴη,
371 1691 387 1725 ἢ
404 1690 452 1725 τὴν
473 1691 520 1717 τοῦ
548 1690 704 1725 Πνεύματος
728 1691 853 1726 οὐράνιον
874 1690 975 1725 εὐφρο-

192 1737 277 1771 σύνην
290 1737 349 1767 ταῖς
363 1736 453 1769 ἀξίαις
472 1736 571 1771 ψυχαῖς
593 1735 717 1771 ἐναργῶς
743 1735 973 1770 ἐνσημαίνεσθαι;

191 1782 240 1817 τῆς
256 1781 432 1812 ἀπολαύσεως
447 1781 501 1816 γάρ
517 1789 546 1807 τε
565 1781 612 1808 καὶ
626 1782 713 1816 χαρᾶς
724 1781 770 1807 καὶ
786 1781 835 1816 τῆς
850 1781 879 1807 ἐν
894 1780 976 1808 πνεύ-

192 1835 258 1861 ματι
275 1826 454 1861 εὐφροσύνης,
467 1824 501 1861 ἧς
519 1826 548 1852 ἐν
566 1825 636 1860 φωτὶ
653 1825 755 1860 αἰωνίῳ
766 1826 790 1852 οἱ
811 1825 884 1860 ἅγιοι
895 1827 925 1852 ὲν
940 1826 974 1861 τῇ

191 1872 238 1898 τοῦ
256 1871 374 1906 Χριστοῦ
393 1871 536 1907 μεθέξουσι
560 1871 694 1906 βασιλείᾳ,
711 1871 813 1904 ταύτης
829 1871 875 1898 τὸν
889 1871 976 1907 appa-

192 1917 276 1949 ϐῶνα,
298 1918 345 1943 καὶ
362 1917 396 1944 τὰ
415 1916 547 1952 προοίμια
572 1916 696 1943 ἐντεῦθεν
717 1917 767 1952 ήδη
794 1917 821 1943 αἱ
843 1917 918 1950 ἄξιαι
931 1915 974 1943 διὰ

191 1963 240 1997 τῆς
254 1962 300 1989 τοῦ
316 1963 384 1990 Πνεύ
389 1970 473 1998 ματος
485 1962 611 1998 ἐνεργοῦς
621 1964 762 1994 κοινωνίας
773 1962 857 1997 ψυχαὶ
869 1962 976 1997 λαμϐά-

191 2017 281 2036 νουσιν
294 2016 301 2023 ·
321 2008 355 2036 'H
367 2009 473 2045 καρδίμ
483 2017 542 2042 μου
554 2008 619 2043 γὰρ,
631 2009 712 2043 φησὶ,
731 2008 778 2034 καὶ
793 2008 812 2042 ἡ
825 2007 904 2041 σάρξ
915 2015 975 2041 μου

191 2056 416 2090 ἡγαλλιάσαντο
435 2056 484 2082 ἐπὶ
510 2056 584 2083 Θεὸν
607 2056 715 2086 ζῶντα·
732 2056 779 2082 aut
793 2055 824 2082 τό
843 2063 849 2071 '
871 2056 920 2088 Ὧς
941 2055 976 2082 ἐκ

192 2101 317 2134 στέατος
331 2102 380 2128 καὶ
398 2103 538 2136 πιότητος
554 2101 741 2136 ἐμπλησθείη
765 2101 784 2135 ἠ
801 2101 886 2136 ψυχή
901 2108 972 2135 μου·

190 2147 239 2174 καὶ
255 2148 288 2174 τὰ
303 2147 408 2183 συνῳδὰ
423 2148 538 2179 τούτοις,
555 2148 595 2180 εἰς
611 2147 708 2173 ταυτὸν
724 2147 847 2182 φέρουσι,
861 2147 908 2173 καὶ
924 2146 975 2182 τὴν

192 2193 240 2220 τοῦ
257 2194 414 2228 Πνεύματος
428 2194 539 2229 ἐνεργὸν
552 2192 723 2228 εὐφροσύνην
738 2192 784 2219 καὶ
802 2191 976 2227 παράκλησιν

193 2239 406 2267 ὑπαινίττονται.

228 2285 265 2312 B'.
281 2285 388 2319 Ὠσπερ
401 2285 493 2320 μεῖζον
505 2284 560 2312 τῶν
577 2284 665 2312 ἄλλων
675 2283 706 2311 τὺ
726 2283 776 2318 τῆς
788 2283 871 2318 εὐχῆς
883 2282 975 2317 ἔργον,

191 2332 262 2358 οὕτω
290 2331 411 2363 πλείονος
434 2332 476 2358 δεῖ
501 2331 548 2358 καὶ
572 2330 707 2366 μερίμνης
737 2328 777 2364 τῷ
801 2329 869 2364 πρὸς
892 2328 976 2363 αὐτὴν

192 2377 280 2412 ἔχοντι
291 2386 297 2393 ·
319 2377 411 2412 μήπου
431 2377 534 2412 κλοπήν
555 2385 616 2403 τινα
630 2375 706 2412 παρὰ
719 2375 771 2410 τῆς
791 2374 891 2405 κακίας
907 2374 976 2400 ὑπο-

194 2423 289 2458 μείνας
302 2423 383 2458 λὰθῃ.
399 2420 447 2454 Οἷς
470 2422 525 2458 γὰρ
548 2421 671 2457 μείζονος
693 2419 796 2455 ἀγαοοῦ
819 2419 976 2454 ἐπιμέλεια,

195 2469 298 2504 μείζονι
316 2469 364 2495 καὶ
380 2469 394 2494 ὁ
407 2469 525 2504 πονηρὸς
547 2469 580 2504 τῇ
604 2468 688 2504 πείρᾳ
702 2466 866 2503 προσϐάλλει
880 2475 886 2482 ·
904 2466 977 2492 ὥστε

192 2515 294 2549 πολλῆς
318 2515 392 2550 αὐτῷ
412 2515 504 2550 δεήσει
526 2514 576 2549 τῆς
597 2514 714 2548 νήψεως,
735 2513 778 2539 ῐνα
800 2513 847 2539 καὶ
876 2512 976 2547 μᾶλλον

1026 1235 1161 1263 bonorum
1186 1235 1332 1263 assiduitas
1353 1235 1489 1262 orationis
1512 1239 1570 1267 est,
1597 1243 1646 1269 per
1672 1243 1754 1270 quam
1784 1236 1813 1263 in

1025 1279 1142 1307 aliorum
1159 1279 1361 1314 possessionem
1376 1279 1513 1306 bonorum
1527 1279 1697 1312 inducimur,
1714 1287 1749 1307 eo
1765 1280 1813 1315 qui

1026 1333 1078 1353 nos
1090 1325 1123 1353 ad
1138 1334 1170 1353 ea
1190 1331 1280 1359 vocat,
1293 1333 1405 1353 manum
1419 1326 1634 1360 cooperatriccm
1647 1326 1813 1361 porrigente.

1027 1369 1135 1398 Etenim
1152 1370 1365 1399 communicatio
1376 1378 1482 1398 arcana:
1493 1370 1622 1398 ellicaciae
1635 1375 1664 1398 et
1679 1371 1815 1399 connexio

1027 1416 1190 1444 intentionis
1203 1417 1230 1444 in
1245 1417 1391 1444 sanctitate
1413 1417 1548 1445 adversus
1560 1417 1658 1450 Deum,
1674 1417 1816 1453 ipsiusque

1028 1462 1127 1489 mentis
1142 1470 1194 1497 per,
1208 1462 1388 1495 ineﬂ‘abilem,
1401 1470 1456 1498 quo
1474 1462 1564 1490 fertur
1577 1471 1643 1498 erga
1657 1463 1815 1496 Dominum,

1027 1514 1160 1539 amorem,
1178 1507 1206 1534 in
1226 1507 1350 1535 oratione
1364 1508 1408 1540 iis,
1425 1509 1473 1543 qui
1486 1508 1561 1543 digni
1575 1509 1748 1543 judicantur,
1765 1509 1817 1537 ob-

1027 1553 1161 1581 veniant:
1175 1553 1276 1581 Dedisti
1289 1554 1373 1587 enim,
1388 1554 1437 1587 ait,
1454 1553 1576 1582 laetitiam
1589 1555 1617 1582 in
1627 1556 1706 1587 ρον-εἰσ
1718 1564 1774 1583 meo
1781 1556 1816 1590 “‘,

1027 1603 1056 1626 et
1070 1599 1128 1634 ipse
1141 1599 1210 1627 dicit
1224 1599 1358 1627 Dominus
1374 1608 1381 1626 :
1400 1599 1520 1635 Regnum
1542 1600 1666 1628 caelorum
1684 1601 1757 1629 intra
1772 1611 1817 1630 vos

1029 1649 1066 1672 est
1077 1646 1109 1673 ".
1123 1645 1191 1673 Nam
1209 1645 1282 1672 intra
1297 1653 1348 1673 nos
1363 1653 1424 1673 esse
1444 1654 1570 1681 regnum,
1586 1647 1653 1682 quid
1677 1647 1751 1674 aliud
1767 1656 1819 1682 pu-

1029 1695 1119 1719 temus
1129 1692 1294 1728 signiﬁcare,
1307 1700 1389 1727 quam
1408 1693 1548 1721 caelestem
1564 1693 1687 1720 laetitiam
1699 1693 1819 1728 Spiritus

1029 1737 1117 1764 sancti
1134 1737 1278 1765 animabus
1292 1737 1382 1773 dignis
1394 1737 1566 1766 sensibilitcr
1578 1737 1729 1765 immissam
1738 1737 1820 1765 esse?

1029 1781 1182 1810 Fruitionis
1212 1782 1348 1817 siquidem
1378 1787 1407 1810 et
1439 1783 1532 1817 gaudii
1562 1783 1718 1817 laetitiaeque
1744 1783 1819 1810 illius

1030 1827 1192 1862 spiritualis,
1209 1836 1291 1862 quam
1307 1827 1334 1854 in
1350 1827 1412 1855 luce
1428 1833 1531 1856 aeterna
1551 1828 1639 1855 sancti
1661 1828 1689 1855 in
1714 1827 1817 1856 Christi

994 1880 1014 1907 Β
1029 1880 1113 1908 regno
1130 1872 1307 1907 participant,
1321 1872 1431 1900 arrham
1446 1873 1522 1900 velut
1536 1873 1683 1907 quamdam
1703 1878 1730 1900 et
1744 1881 1817 1908 prae-

1026 1916 1188 1943 libationem
1212 1916 1270 1951 jam
1297 1915 1363 1943 hinc
1387 1916 1477 1951 dignae
1502 1916 1536 1944 ad
1561 1916 1613 1944 hoc
1634 1916 1741 1944 ell‘ectae
1767 1924 1819 1951 per

1027 1962 1145 1996 gratiose
1162 1962 1393 1989 communicatam
1407 1961 1475 1996 ipsis
1490 1962 1680 1997 operationem
1698 1961 1818 1997 Spiritus

1027 2009 1125 2035 anima:
1148 2008 1298 2042 accipiunt.
1314 2007 1366 2036 Cor
1384 2008 1474 2040 enim,
1492 2008 1593 2043 inquit,
1608 2017 1696 2035 meum
1714 2012 1738 2035 et
1754 2017 1817 2035 caro

1027 2061 1086 2081 mea
1101 2053 1299 2080 exsultaverunt
1317 2054 1344 2081 in
1357 2053 1440 2080 Deum
1451 2054 1579 2081 vivum”.
1596 2054 1630 2081 Et
1642 2054 1711 2081 illud
1725 2063 1732 2081 :
1744 2053 1817 2081 Sicut

1027 2099 1105 2134 adipe
1123 2103 1147 2126 et
1162 2099 1319 2134 pinguedine
1339 2098 1474 2133 repleatur
1492 2099 1584 2126 anima
1613 2107 1673 2126 mea
1683 2099 1716 2127 “.
1732 2099 1766 2126 Et
1783 2100 1817 2126 iis

1027 2151 1158 2176 consona,
1182 2143 1210 2171 in
1234 2143 1307 2171 idem
1329 2143 1456 2176 tendunt,
1480 2148 1508 2172 et
1533 2143 1672 2171 etIicacem
1697 2144 1817 2181 Spiritus

1027 2190 1126 2217 animae
1148 2188 1270 2217 laetitiam
1288 2193 1318 2217 et
1338 2189 1555 2218 consolationem
1575 2190 1709 2219 iudicant.

1062 2285 1096 2313 ll.
1117 2285 1153 2314 Ut
1171 2286 1348 2321 praestantius
1365 2286 1473 2314 caeteris
1496 2291 1539 2314 est
1567 2295 1639 2322 opus
1664 2287 1815 2321 orationis;

1027 2329 1066 2357 ita
1083 2331 1180 2366 majori
1197 2339 1268 2366 opus
1281 2331 1364 2359 habet
1386 2331 1584 2365 sollicitudine,
1606 2333 1698 2367 quiin
1721 2333 1749 2360 id
1773 2333 1817 2360 iu-

1027 2376 1151 2404 cumbit:
1167 2384 1266 2411 nequa
1285 2376 1325 2404 illi
1349 2377 1481 2412 subrepat
1506 2384 1522 2404 a
1547 2377 1652 2405 malitia
1678 2378 1816 2412 deceptio.

1027 2421 1095 2449 Nam
1111 2429 1166 2456 quo
1180 2422 1298 2456 quisque
1318 2422 1431 2458 majoris
1446 2422 1617 2458 adipiscendi
1638 2422 1704 2450 boui
1721 2430 1816 2451 curam

1029 2468 1168 2503 concipit,
1194 2475 1228 2495 eo
1255 2468 1352 2503 majori
1377 2468 1503 2496 diabolus
1528 2472 1629 2496 conatu
1653 2470 1679 2496 ei
1707 2469 1817 2497 obstare

1029 2512 1181 2541 contendit.
1207 2512 1298 2546 Quare
1322 2513 1438 2541 multam
1461 2521 1524 2541 eum
1544 2513 1678 2542 adhibere
1704 2523 1818 2544 necesse

193 2562 293 2596 καρποὶ
310 2561 430 2595 ἀγάπης,
442 2562 488 2587 καὶ
502 2559 765 2594 ταπεινοψροσὺνης,
778 2559 929 2593 ἁπλότητος
946 2567 975 2584 τε

1027 2559 1082 2586 erit
1102 2558 1284 2593 vigilantiam,
1300 2563 1330 2586 ut
1347 2559 1454 2587 fructus
1467 2559 1622 2593 charitatis,
1642 2560 1816 2594 humilitatis,

192 2606 240 2633 καὶ
264 2606 449 2641 ἀγαῦότητος,
482 2605 528 2632 καὶ
562 2605 742 2639 διακρίσεως,
770 2603 904 2638 ὁσημέραι
939 2602 978 2637 τῷ

192 2653 343 2688 παραμόνῳ
362 2653 412 2686 τῆς
432 2652 514 2687 εὐχῆς
537 2651 722 2685 ἀναφὺωνται,
744 2649 792 2675 καὶ
819 2649 902 2676 αὑτοῦ
929 2648 978 2684 μὲν

193 2698 313 2734 φανερὰ-ι
337 2698 387 2733 τὴν
404 2697 452 2724 ἐπὶ
477 2698 512 2724 τὰ
543 2697 603 2724 θεῖα
625 2696 768 2732 προκοπὴν
795 2696 841 2722 καὶ
858 2695 978 2721 ἐπίδοσιν

193 2745 353 2779 καθιστῶσι,
371 2745 434 2777 τοὺς
448 2745 543 2777 ἄλλους
559 2743 588 2772 δὲ
602 2745 641 2776 είς
659 2743 704 2770 τὸν
726 2743 783 2770 ἴσον
796 2742 875 2778 ζῆλον
887 2750 978 2778 παρα-

194 2790 323 2818 καλῶσιν,

230 2866 332 2895 "Psal.
348 2875 385 2900 ιν,
404 2868 430 2896 7.
468 2868 489 2885 ⁵³
501 2868 568 2896 Luc.
587 2876 651 2900 xvu,
666 2867 710 2894 ‘21.
750 2867 770 2884 ⁵ο
784 2866 855 2895 Psal.
874 2874 972 2900 tum,
988 2866 1014 2894 5.

1029 2604 1223 2640 simplicitatis,
1238 2605 1380 2639 bonitatis,
1401 2605 1578 2634 discretionis
1591 2613 1606 2633 e
1623 2606 1739 2641 patienti
1753 2614 1818 2634 ora-

1030 2650 1113 2677 tionis
1129 2650 1237 2677 cultura
1250 2650 1303 2685 ipsi
1323 2650 1398 2685 pleui
1415 2651 1570 2686 ubercsque
1586 2651 1792 2686 progermincut
1808 2659 1816 2678 :

1027 2696 1171 2731 ipsiusque
1181 2695 1358 2731 perspicuum
1377 2696 1405 2723 in
1430 2696 1523 2724 divina
1549 2704 1727 2732 progressum
1751 2703 1817 2731 pro-

1027 2743 1187 2777 fectumque
1210 2742 1401 2770 demonstrent
1419 2751 1427 2770 :
1447 2743 1542 2778 sicque
1571 2742 1641 2771 alios
1672 2743 1708 2771 ad
1742 2741 1818 2778 paris

1027 2787 1231 2815 aemulationem
1243 2787 1328 2816 studii
1337 2793 1496 2824 provoccut.

1054 2866 1074 2882 ³¹
1087 2865 1158 2894 Psal.
1181 2873 1245 2899 un,
1262 2866 1288 2893 6.
