2075 3155
259 162 313 194 855

882 159 913 189 S.
933 157 1093 188 MACARII
1112 156 1272 187 ΛΞΟΥΡΤΠ

1839 154 1894 184 856

296 217 343 245 111.
364 217 430 246 Sine
440 217 644 246 intermissione
656 216 790 245 orandum
799 221 829 244 et
839 219 1052 251 perseveranter

1140 213 1178 241 Γ’.
1210 213 1406 245 Ἀδιαλείπτως
1431 212 1571 248 εῡχεσοαι,
1599 212 1648 240 καὶ
1675 214 1895 248 προσκαρτερεῖν

263 262 446 291 insistendum
486 263 604 290 orationi
637 270 717 294 esse,
740 267 768 290 et
793 262 905 289 divinus
934 261 1052 295 Aposto-

263 309 308 336 lus
319 309 352 342 "’,
369 312 396 336 et
413 308 500 342 ipsius
514 308 623 336 Domini
643 308 784 335 oraculum
804 307 939 342 prtecipit,
957 307 1052 333 dicen-

266 355 302 381 tis
318 362 324 380 :
341 353 447 386 Quanto
460 354 544 388 magis
559 353 626 380 Deus
637 354 714 388 faciet
726 353 865 380 vindictam
878 352 1053 379 clamantium

265 398 301 424 ad
314 405 342 424 se
355 398 396 424 die
411 406 442 423 ac
461 402 534 424 nocte
545 397 581 424 "l
599 398 632 424 Et
652 397 719 424 illud
736 405 742 423 :
761 396 871 431 i’igilate
891 401 915 422 et
931 400 1005 422 orate
1018 395 1052 422 δ”.

265 441 380 476 Oportet
393 441 478 476 igitur
492 442 593 476 ubique
607 449 686 468 orare
700 450 706 468 :
719 448 771 468 nec
790 448 911 475 unquam
924 446 1053 467 conatum

265 487 420 515 remittere.
436 487 543 520 Quanto
564 493 655 515 autem
670 487 825 522 capitalius,
851 486 900 521 qui
924 493 1054 520 perseve-

267 543 329 563 rare
344 536 371 564 in
387 536 512 562 oratione
524 535 658 567 decrevit,
673 542 744 570 opus
755 541 901 569 aggressus
916 537 966 565 est,
979 537 1055 560 tanto

267 583 357 617 ipsum
370 583 432 617 plus
452 581 612 610 certaminis
626 582 778 616 suscipere,
806 584 939 614 tantoque
969 580 1056 616 magis

267 629 295 656 id
312 636 375 656 eum
400 629 434 656 ad
455 633 609 655 extremum
625 627 779 662 perducere
796 630 915 661 oportet,
931 633 965 653 eo
981 625 1055 660 quod

267 674 480 708 perseverantia:
493 673 628 700 orationis
642 673 727 700 multa
746 672 843 708 objicit
859 671 1056 706 impedimenta

267 719 399 754 pravitas,
416 727 553 751 somnum,
569 719 704 750 acediam,
716 718 826 753 pondus
836 717 972 752 corporis,
983 717 1057 752 cogi-

268 766 404 792 tationum
427 765 612 794 aversionem,
634 765 735 792 mentis
753 764 977 796 instabilitatcm,
1000 765 1058 791 lan-

267 819 382 846 guorem
401 816 429 838 et
445 811 552 846 reliqua
567 811 678 838 malitiae
705 811 806 838 studia.
822 810 959 837 Przeterea
988 809 1057 836 ³1111-

267 857 374 884 etiones
402 862 430 884 et
451 857 575 892 ipsorum
598 857 734 884 malorum
759 856 915 883 dzemonum
940 855 1059 882 insultus

267 902 449 929 vehementer
462 902 683 937 impugnantium
702 909 764 932 nos,
783 905 811 928 et
832 900 911 936 175
937 901 1012 927 omni
1032 900 1058 927 vi

267 947 448 980 obstantium,
466 956 501 975 ne
518 948 739 983 appropinquare
749 947 862 974 Christo
873 947 1056 974 valeatDeum

267 997 329 1029 post
350 994 496 1022 veritatem
513 994 684 1021 incessanter
697 1001 824 1029 qtizerens
846 993 948 1021 anima.

303 1047 347 1075 ιν.
378 1047 459 1074 Omni
486 1047 578 1074 studio
609 1052 691 1082 atque
719 1047 881 1082 vigilantia,
906 1047 1056 1082 longanimi

267 1093 400 1127 patientia
417 1093 626 1128 certamineque
647 1093 745 1120 animm
773 1089 805 1120 ac
828 1093 922 1120 labore
934 1093 1058 1128 corporis

267 1143 376 1174 oportet
393 1147 466 1171 eum,
489 1139 536 1174 qui
561 1139 680 1166 orationi
698 1139 846 1174 diligenter
869 1147 968 1166 vacare
993 1147 1059 1175 con-

267 1183 366 1216 tendit,
381 1183 499 1211 viriliter
513 1191 606 1219 agere,
626 1184 695 1210 nihil
724 1191 846 1219 unquam
870 1184 1057 1212 remittentem

266 1229 302 1257 de
325 1229 434 1261 ardore,
456 1237 510 1257 nec
533 1230 678 1256 cedentem
703 1229 934 1257 distractionibus
952 1230 1058 1266 cogita-

267 1276 385 1307 tionum,
402 1280 450 1303 aut
465 1283 563 1303 somno
577 1276 673 1308 multo,
691 1280 739 1303 aut
760 1275 850 1303 desidi
867 1276 981 1311 torpori,
1011 1280 1059 1303 aut

267 1319 431 1347 inordinata;
451 1319 607 1347 confusioni
632 1320 773 1347 actionum
787 1325 893 1347 temere
913 1320 1061 1355 permista-

269 1373 345 1398 rum;
367 1373 422 1392 non
438 1369 560 1393 utentem
575 1365 744 1393 turbulentis
756 1369 784 1392 et
797 1365 992 1393 indeeentibus
1004 1366 1060 1393 cla-

268 1409 409 1442 moribus;
428 1414 476 1437 aut
492 1410 603 1437 eﬂluere
616 1410 739 1437 animum
750 1410 888 1438 sinentem
904 1410 933 1437 in
949 1410 1059 1446 quidvis

267 1455 422 1491 ejusmodi;
447 1455 495 1483 sed
514 1459 590 1483 certo
600 1461 628 1483 et
640 1456 806 1483 immutabili
822 1456 965 1491 proposito
983 1465 1060 1484 men-

271 1501 322 1534 tis;
344 1501 488 1536 deﬁgendo
504 1509 534 1529 se
549 1502 601 1528 soli
622 1502 737 1537 patienti
757 1501 881 1534 stationi,
905 1507 933 1529 et
947 1502 1060 1530 ﬂexioni

268 1554 408 1582 genuum;
434 1552 462 1574 et
480 1547 613 1575 cohibitis
637 1547 845 1583 evagationibus
871 1547 952 1583 longe
977 1548 1060 1575 aber-

1103 261 1137 296 τῇ
1155 259 1223 294 εὐχῇ
1244 259 1325 290 αὐτός
1350 268 1379 286 τε
1400 259 1414 285 ὁ
1436 259 1508 290 θεῖος
1535 258 1709 291 Ἀπόστο).ος,
1729 259 1776 285 καὶ
1790 258 1821 286 τὸ
1840 259 1894 286 vin-th

1103 305 1150 332 τοῦ
1169 304 1273 341 Κυρίου
1289 305 1434 340 εἰρημένον
1452 304 1583 338 διδάσκει,
1600 305 1690 338 Πόσῳ
1711 304 1842 339 μᾶλλον,
1854 305 1896 331 εί-

1105 351 1213 383 πόντος,
1234 351 1355 385 ποιήσει
1383 350 1542 384 ἐκδίκησιν
1555 352 1572 378 ὁ
1588 351 1660 383 Θεὸς
1683 351 1742 377 τῶν
1751 349 1896 383 βοώντων

1105 398 1177 431 πρὸς
1192 398 1286 425 αὐτὸν
1300 397 1414 430 νύκτας
1428 397 1479 424 καί
1494 398 1626 433 ἠμέρας;
1651 397 1701 424 καὶ
1717 398 1762 424 τό·
1784 399 1897 431 Γρηγο-

1101 446 1192 478 ρεῖτε,
1208 445 1258 472 καὶ
1270 445 1489 478 προσεύχεσθε.
1514 445 1560 471 Δεῖ
1576 442 1623 471 οὖν
1642 444 1758 471 πάντοτε
1775 443 1896 479 προσεύ-

1105 491 1212 526 χεσθαι,
1241 491 1289 518 καὶ
1306 491 1343 528 μὴ
1369 492 1508 518 ἑκκακεῖν.
1531 491 1636 526 Ὥσπερ
1656 491 1684 517 δὲ
1710 489 1898 524 κεφαλαιωδέ-

1107 547 1202 574 στερον
1218 539 1232 565 ὁ
1245 540 1278 574 τῇ
1294 539 1360 574 εὐχῇ
1373 538 1587 574 προσκαρτερῶν
1598 538 1687 564 εἵλετο
1702 537 1792 572 ἔργον,
1808 537 1897 568 οὕτως

1107 585 1188 612 αὐτὸν
1204 585 1298 619 ἀγῶνα
1315 585 1408 615 πολὺν.
1423 585 1471 611 καὶ
1491 585 1567 611 τόνον
1589 584 1728 612 ἀνένδοτον
1752 584 1898 618 ἀνέχεσθαι

1107 630 1170 666 χρὴ,
1189 631 1233 657 διὰ
1247 631 1277 657 τὸ
1290 630 1374 657 πολλά
1391 632 1424 665 τῇ
1439 630 1603 666 προσεδρείᾳ
1618 630 1668 665 τῆς
1685 630 1768 666 εὐχῆς
1787 630 1898 656 ὑπεῖναι

1107 677 1142 703 τά
1156 677 1206 712 τῆς
1217 677 1317 708 κακίας
1335 677 1466 711 ἐμπόδια·
1486 676 1579 709 ὕπνον,
1597 676 1724 712 ἀκηδίαν,
1750 675 1832 711 βάρος
1845 675 1899 702 σώ-

1110 731 1205 758 ματος,
1239 722 1377 757 λογισμῶν
1407 723 1569 758 ἐπιτροπὴν,
1599 723 1658 753 νοὸς
1681 721 1897 753 ἀκαταστασίαν,

1109 768 1229 801 ἔκλυσιν,
1246 768 1293 795 καὶ
1308 769 1342 795 τὰ
1358 769 1439 795 λοιπά
1468 768 1518 803 τῆς
1545 768 1645 799 κακίας
1669 767 1876 802 ἐπιτηδεύματα
1889 776 1897 783 ·

1110 813 1169 842 εἶτα
1188 805 1293 850 ὒλίψεις
1320 816 1367 842 καὶ
1395 815 1486 841 αὐτῶν
1511 814 1564 841 τῶν
1587 815 1714 850 πονηρῶν
1734 815 1899 849 πνευμάτων

1110 861 1309 892 ἐπαναστάσεις
1324 861 1451 895 ἐκθύμως
1465 860 1656 895 πολεμούντων
1671 862 1736 895 ἡμῖν
1752 860 1799 887 καὶ
1821 861 1897 887 ἀντι-

1111 907 1331 942 καθισταμένων,
1344 908 1393 934 καὶ
1414 907 1608 942 προσεγγίζειν
1630 907 1669 942 τῷ
1690 907 1801 942 Χριστῷ
1816 907 1899 942 διειρ-

1110 953 1215 988 γόντων
1243 954 1294 989 τὴν
1308 954 1376 988 μετά
1389 953 1438 989 τὴν
1452 954 1582 989 ἀλήθειαν
1604 953 1651 980 τὸν
1666 954 1732 980 Θεὸν
1751 953 1899 984 ἀπαύστως

1112 998 1294 1035 ἐπιζητοῦσαν
1306 999 1408 1035 ψυχήν.

1146 1045 1183 1073 Δ’.
1204 1046 1282 1081 Πάσῃ
1308 1046 1410 1081 σπουδῇ
1435 1045 1483 1073 καὶ
1510 1045 1601 1081 νήψει,
1639 1045 1763 1079 ὑπομονῇ
1798 1053 1828 1070 τε
1853 1045 1901 1071 καὶ

1111 1093 1196 1126 ἀγῶνι
1213 1092 1302 1128 ψυχῆς
1327 1093 1374 1119 καὶ
1399 1092 1473 1127 πόνῳ
1502 1092 1638 1127 σώματος,
1669 1091 1716 1118 τὸν
1745 1092 1795 1126 τῆς
1817 1092 1901 1126 εὐχῆς

1112 1138 1328 1174 ἐπιμελούμενον
1355 1138 1528 1173 ἀνδρίζεσθαι
1556 1137 1619 1172 χρὴ,
1643 1136 1680 1172 μὴ
1695 1136 1901 1171 ὲκκακούμενον

1113 1184 1316 1212 συνεπιδιδόντα
1329 1185 1390 1215 ταῖς
1404 1183 1457 1210 τῶν
1469 1183 1608 1218 λογισμῶν
1622 1183 1780 1217 ἐκτροπαῖς,
1800 1181 1817 1216 ἢ
1835 1178 1901 1207 πολ-

1112 1231 1151 1267 λῷ
1164 1230 1282 1266 ὕπνῳ,ἢ
1306 1230 1416 1265 ἀκηδίᾳ,
1441 1229 1550 1256 ἐκλύσει
1575 1237 1605 1255 τε
1623 1228 1670 1254 καὶ
1694 1227 1836 1262 συγχύσει,
1853 1227 1900 1254 καὶ

1112 1277 1284 1312 ταραχώδεσι
1300 1276 1348 1303 καὶ
1372 1275 1510 1311 ἁπρεπέσι
1526 1275 1629 1309 φωναῖς
1646 1273 1801 1309 χρώμενον,
1816 1273 1833 1308 ἡ
1844 1281 1900 1299 τισι

1113 1323 1246 1354 τοιούτοις
1282 1321 1466 1357 ἐπιτρέποντα
1498 1321 1548 1356 τὴν
1585 1319 1716 1352 διάνοιαν,
1747 1319 1817 1355 μόνῃ
1853 1319 1902 1354 μὲν

1092 1400 1094 1402 _
1113 1367 1404 1403 ὲκπληροςρορούμενον
1423 1367 1455 1402 τῇ
1476 1366 1627 1402 παραμόνῳ
1643 1365 1749 1397 στάσει,
1767 1364 1856 1390 κλίσει
1870 1373 1901 1390 τε

1113 1414 1167 1440 τῶν
1179 1414 1310 1447 γονάτων,
1329 1412 1373 1439 τὸν
1382 1412 1410 1439 δὲ
1425 1411 1487 1438 νοῦν
1503 1412 1611 1446 μακράν
1623 1419 1673 1437 που
1687 1409 1742 1436 τῶν
1751 1409 1903 1444 γινομένων

1114 1458 1358 1493 ἀποπλανώμενον,
1376 1458 1482 1492 ἔχοντα.
1495 1456 1580 1483 Οὐδὲν
1591 1455 1645 1491 γὰρ
1659 1455 1690 1482 τὸ
1701 1454 1816 1484 κωλῦον.
1828 1454 1845 1489 ἢ
1866 1453 1904 1489 μὴ

1113 1504 1237 1540 ἀκριϐῶς
1266 1505 1361 1539 νήφων
1395 1502 1658 1538 παρασκευάζηται,
1696 1499 1904 1535 ἐναντιούμενος

1117 1549 1167 1584 μὲν
1177 1550 1210 1584 τῇ
1224 1548 1274 1584 ὓλῃ
1293 1548 1349 1574 τῶν
1373 1547 1510 1583 περιττῶν
1535 1546 1688 1581 λογισμῶν,
1703 1544 1906 1576 διαϐασανίζων

272 1592 359 1619 rantis
375 1592 486 1619 interim
513 1593 625 1619 mentis.
649 1592 723 1620 Nihil
742 1593 815 1620 enim
835 1600 901 1620 sane
922 1593 1059 1628 prohibet,

1119 1595 1148 1622 δὲ
1161 1594 1266 1626 πάντας
1284 1592 1382 1625 αὐτοὺς
1398 1593 1446 1620 καὶ
1460 1592 1634 1627 φιλοκρινῶν,
1649 1590 1788 1618 ἐπιποθῶν
1802 1599 1833 1617 τε
1860 1590 1905 1617 ἀεὶ

270 1637 351 1671 quin,
364 1637 416 1664 nisi
434 1637 580 1672 diligenter
591 1642 620 1665 et
632 1641 736 1666 attente
755 1637 789 1664 ad
803 1638 936 1665 orandum
949 1644 1063 1673 paratus

272 1683 335 1718 quis
361 1683 484 1716 accedat,
512 1684 565 1711 nisi
595 1684 683 1712 turbae
708 1692 839 1712 vanarum
863 1685 1061 1720 cogitationum

273 1725 383 1756 fortiter
399 1729 526 1762 obsistat,
549 1730 693 1765 excutiens
709 1731 833 1766 singulas
853 1736 882 1758 et
897 1732 1064 1767 dijudicans,

273 1775 397 1811 ﬂagrantl
410 1784 519 1812 semper
540 1777 680 1805 desiderio
699 1785 728 1805 se
747 1778 845 1805 intime
859 1778 893 1805 ad
912 1779 998 1806 Deum
1016 1779 1066 1807 ad-

272 1823 517 1857 movendi,nihil,
543 1823 667 1858 inquam,
688 1824 790 1857 obstat,
811 1824 834 1852 si
854 1825 914 1852 haec
933 1825 1063 1861 negliget,

271 1869 339 1903 quin
361 1869 481 1896 versutis
512 1868 695 1896 inhabitantis
721 1869 750 1896 in
775 1869 835 1904 ipso
866 1870 978 1898 malitia:
994 1871 1064 1899 clam

1117 1641 1161 1668 τὸν
1182 1640 1295 1676 Κύριον,
1311 1638 1442 1671 ποικίλως
1451 1639 1503 1665 ὑπὸ
1513 1638 1562 1671 τῆς
1579 1637 1679 1669 κακίας
1690 1636 1762 1664 κατὰ
1784 1636 1816 1663 τὸ
1829 1636 1904 1670 ἀφα-

1116 1688 1160 1719 νὲς
1172 1685 1348 1718 δελεάξεσθαι
1359 1694 1366 1702 ·
1381 1685 1398 1721 ἢ
1414 1686 1461 1712 καὶ
1479 1684 1534 1711 τῶν
1556 1685 1639 1719 μήπω
1656 1685 1690 1719 τῇ
1706 1684 1772 1719 εὐχῇ
1786 1683 1905 1717 δυναμέ-

1115 1741 1169 1760 νων
1197 1732 1413 1767 προσκαρτερεῖν
1441 1729 1669 1765 κατεπαίρεσθαι,
1697 1729 1744 1756 καὶ
1771 1728 1817 1755 διὰ.
1850 1727 1905 1754 τῶν

1115 1778 1243 1806 τοιούτων
1252 1779 1300 1813 τῆς
1312 1777 1411 1808 κακίας
1421 1776 1626 1812 μηχανημάτων
1632 1776 1681 1811 τὴν
1692 1775 1780 1810 καλὴν
1786 1773 1907 1808 διαφθεί-

1117 1834 1173 1861 ρειν
1192 1824 1335 1861 ἐργασίαν,
1359 1823 1406 1850 καὶ
1430 1822 1573 1858 προπίνειν
1603 1821 1706 1858 ταύτην
1727 1820 1767 1856 τῷ
1794 1819 1906 1856 πονηρῷ

1115 1872 1234 1908 δαίμονι.

271 1915 404 1942 illiciatur
418 1915 524 1942 artibus
539 1923 546 1942 :
564 1919 612 1941 aut
625 1913 718 1942 eﬂ‘erri
744 1922 774 1942 se
793 1915 910 1943 sinendo
932 1916 961 1944 in
978 1921 1168 1953 contemptum
1187 1917 1316 1948 aliorum,
1339 1915 1548 1951 comparatione
1564 1915 1607 1942 sui
1625 1922 1687 1942 cum
1702 1914 1734 1941 iis
1750 1913 1796 1948 qui
1813 1919 1907 1947 perse—

270 1971 368 1991 verare
384 1963 431 1990 diu
442 1962 470 1990 in
484 1963 609 1991 oratione
626 1967 782 1998 nequeunt;
802 1963 856 1991 alio
871 1965 1000 2000 quopiam
1011 1972 1106 1993 errore
1123 1965 1151 1992 in
1166 1972 1248 2000 quem
1265 1965 1324 1992 suis
1339 1972 1403 1992 eum
1417 1968 1508 1992 astuta
1527 1963 1632 1991 malitia
1658 1961 1907 1990 machinationibus

271 2009 435 2043 induxerit,
471 2010 675 2045 corrumpendo
701 2010 861 2045 praeclaram
885 2011 1084 2045 operationem,
1101 2019 1218 2047 eamque
1243 2012 1284 2040 sic
1303 2011 1473 2039 irridendam
1489 2010 1662 2046 propinando
1682 2010 1754 2037 malo
1778 2007 1906 2037 dwmoni.

305 2055 338 2083 ν.
358 2055 417 2082 Nisi
429 2055 581 2087 humilitas,
596 2055 727 2088 charitas,
736 2056 900 2092 simplicitas
912 2062 940 2085 et
953 2057 1064 2085 bonitas

271 2104 347 2128 arcte
371 2101 562 2136 conglutinent
584 2101 665 2129 nobis
686 2103 853 2136 orationem,
883 2103 942 2138 ipsa
963 2103 1062 2136 oratio,

271 2150 319 2172 aut
345 2146 438 2180 potius
467 2147 550 2174 inane
570 2147 921 2181 simulaerum'orationis,
948 2148 1063 2176 minime

270 2197 338 2218 sane
356 2191 455 2226 juvare
474 2199 525 2219 nos
540 2193 654 2227 poterit.
666 2193 760 2228 Neque
776 2194 803 2221 id
815 2194 849 2221 de
860 2194 985 2221 oratione
1002 2193 1060 2221 sola

271 2235 399 2269 dicimus,
418 2237 466 2264 sed
481 2238 514 2265 de
531 2239 605 2267 omni
621 2247 722 2274 genere
737 2239 887 2266 arduorum
910 2243 1062 2273 quantum-

270 2281 313 2309 vis
333 2286 361 2309 et
380 2281 582 2311 laboriosorum
603 2292 734 2319 operum,
752 2288 818 2319 puta
838 2284 873 2311 de
892 2284 1061 2320 virginitate,

1153 2058 1192 2084 E’.
1210 2057 1241 2084 Et
1258 2057 1296 2092 μὴ
1311 2058 1328 2093 ἡ
1342 2056 1577 2093 ταπεινοφροσύνῃ
1602 2056 1651 2082 καὶ
1666 2055 1773 2090 ἀγάπη,
1788 2055 1805 2090 ἡ
1822 2054 1907 2081 ἁπλό-

1117 2110 1167 2136 της
1187 2110 1217 2128 τε
1231 2102 1278 2129 καὶ
1294 2101 1432 2137 ἀγαθόν-της
1449 2101 1655 2128 κατακολλῶσιν
1672 2101 1740 2136 ἡμῖν
1754 2100 1804 2135 τὴν
1814 2098 1907 2134 εὐχὴν,

1117 2149 1135 2183 ἡ
1153 2148 1220 2184 εὐχὴ
1244 2148 1325 2184 αὕτη,
1355 2148 1457 2184 μᾶλλον
1479 2148 1508 2174 δὲ
1531 2147 1561 2174 τδ
1578 2147 1727 2182 πρόσχημα
1738 2146 1790 2181 τῆς
1813 2145 1908 2180 εὐχῆς,

1116 2194 1219 2230 ἥκιστά
1233 2203 1265 2228 γε
1281 2195 1356 2230 ἡμᾶς
1374 2194 1491 2229 ὠφελεῖν
1508 2193 1631 2220 δύναται.
1653 2192 1708 2218 Καὶ
1726 2191 1777 2217 οὐκ
1794 2189 1841 2218 ἐπὶ
1855 2190 1905 2224 τῆς

1117 2239 1200 2276 εὐχῆς
1214 2239 1295 2266 τοῦτο
1311 2239 1396 2275 μόνης
1412 2239 1514 2274 φαμὲν,
1530 2238 1598 2266 ἁλλά
1620 2238 1667 2265 καὶ
1680 2237 1729 2264 ἐπὶ
1744 2236 1846 2268 παντὸς
1856 2244 1907 2262 κα-

1119 2284 1204 2320 μάτου
1214 2285 1262 2311 καὶ
1273 2285 1366 2317 πόνου,
1377 2284 1552 2320 παρθενείας,
1566 2283 1584 2319 ἢ
1593 2282 1721 2318 νηστείας
1729 2282 1746 2317 ἢ
1755 2281 1909 2317 ἀγρυπνίας

268 2328 384 2365 jejunio,
397 2328 509 2364 vigiliis,
517 2329 678 2364 psalmodia,
691 2330 855 2363 ministerio,
865 2330 1059 2366 similibusque

1115 2330 1315 2366 ἣψαλμῳδίας,
1332 2330 1349 2366 ἢ
1365 2330 1513 2362 διακονίας,
1530 2329 1547 2365 ἢ
1564 2327 1761 2364 οἱασδηποτοῦν
1777 2327 1909 2362 ἐργασίας

271 2374 368 2401 oﬂiciis
396 2374 584 2409 speciosarum
600 2375 844 2410 plausibiliumque
866 2376 1011 2404 virtutum.
1030 2376 1060 2403 ln

270 2428 387 2456 quarum
407 2421 541 2449 exercitio
572 2421 625 2448 nisi
652 2421 759 2449 fructus
787 2422 947 2455 charitatis,
972 2422 1060 2457 pacis,

270 2466 374 2502 gaudii,
390 2468 626 2499 mansuetudinis,
640 2468 817 2502 humilitatis,
831 2470 898 2504 quin
922 2470 1005 2497 etiam
1033 2473 1062 2497 et

271 2511 456 2546 simplicitatis
476 2513 699 2548 sinceritatisque
731 2522 763 2541 ac
788 2514 852 2542 ﬁdei
876 2520 907 2542 ιιι
937 2520 1058 2550 oportet,

270 2557 488 2592 longanimitatis
505 2566 616 2593 quoque
637 2567 669 2586 ac
693 2559 893 2588 benevolentia:
914 2561 942 2588 in
967 2562 1062 2589 nobis—

271 2603 397 2638 metipsis
411 2604 580 2638 experiendo
596 2604 755 2636 videamus,
769 2605 905 2633 inutiliter
919 2606 1064 2633 laborave-

271 2649 368 2676 rimus.
392 2649 514 2676 Labores
546 2649 683 2684 siquidem
717 2649 785 2677 istos
813 2659 862 2685 spe
886 2651 1065 2686 assequendze

271 2693 412 2722 fructuum
427 2694 558 2722 utilitatis
572 2695 749 2729 suscipimus.
769 2695 798 2722 Si
813 2703 879 2731 ergo
891 2701 954 2731 post-
971 2704 1019 2724 eos
1037 2697 1070 2724 in.

273 2739 353 2767 nobis
371 2747 428 2767 non
445 2740 620 2774 reperiantur
631 2739 738 2768 fructus
755 2741 915 2775 charitatis,
935 2750 1065 2778 superva-

274 2794 358 2814 canea
373 2785 497 2821 profecto
523 2785 570 2813 illa
594 2785 685 2814 omnis
704 2794 788 2822 opera
815 2787 907 2816 fuerit.
932 2789 972 2817 Ac
996 2789 1064 2817 mihi

311 2877 354 2905 "l
372 2876 468 2906 Thess.
487 2885 514 2912 v,
538 2878 581 2905 17.
621 2878 642 2896 ⁵³
652 2878 721 2907 Luc.
737 2887 813 2914 xviii,
827 2879 851 2906 l.

1112 2375 1213 2411 ἀρετῆς
1233 2376 1327 2403 ἕνεκεν
1347 2375 1572 2410 ἐπιτελουμένης.
1594 2374 1626 2400 Et
1647 2373 1686 2408 μὴ
1704 2373 1768 2404 τοὺς
1785 2372 1909 2407 καρποὺς

1111 2422 1160 2456 τῆς
1174 2421 1295 2456 ἀγάπης,
1307 2421 1420 2457 εἰρήνης
1435 2429 1464 2447 τε
1485 2420 1532 2447 καὶ
1556 2419 1654 2455 χαρᾶς,
1676 2417 1724 2444 καὶ
1741 2417 1906 2453 πραότητος,

1107 2467 1358 2502 ταπεινοφροσύνης
1376 2476 1416 2500 τε,
1429 2467 1512 2502 φημὶ,
1527 2466 1575 2492 καὶ
1595 2464 1759 2499 ἁπλότητος,
1777 2463 1826 2489 καὶ
1843 2463 1909 2497 ἀφε-

1110 2513 1185 2546 λείας
1193 2513 1240 2540 κα¹ι
1246 2513 1363 2544 πίστεως
1370 2513 1407 2545 ὡς
1416 2513 1485 2545 δέον,
1496 2511 1685 2547 μακροθυμίας
1693 2518 1722 2536 τε
1730 2510 1776 2536 καὶ
1785 2509 1908 2543 φιλοφρο-

1115 2559 1209 2593 σύνης,
1226 2560 1255 2585 ὲν
1270 2559 1376 2590 ἑαυτοῖς
1392 2559 1458 2594 itng
1475 2559 1596 2593 ἔχοιμεν,
1611 2557 1655 2583 ἐπ’
1674 2556 1763 2582 οὐδενὶ
1779 2554 1909 2590 χρησίμῳ

1116 2604 1150 2631 τὰ
1161 2604 1216 2632 τῶν
1231 2605 1320 2632 πόνων
1335 2605 1502 2640 ὑπέστημεν.
1522 2604 1592 2636 Τοὺς
1609 2603 1664 2639 γὰρ
1683 2603 1781 2633 πόνους
1798 2601 1843 2627 διὰ
1859 2602 1909 2636 τὴν

1116 2653 1172 2679 τῶν
1206 2653 1320 2688 καρπῶν
1346 2652 1481 2687 ὠφέλειαν
1504 2650 1652 2686 ὑπομένειν
1678 2647 1886 2684 καταδεχόμεθα
1901 2654 1908 2661 ’

1116 2699 1171 2726 τῶν
1187 2699 1215 2726 δὲ
1232 2699 1346 2734 καρπῶν
1357 2699 1408 2734 τῆς
1421 2698 1532 2732 ἀγάπης
1550 2697 1579 2723 ὲν
1600 2697 1666 2731 ἡμῖν
1685 2699 1722 2730 μὴ
1745 2692 1907 2729 εὑρισκομέ-

1117 2753 1180 2776 νων,
1205 2745 1319 2780 περιττὴ
1347 2744 1456 2775 πάντως
1475 2743 1492 2778 ἡ
1523 2741 1649 2778 ἐργασία.
1675 2740 1756 2768 Ὥστε
1780 2738 1856 2764 οὐδὲν
1883 2737 1908 2764 ot

1116 2789 1232 2818 τοιοῦτοι
1249 2791 1304 2817 τῶν
1330 2790 1411 2818 πέντε
1442 2787 1542 2825 μωρῶν
1563 2786 1733 2822 διενηνόχασι
1750 2783 1908 2820 παρθένων,

891 2881 910 2896 δ”
925 2879 1019 2908 Matth.
1041 2888 1111 2914 \.\\‘l,
1129 2880 1167 2908 il.
