2075 3155
178 142 229 173 857

794 139 912 169 LIBER
999 139 1208 170 ORATIONE.

1762 144 1815 176 858

177 198 279 227 αἵτινες
294 194 339 221 διὰ
354 194 385 220 τὸ
403 193 440 228 μὴ
455 192 580 220 ἐντεῦθεν
601 192 673 228 ἔχειν
685 192 714 218 ὲν
732 192 791 223 ταῖς
806 192 931 228 καρδίαις
942 191 964 218 τί

1025 193 1158 220 videmur
1174 193 1304 220 homines
1327 193 1463 228 ejusmodi
1486 201 1501 221 a
1524 194 1647 230 quinque
1676 197 1757 225 fatuis
1786 201 1813 226 in

178 240 365 276 πνευματικὸν
399 239 499 268 ἔλαιον.
535 238 602 273 ὅπερ
630 237 683 264 τῶν
719 237 871 274 εἰρημένων
895 238 968 264 ἐστὶν

177 286 284 323 ἀρετῶν
306 285 382 321 ἡδιά
402 284 449 311 τοῦ
475 284 634 319 Πνεύματος
657 283 792 318 ἐνέργεια,
820 283 912 318 μωραί
938 292 968 309 τε

176 331 388 368 ὠνομάσθησαν,
405 330 452 356 καὶ
468 329 514 356 τοῦ
529 328 670 364 βασιλικοῦ
688 328 833 363 νυμφῶνος
845 328 968 359 ἐλεεινῶς

176 376 416 410 ἀπεκλείσθησαν,
443 374 524 409 μηδὲν
548 373 595 400 τοῦ
620 372 769 408 παρθενίας
797 372 968 406 ἀπονάμεναι

177 423 312 459 καμάτου.
328 421 435 456 Ὥσπερ
451 420 506 454 γὰρ
526 420 554 446 ὲν
576 420 608 455 τῇ
621 419 670 454 τῆς
694 417 818 454 ἀμπέλου
833 417 966 452 γεωργίᾳ,

177 472 252 497 πᾶσα
284 468 428 504 ἐπιμέλεια
452 468 499 494 καὶ
524 467 605 498 πόνος
628 465 672 492 διὰ
694 465 744 500 τὴν
771 464 826 491 τῶν
851 463 967 498 καρπῶν

176 517 272 544 ἐλπίδα
286 513 557 550 προκαταῦάλλεται·
587 512 703 548 καρπῶν
720 512 749 538 δὲ
780 511 818 546 μὴ
838 518 966 545 γεωργη-

177 564 288 595 θέντων,
307 561 398 589 εἰκαία
414 561 550 595 πάντωνή
566 558 682 595 ὲργασία
694 558 829 584 δείκνυται
845 565 852 572 ·
868 556 965 589 οὕτως,

177 610 201 636 εί
217 609 253 644 μὴ
270 608 315 634 διὰ
340 607 389 641 τῆς
416 606 557 641 ἐνεργείας
582 603 629 630 τοῦ
658 602 818 638 Πνεύματος
842 601 966 644 καρπους

177 656 298 689 ἀγάπης,
313 653 361 680 καὶ
376 653 487 688 εἰρήνης
505 651 553 678 καὶ
568 650 655 685 χαρᾶς
670 649 718 676 καὶ
731 649 785 675 τῶν
802 647 915 680 λοιπῶν,
929 643 966 673 ὧν

176 702 190 726 ὁ
211 698 373 729 Ἀπόστολος
396 696 600 732 ἀπηρίθμησεν,
614 696 643 721 ὲν
663 695 771 726 ἑαυτοῖς
788 693 899 728 ἴδοιμεν,
918 692 966 719 καὶ

175 745 254 771 τοῦτο
281 743 351 770 κατὰ
369 741 556 778 πληροφορίαν
584 742 674 766 πᾶσαν
697 740 744 766 καὶ
773 737 964 773 πνευματικὴν

176 791 304 825 αἴσθησιν
320 788 487 824 διομολογεῖν
502 787 622 822 ἔχοιμεν,
636 785 785 822 περιττὺςὸ
799 785 850 820 τῆς
861 783 965 818 παρθε-

175 837 247 869 νίας,
260 836 342 870 εὐχῆς
356 843 385 861 τε
401 834 449 861 καὶ
472 833 642 869 ψαλμῳδίας,
667 832 793 867 νηστείας
816 831 864 858 καὶ
877 831 963 864 ἀγρυ-

175 882 256 913 πνίας
273 881 396 916 κάματος
413 879 616 906 ἀποδείκνυται.
628 879 659 904 Οῑ
673 878 722 913 μὲν
736 877 790 912 γὰρ
805 877 881 903 πόνοι
892 873 964 902 οὗτοι

175 929 224 955 καὶ
235 927 354 962 κάματον.
367 925 415 960 τῆς
436 925 524 960 ψυχῆς
550 925 598 951 καὶ
611 915 665 950 τοῡ¹
675 923 801 958 σώματος
814 921 858 948 ἐπ’
876 921 964 948 ἑλπίδι

175 974 370 1010 πνευματικῶν
387 973 513 1009 καρπῶν,
529 972 623 1007 ὥσπερ
645 972 764 1007 ἔφημεν,
780 969 964 997 ἐπιτελεῖσθαι

175 1022 331 1057 ὀφείλουσιν
343 1029 349 1036 ”
373 1021 390 1055 ὴ
406 1020 428 1047 δ’
444 1021 473 1046 ὲν
492 1021 552 1051 ταῖς
570 1020 681 1054 ἀρεταῖς
700 1017 885 1053 καρποφορία,
898 1016 966 1043 ἀπό-

174 1068 269 1099 λαυσίς
294 1068 353 1094 ἐστι
380 1065 554 1101 πνευματικὴ
580 1065 639 1100 μεθ’
665 1065 760 1099 ἡδονῆς
782 1064 921 1098 ἀφθάρτου
937 1063 965 1089 ὲν

175 1114 300 1149 καρδίαις
324 1114 434 1144 πισταῖς
449 1121 479 1138 τε
500 1112 548 1139 καὶ
569 1111 722 1142 ταπειναῖς,
747 1110 799 1136 ὑπὸ
813 1109 860 1136 τοῦ
877 1108 964 1136 Πνεύ-

176 1169 260 1196 ματος
274 1159 439 1195 ἀπορῤήτως
453 1157 638 1194 ἐνεργουμένη
652 1165 659 1171 ·
673 1156 743 1183 ὥστε
758 1156 782 1182 οἱ
794 1156 868 1183 πόνοι
881 1157 929 1182 καὶ
939 1155 963 1181 οί

175 1206 303 1241 κάματοι,
320 1204 412 1236 καθώς
430 1205 483 1230 εισι
498 1203 584 1236 πόνοι,
600 1203 683 1238 φημὶ,
698 1203 746 1229 καὶ
761 1203 879 1237 κάματοι
892 1201 965 1235 λογι-

175 1251 325 1285 ζέσθωσαν,
355 1251 403 1277 καὶ
431 1250 456 1276 οἱ
482 1250 595 1285 καρποὶ,
615 1248 727 1284 καρποί.
745 1248 777 1275 Εί
803 1247 831 1274 δέ
853 1255 894 1278 τις
920 1247 964 1273 διὰ

175 1297 302 1332 γνώσεως
319 1296 422 1328 ἐνδείας
438 1296 487 1332 τὴν
500 1295 630 1331 ἐργασίαν
647 1293 729 1321 αὐτοῦ
747 1295 794 1320 καὶ
808 1293 854 1320 τὸν
870 1292 963 1328 κάμα-

174 1351 220 1370 τον
235 1343 359 1379 καρποὺς
367 1342 413 1369 τοῦ
427 1342 585 1377 Πνεύματος
596 1339 666 1367 εἶναι
678 1339 797 1375 νομίσει,
811 1338 849 1374 μὴ
858 1337 963 1372 ἀγνοῶν

175 1389 301 1424 φαίνεται
327 1388 503 1424 ψυχαγωγεῖν
529 1387 625 1414 ἑαυτὸν
641 1384 901 1421 παρακρουόμενος,ί
917 1383 964 1410 καὶ

177 1435 303 1471 μεγάλων
316 1435 400 1466 ὅντως
415 1433 530 1469 καρπῶν
540 1433 586 1460 τοῦ
599 1431 822 1466 Πνεύματος,διὰ
836 1430 867 1457 τὸ
877 1429 964 1461 οὕτως

175 1480 219 1516 ἔχε
224 1489 258 1513 ιν,
273 1479 444 1514 ἀποστερῶν.

1024 239 1102 265 nullo
1118 238 1230 265 differre
1245 238 1410 273 virginibus,
1429 247 1490 274 qua:
1510 240 1625 274 idcirco,
1641 243 1714 277 quod
1733 243 1815 271 domo

1022 283 1135 310 allatum
1155 284 1182 311 in
1200 284 1258 311 suis
1275 284 1408 311 cordibus
1425 292 1480 311 non
1498 285 1657 313 habuerunt
1671 288 1816 322 spitituale

1022 329 1125 362 oleum,
1146 329 1219 364 quod
1250 333 1292 356 est
1314 329 1396 356 modo
1420 334 1648 364 memoratarum,
1679 340 1740 367 quae
1768 342 1816 369 per

1024 374 1158 410 Spiritum
1180 380 1345 408 exercetur,
1365 376 1491 410 operatio
1507 377 1652 410 virtutum,
1675 384 1702 406 et
1728 380 1817 408 fatua-

1023 429 1083 448 rum
1107 421 1331 449 nomenclatione
1349 421 1482 448 traductte
1507 428 1582 455 sunt,
1603 428 1630 451 et
1643 425 1816 460 regiotliala-

1021 474 1066 494 mo
1097 467 1295 494 miserabiliter
1319 467 1448 499 exclusm,
1483 468 1588 495 nullum
1613 475 1700 498 nacta:
1725 480 1816 506 operae

1021 513 1140 547 pretium
1171 512 1318 540 custodita:
1356 512 1495 540 laboriose
1527 513 1703 548 virginitatis.
1737 517 1816 544 Sicut

1021 558 1095 584 enim
1117 557 1144 584 in
1166 558 1235 585 viea:
1261 559 1370 585 cultura
1387 558 1478 585 omnis
1505 558 1646 594 diligentia
1672 566 1699 588 et
1725 562 1814 595 labor,

1021 602 1160 629 fructuum
1189 604 1271 631 unice
1302 608 1474 638 speratorum
1511 612 1593 631 causa
1628 606 1813 641 impenditur;

1021 648 1094 675 unde
1114 647 1148 675 iis
1171 656 1226 676 non
1244 649 1488 684 provenienttbus,
1514 649 1668 677 frustranea
1689 656 1744 678 tota
1762 653 1814 680 ista

1019 695 1103 722 fuisse
1120 696 1262 723 contentio
1278 700 1465 730 monstratur;
1489 696 1526 723 ita
1549 697 1602 724 nisi
1626 705 1675 732 per
1695 706 1814 733 operan-

1020 744 1075 768 tem
1104 741 1131 768 in
1152 741 1234 768 nobis
1249 741 1382 776 Spiritum
1413 742 1520 770 fructus
1546 743 1700 777 cltaritatis,
1723 746 1810 780 pacis,

1019 788 1124 823 gaudii,
1147 793 1176 816 et
1193 789 1254 816 illos
1272 789 1394 824 reliquos
1420 795 1601 818 enumeratos
1623 791 1657 818 ab
1683 792 1813 827 Apostolo

1019 833 1046 861 in
1066 835 1147 862 nobis
1168 835 1236 870 ipsis
1248 835 1394 863 videamus
1407 836 1450 869 Ε⁵;
1480 840 1509 864 et
1534 837 1589 864 hoc
1614 838 1688 864 omni
1705 839 1814 873 experi—

1018 881 1132 908 mentali
1158 881 1320 914 evidentia,
1347 889 1502 917 sensusque
1526 883 1701 910 convictione
1733 885 1814 919 spiri-

1018 926 1102 954 tualis
1131 927 1211 961 plane
1229 935 1392 962 persuasum
1410 927 1489 954 fateri
1516 935 1547 955 ac
1571 928 1696 962 profiteri
1721 930 1813 956 valca—

1019 980 1092 1003 mus,
1109 972 1206 1000 irritus
1224 977 1252 1000 et
1271 973 1391 1000 utilitate
1411 980 1506 1000 cassus
1520 974 1610 1000 omnis
1631 973 1811 1009 virginitatis,

1018 1019 1153 1046 orationis
1167 1019 1377 1053 etpsaltnodim.
1397 1019 1494 1054 jejunii
1521 1023 1549 1046 et
1583 1019 1738 1053 vigiliarum
1766 1021 1814 1048 ηιρ-

1018 1064 1201 1099 prehenditur
1216 1064 1305 1091 labor.
1334 1064 1376 1091 Illi
1404 1065 1478 1092 enim
1504 1065 1603 1092 animae
1632 1069 1660 1092 et
1688 1067 1812 1101 corporis

1017 1110 1126 1137 labores
1141 1118 1190 1145 spe
1212 1110 1400 1145 spiritualium
1415 1111 1557 1138 fructuum
1575 1111 1671 1146 perfici
1695 1112 1810 1145 debent,

1018 1156 1057 1184 uti
1078 1156 1207 1184 diximus.
1233 1157 1262 1184 In
1277 1157 1430 1184 virtutibus
1452 1161 1544 1184 autem
1561 1166 1622 1192 quae
1635 1158 1738 1185 dicitur
1753 1158 1810 1185 fru-

1018 1202 1160 1233 ctiﬁcatio,
1176 1201 1271 1229 fruitio
1286 1207 1329 1230 est
1343 1203 1496 1237 spiritualis
1515 1211 1578 1230 cum
1603 1203 1744 1238 voluptate
1769 1204 1812 1231 in-

1017 1247 1201 1282 corruptibili,
1219 1247 1247 1274 in
1266 1248 1397 1275 cordibus
1413 1248 1466 1275 fide
1492 1256 1524 1276 ac
1552 1248 1708 1275 humilitate
1734 1257 1805 1283 prae-

1018 1293 1083 1320 ditis
1107 1301 1122 1320 a
1145 1293 1250 1328 Spiritu
1266 1293 1335 1320 clam
1351 1293 1529 1320 ineﬂ‘abiliter
1552 1293 1662 1321 effecta.
1690 1293 1811 1321 Seorsim

1018 1338 1111 1372 itaque
1126 1342 1292 1372 reputentur
1305 1343 1333 1375 et
1354 1338 1462 1365 labores
1485 1342 1514 1365 et
1536 1338 1654 1369 fruetus,
1673 1343 1756 1373 prout
1784 1339 1811 1366 in

1018 1389 1047 1409 se
1065 1381 1174 1408 divisim
1186 1387 1261 1409 sunt.
1276 1382 1303 1409 Si
1313 1383 1376 1417 quis
1389 1390 1454 1410 vero
1470 1391 1518 1418 per
1553 1383 1720 1418 cognitionis
1734 1383 1812 1411 defe-

1023 1432 1111 1461 ctum,
1134 1428 1273 1469 propriam
1287 1430 1477 1463 operationem
1499 1433 1528 1457 et
1550 1430 1684 1462 laborem,
1706 1430 1813 1458 fructus

1020 1474 1143 1509 Spiritus
1169 1480 1231 1501 esse
1251 1474 1412 1506 crediderit,
1430 1475 1452 1501 is
1473 1482 1522 1509 per
1535 1475 1718 1510 ignorantiam
1732 1475 1812 1502 vidc-

176 1534 221 1554 tur
246 1534 275 1554 se
300 1526 389 1561 ipsum
406 1525 508 1552 lactare
525 1529 553 1551 et
577 1524 658 1558 176
684 1523 822 1558 decipere,
857 1530 900 1555 ac,
915 1521 981 1549 dum
1003 1520 1041 1548 ita
1061 1527 1090 1547 sc
1105 1519 1262 1547 adulatione
1280 1520 1362 1547 noxia
1381 1520 1474 1553 habet,
1498 1528 1564 1548 vere
1581 1521 1686 1556 magnis
1712 1526 1813 1549 semet-

176 1574 266 1610 ipsum
283 1573 403 1608 Spiritus
415 1571 553 1599 fructibus
569 1570 689 1605 privare.

212 1619 257 1654 q‘.
277 1619 382 1654 Ὠσπερ
401 1618 415 1644 ὁ
435 1619 468 1652 τῇ
496 1617 619 1652 ἁμαρτίᾳ
645 1616 705 1642 ὅλον
730 1615 826 1642 ἑαυτὸν
855 1614 963 1641 ἔκδοτον

177 1665 397 1701 παρασχόμενος,
426 1664 460 1690 τὰ
482 1662 558 1698 παρὰ
574 1661 655 1696 φύσιν
677 1661 751 1696 πάθη
764 1661 813 1696 τῆς
839 1660 961 1696 ἀτιμίας,

176 1712 317 1738 τουτέστιν
338 1709 493 1743 ἀσέλγειαν,
519 1707 656 1742 πορνείαν,
677 1706 847 1739 πλεονεξίαν,
874 1707 961 1740 μῖσος,

176 1759 223 1784 καὶ
238 1756 324 1788 δόλον,
346 1754 442 1782 καὶτὰ
455 1753 537 1780 λοιπὰ
565 1753 613 1787 τῆς
635 1752 734 1783 κακίας
758 1751 964 1786 ἐπιτηδεύματα

178 1806 207 1831 ὲν
225 1802 374 1831 ἀπολαύσει
389 1801 436 1828 καὶ
446 1801 526 1835 ἠδονῇ
541 1799 577 1830 ὡς
596 1798 699 1832 φυσικὰ
724 1797 957 1832 καταπράττεται·

175 1836 330 1880 οὖτῶςὸὲν
354 1846 469 1882 ἀληθείᾳ
493 1846 539 1872 καὶ
565 1845 714 1878 τελειότητι
737 1843 899 1879 Χριστιανὸς
913 1841 963 1874 ὢν,

175 1897 224 1928 τὰς
240 1896 340 1932 ἀρετὰς
353 1894 455 1925 πάσας,
470 1892 590 1923 καὶτοὺς
602 1891 725 1926 καρποὺς
741 1889 788 1916 τοῦ
804 1888 964 1923 Πνεύματος

176 1941 299 1972 ἃπαντας
315 1940 379 1970 τοὺς
394 1939 463 1973 ὑπὲρ
480 1937 528 1973 τὴν
545 1936 636 1971 φύσιν,
653 1936 704 1970 τὴν
718 1934 828 1969 ἀγάπην
843 1933 963 1969 δηλονότι

176 1989 222 2014 καὶ
236 1987 286 2020 τὴν
299 1987 420 2021 εἰρήνην,
438 1984 486 2020 τὴν
503 1982 653 2018 ὑπομονὴν,
667 1982 717 2017 τὴν
738 1981 841 2013 πίστιν,
857 1980 904 2007 καὶ
915 1979 964 2015 τὴν

175 2033 350 2064 ταπείνωσιν,
365 2031 412 2058 καὶ
422 2031 475 2057 πᾶν
488 2029 520 2056 τὸ
527 2028 645 2065 χρυσοῦν
657 2027 741 2059 ὅντως
753 2027 830 2062 γένος
840 2027 888 2061 τῆς
898 2026 964 2061 ἀρε-

176 2080 236 2114 τῆς,
246 2080 274 2105 ὲν
284 2077 433 2104 ἀπολαύσει
449 2075 532 2111 πολλῇ
546 2075 592 2101 καὶ
607 2074 685 2109 ἡδονῇ
699 2073 884 2108 πνευματικῇ,
895 2071 965 2098 ἀπο-

176 2125 236 2158 νητὶ
251 2122 343 2149 λοιπὸν
360 2121 407 2148 καὶ
420 2121 517 2156 ῥᾳδίως
530 2120 568 2151 ὡς
589 2119 692 2154 φυσικὰ
708 2117 829 2153 μέτεισιν
842 2124 849 2131 ο
862 2116 912 2143 οὐκ
924 2115 964 2141 ἔτι

176 2169 244 2203 πρὸς
255 2168 288 2194 τὰ
301 2167 375 2201 πάθη
389 2167 439 2201 τῆς
453 2166 552 2196 κακίας
566 2165 778 2200 διαμαχόμενοςο
790 2164 838 2191 ἆτε
854 2163 965 2194 τελείως

176 2214 230 2241 ἀπὸ
259 2213 362 2249 Κυρίου
389 2211 605 2247 λελυτρωμένος,
635 2211 682 2237 καὶ
705 2210 759 2238 ἀπὸ
785 2210 833 2237 τοῦ
862 2209 964 2245 ἀγαθοῦ

177 2260 333 2295 Πνεὺματος
363 2259 413 2294 τὴν
441 2257 535 2292 ἐντελῆ
563 2257 610 2284 τοῦ
638 2257 757 2292 Χριστοῦ
782 2257 892 2292 εἰρήνην
918 2256 965 2283 καὶ

177 2305 338 2339 ἁγαλλίασιν
356 2305 385 2331 ὲν
407 2305 441 2339 τῇ
456 2303 554 2338 καρδίᾳ
571 2302 728 2337 δεξάμενος.
748 2300 832 2334 Οὗτός
851 2303 925 2329 ἐστιν
951 2303 965 2329 ὁ

1054 1612 1099 1640 Vl.
1120 1612 1157 1640 Ut
1181 1612 1228 1647 qui
1253 1617 1367 1647 peccato
1397 1616 1486 1640 totum
1512 1621 1540 1641 se
1568 1613 1658 1648 ipsum
1688 1614 1811 1643 deditum

1018 1659 1151 1691 exhibet,
1185 1663 1314 1686 naturam
1341 1659 1544 1687 inhonorantes
1566 1660 1724 1695 ignominiaa
1751 1670 1813 1696 pas-

977 1696 998 1725 C
1015 1705 1119 1738 siones,
1133 1705 1187 1733 hoc
1205 1710 1248 1733 est
1274 1705 1488 1741 impudicitiam,
1505 1706 1729 1741 fornicationem,
1747 1716 1813 1736 ava-

1015 1751 1118 1782 ritiam,
1146 1751 1252 1784 odium,
1279 1751 1385 1782 dolum,
1402 1756 1430 1778 et
1451 1752 1557 1786 reliqua
1585 1754 1696 1781 malitiae
1720 1754 1813 1782 studia

1015 1804 1078 1824 eum
1105 1796 1238 1825 fruitione
1275 1804 1308 1824 ac
1343 1797 1486 1832 Voluptate
1517 1801 1648 1832 tanquam
1674 1801 1811 1828 naturalia

1015 1848 1142 1876 exercet;
1161 1843 1202 1870 sic
1224 1842 1272 1878 qui
1294 1850 1360 1870 vere
1381 1850 1414 1870 ac
1432 1843 1555 1877 perfecte
1570 1844 1747 1872 Christianus
1758 1850 1811 1878 est,

1014 1890 1133 1916 virtutes
1148 1896 1244 1917 omnes
1258 1893 1286 1917 et
1306 1889 1415 1917 fructus
1430 1889 1562 1924 Spiritus,
1575 1890 1622 1925 qui
1651 1899 1734 1926 supra
1762 1900 1812 1918 na-

1016 1938 1106 1961 turam
1126 1938 1201 1966 sunt,
1215 1933 1363 1967 videlicet,
1380 1933 1555 1967 cllaritatem,
1578 1942 1684 1969 pacem,
1701 1935 1809 1969 patien-

1016 1979 1093 2012 tiam,
1109 1979 1203 2012 ﬁdem,
1221 1979 1418 2012 humilitatem,
1438 1983 1467 2006 et
1489 1987 1570 2007 omne
1586 1987 1673 2015 genus
1681 1989 1748 2008 vere
1764 1989 1813 2009 au-

1015 2034 1095 2053 reum
1107 2026 1230 2057 virtutis,
1242 2025 1417 2061 jucunditate
1441 2026 1527 2053 multa
1549 2031 1577 2053 et
1592 2027 1734 2062 voluptate
1754 2028 1812 2062 spi-

1016 2072 1120 2104 rituali,
1136 2072 1170 2099 de
1185 2076 1285 2099 caetero
1300 2072 1361 2099 sine
1373 2072 1468 2099 labore
1481 2080 1513 2100 ac
1527 2073 1618 2106 facile,
1633 2078 1663 2101 ut
1675 2074 1813 2102 naturalia

1015 2119 1194 2154 exsequitur;
1219 2126 1274 2145 non
1305 2118 1361 2154 jam
1391 2123 1488 2146 contra
1515 2119 1658 2153 passiones
1682 2121 1814 2155 nequitia:

1017 2164 1192 2199 depugnans;
1209 2168 1307 2199 utpote
1319 2163 1367 2198 qui
1377 2163 1500 2198 perfecte
1511 2172 1525 2191 a
1537 2164 1654 2192 Domitio
1665 2164 1812 2199 liberatus,

1015 2214 1044 2238 et
1066 2219 1081 2237 a
1104 2210 1177 2238 bono
1201 2210 1307 2245 Spiritu
1332 2211 1441 2245 plenam
1474 2210 1685 2246 absolutamque
1709 2212 1813 2240 Christi

1015 2264 1111 2291 pacem
1126 2261 1155 2284 et
1171 2256 1384 2284 exsultationem
1405 2256 1433 2283 in
1445 2257 1530 2284 corde
1549 2257 1667 2292 adeptus
1679 2258 1725 2285 sit.
1739 2259 1812 2286 Talis

1016 2306 1058 2330 est
1081 2303 1178 2329 intime
1191 2306 1275 2337 atque
1302 2301 1446 2329 individue
1464 2303 1581 2330 Domino
1605 2303 1760 2336 adhaerens,
1785 2309 1814 2332 et

176 2350 317 2385 κολληθεὶς
331 2349 371 2386 τῷ
386 2349 492 2384 Κυρίῳ,
510 2349 557 2374 καὶ
574 2349 719 2383 γενόμενος
734 2349 774 2380 εἰς
797 2348 826 2374 ἓν
843 2348 963 2383 πνεῦμα.

1017 2348 1046 2375 in
1064 2356 1148 2375 unum
1166 2356 1229 2375 cum
1243 2356 1277 2375 eo
1299 2348 1417 2375 coalitus
1430 2349 1571 2383 spiritum.

212 2397 250 2422 Z'.
266 2395 336 2427 Τοὺς
352 2396 437 2431 μήπω
452 2394 619 2430 δυναμένους
642 2394 735 2429 ἄκρως
747 2393 786 2429 τῷ
808 2394 857 2429 τῆς
874 2394 964 2430 ψυχῆς

177 2441 259 2476 ἔρωτι
281 2440 325 2466 διὰ
349 2440 500 2474 νηπιότητα
520 2440 633 2471 ἑαυτοὺς
653 2441 810 2475 ἐπιτρέπειν
823 2448 830 2455 ·
853 2440 965 2471 τούτους

175 2486 225 2521 τὴν
245 2486 397 2521 ὑπηρεσίαν
426 2485 481 2512 τῶν
511 2484 633 2520 ἀδελφῶν
660 2485 718 2519 μετ’
754 2484 895 2516 εὐλαϐείας
918 2485 966 2511 καὶ

177 2533 306 2565 πίστεως,
326 2532 409 2567 φόὸου
437 2540 469 2558 τε
495 2531 578 2564 θείου,
603 2531 802 2564 καταδέξασθαι
828 2531 892 2566 χρὴ,
928 2531 965 2562 ὡς

177 2579 243 2606 Θεοῦ
260 2579 366 2613 ἐντολῇ,
382 2578 429 2604 καὶ
452 2577 490 2610 ὼς
507 2577 688 2613 πνευματικῷ
708 2577 862 2612 πράγματι.
875 2577 966 2604 διακο-

177 2625 340 2660 νουμένους’
364 2624 421 2651 ἀλλ’
435 2624 485 2659 οὐχ
509 2623 547 2655 ὡς
567 2623 632 2657 παρ’
646 2622 798 2658 ἀνθρώπων
823 2623 930 2658 μισθὸν,
947 2623 964 2659 ἢ

177 2669 269 2705 τιμὴν,
288 2670 334 2696 καὶ
346 2669 524 2704 εὐχαριστίαν
538 2668 779 2704 προσδοκωμένους
790 2676 796 2682 ·
817 2669 883 2704 μηὶὲ
905 2669 964 2695 δόν-

176 2724 226 2746 ¹τας
250 2716 343 2750 χώραν
367 2715 436 2747 ὅλως
465 2713 626 2749 γογγυσμῷ.
660 2713 676 2748 ἦ
703 2713 921 2750 ὑψηλοφροσύνῐιι
947 2714 963 2748 ἦ

177 2762 292 2797 ἀμελείᾳ
311 2762 359 2788 καὶ
383 2761 550 2796 χαυνότητι·
576 2760 614 2791 ὡς
644 2759 681 2796 μὴ
707 2760 738 2786 τὸ
762 2760 865 2794 ἀγαθὸν
886 2761 965 2787 τοῦτο

179 2805 258 2840 ἔργον
285 2805 446 2832 σπιλοῦσθαι
469 2805 516 2832 καὶ
539 2803 787 2840 παραφθείρεσοαι,
809 2803 854 2831 διὰ
874 2804 902 2831 δὲ
915 2805 964 2840 τῆς

216 2863 239 2878 ⁸⁵
252 2862 313 2891 Gal.
332 2871 360 2896 v,
375 2863 421 2890 22.

1051 2394 1108 2422 VII.
1130 2394 1197 2425 Illis,
1213 2394 1260 2429 qui
1276 2394 1400 2421 nondum
1412 2394 1507 2421 valent
1520 2394 1555 2421 ob
1573 2394 1724 2421 ruditatem
1737 2395 1813 2422 velut

1017 2439 1164 2474 quamdam
1177 2438 1312 2472 infantiae,
1325 2446 1354 2466 sc
1369 2443 1442 2467 totos
1461 2439 1591 2466 addicere
1604 2440 1691 2467 amori
1704 2448 1813 2468 summo

1016 2484 1115 2512 animm
1134 2485 1197 2512 nisu
1211 2485 1378 2518 exercendo,
1392 2486 1533 2517 convenit,
1549 2493 1578 2513 se
1601 2486 1675 2520 ipsos
1702 2487 1810 2522 impen-

1017 2532 1084 2558 dere
1100 2531 1257 2558 ministerio
1280 2531 1410 2564 fratrum,
1425 2531 1523 2559 sedulo
1539 2531 1606 2559 illud
1624 2541 1656 2560 ac
1673 2541 1735 2560 cum
1759 2533 1813 2560 tidc

1020 2577 1173 2612 timoreque
1189 2577 1284 2604 divino
1298 2577 1506 2611 amplectendo,
1525 2581 1653 2612 tanquam
1675 2579 1722 2605 Dei
1739 2587 1814 2605 man-

1019 2622 1083 2650 dato
1097 2624 1124 2649 in
1143 2623 1253 2658 negotio
1272 2623 1411 2657 spirituali
1424 2622 1629 2658 obsequentes;
1647 2632 1701 2651 non
1720 2629 1812 2651 autent

1019 2667 1053 2694 ab
1074 2667 1234 2694 hominibus
1250 2667 1419 2700 mercedem,
1439 2672 1488 2695 aut
1513 2668 1659 2700 honorem.
1681 2674 1728 2697 aut
1749 2678 1813 2705 gra-

1020 2714 1120 2741 tiarum
1142 2713 1280 2744 actionem
1304 2717 1512 2747 exspectantes;
1535 2722 1587 2741 nec
1602 2715 1701 2742 dantes
1722 2715 1812 2743 locum

1018 2759 1132 2787 omnino
1144 2759 1231 2787 ullum
1246 2759 1472 2793 murmurationi,
1485 2761 1632 2796 superbiae.
1641 2762 1813 2797 negligentia:

1019 2806 1193 2842 et;‘_torpori;
1220 2813 1255 2834 ne
1280 2805 1384 2834 bonum
1408 2806 1480 2834 istud
1505 2814 1576 2842 opus
1604 2808 1738 2836 maculari
1765 2813 1814 2837 aut
