  <div class='ocr_page' id='page_1' title='image "/cluster/home/n/w/nwhite01/storage/ocr_20150623/34/njp.32101077772547/457.png"; bbox 0 0 2075 3155; ppageno 0'>
   <div class='ocr_carea' id='block_1_1' title="bbox 287 146 363 203">
    <p class='ocr_par' dir='ltr' id='par_1_1' title="bbox 287 146 363 203">
     <span class='ocr_line' id='line_1_1' title="bbox 287 146 363 203; baseline 0 -1"><span class='ocrx_word' id='word_1_1' title='bbox 287 171 340 203; x_wconf 80' lang='lat'><strong>859</strong></span> <span class='ocrx_word' id='word_1_2' title='bbox 360 146 363 149; x_wconf 16' lang='grc' dir='ltr'><strong>ί</strong></span> 
     </span>
    </p>
   </div>
   <div class='ocr_carea' id='block_1_2' title="bbox 908 164 1300 198">
    <p class='ocr_par' dir='ltr' id='par_1_2' title="bbox 908 164 1300 198">
     <span class='ocr_line' id='line_1_2' title="bbox 908 164 1300 198; baseline -0.003 -1"><span class='ocrx_word' id='word_1_3' title='bbox 908 167 940 198; x_wconf 88' lang='lat' dir='ltr'><strong>S.</strong></span> <span class='ocrx_word' id='word_1_4' title='bbox 959 164 1120 197; x_wconf 83' lang='lat' dir='ltr'><strong>MACARII</strong></span> <span class='ocrx_word' id='word_1_5' title='bbox 1139 164 1300 197; x_wconf 68' lang='lat' dir='ltr'><strong>EGYPTII</strong></span> 
     </span>
    </p>
   </div>
   <div class='ocr_carea' id='block_1_3' title="bbox 1865 166 1919 197">
    <p class='ocr_par' dir='ltr' id='par_1_3' title="bbox 1865 166 1919 197">
     <span class='ocr_line' id='line_1_3' title="bbox 1865 166 1919 197; baseline 0 0"><span class='ocrx_word' id='word_1_6' title='bbox 1865 166 1919 197; x_wconf 71' lang='lat'><strong>$00</strong></span> 
     </span>
    </p>
   </div>
   <div class='ocr_carea' id='block_1_4' title="bbox 289 220 1072 261">
    <p class='ocr_par' dir='ltr' id='par_1_4' title="bbox 289 221 1072 261">
     <span class='ocr_line' id='line_1_4' title="bbox 289 221 1072 261; baseline -0.006 -8"><span class='ocrx_word' id='word_1_7' title='bbox 289 223 432 261; x_wconf 80' lang='lat' dir='ltr'><strong>corrumpi</strong></span> <span class='ocrx_word' id='word_1_8' title='bbox 447 223 588 260; x_wconf 78' lang='lat' dir='ltr'><strong>contingat</strong></span> <span class='ocrx_word' id='word_1_9' title='bbox 603 231 612 251; x_wconf 68' lang='grc' dir='ltr'><em>ε</em></span> <span class='ocrx_word' id='word_1_10' title='bbox 629 223 677 252; x_wconf 86' lang='lat' dir='ltr'><strong>sed</strong></span> <span class='ocrx_word' id='word_1_11' title='bbox 691 231 741 260; x_wconf 87' lang='lat' dir='ltr'><strong>per</strong></span> <span class='ocrx_word' id='word_1_12' title='bbox 751 223 882 259; x_wconf 84' lang='lat' dir='ltr'><strong>pietatem</strong></span> <span class='ocrx_word' id='word_1_13' title='bbox 896 222 990 257; x_wconf 89' lang='lat' dir='ltr'><strong>potius</strong></span> <span class='ocrx_word' id='word_1_14' title='bbox 1001 221 1072 256; x_wconf 89' lang='lat' dir='ltr'><strong>impi-</strong></span> 
     </span>
    </p>
   </div>
   <div class='ocr_carea' id='block_1_5' title="bbox 1122 220 1918 261">
    <p class='ocr_par' dir='ltr' id='par_1_5' title="bbox 1133 220 1918 258">
     <span class='ocr_line' id='line_1_5' title="bbox 1133 220 1918 258; baseline 0.001 -10"><span class='ocrx_word' id='word_1_15' title='bbox 1133 220 1279 253; x_wconf 74' lang='grc' dir='ltr'>εὐλαϐείας</span> <span class='ocrx_word' id='word_1_16' title='bbox 1302 220 1413 256; x_wconf 71' lang='grc' dir='ltr'>μᾶλλον,</span> <span class='ocrx_word' id='word_1_17' title='bbox 1435 221 1484 248; x_wconf 77' lang='grc' dir='ltr'><strong>καὶ</strong></span> <span class='ocrx_word' id='word_1_18' title='bbox 1505 221 1551 249; x_wconf 83' lang='grc' dir='ltr'>τοῦ</span> <span class='ocrx_word' id='word_1_19' title='bbox 1567 221 1663 256; x_wconf 59' lang='grc' dir='ltr'>φόϐου..</span> <span class='ocrx_word' id='word_1_20' title='bbox 1693 222 1741 249; x_wconf 73' lang='grc' dir='ltr'>καὶ</span> <span class='ocrx_word' id='word_1_21' title='bbox 1767 221 1816 256; x_wconf 72' lang='grc' dir='ltr'>τῆς</span> <span class='ocrx_word' id='word_1_22' title='bbox 1830 222 1918 258; x_wconf 63' lang='grc' dir='ltr'>χαρᾶς</span> 
     </span>
    </p>
   </div>
   <div class='ocr_carea' id='block_1_6' title="bbox 288 268 1078 307">
    <p class='ocr_par' dir='ltr' id='par_1_6' title="bbox 288 268 1078 307">
     <span class='ocr_line' id='line_1_6' title="bbox 288 268 1078 307; baseline -0.005 -9"><span class='ocrx_word' id='word_1_23' title='bbox 288 279 364 307; x_wconf 72' lang='lat' dir='ltr'><strong>gram</strong></span> <span class='ocrx_word' id='word_1_24' title='bbox 377 278 439 298; x_wconf 87' lang='lat' dir='ltr'><strong>cum</strong></span> <span class='ocrx_word' id='word_1_25' title='bbox 460 269 508 297; x_wconf 91' lang='lat' dir='ltr'><strong>Dei</strong></span> <span class='ocrx_word' id='word_1_26' title='bbox 524 270 623 297; x_wconf 90' lang='lat' dir='ltr'><strong>timore</strong></span> <span class='ocrx_word' id='word_1_27' title='bbox 637 272 666 296; x_wconf 90' lang='lat' dir='ltr'><strong>et</strong></span> <span class='ocrx_word' id='word_1_28' title='bbox 683 269 767 297; x_wconf 76' lang='lat' dir='ltr'><strong>alacri</strong></span> <span class='ocrx_word' id='word_1_29' title='bbox 783 268 876 296; x_wconf 70' lang='lat' dir='ltr'><strong>lmtitia</strong></span> <span class='ocrx_word' id='word_1_30' title='bbox 891 268 1078 303; x_wconf 86' lang='lat' dir='ltr'><strong>conjunctam,</strong></span> 
     </span>
    </p>
   </div>
   <div class='ocr_carea' id='block_1_7' title="bbox 288 314 848 352">
    <p class='ocr_par' dir='ltr' id='par_1_7' title="bbox 288 314 848 352">
     <span class='ocr_line' id='line_1_7' title="bbox 288 314 848 352; baseline -0.005 -8"><span class='ocrx_word' id='word_1_31' title='bbox 288 321 398 352; x_wconf 69' lang='lat' dir='ltr'><strong>gratum</strong></span> <span class='ocrx_word' id='word_1_32' title='bbox 419 316 490 343; x_wconf 86' lang='lat' dir='ltr'><strong>idem</strong></span> <span class='ocrx_word' id='word_1_33' title='bbox 507 320 711 350; x_wconf 87' lang='lat' dir='ltr'><strong>acceptumque</strong></span> <span class='ocrx_word' id='word_1_34' title='bbox 723 315 779 342; x_wconf 91' lang='lat' dir='ltr'><strong>Deo</strong></span> <span class='ocrx_word' id='word_1_35' title='bbox 791 314 848 342; x_wconf 84' lang='lat' dir='ltr'><strong>fiat.</strong></span> 
     </span>
    </p>
   </div>
   <div class='ocr_carea' id='block_1_8' title="bbox 323 357 1079 392">
    <p class='ocr_par' dir='ltr' id='par_1_8' title="bbox 323 357 1079 392">
     <span class='ocr_line' id='line_1_8' title="bbox 323 357 1079 392; baseline -0.005 -4"><span class='ocrx_word' id='word_1_36' title='bbox 323 361 391 389; x_wconf 86' lang='lat' dir='ltr'>VIII.</span> <span class='ocrx_word' id='word_1_37' title='bbox 411 361 499 388; x_wconf 86' lang='lat' dir='ltr'><strong>Tanta</strong></span> <span class='ocrx_word' id='word_1_38' title='bbox 526 360 700 388; x_wconf 86' lang='lat' dir='ltr'><strong>humanitate</strong></span> <span class='ocrx_word' id='word_1_39' title='bbox 731 363 759 386; x_wconf 92' lang='lat' dir='ltr'><strong>et</strong></span> <span class='ocrx_word' id='word_1_40' title='bbox 779 358 903 386; x_wconf 89' lang='lat' dir='ltr'><strong>bonitate</strong></span> <span class='ocrx_word' id='word_1_41' title='bbox 927 358 955 392; x_wconf 92' lang='grc' dir='ltr'><strong>(ο</strong></span> <span class='ocrx_word' id='word_1_42' title='bbox 978 357 1079 385; x_wconf 65' lang='lat' dir='ltr'><strong>divina:</strong></span> 
     </span>
    </p>
   </div>
   <div class='ocr_carea' id='block_1_9' title="bbox 287 404 1080 440">
    <p class='ocr_par' dir='ltr' id='par_1_9' title="bbox 287 404 1080 440">
     <span class='ocr_line' id='line_1_9' title="bbox 287 404 1080 440; baseline -0.004 -6"><span class='ocrx_word' id='word_1_43' title='bbox 287 407 316 434; x_wconf 91' lang='lat' dir='ltr'><strong>in</strong></span> <span class='ocrx_word' id='word_1_44' title='bbox 340 415 390 434; x_wconf 86' lang='lat' dir='ltr'><strong>nos</strong></span> <span class='ocrx_word' id='word_1_45' title='bbox 403 406 600 435; x_wconf 74' lang='lat' dir='ltr'><strong>misericordia:</strong></span> <span class='ocrx_word' id='word_1_46' title='bbox 615 405 752 440; x_wconf 74' lang='lat' dir='ltr'><strong>viscera!)</strong></span> <span class='ocrx_word' id='word_1_47' title='bbox 765 404 878 432; x_wconf 88' lang='lat' dir='ltr'><strong>demisit</strong></span> <span class='ocrx_word' id='word_1_48' title='bbox 900 412 930 432; x_wconf 90' lang='lat' dir='ltr'><strong>se</strong></span> <span class='ocrx_word' id='word_1_49' title='bbox 956 404 990 432; x_wconf 89' lang='lat' dir='ltr'><strong>ad</strong></span> <span class='ocrx_word' id='word_1_50' title='bbox 1011 411 1080 432; x_wconf 90' lang='lat' dir='ltr'><strong>con-</strong></span> 
     </span>
    </p>
   </div>
   <div class='ocr_carea' id='block_1_10' title="bbox 287 451 1078 485">
    <p class='ocr_par' dir='ltr' id='par_1_10' title="bbox 287 451 1078 485">
     <span class='ocr_line' id='line_1_10' title="bbox 287 451 1078 485; baseline -0.004 -5"><span class='ocrx_word' id='word_1_51' title='bbox 287 453 432 480; x_wconf 88' lang='lat' dir='ltr'><strong>sulendum</strong></span> <span class='ocrx_word' id='word_1_52' title='bbox 444 453 604 481; x_wconf 89' lang='lat' dir='ltr'><strong>hominibus</strong></span> <span class='ocrx_word' id='word_1_53' title='bbox 617 451 764 484; x_wconf 84' lang='lat' dir='ltr'><strong>Dominus,</strong></span> <span class='ocrx_word' id='word_1_54' title='bbox 778 456 808 479; x_wconf 88' lang='lat' dir='ltr'><strong>ut</strong></span> <span class='ocrx_word' id='word_1_55' title='bbox 823 451 920 479; x_wconf 88' lang='lat' dir='ltr'><strong>sedulo</strong></span> <span class='ocrx_word' id='word_1_56' title='bbox 937 451 991 478; x_wconf 92' lang='lat' dir='ltr'><strong>hoc</strong></span> <span class='ocrx_word' id='word_1_57' title='bbox 1005 453 1078 485; x_wconf 81' lang='lat' dir='ltr'><strong>agat,</strong></span> 
     </span>
    </p>
   </div>
   <div class='ocr_carea' id='block_1_11' title="bbox 287 497 1080 534">
    <p class='ocr_par' dir='ltr' id='par_1_11' title="bbox 287 497 1080 534">
     <span class='ocr_line' id='line_1_11' title="bbox 287 497 1080 534; baseline -0.004 -8"><span class='ocrx_word' id='word_1_58' title='bbox 287 507 322 527; x_wconf 91' lang='lat' dir='ltr'><strong>ne</strong></span> <span class='ocrx_word' id='word_1_59' title='bbox 339 501 486 534; x_wconf 84' lang='lat' dir='ltr'><strong>quisquam</strong></span> <span class='ocrx_word' id='word_1_60' title='bbox 504 499 569 527; x_wconf 93' lang='lat' dir='ltr'><strong>boni</strong></span> <span class='ocrx_word' id='word_1_61' title='bbox 587 499 680 534; x_wconf 89' lang='lat' dir='ltr'><strong>operis</strong></span> <span class='ocrx_word' id='word_1_62' title='bbox 697 498 827 527; x_wconf 86' lang='lat' dir='ltr'><strong>mercede</strong></span> <span class='ocrx_word' id='word_1_63' title='bbox 844 506 894 534; x_wconf 91' lang='lat' dir='ltr'><strong>per</strong></span> <span class='ocrx_word' id='word_1_64' title='bbox 910 505 987 525; x_wconf 87' lang='lat' dir='ltr'><strong>suam</strong></span> <span class='ocrx_word' id='word_1_65' title='bbox 999 497 1080 524; x_wconf 87' lang='lat' dir='ltr'><strong>incu-</strong></span> 
     </span>
    </p>
   </div>
   <div class='ocr_carea' id='block_1_12' title="bbox 286 542 1082 579">
    <p class='ocr_par' dir='ltr' id='par_1_12' title="bbox 286 542 1082 579">
     <span class='ocr_line' id='line_1_12' title="bbox 286 542 1082 579; baseline 0 -9"><span class='ocrx_word' id='word_1_66' title='bbox 286 544 355 571; x_wconf 87' lang='lat' dir='ltr'><strong>riam</strong></span> <span class='ocrx_word' id='word_1_67' title='bbox 376 544 540 577; x_wconf 73' lang='lat' dir='ltr'><strong>fraudetur;</strong></span> <span class='ocrx_word' id='word_1_68' title='bbox 561 543 609 571; x_wconf 91' lang='lat' dir='ltr'><strong>sed</strong></span> <span class='ocrx_word' id='word_1_69' title='bbox 628 552 642 571; x_wconf 89' lang='lat' dir='ltr'><strong>a</strong></span> <span class='ocrx_word' id='word_1_70' title='bbox 656 544 750 579; x_wconf 87' lang='lat' dir='ltr'><strong>parvis</strong></span> <span class='ocrx_word' id='word_1_71' title='bbox 772 543 807 571; x_wconf 88' lang='lat' dir='ltr'><strong>ad</strong></span> <span class='ocrx_word' id='word_1_72' title='bbox 834 543 952 578; x_wconf 81' lang='lat' dir='ltr'><strong>majores</strong></span> <span class='ocrx_word' id='word_1_73' title='bbox 965 542 1082 570; x_wconf 85' lang='lat' dir='ltr'><strong>virtutes</strong></span> 
     </span>
    </p>
   </div>
   <div class='ocr_carea' id='block_1_13' title="bbox 287 587 1081 623">
    <p class='ocr_par' dir='ltr' id='par_1_13' title="bbox 287 587 1081 623">
     <span class='ocr_line' id='line_1_13' title="bbox 287 587 1081 623; baseline -0.003 -8"><span class='ocrx_word' id='word_1_74' title='bbox 287 593 405 616; x_wconf 90' lang='lat' dir='ltr'><strong>cunctos</strong></span> <span class='ocrx_word' id='word_1_75' title='bbox 417 588 495 623; x_wconf 89' lang='lat' dir='ltr'><strong>quasi</strong></span> <span class='ocrx_word' id='word_1_76' title='bbox 512 588 679 623; x_wconf 86' lang='lat' dir='ltr'><strong>quibusdam</strong></span> <span class='ocrx_word' id='word_1_77' title='bbox 692 588 823 623; x_wconf 74' lang='lat' dir='ltr'><strong>gradibus</strong></span> <span class='ocrx_word' id='word_1_78' title='bbox 835 587 984 622; x_wconf 90' lang='lat' dir='ltr'><strong>provehat,</strong></span> <span class='ocrx_word' id='word_1_79' title='bbox 1002 587 1039 614; x_wconf 85' lang='lat' dir='ltr'><strong>ita</strong></span> <span class='ocrx_word' id='word_1_80' title='bbox 1051 591 1081 614; x_wconf 89' lang='lat' dir='ltr'><strong>ut</strong></span> 
     </span>
    </p>
   </div>
   <div class='ocr_carea' id='block_1_14' title="bbox 289 633 1081 670">
    <p class='ocr_par' dir='ltr' id='par_1_14' title="bbox 289 633 1081 670">
     <span class='ocr_line' id='line_1_14' title="bbox 289 633 1081 670; baseline -0.003 -8"><span class='ocrx_word' id='word_1_81' title='bbox 289 642 325 662; x_wconf 88' lang='lat' dir='ltr'><strong>ne</strong></span> <span class='ocrx_word' id='word_1_82' title='bbox 339 635 478 670; x_wconf 81' lang='lat' dir='ltr'><strong>porrectio</strong></span> <span class='ocrx_word' id='word_1_83' title='bbox 496 635 609 670; x_wconf 90' lang='lat' dir='ltr'><strong>quidem</strong></span> <span class='ocrx_word' id='word_1_84' title='bbox 631 635 724 662; x_wconf 87' lang='lat' dir='ltr'><strong>calicis</strong></span> <span class='ocrx_word' id='word_1_85' title='bbox 741 642 818 670; x_wconf 68' lang='lat' dir='ltr'><strong>aqua:</strong></span> <span class='ocrx_word' id='word_1_86' title='bbox 835 634 940 669; x_wconf 69' lang='lat' dir='ltr'><strong>frigida:</strong></span> <span class='ocrx_word' id='word_1_87' title='bbox 953 633 1081 661; x_wconf 85' lang='lat' dir='ltr'><strong>mercede</strong></span> 
     </span>
    </p>
   </div>
   <div class='ocr_carea' id='block_1_15' title="bbox 287 679 1081 714">
    <p class='ocr_par' dir='ltr' id='par_1_15' title="bbox 287 679 1081 714">
     <span class='ocr_line' id='line_1_15' title="bbox 287 679 1081 714; baseline -0.001 -8"><span class='ocrx_word' id='word_1_88' title='bbox 287 679 408 706; x_wconf 88' lang='lat' dir='ltr'><strong>caritura</strong></span> <span class='ocrx_word' id='word_1_89' title='bbox 424 680 471 707; x_wconf 87' lang='lat' dir='ltr'><strong>sit.</strong></span> <span class='ocrx_word' id='word_1_90' title='bbox 488 679 562 706; x_wconf 86' lang='lat' dir='ltr'><strong>Dixit</strong></span> <span class='ocrx_word' id='word_1_91' title='bbox 581 679 656 707; x_wconf 91' lang='lat' dir='ltr'><strong>enim</strong></span> <span class='ocrx_word' id='word_1_92' title='bbox 670 688 676 706; x_wconf 88' lang='lat'>:</span> <span class='ocrx_word' id='word_1_93' title='bbox 693 679 744 712; x_wconf 81' lang='lat' dir='ltr'><strong>Qui</strong></span> <span class='ocrx_word' id='word_1_94' title='bbox 759 680 859 706; x_wconf 77' lang='lat' dir='ltr'><strong>dederit</strong></span> <span class='ocrx_word' id='word_1_95' title='bbox 880 679 988 706; x_wconf 84' lang='lat' dir='ltr'><strong>calicem</strong></span> <span class='ocrx_word' id='word_1_96' title='bbox 1004 686 1081 714; x_wconf 73' lang='lat' dir='ltr'><strong>aqua:</strong></span> 
     </span>
    </p>
   </div>
   <div class='ocr_carea' id='block_1_16' title="bbox 290 725 1081 762">
    <p class='ocr_par' dir='ltr' id='par_1_16' title="bbox 290 725 1081 762">
     <span class='ocr_line' id='line_1_16' title="bbox 290 725 1081 762; baseline 0.001 -10"><span class='ocrx_word' id='word_1_97' title='bbox 290 725 396 761; x_wconf 68' lang='lat' dir='ltr'><strong>frigida:</strong></span> <span class='ocrx_word' id='word_1_98' title='bbox 408 731 513 753; x_wconf 83' lang='lat' dir='ltr'><strong>tantum</strong></span> <span class='ocrx_word' id='word_1_99' title='bbox 533 727 561 753; x_wconf 86' lang='lat' dir='ltr'><strong>in</strong></span> <span class='ocrx_word' id='word_1_100' title='bbox 576 727 681 754; x_wconf 79' lang='lat' dir='ltr'><strong>nomine</strong></span> <span class='ocrx_word' id='word_1_101' title='bbox 693 726 826 762; x_wconf 72' lang='lat' dir='ltr'><strong>discipuli,</strong></span> <span class='ocrx_word' id='word_1_102' title='bbox 840 734 917 753; x_wconf 75' lang='lat' dir='ltr'><strong>amen</strong></span> <span class='ocrx_word' id='word_1_103' title='bbox 931 726 988 753; x_wconf 84' lang='lat' dir='ltr'><strong>dico</strong></span> <span class='ocrx_word' id='word_1_104' title='bbox 999 726 1081 759; x_wconf 70' lang='lat' dir='ltr'><strong>vobis,</strong></span> 
     </span>
    </p>
   </div>
   <div class='ocr_carea' id='block_1_17' title="bbox 286 771 1082 807">
    <p class='ocr_par' dir='ltr' id='par_1_17' title="bbox 286 771 1082 807">
     <span class='ocr_line' id='line_1_17' title="bbox 286 771 1082 807; baseline 0 -9"><span class='ocrx_word' id='word_1_105' title='bbox 286 780 340 798; x_wconf 77' lang='lat' dir='ltr'><strong>non</strong></span> <span class='ocrx_word' id='word_1_106' title='bbox 353 773 444 807; x_wconf 81' lang='lat' dir='ltr'><strong>perdet</strong></span> <span class='ocrx_word' id='word_1_107' title='bbox 464 773 609 799; x_wconf 80' lang='lat' dir='ltr'><strong>mercedem</strong></span> <span class='ocrx_word' id='word_1_108' title='bbox 623 781 701 800; x_wconf 71' lang='lat' dir='ltr'><strong>suam</strong></span> <span class='ocrx_word' id='word_1_109' title='bbox 713 772 748 798; x_wconf 80' lang='grc'><strong>⁵⁸.</strong></span> <span class='ocrx_word' id='word_1_110' title='bbox 766 773 799 798; x_wconf 81' lang='lat' dir='ltr'><strong>Et</strong></span> <span class='ocrx_word' id='word_1_111' title='bbox 814 779 913 799; x_wconf 76' lang='lat' dir='ltr'><strong>rursus</strong></span> <span class='ocrx_word' id='word_1_112' title='bbox 927 779 934 798; x_wconf 90' lang='lat'><strong>:</strong></span> <span class='ocrx_word' id='word_1_113' title='bbox 948 771 979 798; x_wconf 83' lang='lat' dir='ltr'><strong>In</strong></span> <span class='ocrx_word' id='word_1_114' title='bbox 997 779 1082 806; x_wconf 52' lang='lat' dir='ltr'><strong>quan.</strong></span> 
     </span>
    </p>
   </div>
   <div class='ocr_carea' id='block_1_18' title="bbox 289 810 1082 852">
    <p class='ocr_par' dir='ltr' id='par_1_18' title="bbox 289 810 1082 852">
     <span class='ocr_line' id='line_1_18' title="bbox 289 810 1082 852; baseline 0.001 -10"><span class='ocrx_word' id='word_1_115' title='bbox 289 820 345 842; x_wconf 88' lang='lat' dir='ltr'><strong>tum</strong></span> <span class='ocrx_word' id='word_1_116' title='bbox 362 818 409 843; x_wconf 84' lang='lat' dir='ltr'><strong>uni</strong></span> <span class='ocrx_word' id='word_1_117' title='bbox 423 817 470 844; x_wconf 82' lang='lat' dir='ltr'><strong>hoc</strong></span> <span class='ocrx_word' id='word_1_118' title='bbox 492 817 601 852; x_wconf 75' lang='lat' dir='ltr'><strong>fecistis,</strong></span> <span class='ocrx_word' id='word_1_119' title='bbox 622 817 685 844; x_wconf 84' lang='lat' dir='ltr'><strong>mihi</strong></span> <span class='ocrx_word' id='word_1_120' title='bbox 703 817 798 851; x_wconf 72' lang='lat' dir='ltr'><strong>fecistis</strong></span> <span class='ocrx_word' id='word_1_121' title='bbox 807 816 840 843; x_wconf 82' lang='grc'><strong>⁵⁷.</strong></span> <span class='ocrx_word' id='word_1_122' title='bbox 857 810 1010 844; x_wconf 81' lang='lat' dir='ltr'><strong>Dummodo</strong></span> <span class='ocrx_word' id='word_1_123' title='bbox 1031 823 1082 843; x_wconf 88' lang='lat' dir='ltr'><strong>se—</strong></span> 
     </span>
    </p>
   </div>
   <div class='ocr_carea' id='block_1_19' title="bbox 286 861 1078 897">
    <p class='ocr_par' dir='ltr' id='par_1_19' title="bbox 286 861 1078 897">
     <span class='ocr_line' id='line_1_19' title="bbox 286 861 1078 897; baseline 0.001 -10"><span class='ocrx_word' id='word_1_124' title='bbox 286 862 409 888; x_wconf 89' lang='lat' dir='ltr'><strong>cundum</strong></span> <span class='ocrx_word' id='word_1_125' title='bbox 422 862 508 889; x_wconf 88' lang='lat' dir='ltr'><strong>Deum</strong></span> <span class='ocrx_word' id='word_1_126' title='bbox 526 862 584 894; x_wconf 84' lang='lat' dir='ltr'><strong>fiat,</strong></span> <span class='ocrx_word' id='word_1_127' title='bbox 601 862 676 897; x_wconf 88' lang='lat' dir='ltr'><strong>quod</strong></span> <span class='ocrx_word' id='word_1_128' title='bbox 693 862 741 895; x_wconf 80' lang='lat' dir='ltr'><strong>fit;</strong></span> <span class='ocrx_word' id='word_1_129' title='bbox 764 867 792 889; x_wconf 89' lang='lat' dir='ltr'><strong>et</strong></span> <span class='ocrx_word' id='word_1_130' title='bbox 812 869 874 889; x_wconf 91' lang='lat' dir='ltr'><strong>non-</strong></span> <span class='ocrx_word' id='word_1_131' title='bbox 888 866 1000 897; x_wconf 84' lang='lat' dir='ltr'><strong>propter</strong></span> <span class='ocrx_word' id='word_1_132' title='bbox 1017 861 1078 888; x_wconf 81' lang='lat' dir='ltr'><strong>lau-</strong></span> 
     </span>
    </p>
   </div>
   <div class='ocr_carea' id='block_1_20' title="bbox 287 906 1078 944">
    <p class='ocr_par' dir='ltr' id='par_1_20' title="bbox 287 906 1078 944">
     <span class='ocr_line' id='line_1_20' title="bbox 287 906 1078 944; baseline -0.001 -10"><span class='ocrx_word' id='word_1_133' title='bbox 287 906 349 934; x_wconf 91' lang='lat' dir='ltr'><strong>dem</strong></span> <span class='ocrx_word' id='word_1_134' title='bbox 378 908 526 935; x_wconf 87' lang='lat' dir='ltr'><strong>humanam</strong></span> <span class='ocrx_word' id='word_1_135' title='bbox 554 907 619 941; x_wconf 82' lang='lat' dir='ltr'><strong>flat;</strong></span> <span class='ocrx_word' id='word_1_136' title='bbox 644 907 769 944; x_wconf 75' lang='lat' dir='ltr'><strong>adiunxit</strong></span> <span class='ocrx_word' id='word_1_137' title='bbox 790 907 887 934; x_wconf 85' lang='lat' dir='ltr'><strong>enim:</strong></span> <span class='ocrx_word' id='word_1_138' title='bbox 911 907 1023 934; x_wconf 85' lang='lat' dir='ltr'><strong>Tantum</strong></span> <span class='ocrx_word' id='word_1_139' title='bbox 1050 907 1078 933; x_wconf 82' lang='lat' dir='ltr'><strong>in</strong></span> 
     </span>
    </p>
   </div>
   <div class='ocr_carea' id='block_1_21' title="bbox 287 953 1077 989">
    <p class='ocr_par' dir='ltr' id='par_1_21' title="bbox 287 953 1077 989">
     <span class='ocr_line' id='line_1_21' title="bbox 287 953 1077 989; baseline 0 -9"><span class='ocrx_word' id='word_1_140' title='bbox 287 954 392 980; x_wconf 78' lang='lat' dir='ltr'><strong>nomine</strong></span> <span class='ocrx_word' id='word_1_141' title='bbox 413 954 550 989; x_wconf 82' lang='lat' dir='ltr'><strong>discipuli,</strong></span> <span class='ocrx_word' id='word_1_142' title='bbox 572 954 625 981; x_wconf 87' lang='lat' dir='ltr'><strong>hoc</strong></span> <span class='ocrx_word' id='word_1_143' title='bbox 640 958 693 986; x_wconf 84' lang='lat' dir='ltr'><strong>est,</strong></span> <span class='ocrx_word' id='word_1_144' title='bbox 710 961 744 981; x_wconf 89' lang='lat' dir='ltr'><strong>ex</strong></span> <span class='ocrx_word' id='word_1_145' title='bbox 761 953 917 981; x_wconf 85' lang='lat' dir='ltr'><strong>reverentia</strong></span> <span class='ocrx_word' id='word_1_146' title='bbox 932 957 960 980; x_wconf 86' lang='lat' dir='ltr'><strong>ct</strong></span> <span class='ocrx_word' id='word_1_147' title='bbox 983 961 1077 980; x_wconf 83' lang='lat' dir='ltr'><strong>amore</strong></span> 
     </span>
    </p>
   </div>
   <div class='ocr_carea' id='block_1_22' title="bbox 286 997 1077 1034">
    <p class='ocr_par' dir='ltr' id='par_1_22' title="bbox 286 997 1077 1034">
     <span class='ocr_line' id='line_1_22' title="bbox 286 997 1077 1034; baseline 0 -10"><span class='ocrx_word' id='word_1_148' title='bbox 286 997 400 1026; x_wconf 87' lang='lat' dir='ltr'><strong>Christi.</strong></span> <span class='ocrx_word' id='word_1_149' title='bbox 417 998 484 1025; x_wconf 90' lang='lat' dir='ltr'><strong>Nam</strong></span> <span class='ocrx_word' id='word_1_150' title='bbox 503 998 547 1028; x_wconf 88' lang='lat' dir='ltr'><strong>iis.</strong></span> <span class='ocrx_word' id='word_1_151' title='bbox 566 999 614 1033; x_wconf 88' lang='lat' dir='ltr'><strong>qui</strong></span> <span class='ocrx_word' id='word_1_152' title='bbox 629 999 824 1026; x_wconf 76' lang='lat' dir='ltr'><strong>ostentationis</strong></span> <span class='ocrx_word' id='word_1_153' title='bbox 844 998 930 1034; x_wconf 75' lang='lat' dir='ltr'><strong>gratia</strong></span> <span class='ocrx_word' id='word_1_154' title='bbox 956 1005 1012 1025; x_wconf 89' lang='lat' dir='ltr'><strong>rem</strong></span> <span class='ocrx_word' id='word_1_155' title='bbox 1026 998 1077 1025; x_wconf 89' lang='lat' dir='ltr'><strong>bo-</strong></span> 
     </span>
    </p>
   </div>
   <div class='ocr_carea' id='block_1_23' title="bbox 286 1044 1077 1079">
    <p class='ocr_par' dir='ltr' id='par_1_23' title="bbox 286 1044 1077 1079">
     <span class='ocr_line' id='line_1_23' title="bbox 286 1044 1077 1079; baseline -0.001 -8"><span class='ocrx_word' id='word_1_156' title='bbox 286 1051 350 1071; x_wconf 86' lang='lat' dir='ltr'><strong>nam</strong></span> <span class='ocrx_word' id='word_1_157' title='bbox 365 1048 566 1079; x_wconf 85' lang='lat' dir='ltr'><strong>exsequuntur,</strong></span> <span class='ocrx_word' id='word_1_158' title='bbox 582 1044 791 1079; x_wconf 87' lang='lat' dir='ltr'><strong>reprehendens</strong></span> <span class='ocrx_word' id='word_1_159' title='bbox 806 1044 948 1075; x_wconf 86' lang='lat' dir='ltr'><strong>Dominus,</strong></span> <span class='ocrx_word' id='word_1_160' title='bbox 961 1047 989 1070; x_wconf 91' lang='lat' dir='ltr'><strong>et</strong></span> <span class='ocrx_word' id='word_1_161' title='bbox 1004 1051 1077 1070; x_wconf 87' lang='lat' dir='ltr'><strong>asse-</strong></span> 
     </span>
    </p>
   </div>
   <div class='ocr_carea' id='block_1_24' title="bbox 285 1089 1076 1125">
    <p class='ocr_par' dir='ltr' id='par_1_24' title="bbox 285 1089 1076 1125">
     <span class='ocr_line' id='line_1_24' title="bbox 285 1089 1076 1125; baseline 0 -9"><span class='ocrx_word' id='word_1_162' title='bbox 285 1090 427 1117; x_wconf 86' lang='lat' dir='ltr'><strong>veratione</strong></span> <span class='ocrx_word' id='word_1_163' title='bbox 435 1095 510 1117; x_wconf 88' lang='lat' dir='ltr'><strong>certa</strong></span> <span class='ocrx_word' id='word_1_164' title='bbox 520 1090 684 1118; x_wconf 82' lang='lat' dir='ltr'><strong>sententiam</strong></span> <span class='ocrx_word' id='word_1_165' title='bbox 697 1092 874 1122; x_wconf 80' lang='lat' dir='ltr'><strong>conﬁrmans,</strong></span> <span class='ocrx_word' id='word_1_166' title='bbox 882 1090 1024 1125; x_wconf 79' lang='lat' dir='ltr'><strong>subjungit</strong></span> <span class='ocrx_word' id='word_1_167' title='bbox 1032 1089 1076 1116; x_wconf 80' lang='lat' dir='ltr'><strong>di-</strong></span> 
     </span>
    </p>
   </div>
   <div class='ocr_carea' id='block_1_25' title="bbox 285 1134 1074 1170">
    <p class='ocr_par' dir='ltr' id='par_1_25' title="bbox 285 1134 1074 1170">
     <span class='ocr_line' id='line_1_25' title="bbox 285 1134 1074 1170; baseline -0.001 -9"><span class='ocrx_word' id='word_1_168' title='bbox 285 1141 352 1161; x_wconf 85' lang='lat' dir='ltr'><strong>cens</strong></span> <span class='ocrx_word' id='word_1_169' title='bbox 362 1143 368 1161; x_wconf 72' lang='grc' dir='ltr'><strong>ι</strong></span> <span class='ocrx_word' id='word_1_170' title='bbox 383 1135 464 1161; x_wconf 77' lang='lat' dir='ltr'><strong>Amen</strong></span> <span class='ocrx_word' id='word_1_171' title='bbox 472 1135 529 1161; x_wconf 82' lang='lat' dir='ltr'><strong>dico</strong></span> <span class='ocrx_word' id='word_1_172' title='bbox 538 1135 607 1162; x_wconf 74' lang='lat' dir='ltr'><strong>vobis</strong></span> <span class='ocrx_word' id='word_1_173' title='bbox 619 1143 628 1162; x_wconf 85' lang='lat'><strong><em>:</em></strong></span> <span class='ocrx_word' id='word_1_174' title='bbox 642 1139 794 1170; x_wconf 74' lang='lat' dir='ltr'><strong>receperunt</strong></span> <span class='ocrx_word' id='word_1_175' title='bbox 803 1135 945 1162; x_wconf 80' lang='lat' dir='ltr'><strong>mercedem</strong></span> <span class='ocrx_word' id='word_1_176' title='bbox 954 1143 1030 1161; x_wconf 76' lang='lat' dir='ltr'><strong>suam</strong></span> <span class='ocrx_word' id='word_1_177' title='bbox 1040 1134 1074 1160; x_wconf 76' lang='grc'><strong>⁵⁸.</strong></span> 
     </span>
    </p>
   </div>
   <div class='ocr_carea' id='block_1_26' title="bbox 323 1179 1073 1215">
    <p class='ocr_par' dir='ltr' id='par_1_26' title="bbox 323 1179 1073 1215">
     <span class='ocr_line' id='line_1_26' title="bbox 323 1179 1073 1215; baseline 0 -9"><span class='ocrx_word' id='word_1_178' title='bbox 323 1179 368 1207; x_wconf 79' lang='lat' dir='ltr'><strong>IX.</strong></span> <span class='ocrx_word' id='word_1_179' title='bbox 391 1180 559 1215; x_wconf 85' lang='lat' dir='ltr'><strong>Simplicitas</strong></span> <span class='ocrx_word' id='word_1_180' title='bbox 579 1184 643 1208; x_wconf 83' lang='lat' dir='ltr'><strong>ante</strong></span> <span class='ocrx_word' id='word_1_181' title='bbox 673 1181 736 1213; x_wconf 85' lang='lat' dir='ltr'><strong>alia,</strong></span> <span class='ocrx_word' id='word_1_182' title='bbox 766 1184 795 1208; x_wconf 87' lang='lat' dir='ltr'><strong>et</strong></span> <span class='ocrx_word' id='word_1_183' title='bbox 821 1185 915 1207; x_wconf 87' lang='lat' dir='ltr'><strong>mutua</strong></span> <span class='ocrx_word' id='word_1_184' title='bbox 942 1179 1073 1212; x_wconf 78' lang='lat' dir='ltr'><strong>Charitas,</strong></span> 
     </span>
    </p>
   </div>
   <div class='ocr_carea' id='block_1_27' title="bbox 284 1225 1075 1261">
    <p class='ocr_par' dir='ltr' id='par_1_27' title="bbox 284 1225 1075 1261">
     <span class='ocr_line' id='line_1_27' title="bbox 284 1225 1075 1261; baseline 0 -9"><span class='ocrx_word' id='word_1_185' title='bbox 284 1230 313 1253; x_wconf 89' lang='lat' dir='ltr'><strong>et</strong></span> <span class='ocrx_word' id='word_1_186' title='bbox 329 1226 471 1260; x_wconf 75' lang='lat' dir='ltr'><strong>gaudium,</strong></span> <span class='ocrx_word' id='word_1_187' title='bbox 493 1231 521 1253; x_wconf 89' lang='lat' dir='ltr'><strong>et</strong></span> <span class='ocrx_word' id='word_1_188' title='bbox 537 1226 679 1254; x_wconf 79' lang='lat' dir='ltr'><strong>humilitas</strong></span> <span class='ocrx_word' id='word_1_189' title='bbox 696 1226 810 1254; x_wconf 82' lang='lat' dir='ltr'><strong>omnino</strong></span> <span class='ocrx_word' id='word_1_190' title='bbox 829 1231 958 1261; x_wconf 88' lang='lat' dir='ltr'><strong>tanquam</strong></span> <span class='ocrx_word' id='word_1_191' title='bbox 977 1225 1075 1252; x_wconf 82' lang='lat' dir='ltr'><strong>funda—</strong></span> 
     </span>
    </p>
   </div>
   <div class='ocr_carea' id='block_1_28' title="bbox 285 1273 1074 1307">
    <p class='ocr_par' dir='ltr' id='par_1_28' title="bbox 285 1273 1074 1307">
     <span class='ocr_line' id='line_1_28' title="bbox 285 1273 1074 1307; baseline 0.001 -8"><span class='ocrx_word' id='word_1_192' title='bbox 285 1277 409 1299; x_wconf 89' lang='lat' dir='ltr'><strong>mentum</strong></span> <span class='ocrx_word' id='word_1_193' title='bbox 435 1273 647 1300; x_wconf 88' lang='lat' dir='ltr'><strong>substernantur</strong></span> <span class='ocrx_word' id='word_1_194' title='bbox 670 1273 697 1300; x_wconf 92' lang='lat' dir='ltr'><strong>in</strong></span> <span class='ocrx_word' id='word_1_195' title='bbox 719 1273 902 1306; x_wconf 76' lang='lat' dir='ltr'><strong>fraternitate,</strong></span> <span class='ocrx_word' id='word_1_196' title='bbox 929 1281 962 1300; x_wconf 90' lang='lat' dir='ltr'><strong>ne</strong></span> <span class='ocrx_word' id='word_1_197' title='bbox 990 1280 1074 1307; x_wconf 87' lang='lat' dir='ltr'><strong>super</strong></span> 
     </span>
    </p>
   </div>
   <div class='ocr_carea' id='block_1_29' title="bbox 285 1318 1072 1351">
    <p class='ocr_par' dir='ltr' id='par_1_29' title="bbox 285 1318 1072 1351">
     <span class='ocr_line' id='line_1_29' title="bbox 285 1318 1072 1351; baseline 0 -6"><span class='ocrx_word' id='word_1_198' title='bbox 285 1326 336 1345; x_wconf 85' lang='lat' dir='ltr'><strong>nos</strong></span> <span class='ocrx_word' id='word_1_199' title='bbox 354 1318 471 1345; x_wconf 86' lang='lat' dir='ltr'><strong>invicem</strong></span> <span class='ocrx_word' id='word_1_200' title='bbox 483 1318 558 1350; x_wconf 83' lang='lat' dir='ltr'><strong>elati,</strong></span> <span class='ocrx_word' id='word_1_201' title='bbox 574 1322 602 1346; x_wconf 82' lang='lat' dir='ltr'><strong>et</strong></span> <span class='ocrx_word' id='word_1_202' title='bbox 628 1327 701 1346; x_wconf 88' lang='lat' dir='ltr'><strong>unus</strong></span> <span class='ocrx_word' id='word_1_203' title='bbox 723 1319 757 1346; x_wconf 91' lang='lat' dir='ltr'><strong>de</strong></span> <span class='ocrx_word' id='word_1_204' title='bbox 773 1319 828 1346; x_wconf 91' lang='lat' dir='ltr'><strong>alio</strong></span> <span class='ocrx_word' id='word_1_205' title='bbox 859 1321 1072 1351; x_wconf 86' lang='lat' dir='ltr'><strong>murmurantes,</strong></span> 
     </span>
    </p>
   </div>
   <div class='ocr_carea' id='block_1_30' title="bbox 286 1363 1072 1399">
    <p class='ocr_par' dir='ltr' id='par_1_30' title="bbox 286 1363 1072 1399">
     <span class='ocr_line' id='line_1_30' title="bbox 286 1363 1072 1399; baseline 0.003 -9"><span class='ocrx_word' id='word_1_206' title='bbox 286 1363 411 1390; x_wconf 85' lang='lat' dir='ltr'><strong>inutilem</strong></span> <span class='ocrx_word' id='word_1_207' title='bbox 438 1363 518 1390; x_wconf 87' lang='lat' dir='ltr'><strong>nobis</strong></span> <span class='ocrx_word' id='word_1_208' title='bbox 540 1363 664 1390; x_wconf 83' lang='lat' dir='ltr'><strong>laborem</strong></span> <span class='ocrx_word' id='word_1_209' title='bbox 684 1363 845 1391; x_wconf 79' lang='lat' dir='ltr'><strong>etiiciamus.</strong></span> <span class='ocrx_word' id='word_1_210' title='bbox 870 1364 941 1396; x_wconf 60' lang='lat' dir='ltr'><strong>Ergo</strong></span> <span class='ocrx_word' id='word_1_211' title='bbox 959 1373 1007 1391; x_wconf 80' lang='lat' dir='ltr'><strong>nec</strong></span> <span class='ocrx_word' id='word_1_212' title='bbox 1025 1365 1072 1399; x_wconf 88' lang='lat' dir='ltr'><strong>qui</strong></span> 
     </span>
    </p>
   </div>
   <div class='ocr_carea' id='block_1_31' title="bbox 285 1407 1073 1443">
    <p class='ocr_par' dir='ltr' id='par_1_31' title="bbox 285 1407 1073 1443">
     <span class='ocr_line' id='line_1_31' title="bbox 285 1407 1073 1443; baseline 0.003 -7"><span class='ocrx_word' id='word_1_213' title='bbox 285 1409 345 1436; x_wconf 82' lang='lat' dir='ltr'><strong>sine</strong></span> <span class='ocrx_word' id='word_1_214' title='bbox 373 1407 578 1436; x_wconf 85' lang='lat' dir='ltr'><strong>intermissione</strong></span> <span class='ocrx_word' id='word_1_215' title='bbox 597 1409 729 1443; x_wconf 82' lang='lat' dir='ltr'><strong>perdurat</strong></span> <span class='ocrx_word' id='word_1_216' title='bbox 754 1409 782 1436; x_wconf 91' lang='lat' dir='ltr'><strong>in</strong></span> <span class='ocrx_word' id='word_1_217' title='bbox 806 1409 989 1441; x_wconf 85' lang='lat' dir='ltr'><strong>orationibus,</strong></span> <span class='ocrx_word' id='word_1_218' title='bbox 1011 1410 1073 1438; x_wconf 91' lang='lat' dir='ltr'><strong>ideo</strong></span> 
     </span>
    </p>
   </div>
   <div class='ocr_carea' id='block_1_32' title="bbox 285 1454 1073 1490">
    <p class='ocr_par' dir='ltr' id='par_1_32' title="bbox 285 1454 1073 1490">
     <span class='ocr_line' id='line_1_32' title="bbox 285 1454 1073 1490; baseline 0.003 -8"><span class='ocrx_word' id='word_1_219' title='bbox 285 1461 314 1482; x_wconf 81' lang='lat' dir='ltr'><strong>se</strong></span> <span class='ocrx_word' id='word_1_220' title='bbox 334 1461 384 1489; x_wconf 87' lang='lat' dir='ltr'><strong>per</strong></span> <span class='ocrx_word' id='word_1_221' title='bbox 406 1455 591 1490; x_wconf 81' lang='lat' dir='ltr'><strong>arrogantiam</strong></span> <span class='ocrx_word' id='word_1_222' title='bbox 615 1454 727 1482; x_wconf 78' lang='lat' dir='ltr'><strong>extollat</strong></span> <span class='ocrx_word' id='word_1_223' title='bbox 745 1463 828 1489; x_wconf 73' lang='lat' dir='ltr'><strong>supra</strong></span> <span class='ocrx_word' id='word_1_224' title='bbox 850 1463 924 1488; x_wconf 88' lang='lat' dir='ltr'><strong>eum,</strong></span> <span class='ocrx_word' id='word_1_225' title='bbox 943 1456 990 1490; x_wconf 93' lang='lat' dir='ltr'><strong>qui</strong></span> <span class='ocrx_word' id='word_1_226' title='bbox 1020 1456 1073 1484; x_wconf 90' lang='lat' dir='ltr'><strong>hoc</strong></span> 
     </span>
    </p>
   </div>
   <div class='ocr_carea' id='block_1_33' title="bbox 286 1499 1070 1535">
    <p class='ocr_par' dir='ltr' id='par_1_33' title="bbox 286 1499 1070 1535">
     <span class='ocr_line' id='line_1_33' title="bbox 286 1499 1070 1535; baseline 0.005 -9"><span class='ocrx_word' id='word_1_227' title='bbox 286 1499 377 1527; x_wconf 83' lang='lat' dir='ltr'><strong>facere</strong></span> <span class='ocrx_word' id='word_1_228' title='bbox 389 1507 445 1526; x_wconf 86' lang='lat' dir='ltr'><strong>non</strong></span> <span class='ocrx_word' id='word_1_229' title='bbox 458 1504 564 1535; x_wconf 86' lang='lat' dir='ltr'><strong>potest;</strong></span> <span class='ocrx_word' id='word_1_230' title='bbox 584 1508 674 1535; x_wconf 86' lang='lat' dir='ltr'><strong>neque</strong></span> <span class='ocrx_word' id='word_1_231' title='bbox 684 1500 732 1535; x_wconf 90' lang='lat' dir='ltr'><strong>qui</strong></span> <span class='ocrx_word' id='word_1_232' title='bbox 746 1501 900 1528; x_wconf 81' lang='lat' dir='ltr'><strong>ministerio</strong></span> <span class='ocrx_word' id='word_1_233' title='bbox 910 1510 939 1529; x_wconf 89' lang='lat' dir='ltr'><strong>se</strong></span> <span class='ocrx_word' id='word_1_234' title='bbox 954 1501 1070 1535; x_wconf 77' lang='lat' dir='ltr'><strong>addixit,</strong></span> 
     </span>
    </p>
   </div>
   <div class='ocr_carea' id='block_1_34' title="bbox 285 1542 1108 1589">
    <p class='ocr_par' dir='ltr' id='par_1_34' title="bbox 285 1542 1108 1589">
     <span class='ocr_line' id='line_1_34' title="bbox 285 1542 1108 1589; baseline 0.006 -17"><span class='ocrx_word' id='word_1_235' title='bbox 285 1545 319 1573; x_wconf 86' lang='lat' dir='ltr'><strong>de</strong></span> <span class='ocrx_word' id='word_1_236' title='bbox 333 1546 390 1577; x_wconf 92' lang='lat' dir='ltr'><strong>illo,</strong></span> <span class='ocrx_word' id='word_1_237' title='bbox 415 1546 461 1580; x_wconf 90' lang='lat' dir='ltr'><strong>qui</strong></span> <span class='ocrx_word' id='word_1_238' title='bbox 478 1546 597 1572; x_wconf 83' lang='lat' dir='ltr'><strong>orationi</strong></span> <span class='ocrx_word' id='word_1_239' title='bbox 617 1542 706 1578; x_wconf 72' lang='lat' dir='ltr'><strong>vacat,</strong></span> <span class='ocrx_word' id='word_1_240' title='bbox 724 1553 888 1575; x_wconf 88' lang='lat' dir='ltr'><strong>murmuret.</strong></span> <span class='ocrx_word' id='word_1_241' title='bbox 909 1548 1019 1576; x_wconf 86' lang='lat' dir='ltr'><strong>Etenim</strong></span> <span class='ocrx_word' id='word_1_242' title='bbox 1047 1549 1070 1576; x_wconf 89' lang='lat' dir='ltr'><strong>si</strong></span> <span class='ocrx_word' id='word_1_243' title='bbox 1083 1558 1108 1589; x_wconf 67' lang='grc' dir='ltr'><strong>α</strong></span> 
     </span>
    </p>
   </div>
   <div class='ocr_carea' id='block_1_35' title="bbox 283 1592 1071 1629">
    <p class='ocr_par' dir='ltr' id='par_1_35' title="bbox 283 1592 1071 1629">
     <span class='ocr_line' id='line_1_35' title="bbox 283 1592 1071 1629; baseline 0.006 -11"><span class='ocrx_word' id='word_1_244' title='bbox 283 1592 419 1627; x_wconf 85' lang='lat' dir='ltr'><strong>ejusmodi</strong></span> <span class='ocrx_word' id='word_1_245' title='bbox 443 1592 606 1627; x_wconf 80' lang='lat' dir='ltr'><strong>simpliciter</strong></span> <span class='ocrx_word' id='word_1_246' title='bbox 633 1593 759 1620; x_wconf 82' lang='lat' dir='ltr'><strong>ac&#39;bona</strong></span> <span class='ocrx_word' id='word_1_247' title='bbox 785 1594 964 1629; x_wconf 89' lang='lat' dir='ltr'><strong>dispositione</strong></span> <span class='ocrx_word' id='word_1_248' title='bbox 987 1595 1071 1623; x_wconf 90' lang='lat' dir='ltr'><strong>animi</strong></span> 
     </span>
    </p>
   </div>
   <div class='ocr_carea' id='block_1_36' title="bbox 283 1637 1071 1673">
    <p class='ocr_par' dir='ltr' id='par_1_36' title="bbox 283 1637 1071 1673">
     <span class='ocr_line' id='line_1_36' title="bbox 283 1637 1071 1673; baseline 0.003 -8"><span class='ocrx_word' id='word_1_249' title='bbox 283 1645 348 1673; x_wconf 76' lang='lat' dir='ltr'><strong>erga</strong></span> <span class='ocrx_word' id='word_1_250' title='bbox 366 1645 395 1665; x_wconf 84' lang='lat' dir='ltr'><strong>se</strong></span> <span class='ocrx_word' id='word_1_251' title='bbox 412 1637 530 1665; x_wconf 83' lang='lat' dir='ltr'><strong>invicem</strong></span> <span class='ocrx_word' id='word_1_252' title='bbox 554 1637 646 1665; x_wconf 84' lang='lat' dir='ltr'><strong>aﬂ‘ecti</strong></span> <span class='ocrx_word' id='word_1_253' title='bbox 665 1638 777 1671; x_wconf 78' lang='lat' dir='ltr'><strong>fuerint,</strong></span> <span class='ocrx_word' id='word_1_254' title='bbox 791 1639 865 1673; x_wconf 90' lang='lat' dir='ltr'><strong>quod</strong></span> <span class='ocrx_word' id='word_1_255' title='bbox 893 1639 1015 1667; x_wconf 86' lang='lat' dir='ltr'><strong>abundat</strong></span> <span class='ocrx_word' id='word_1_256' title='bbox 1043 1640 1071 1668; x_wconf 88' lang='lat' dir='ltr'><strong>in</strong></span> 
     </span>
    </p>
   </div>
   <div class='ocr_carea' id='block_1_37' title="bbox 288 1682 1072 1720">
    <p class='ocr_par' dir='ltr' id='par_1_37' title="bbox 288 1682 1072 1720">
     <span class='ocr_line' id='line_1_37' title="bbox 288 1682 1072 1720; baseline 0.004 -11"><span class='ocrx_word' id='word_1_257' title='bbox 288 1686 498 1717; x_wconf 84' lang='lat' dir='ltr'><strong>perseveranter</strong></span> <span class='ocrx_word' id='word_1_258' title='bbox 529 1682 684 1715; x_wconf 85' lang='lat' dir='ltr'><strong>Oranlibus,</strong></span> <span class='ocrx_word' id='word_1_259' title='bbox 713 1684 878 1712; x_wconf 83' lang='lat' dir='ltr'><strong>redundabit</strong></span> <span class='ocrx_word' id='word_1_260' title='bbox 905 1685 932 1712; x_wconf 91' lang='lat' dir='ltr'><strong>in</strong></span> <span class='ocrx_word' id='word_1_261' title='bbox 961 1685 1072 1720; x_wconf 82' lang='lat' dir='ltr'><strong>supple-</strong></span> 
     </span>
    </p>
   </div>
   <div class='ocr_carea' id='block_1_38' title="bbox 284 1727 1071 1763">
    <p class='ocr_par' dir='ltr' id='par_1_38' title="bbox 284 1727 1071 1763">
     <span class='ocr_line' id='line_1_38' title="bbox 284 1727 1071 1763; baseline 0.004 -9"><span class='ocrx_word' id='word_1_262' title='bbox 284 1731 406 1754; x_wconf 83' lang='lat' dir='ltr'><strong>mentum</strong></span> <span class='ocrx_word' id='word_1_263' title='bbox 434 1728 505 1763; x_wconf 82' lang='lat' dir='ltr'><strong>cjus.</strong></span> <span class='ocrx_word' id='word_1_264' title='bbox 536 1727 610 1762; x_wconf 90' lang='lat' dir='ltr'><strong>quod</strong></span> <span class='ocrx_word' id='word_1_265' title='bbox 633 1728 855 1756; x_wconf 83' lang='lat' dir='ltr'><strong>ministrantibus</strong></span> <span class='ocrx_word' id='word_1_266' title='bbox 878 1729 974 1757; x_wconf 88' lang='lat' dir='ltr'><strong>deest:</strong></span> <span class='ocrx_word' id='word_1_267' title='bbox 989 1730 1071 1758; x_wconf 84' lang='lat' dir='ltr'><strong>vicis-</strong></span> 
     </span>
    </p>
   </div>
   <div class='ocr_carea' id='block_1_39' title="bbox 284 1772 1071 1810">
    <p class='ocr_par' dir='ltr' id='par_1_39' title="bbox 284 1772 1071 1810">
     <span class='ocr_line' id='line_1_39' title="bbox 284 1772 1071 1810; baseline 0.005 -10"><span class='ocrx_word' id='word_1_268' title='bbox 284 1773 391 1807; x_wconf 88' lang='lat' dir='ltr'><strong>simque</strong></span> <span class='ocrx_word' id='word_1_269' title='bbox 406 1772 428 1799; x_wconf 93' lang='lat' dir='ltr'><strong>si</strong></span> <span class='ocrx_word' id='word_1_270' title='bbox 447 1772 514 1807; x_wconf 91' lang='lat' dir='ltr'><strong>quid</strong></span> <span class='ocrx_word' id='word_1_271' title='bbox 529 1773 712 1801; x_wconf 88' lang='lat' dir='ltr'><strong>Iucrabuntur</strong></span> <span class='ocrx_word' id='word_1_272' title='bbox 727 1774 927 1808; x_wconf 83' lang='lat' dir='ltr'><strong>ministrantes,</strong></span> <span class='ocrx_word' id='word_1_273' title='bbox 949 1775 1071 1810; x_wconf 86' lang='lat' dir='ltr'><strong>explebit</strong></span> 
     </span>
    </p>
   </div>
   <div class='ocr_carea' id='block_1_40' title="bbox 284 1817 1070 1856">
    <p class='ocr_par' dir='ltr' id='par_1_40' title="bbox 284 1817 1070 1856">
     <span class='ocr_line' id='line_1_40' title="bbox 284 1817 1070 1856; baseline 0.004 -11"><span class='ocrx_word' id='word_1_274' title='bbox 284 1817 311 1846; x_wconf 90' lang='lat' dir='ltr'><strong>in</strong></span> <span class='ocrx_word' id='word_1_275' title='bbox 331 1826 386 1853; x_wconf 90' lang='lat' dir='ltr'><strong>quo</strong></span> <span class='ocrx_word' id='word_1_276' title='bbox 402 1818 532 1846; x_wconf 85' lang='lat' dir='ltr'><strong>deﬁcient</strong></span> <span class='ocrx_word' id='word_1_277' title='bbox 546 1820 645 1848; x_wconf 86' lang='lat' dir='ltr'><strong>attenti</strong></span> <span class='ocrx_word' id='word_1_278' title='bbox 661 1821 843 1848; x_wconf 83' lang='lat' dir='ltr'><strong>orationibus.</strong></span> <span class='ocrx_word' id='word_1_279' title='bbox 859 1821 900 1848; x_wconf 86' lang='lat' dir='ltr'><strong>Ex</strong></span> <span class='ocrx_word' id='word_1_280' title='bbox 919 1829 974 1856; x_wconf 89' lang='lat' dir='ltr'><strong>qua</strong></span> <span class='ocrx_word' id='word_1_281' title='bbox 994 1829 1070 1849; x_wconf 91' lang='lat' dir='ltr'><strong>com-</strong></span> 
     </span>
    </p>
   </div>
   <div class='ocr_carea' id='block_1_41' title="bbox 281 1864 1069 1901">
    <p class='ocr_par' dir='ltr' id='par_1_41' title="bbox 281 1864 1069 1901">
     <span class='ocr_line' id='line_1_41' title="bbox 281 1864 1069 1901; baseline 0.005 -11"><span class='ocrx_word' id='word_1_282' title='bbox 281 1864 444 1899; x_wconf 85' lang='lat' dir='ltr'><strong>pensatione</strong></span> <span class='ocrx_word' id='word_1_283' title='bbox 476 1865 619 1899; x_wconf 69' lang='lat' dir='ltr'><strong>mqualitas</strong></span> <span class='ocrx_word' id='word_1_284' title='bbox 657 1866 744 1901; x_wconf 77' lang='lat' dir='ltr'><strong>magis</strong></span> <span class='ocrx_word' id='word_1_285' title='bbox 771 1866 882 1894; x_wconf 82' lang='lat' dir='ltr'><strong>videtur</strong></span> <span class='ocrx_word' id='word_1_286' title='bbox 910 1867 1069 1895; x_wconf 82' lang='lat' dir='ltr'><strong>conservari</strong></span> 
     </span>
    </p>
   </div>
   <div class='ocr_carea' id='block_1_42' title="bbox 282 1911 1067 1948">
    <p class='ocr_par' dir='ltr' id='par_1_42' title="bbox 282 1911 1067 1948">
     <span class='ocr_line' id='line_1_42' title="bbox 282 1911 1067 1948; baseline 0.004 -11"><span class='ocrx_word' id='word_1_287' title='bbox 282 1918 374 1945; x_wconf 88' lang='lat' dir='ltr'><strong>posse,</strong></span> <span class='ocrx_word' id='word_1_288' title='bbox 389 1918 509 1946; x_wconf 82' lang='lat' dir='ltr'><strong>congrue</strong></span> <span class='ocrx_word' id='word_1_289' title='bbox 524 1911 558 1938; x_wconf 90' lang='lat' dir='ltr'><strong>ad</strong></span> <span class='ocrx_word' id='word_1_290' title='bbox 578 1912 644 1940; x_wconf 91' lang='lat' dir='ltr'><strong>illud</strong></span> <span class='ocrx_word' id='word_1_291' title='bbox 664 1921 670 1939; x_wconf 76' lang='grc' dir='ltr'>ι</span> <span class='ocrx_word' id='word_1_292' title='bbox 684 1912 773 1948; x_wconf 88' lang='lat' dir='ltr'><strong>Neque</strong></span> <span class='ocrx_word' id='word_1_293' title='bbox 785 1913 830 1948; x_wconf 81' lang='lat' dir='ltr'><strong>qui</strong></span> <span class='ocrx_word' id='word_1_294' title='bbox 844 1913 956 1940; x_wconf 87' lang='lat' dir='ltr'><strong>multum</strong></span> <span class='ocrx_word' id='word_1_295' title='bbox 967 1913 1067 1946; x_wconf 82' lang='lat' dir='ltr'><strong>habuit,</strong></span> 
     </span>
    </p>
   </div>
   <div class='ocr_carea' id='block_1_43' title="bbox 282 1957 996 1994">
    <p class='ocr_par' dir='ltr' id='par_1_43' title="bbox 282 1957 996 1994">
     <span class='ocr_line' id='line_1_43' title="bbox 282 1957 996 1994; baseline 0.004 -11"><span class='ocrx_word' id='word_1_296' title='bbox 282 1957 435 1989; x_wconf 70' lang='lat' dir='ltr'><strong>abundavit,</strong></span> <span class='ocrx_word' id='word_1_297' title='bbox 451 1966 534 1993; x_wconf 80' lang='lat' dir='ltr'><strong>neque</strong></span> <span class='ocrx_word' id='word_1_298' title='bbox 547 1959 592 1994; x_wconf 81' lang='lat' dir='ltr'><strong>qui</strong></span> <span class='ocrx_word' id='word_1_299' title='bbox 603 1967 711 1994; x_wconf 82' lang='lat' dir='ltr'><strong>parum.</strong></span> <span class='ocrx_word' id='word_1_300' title='bbox 729 1959 856 1993; x_wconf 75' lang='lat' dir='ltr'><strong>defectum</strong></span> <span class='ocrx_word' id='word_1_301' title='bbox 870 1960 950 1986; x_wconf 73' lang='lat' dir='ltr'><strong>sensit</strong></span> <span class='ocrx_word' id='word_1_302' title='bbox 963 1959 996 1986; x_wconf 83' lang='lat'><strong>&quot;.</strong></span> 
     </span>
    </p>
   </div>
   <div class='ocr_carea' id='block_1_44' title="bbox 318 2002 1067 2037">
    <p class='ocr_par' dir='ltr' id='par_1_44' title="bbox 318 2002 1067 2037">
     <span class='ocr_line' id='line_1_44' title="bbox 318 2002 1067 2037; baseline 0.003 -7"><span class='ocrx_word' id='word_1_303' title='bbox 318 2002 396 2037; x_wconf 80' lang='grc'><strong>177</strong></span> <span class='ocrx_word' id='word_1_304' title='bbox 416 2002 450 2030; x_wconf 80' lang='grc' dir='ltr'><strong>Χ.</strong></span> <span class='ocrx_word' id='word_1_305' title='bbox 469 2003 547 2031; x_wconf 89' lang='lat' dir='ltr'><strong>Tunc</strong></span> <span class='ocrx_word' id='word_1_306' title='bbox 561 2004 590 2031; x_wconf 87' lang='lat' dir='ltr'><strong>Iit</strong></span> <span class='ocrx_word' id='word_1_307' title='bbox 605 2005 651 2031; x_wconf 89' lang='lat' dir='ltr'><strong>Dei</strong></span> <span class='ocrx_word' id='word_1_308' title='bbox 664 2004 790 2032; x_wconf 86' lang='lat' dir='ltr'><strong>voluntas</strong></span> <span class='ocrx_word' id='word_1_309' title='bbox 806 2005 871 2032; x_wconf 83' lang='lat' dir='ltr'><strong>sicut</strong></span> <span class='ocrx_word' id='word_1_310' title='bbox 888 2005 915 2031; x_wconf 85' lang='lat' dir='ltr'><strong>in</strong></span> <span class='ocrx_word' id='word_1_311' title='bbox 927 2004 990 2031; x_wconf 71' lang='lat' dir='ltr'><strong>caelo</strong></span> <span class='ocrx_word' id='word_1_312' title='bbox 1002 2008 1026 2031; x_wconf 80' lang='lat' dir='ltr'><strong>et</strong></span> <span class='ocrx_word' id='word_1_313' title='bbox 1040 2005 1067 2032; x_wconf 89' lang='lat' dir='ltr'><strong>in</strong></span> 
     </span>
    </p>
   </div>
   <div class='ocr_carea' id='block_1_45' title="bbox 282 2048 1067 2083">
    <p class='ocr_par' dir='ltr' id='par_1_45' title="bbox 282 2048 1067 2083">
     <span class='ocr_line' id='line_1_45' title="bbox 282 2048 1067 2083; baseline 0.005 -9"><span class='ocrx_word' id='word_1_314' title='bbox 282 2052 356 2074; x_wconf 80' lang='lat' dir='ltr'><strong>terra</strong></span> <span class='ocrx_word' id='word_1_315' title='bbox 370 2049 403 2081; x_wconf 69' lang='lat'><strong>“°,</strong></span> <span class='ocrx_word' id='word_1_316' title='bbox 418 2050 539 2083; x_wconf 85' lang='lat' dir='ltr'><strong>quando,</strong></span> <span class='ocrx_word' id='word_1_317' title='bbox 557 2055 588 2077; x_wconf 92' lang='lat' dir='ltr'><strong>ut</strong></span> <span class='ocrx_word' id='word_1_318' title='bbox 599 2048 702 2077; x_wconf 88' lang='lat' dir='ltr'><strong>dictum</strong></span> <span class='ocrx_word' id='word_1_319' title='bbox 718 2054 769 2083; x_wconf 89' lang='lat' dir='ltr'><strong>est,</strong></span> <span class='ocrx_word' id='word_1_320' title='bbox 788 2058 838 2077; x_wconf 88' lang='lat' dir='ltr'><strong>nos</strong></span> <span class='ocrx_word' id='word_1_321' title='bbox 854 2050 933 2077; x_wconf 88' lang='lat' dir='ltr'><strong>nobis</strong></span> <span class='ocrx_word' id='word_1_322' title='bbox 949 2051 1067 2078; x_wconf 87' lang='lat' dir='ltr'><strong>invicem</strong></span> 
     </span>
    </p>
   </div>
   <div class='ocr_carea' id='block_1_46' title="bbox 281 2095 1067 2130">
    <p class='ocr_par' dir='ltr' id='par_1_46' title="bbox 281 2095 1067 2130">
     <span class='ocr_line' id='line_1_46' title="bbox 281 2095 1067 2130; baseline 0.004 -10"><span class='ocrx_word' id='word_1_323' title='bbox 281 2101 336 2121; x_wconf 88' lang='lat' dir='ltr'><strong>non</strong></span> <span class='ocrx_word' id='word_1_324' title='bbox 351 2095 572 2128; x_wconf 74' lang='lat' dir='ltr'><strong>prmtulerimus;</strong></span> <span class='ocrx_word' id='word_1_325' title='bbox 598 2096 708 2130; x_wconf 86' lang='lat' dir='ltr'><strong>quando</strong></span> <span class='ocrx_word' id='word_1_326' title='bbox 729 2103 785 2122; x_wconf 86' lang='lat' dir='ltr'><strong>non</strong></span> <span class='ocrx_word' id='word_1_327' title='bbox 801 2096 890 2123; x_wconf 88' lang='lat' dir='ltr'><strong>solum</strong></span> <span class='ocrx_word' id='word_1_328' title='bbox 905 2096 964 2123; x_wconf 86' lang='lat' dir='ltr'><strong>sine</strong></span> <span class='ocrx_word' id='word_1_329' title='bbox 980 2103 1067 2123; x_wconf 61' lang='lat' dir='ltr'><strong>aemu-</strong></span> 
     </span>
    </p>
   </div>
   <div class='ocr_carea' id='block_1_47' title="bbox 281 2138 1066 2176">
    <p class='ocr_par' dir='ltr' id='par_1_47' title="bbox 281 2138 1066 2176">
     <span class='ocr_line' id='line_1_47' title="bbox 281 2138 1066 2176; baseline 0.005 -11"><span class='ocrx_word' id='word_1_330' title='bbox 281 2138 394 2171; x_wconf 87' lang='lat' dir='ltr'><strong>latione,</strong></span> <span class='ocrx_word' id='word_1_331' title='bbox 411 2139 458 2166; x_wconf 88' lang='lat' dir='ltr'><strong>sed</strong></span> <span class='ocrx_word' id='word_1_332' title='bbox 470 2143 498 2166; x_wconf 89' lang='lat' dir='ltr'><strong>et</strong></span> <span class='ocrx_word' id='word_1_333' title='bbox 510 2147 573 2167; x_wconf 90' lang='lat' dir='ltr'><strong>eum</strong></span> <span class='ocrx_word' id='word_1_334' title='bbox 591 2145 684 2167; x_wconf 87' lang='lat' dir='ltr'><strong>mutua</strong></span> <span class='ocrx_word' id='word_1_335' title='bbox 697 2140 867 2169; x_wconf 86' lang='lat' dir='ltr'><strong>exhibitione</strong></span> <span class='ocrx_word' id='word_1_336' title='bbox 882 2142 1066 2176; x_wconf 88' lang='lat' dir='ltr'><strong>simplicitatis</strong></span> 
     </span>
    </p>
   </div>
   <div class='ocr_carea' id='block_1_48' title="bbox 280 2184 1065 2220">
    <p class='ocr_par' dir='ltr' id='par_1_48' title="bbox 280 2184 1065 2220">
     <span class='ocr_line' id='line_1_48' title="bbox 280 2184 1065 2220; baseline 0.005 -10"><span class='ocrx_word' id='word_1_337' title='bbox 280 2188 308 2210; x_wconf 84' lang='lat' dir='ltr'><strong>ct</strong></span> <span class='ocrx_word' id='word_1_338' title='bbox 330 2184 482 2216; x_wconf 82' lang='lat' dir='ltr'><strong>charitatis.</strong></span> <span class='ocrx_word' id='word_1_339' title='bbox 502 2185 706 2220; x_wconf 82' lang='lat' dir='ltr'><strong>alaeritatisque</strong></span> <span class='ocrx_word' id='word_1_340' title='bbox 723 2186 789 2214; x_wconf 61' lang='lat' dir='ltr'><strong>la‘tze</strong></span> <span class='ocrx_word' id='word_1_341' title='bbox 807 2187 923 2214; x_wconf 90' lang='lat' dir='ltr'><strong>connexi</strong></span> <span class='ocrx_word' id='word_1_342' title='bbox 948 2187 1065 2215; x_wconf 86' lang='lat' dir='ltr'><strong>invicem</strong></span> 
     </span>
    </p>
   </div>
   <div class='ocr_carea' id='block_1_49' title="bbox 1130 265 1600 302">
    <p class='ocr_par' dir='ltr' id='par_1_49' title="bbox 1130 265 1600 302">
     <span class='ocr_line' id='line_1_49' title="bbox 1130 265 1600 302; baseline 0.002 -9"><span class='ocrx_word' id='word_1_343' title='bbox 1130 266 1328 302; x_wconf 79' lang='grc' dir='ltr'>εὑπρόσδεκτον</span> <span class='ocrx_word' id='word_1_344' title='bbox 1341 266 1381 302; x_wconf 85' lang='grc' dir='ltr'>τῷ</span> <span class='ocrx_word' id='word_1_345' title='bbox 1397 265 1457 302; x_wconf 83' lang='grc' dir='ltr'><strong>Θεῷ</strong></span> <span class='ocrx_word' id='word_1_346' title='bbox 1467 266 1600 301; x_wconf 83' lang='grc' dir='ltr'>γίνεσθαι.</span> 
     </span>
    </p>
   </div>
   <div class='ocr_carea' id='block_1_50' title="bbox 1167 355 1919 394">
    <p class='ocr_par' dir='ltr' id='par_1_50' title="bbox 1167 355 1919 394">
     <span class='ocr_line' id='line_1_50' title="bbox 1167 355 1919 394; baseline 0.004 -10"><span class='ocrx_word' id='word_1_347' title='bbox 1167 355 1209 385; x_wconf 79' lang='lat' dir='ltr'><strong>ﬂ&#39;.</strong></span> <span class='ocrx_word' id='word_1_348' title='bbox 1225 356 1351 392; x_wconf 70' lang='grc' dir='ltr'>Τοσαύτη</span> <span class='ocrx_word' id='word_1_349' title='bbox 1365 356 1557 392; x_wconf 68' lang='grc' dir='ltr'>φιλανῦρωπίᾳ</span> <span class='ocrx_word' id='word_1_350' title='bbox 1580 356 1628 383; x_wconf 80' lang='grc' dir='ltr'><strong>καὶ</strong></span> <span class='ocrx_word' id='word_1_351' title='bbox 1653 357 1803 393; x_wconf 77' lang='grc' dir='ltr'>ἀγαοότητι</span> <span class='ocrx_word' id='word_1_352' title='bbox 1817 359 1850 394; x_wconf 82' lang='grc' dir='ltr'><strong>(ὦ</strong></span> <span class='ocrx_word' id='word_1_353' title='bbox 1863 359 1919 387; x_wconf 78' lang='grc' dir='ltr'><strong>τῶν</strong></span> 
     </span>
    </p>
   </div>
   <div class='ocr_carea' id='block_1_51' title="bbox 1132 401 1919 440">
    <p class='ocr_par' dir='ltr' id='par_1_51' title="bbox 1132 401 1919 440">
     <span class='ocr_line' id='line_1_51' title="bbox 1132 401 1919 440; baseline 0.004 -10"><span class='ocrx_word' id='word_1_354' title='bbox 1132 403 1214 432; x_wconf 75' lang='grc' dir='ltr'>Θειων</span> <span class='ocrx_word' id='word_1_355' title='bbox 1233 403 1396 438; x_wconf 79' lang='grc' dir='ltr'><strong>σπλάγχνων</strong></span> <span class='ocrx_word' id='word_1_356' title='bbox 1420 401 1485 438; x_wconf 67' lang='grc' dir='ltr'>περὶ</span> <span class='ocrx_word' id='word_1_357' title='bbox 1509 402 1612 438; x_wconf 80' lang='grc' dir='ltr'>ἡμᾶςῐ)</span> <span class='ocrx_word' id='word_1_358' title='bbox 1629 404 1785 440; x_wconf 83' lang='grc' dir='ltr'>συγκατέση</span> <span class='ocrx_word' id='word_1_359' title='bbox 1799 406 1855 437; x_wconf 76' lang='grc' dir='ltr'>τοῖς</span> <span class='ocrx_word' id='word_1_360' title='bbox 1869 407 1919 433; x_wconf 57' lang='grc' dir='ltr'><strong>ἀν-</strong></span> 
     </span>
    </p>
   </div>
   <div class='ocr_carea' id='block_1_52' title="bbox 1132 448 1920 486">
    <p class='ocr_par' dir='ltr' id='par_1_52' title="bbox 1132 448 1920 486">
     <span class='ocr_line' id='line_1_52' title="bbox 1132 448 1920 486; baseline 0.004 -11"><span class='ocrx_word' id='word_1_361' title='bbox 1132 449 1250 484; x_wconf 83' lang='grc' dir='ltr'><strong>θρώποις</strong></span> <span class='ocrx_word' id='word_1_362' title='bbox 1262 450 1276 475; x_wconf 87' lang='grc' dir='ltr'>ὁ</span> <span class='ocrx_word' id='word_1_363' title='bbox 1292 449 1406 483; x_wconf 80' lang='grc' dir='ltr'>Κύριος,</span> <span class='ocrx_word' id='word_1_364' title='bbox 1427 448 1508 474; x_wconf 82' lang='grc' dir='ltr'>τοῦτο</span> <span class='ocrx_word' id='word_1_365' title='bbox 1521 450 1794 484; x_wconf 80' lang='grc' dir='ltr'>πραγματευόμενος,</span> <span class='ocrx_word' id='word_1_366' title='bbox 1814 451 1845 478; x_wconf 74' lang='grc' dir='ltr'><strong>τὸ</strong></span> <span class='ocrx_word' id='word_1_367' title='bbox 1864 461 1920 486; x_wconf 88' lang='grc' dir='ltr'>μη-</span> 
     </span>
    </p>
   </div>
   <div class='ocr_carea' id='block_1_53' title="bbox 1131 493 1919 530">
    <p class='ocr_par' dir='ltr' id='par_1_53' title="bbox 1131 493 1919 530">
     <span class='ocr_line' id='line_1_53' title="bbox 1131 493 1919 530; baseline 0.003 -8"><span class='ocrx_word' id='word_1_368' title='bbox 1131 494 1195 522; x_wconf 80' lang='grc' dir='ltr'>δένα</span> <span class='ocrx_word' id='word_1_369' title='bbox 1215 494 1297 530; x_wconf 74' lang='grc' dir='ltr'>ἔργου</span> <span class='ocrx_word' id='word_1_370' title='bbox 1314 493 1418 528; x_wconf 79' lang='grc' dir='ltr'>ἀγαθοῦ</span> <span class='ocrx_word' id='word_1_371' title='bbox 1441 494 1536 528; x_wconf 83' lang='grc' dir='ltr'>μισοδν</span> <span class='ocrx_word' id='word_1_372' title='bbox 1549 495 1691 529; x_wconf 78' lang='grc' dir='ltr'>παριδεῖν·</span> <span class='ocrx_word' id='word_1_373' title='bbox 1713 495 1770 522; x_wconf 78' lang='grc' dir='ltr'>ἀλλ’</span> <span class='ocrx_word' id='word_1_374' title='bbox 1790 497 1844 523; x_wconf 73' lang='grc' dir='ltr'><strong>ἀπὸ</strong></span> <span class='ocrx_word' id='word_1_375' title='bbox 1864 498 1919 524; x_wconf 79' lang='grc' dir='ltr'>τῶν</span> 
     </span>
    </p>
   </div>
   <div class='ocr_carea' id='block_1_54' title="bbox 1133 539 1918 576">
    <p class='ocr_par' dir='ltr' id='par_1_54' title="bbox 1133 539 1918 576">
     <span class='ocr_line' id='line_1_54' title="bbox 1133 539 1918 576; baseline 0.004 -10"><span class='ocrx_word' id='word_1_376' title='bbox 1133 540 1239 576; x_wconf 79' lang='grc' dir='ltr'>μικρῶν</span> <span class='ocrx_word' id='word_1_377' title='bbox 1248 540 1295 566; x_wconf 68' lang='grc' dir='ltr'><strong>ἐπὶ</strong></span> <span class='ocrx_word' id='word_1_378' title='bbox 1307 540 1356 572; x_wconf 81' lang='grc' dir='ltr'><strong>τὰς</strong></span> <span class='ocrx_word' id='word_1_379' title='bbox 1369 539 1481 575; x_wconf 75' lang='grc' dir='ltr'><strong>μείζους</strong></span> <span class='ocrx_word' id='word_1_380' title='bbox 1496 540 1549 566; x_wconf 82' lang='grc' dir='ltr'><strong>τῶν</strong></span> <span class='ocrx_word' id='word_1_381' title='bbox 1564 540 1680 576; x_wconf 80' lang='grc' dir='ltr'><strong>ἀρετῶν,</strong></span> <span class='ocrx_word' id='word_1_382' title='bbox 1696 542 1800 573; x_wconf 63' lang='grc' dir='ltr'>πάντας</span> <span class='ocrx_word' id='word_1_383' title='bbox 1814 543 1918 575; x_wconf 76' lang='grc' dir='ltr'>ἀναγα-</span> 
     </span>
    </p>
   </div>
   <div class='ocr_carea' id='block_1_55' title="bbox 1132 586 1918 622">
    <p class='ocr_par' dir='ltr' id='par_1_55' title="bbox 1132 586 1918 622">
     <span class='ocr_line' id='line_1_55' title="bbox 1132 586 1918 622; baseline 0.003 -10"><span class='ocrx_word' id='word_1_384' title='bbox 1132 587 1190 620; x_wconf 83' lang='grc' dir='ltr'>γεῖν</span> <span class='ocrx_word' id='word_1_385' title='bbox 1204 593 1210 600; x_wconf 89' lang='grc'><strong>·</strong></span> <span class='ocrx_word' id='word_1_386' title='bbox 1226 586 1256 612; x_wconf 79' lang='grc' dir='ltr'>τὸ</span> <span class='ocrx_word' id='word_1_387' title='bbox 1273 586 1340 621; x_wconf 76' lang='grc' dir='ltr'>μηδὲ</span> <span class='ocrx_word' id='word_1_388' title='bbox 1359 586 1489 622; x_wconf 85' lang='grc' dir='ltr'>ποτήριον</span> <span class='ocrx_word' id='word_1_389' title='bbox 1510 586 1615 620; x_wconf 82' lang='grc' dir='ltr'>ψυχροῦ</span> <span class='ocrx_word' id='word_1_390' title='bbox 1639 586 1733 618; x_wconf 75' lang='grc' dir='ltr'>ὕδατος</span> <span class='ocrx_word' id='word_1_391' title='bbox 1756 588 1918 622; x_wconf 75' lang='grc' dir='ltr'>ἀποστερεῖν</span> 
     </span>
    </p>
   </div>
   <div class='ocr_carea' id='block_1_56' title="bbox 1131 632 1920 668">
    <p class='ocr_par' dir='ltr' id='par_1_56' title="bbox 1131 632 1920 668">
     <span class='ocr_line' id='line_1_56' title="bbox 1131 632 1920 668; baseline 0.004 -10"><span class='ocrx_word' id='word_1_392' title='bbox 1131 632 1302 663; x_wconf 62' lang='grc' dir='ltr'>ἀντιδόσεως.</span> <span class='ocrx_word' id='word_1_393' title='bbox 1317 632 1416 668; x_wconf 81' lang='grc' dir='ltr'>Εἴρηκε</span> <span class='ocrx_word' id='word_1_394' title='bbox 1433 632 1487 667; x_wconf 87' lang='grc' dir='ltr'>γάρ</span> <span class='ocrx_word' id='word_1_395' title='bbox 1500 640 1506 647; x_wconf 93' lang='grc'><strong>·</strong></span> <span class='ocrx_word' id='word_1_396' title='bbox 1522 632 1575 665; x_wconf 73' lang='grc' dir='ltr'>⁸ος</span> <span class='ocrx_word' id='word_1_397' title='bbox 1590 632 1629 658; x_wconf 76' lang='grc' dir='ltr'>ἂν</span> <span class='ocrx_word' id='word_1_398' title='bbox 1647 633 1758 668; x_wconf 78' lang='grc' dir='ltr'><em>ποτίσῃ</em></span> <span class='ocrx_word' id='word_1_399' title='bbox 1776 634 1920 668; x_wconf 75' lang='grc' dir='ltr'>ποτήριον</span> 
     </span>
    </p>
   </div>
   <div class='ocr_carea' id='block_1_57' title="bbox 1131 677 1919 714">
    <p class='ocr_par' dir='ltr' id='par_1_57' title="bbox 1131 677 1919 714">
     <span class='ocr_line' id='line_1_57' title="bbox 1131 677 1919 714; baseline 0.003 -10"><span class='ocrx_word' id='word_1_400' title='bbox 1131 677 1253 712; x_wconf 74' lang='grc' dir='ltr'>ψυχροῦ</span> <span class='ocrx_word' id='word_1_401' title='bbox 1269 680 1367 711; x_wconf 81' lang='grc' dir='ltr'>μόνον</span> <span class='ocrx_word' id='word_1_402' title='bbox 1393 678 1436 710; x_wconf 84' lang='grc' dir='ltr'>εις</span> <span class='ocrx_word' id='word_1_403' title='bbox 1453 677 1546 713; x_wconf 76' lang='grc' dir='ltr'>ὄνομα</span> <span class='ocrx_word' id='word_1_404' title='bbox 1567 678 1713 712; x_wconf 79' lang='grc' dir='ltr'>μαθητοῦ,</span> <span class='ocrx_word' id='word_1_405' title='bbox 1735 679 1818 712; x_wconf 77' lang='grc' dir='ltr'><strong>ἀμὴν</strong></span> <span class='ocrx_word' id='word_1_406' title='bbox 1841 680 1919 714; x_wconf 72' lang='grc' dir='ltr'>λέγω</span> 
     </span>
    </p>
   </div>
   <div class='ocr_carea' id='block_1_58' title="bbox 1132 722 1919 757">
    <p class='ocr_par' dir='ltr' id='par_1_58' title="bbox 1132 722 1919 757">
     <span class='ocr_line' id='line_1_58' title="bbox 1132 722 1919 757; baseline 0.003 -7"><span class='ocrx_word' id='word_1_407' title='bbox 1132 722 1212 757; x_wconf 73' lang='grc' dir='ltr'>ὑμῖν,</span> <span class='ocrx_word' id='word_1_408' title='bbox 1243 723 1278 749; x_wconf 86' lang='grc' dir='ltr'><strong>οὐ</strong></span> <span class='ocrx_word' id='word_1_409' title='bbox 1304 722 1347 757; x_wconf 83' lang='grc' dir='ltr'>μὴ</span> <span class='ocrx_word' id='word_1_410' title='bbox 1367 723 1511 750; x_wconf 73' lang='grc' dir='ltr'><em>ἀπολέσει</em></span> <span class='ocrx_word' id='word_1_411' title='bbox 1536 724 1589 749; x_wconf 76' lang='grc' dir='ltr'>τὸν</span> <span class='ocrx_word' id='word_1_412' title='bbox 1614 723 1728 757; x_wconf 70' lang='grc' dir='ltr'>μισθὸν</span> <span class='ocrx_word' id='word_1_413' title='bbox 1745 724 1849 751; x_wconf 83' lang='grc' dir='ltr'>αὐτοῦ·</span> <span class='ocrx_word' id='word_1_414' title='bbox 1871 725 1919 752; x_wconf 79' lang='grc' dir='ltr'><strong>καὶ</strong></span> 
     </span>
    </p>
   </div>
   <div class='ocr_carea' id='block_1_59' title="bbox 1132 767 1917 804">
    <p class='ocr_par' dir='ltr' id='par_1_59' title="bbox 1132 767 1917 804">
     <span class='ocr_line' id='line_1_59' title="bbox 1132 767 1917 804; baseline 0.001 -9"><span class='ocrx_word' id='word_1_415' title='bbox 1132 767 1209 800; x_wconf 77' lang='grc' dir='ltr'>αὖθις</span> <span class='ocrx_word' id='word_1_416' title='bbox 1225 777 1233 784; x_wconf 73' lang='grc' dir='ltr'><strong>ο</strong></span> <span class='ocrx_word' id='word_1_417' title='bbox 1271 769 1333 803; x_wconf 73' lang='grc' dir='ltr'><strong>Ἐφ’</strong></span> <span class='ocrx_word' id='word_1_418' title='bbox 1364 768 1440 795; x_wconf 82' lang='grc' dir='ltr'>ὅσον</span> <span class='ocrx_word' id='word_1_419' title='bbox 1463 768 1508 795; x_wconf 73' lang='grc' dir='ltr'><strong>ἐνὶ</strong></span> <span class='ocrx_word' id='word_1_420' title='bbox 1541 768 1630 795; x_wconf 84' lang='grc' dir='ltr'>τοῦτο</span> <span class='ocrx_word' id='word_1_421' title='bbox 1655 769 1829 802; x_wconf 71' lang='grc' dir='ltr'>ἐποιήσατε,</span> <span class='ocrx_word' id='word_1_422' title='bbox 1853 771 1917 804; x_wconf 74' lang='grc' dir='ltr'>ἐμοὶ</span> 
     </span>
    </p>
   </div>
   <div class='ocr_carea' id='block_1_60' title="bbox 1131 811 1917 850">
    <p class='ocr_par' dir='ltr' id='par_1_60' title="bbox 1131 811 1917 850">
     <span class='ocr_line' id='line_1_60' title="bbox 1131 811 1917 850; baseline 0.005 -13"><span class='ocrx_word' id='word_1_423' title='bbox 1131 811 1306 846; x_wconf 77' lang='grc' dir='ltr'>ἐποιήσατε.</span> <span class='ocrx_word' id='word_1_424' title='bbox 1321 812 1409 839; x_wconf 84' lang='grc' dir='ltr'><strong>Μόνον</strong></span> <span class='ocrx_word' id='word_1_425' title='bbox 1422 812 1493 839; x_wconf 72' lang='grc' dir='ltr'>κατὰ</span> <span class='ocrx_word' id='word_1_426' title='bbox 1520 812 1586 838; x_wconf 70' lang='grc' dir='ltr'>Θεὸν</span> <span class='ocrx_word' id='word_1_427' title='bbox 1600 812 1630 839; x_wconf 78' lang='grc' dir='ltr'><strong>τὸ</strong></span> <span class='ocrx_word' id='word_1_428' title='bbox 1652 814 1802 848; x_wconf 68' lang='grc' dir='ltr'>γινόμενον,</span> <span class='ocrx_word' id='word_1_429' title='bbox 1819 815 1866 841; x_wconf 75' lang='grc' dir='ltr'><strong>καὶ</strong></span> <span class='ocrx_word' id='word_1_430' title='bbox 1879 815 1917 850; x_wconf 83' lang='grc' dir='ltr'>μὴ</span> 
     </span>
    </p>
   </div>
   <div class='ocr_carea' id='block_1_61' title="bbox 1133 857 1918 893">
    <p class='ocr_par' dir='ltr' id='par_1_61' title="bbox 1133 857 1918 893">
     <span class='ocr_line' id='line_1_61' title="bbox 1133 857 1918 893; baseline 0.003 -9"><span class='ocrx_word' id='word_1_431' title='bbox 1133 857 1202 884; x_wconf 73' lang='grc' dir='ltr'>κατὰ</span> <span class='ocrx_word' id='word_1_432' title='bbox 1226 857 1304 890; x_wconf 71' lang='grc' dir='ltr'>δόξαν</span> <span class='ocrx_word' id='word_1_433' title='bbox 1328 857 1455 891; x_wconf 72' lang='grc' dir='ltr'>γινέσθω.</span> <span class='ocrx_word' id='word_1_434' title='bbox 1474 858 1628 893; x_wconf 81' lang='grc' dir='ltr'>προσέθηκε</span> <span class='ocrx_word' id='word_1_435' title='bbox 1651 859 1706 893; x_wconf 74' lang='grc' dir='ltr'>γάρ</span> <span class='ocrx_word' id='word_1_436' title='bbox 1724 866 1730 872; x_wconf 90' lang='grc'>·</span> <span class='ocrx_word' id='word_1_437' title='bbox 1753 860 1851 893; x_wconf 79' lang='grc' dir='ltr'>μόνον</span> <span class='ocrx_word' id='word_1_438' title='bbox 1873 861 1918 892; x_wconf 82' lang='grc' dir='ltr'>εἰς</span> 
     </span>
    </p>
   </div>
   <div class='ocr_carea' id='block_1_62' title="bbox 1131 903 1916 941">
    <p class='ocr_par' dir='ltr' id='par_1_62' title="bbox 1131 903 1916 941">
     <span class='ocr_line' id='line_1_62' title="bbox 1131 903 1916 941; baseline 0.001 -10"><span class='ocrx_word' id='word_1_439' title='bbox 1131 903 1223 938; x_wconf 81' lang='grc' dir='ltr'>ὄνομα</span> <span class='ocrx_word' id='word_1_440' title='bbox 1234 903 1370 938; x_wconf 78' lang='grc' dir='ltr'><strong>μαθητοῦ</strong></span> <span class='ocrx_word' id='word_1_441' title='bbox 1381 911 1388 918; x_wconf 93' lang='grc'><strong>·</strong></span> <span class='ocrx_word' id='word_1_442' title='bbox 1399 903 1521 930; x_wconf 77' lang='grc' dir='ltr'><strong>τουτέστι</strong></span> <span class='ocrx_word' id='word_1_443' title='bbox 1533 904 1608 939; x_wconf 73' lang='grc' dir='ltr'><strong>φόὸῳ</strong></span> <span class='ocrx_word' id='word_1_444' title='bbox 1622 905 1669 930; x_wconf 72' lang='grc' dir='ltr'>καὶ</span> <span class='ocrx_word' id='word_1_445' title='bbox 1681 905 1776 941; x_wconf 79' lang='grc' dir='ltr'>ἀγάπῃ</span> <span class='ocrx_word' id='word_1_446' title='bbox 1786 905 1916 940; x_wconf 76' lang='grc' dir='ltr'><strong>Χριστοῦ·</strong></span> 
     </span>
    </p>
   </div>
   <div class='ocr_carea' id='block_1_63' title="bbox 1127 952 1917 988">
    <p class='ocr_par' dir='ltr' id='par_1_63' title="bbox 1127 952 1917 988">
     <span class='ocr_line' id='line_1_63' title="bbox 1127 952 1917 988; baseline 0.003 -10"><span class='ocrx_word' id='word_1_447' title='bbox 1127 954 1184 984; x_wconf 80' lang='grc' dir='ltr'>τοῖς</span> <span class='ocrx_word' id='word_1_448' title='bbox 1205 953 1259 988; x_wconf 70' lang='grc' dir='ltr'><strong>γὰρ</strong></span> <span class='ocrx_word' id='word_1_449' title='bbox 1290 952 1482 983; x_wconf 76' lang='grc' dir='ltr'><strong>ἐπιδεικτικῶς</strong></span> <span class='ocrx_word' id='word_1_450' title='bbox 1512 952 1543 978; x_wconf 73' lang='grc' dir='ltr'><strong>τὸ</strong></span> <span class='ocrx_word' id='word_1_451' title='bbox 1578 953 1680 986; x_wconf 67' lang='grc' dir='ltr'>ἀγαθὸν</span> <span class='ocrx_word' id='word_1_452' title='bbox 1722 953 1846 988; x_wconf 71' lang='grc' dir='ltr'>μετιοῦσι</span> <span class='ocrx_word' id='word_1_453' title='bbox 1869 954 1917 980; x_wconf 68' lang='grc' dir='ltr'><strong>καὶ</strong></span> 
     </span>
    </p>
   </div>
   <div class='ocr_carea' id='block_1_64' title="bbox 1130 998 1915 1035">
    <p class='ocr_par' dir='ltr' id='par_1_64' title="bbox 1130 998 1915 1035">
     <span class='ocr_line' id='line_1_64' title="bbox 1130 998 1915 1035; baseline 0.003 -11"><span class='ocrx_word' id='word_1_454' title='bbox 1130 998 1308 1034; x_wconf 80' lang='grc' dir='ltr'>μεμφόμενος</span> <span class='ocrx_word' id='word_1_455' title='bbox 1327 999 1341 1024; x_wconf 83' lang='grc' dir='ltr'>ὁ</span> <span class='ocrx_word' id='word_1_456' title='bbox 1359 998 1471 1032; x_wconf 83' lang='grc' dir='ltr'>Κύριος,</span> <span class='ocrx_word' id='word_1_457' title='bbox 1490 998 1627 1033; x_wconf 80' lang='grc' dir='ltr'><strong>ἀποφάσει</strong></span> <span class='ocrx_word' id='word_1_458' title='bbox 1657 998 1755 1035; x_wconf 75' lang='grc' dir='ltr'>βεϐαίᾳ</span> <span class='ocrx_word' id='word_1_459' title='bbox 1776 999 1821 1026; x_wconf 71' lang='grc' dir='ltr'><strong>τὸν</strong></span> <span class='ocrx_word' id='word_1_460' title='bbox 1834 999 1915 1033; x_wconf 86' lang='grc' dir='ltr'>λόγον</span> 
     </span>
    </p>
   </div>
   <div class='ocr_carea' id='block_1_65' title="bbox 1126 1044 1916 1080">
    <p class='ocr_par' dir='ltr' id='par_1_65' title="bbox 1126 1044 1916 1080">
     <span class='ocr_line' id='line_1_65' title="bbox 1126 1044 1916 1080; baseline 0.001 -9"><span class='ocrx_word' id='word_1_461' title='bbox 1126 1044 1343 1079; x_wconf 68' lang='grc' dir='ltr'>ἁσςξαλιζύμενος</span> <span class='ocrx_word' id='word_1_462' title='bbox 1366 1045 1474 1078; x_wconf 75' lang='grc' dir='ltr'>ἐπάγει,</span> <span class='ocrx_word' id='word_1_463' title='bbox 1492 1044 1578 1078; x_wconf 80' lang='grc' dir='ltr'>λέγων</span> <span class='ocrx_word' id='word_1_464' title='bbox 1592 1055 1599 1062; x_wconf 76' lang='grc' dir='ltr'><strong>ο</strong></span> <span class='ocrx_word' id='word_1_465' title='bbox 1622 1044 1716 1079; x_wconf 76' lang='grc' dir='ltr'>Ἀμὴν</span> <span class='ocrx_word' id='word_1_466' title='bbox 1730 1045 1808 1079; x_wconf 76' lang='grc' dir='ltr'>λέγω</span> <span class='ocrx_word' id='word_1_467' title='bbox 1823 1045 1896 1080; x_wconf 75' lang='grc' dir='ltr'>ὑμῖν</span> <span class='ocrx_word' id='word_1_468' title='bbox 1908 1053 1916 1060; x_wconf 86' lang='lat'>&#39;</span> 
     </span>
    </p>
   </div>
   <div class='ocr_carea' id='block_1_66' title="bbox 1125 1090 1596 1126">
    <p class='ocr_par' dir='ltr' id='par_1_66' title="bbox 1125 1090 1596 1126">
     <span class='ocr_line' id='line_1_66' title="bbox 1125 1090 1596 1126; baseline 0 -8"><span class='ocrx_word' id='word_1_469' title='bbox 1125 1090 1277 1124; x_wconf 81' lang='grc' dir='ltr'><strong>ἀπέχουσι</strong></span> <span class='ocrx_word' id='word_1_470' title='bbox 1294 1090 1349 1118; x_wconf 76' lang='grc' dir='ltr'><strong>τὸν</strong></span> <span class='ocrx_word' id='word_1_471' title='bbox 1358 1091 1474 1126; x_wconf 78' lang='grc' dir='ltr'>μισθὸν</span> <span class='ocrx_word' id='word_1_472' title='bbox 1485 1091 1596 1118; x_wconf 75' lang='grc' dir='ltr'>αὐτῶν.</span> 
     </span>
    </p>
   </div>
   <div class='ocr_carea' id='block_1_67' title="bbox 1159 1175 1911 1214">
    <p class='ocr_par' dir='ltr' id='par_1_67' title="bbox 1159 1175 1911 1214">
     <span class='ocr_line' id='line_1_67' title="bbox 1159 1175 1911 1214; baseline 0.003 -10"><span class='ocrx_word' id='word_1_473' title='bbox 1159 1175 1198 1205; x_wconf 84' lang='grc' dir='ltr'><strong>Θ’.</strong></span> <span class='ocrx_word' id='word_1_474' title='bbox 1235 1176 1269 1204; x_wconf 83' lang='lat' dir='ltr'><strong>&#39;Ii</strong></span> <span class='ocrx_word' id='word_1_475' title='bbox 1284 1177 1406 1212; x_wconf 78' lang='grc' dir='ltr'><strong>ἁπλότης</strong></span> <span class='ocrx_word' id='word_1_476' title='bbox 1429 1177 1483 1213; x_wconf 79' lang='grc' dir='ltr'><strong>πρὸ</strong></span> <span class='ocrx_word' id='word_1_477' title='bbox 1508 1177 1562 1204; x_wconf 81' lang='grc' dir='ltr'><strong>τῶν</strong></span> <span class='ocrx_word' id='word_1_478' title='bbox 1582 1177 1670 1205; x_wconf 79' lang='grc' dir='ltr'>ἄλλων</span> <span class='ocrx_word' id='word_1_479' title='bbox 1691 1178 1771 1214; x_wconf 70' lang='grc' dir='ltr'>καλή</span> <span class='ocrx_word' id='word_1_480' title='bbox 1795 1179 1911 1214; x_wconf 64' lang='grc' dir='ltr'>ἀφέλεια</span> 
     </span>
    </p>
   </div>
   <div class='ocr_carea' id='block_1_68' title="bbox 1124 1223 1913 1260">
    <p class='ocr_par' dir='ltr' id='par_1_68' title="bbox 1124 1223 1913 1260">
     <span class='ocr_line' id='line_1_68' title="bbox 1124 1223 1913 1260; baseline 0.003 -10"><span class='ocrx_word' id='word_1_481' title='bbox 1124 1223 1172 1250; x_wconf 78' lang='grc' dir='ltr'><strong>καὶ</strong></span> <span class='ocrx_word' id='word_1_482' title='bbox 1189 1224 1206 1259; x_wconf 81' lang='grc' dir='ltr'><strong>ἡ</strong></span> <span class='ocrx_word' id='word_1_483' title='bbox 1225 1224 1294 1258; x_wconf 70' lang='grc' dir='ltr'>πρὸς</span> <span class='ocrx_word' id='word_1_484' title='bbox 1305 1223 1437 1259; x_wconf 76' lang='grc' dir='ltr'><strong>ἀλλήλους</strong></span> <span class='ocrx_word' id='word_1_485' title='bbox 1450 1224 1556 1258; x_wconf 83' lang='grc' dir='ltr'><strong>ἀγάπη,</strong></span> <span class='ocrx_word' id='word_1_486' title='bbox 1574 1225 1620 1251; x_wconf 80' lang='grc' dir='ltr'><strong>καὶ</strong></span> <span class='ocrx_word' id='word_1_487' title='bbox 1642 1225 1723 1260; x_wconf 77' lang='grc' dir='ltr'>χαρὰ,</span> <span class='ocrx_word' id='word_1_488' title='bbox 1752 1225 1799 1252; x_wconf 75' lang='grc' dir='ltr'><strong>καὶ</strong></span> <span class='ocrx_word' id='word_1_489' title='bbox 1814 1227 1913 1252; x_wconf 83' lang='grc' dir='ltr'>ταπεί-</span> 
     </span>
    </p>
   </div>
   <div class='ocr_carea' id='block_1_69' title="bbox 1123 1269 1914 1306">
    <p class='ocr_par' dir='ltr' id='par_1_69' title="bbox 1123 1269 1914 1306">
     <span class='ocr_line' id='line_1_69' title="bbox 1123 1269 1914 1306; baseline 0.003 -10"><span class='ocrx_word' id='word_1_490' title='bbox 1123 1279 1216 1301; x_wconf 86' lang='grc' dir='ltr'>νωσις,</span> <span class='ocrx_word' id='word_1_491' title='bbox 1232 1270 1263 1296; x_wconf 77' lang='grc' dir='ltr'><strong>ὲκ</strong></span> <span class='ocrx_word' id='word_1_492' title='bbox 1280 1270 1380 1301; x_wconf 76' lang='grc' dir='ltr'>παντὸς</span> <span class='ocrx_word' id='word_1_493' title='bbox 1400 1269 1513 1305; x_wconf 79' lang='grc' dir='ltr'>τρόπου,</span> <span class='ocrx_word' id='word_1_494' title='bbox 1529 1269 1624 1305; x_wconf 83' lang='grc' dir='ltr'>ὥσπερ</span> <span class='ocrx_word' id='word_1_495' title='bbox 1643 1279 1685 1302; x_wconf 84' lang='grc' dir='ltr'><strong>τις</strong></span> <span class='ocrx_word' id='word_1_496' title='bbox 1703 1271 1828 1306; x_wconf 80' lang='grc' dir='ltr'><strong>θεμέλιος</strong></span> <span class='ocrx_word' id='word_1_497' title='bbox 1843 1272 1914 1298; x_wconf 83' lang='grc' dir='ltr'><strong>ὑπο-</strong></span> 
     </span>
    </p>
   </div>
   <div class='ocr_carea' id='block_1_70' title="bbox 1124 1315 1913 1352">
    <p class='ocr_par' dir='ltr' id='par_1_70' title="bbox 1124 1315 1913 1352">
     <span class='ocr_line' id='line_1_70' title="bbox 1124 1315 1913 1352; baseline 0.001 -10"><span class='ocrx_word' id='word_1_498' title='bbox 1124 1315 1319 1350; x_wconf 76' lang='grc' dir='ltr'>ϐεϐλήσθωσαν</span> <span class='ocrx_word' id='word_1_499' title='bbox 1338 1316 1367 1342; x_wconf 74' lang='grc' dir='ltr'>ἐν</span> <span class='ocrx_word' id='word_1_500' title='bbox 1393 1318 1426 1351; x_wconf 83' lang='grc' dir='ltr'><strong>τῇ</strong></span> <span class='ocrx_word' id='word_1_501' title='bbox 1449 1315 1622 1352; x_wconf 78' lang='grc' dir='ltr'><strong>ἀδελφότητι,</strong></span> <span class='ocrx_word' id='word_1_502' title='bbox 1650 1316 1692 1343; x_wconf 77' lang='grc' dir='ltr'>ἵνα</span> <span class='ocrx_word' id='word_1_503' title='bbox 1722 1317 1759 1352; x_wconf 84' lang='grc' dir='ltr'>μὴ</span> <span class='ocrx_word' id='word_1_504' title='bbox 1788 1317 1913 1352; x_wconf 83' lang='grc' dir='ltr'>ἀλλήλων</span> 
     </span>
    </p>
   </div>
   <div class='ocr_carea' id='block_1_71' title="bbox 1123 1354 1912 1397">
    <p class='ocr_par' dir='ltr' id='par_1_71' title="bbox 1123 1354 1912 1397">
     <span class='ocr_line' id='line_1_71' title="bbox 1123 1354 1912 1397; baseline 0.003 -10"><span class='ocrx_word' id='word_1_505' title='bbox 1123 1361 1366 1395; x_wconf 74' lang='grc' dir='ltr'>κατεπαιρόμενοι,</span> <span class='ocrx_word' id='word_1_506' title='bbox 1378 1362 1425 1388; x_wconf 76' lang='grc' dir='ltr'>καὶ</span> <span class='ocrx_word' id='word_1_507' title='bbox 1443 1354 1708 1395; x_wconf 68' lang='grc' dir='ltr'>διαταγογγύζοντες,</span> <span class='ocrx_word' id='word_1_508' title='bbox 1725 1362 1856 1397; x_wconf 76' lang='grc' dir='ltr'>ἀνόνητον</span> <span class='ocrx_word' id='word_1_509' title='bbox 1867 1364 1912 1389; x_wconf 69' lang='grc' dir='ltr'>τὴν</span> 
     </span>
    </p>
   </div>
   <div class='ocr_carea' id='block_1_72' title="bbox 1123 1407 1912 1444">
    <p class='ocr_par' dir='ltr' id='par_1_72' title="bbox 1123 1407 1912 1444">
     <span class='ocr_line' id='line_1_72' title="bbox 1123 1407 1912 1444; baseline 0.004 -11"><span class='ocrx_word' id='word_1_510' title='bbox 1123 1407 1247 1442; x_wconf 82' lang='grc' dir='ltr'>κάματον</span> <span class='ocrx_word' id='word_1_511' title='bbox 1257 1407 1454 1442; x_wconf 78' lang='grc' dir='ltr'>ἀποδείξωμεν.</span> <span class='ocrx_word' id='word_1_512' title='bbox 1468 1408 1523 1434; x_wconf 75' lang='grc' dir='ltr'><strong>Καὶ</strong></span> <span class='ocrx_word' id='word_1_513' title='bbox 1533 1410 1601 1443; x_wconf 64' lang='grc' dir='ltr'>μήτε</span> <span class='ocrx_word' id='word_1_514' title='bbox 1615 1408 1814 1440; x_wconf 72' lang='grc' dir='ltr'>ὸάδιαλείπτως</span> <span class='ocrx_word' id='word_1_515' title='bbox 1825 1417 1912 1444; x_wconf 85' lang='grc' dir='ltr'>προσ-</span> 
     </span>
    </p>
   </div>
   <div class='ocr_carea' id='block_1_73' title="bbox 1122 1453 1911 1490">
    <p class='ocr_par' dir='ltr' id='par_1_73' title="bbox 1122 1453 1911 1490">
     <span class='ocr_line' id='line_1_73' title="bbox 1122 1453 1911 1490; baseline 0.001 -10"><span class='ocrx_word' id='word_1_516' title='bbox 1122 1454 1266 1490; x_wconf 80' lang='grc' dir='ltr'><strong>καρτερῶν</strong></span> <span class='ocrx_word' id='word_1_517' title='bbox 1278 1454 1338 1485; x_wconf 79' lang='grc' dir='ltr'><strong>ταίς</strong></span> <span class='ocrx_word' id='word_1_518' title='bbox 1354 1454 1458 1488; x_wconf 79' lang='grc' dir='ltr'>εὐχαῖς,</span> <span class='ocrx_word' id='word_1_519' title='bbox 1474 1455 1520 1479; x_wconf 84' lang='grc' dir='ltr'>τοῦ</span> <span class='ocrx_word' id='word_1_520' title='bbox 1546 1454 1583 1489; x_wconf 80' lang='grc' dir='ltr'>μὴ</span> <span class='ocrx_word' id='word_1_521' title='bbox 1601 1453 1674 1480; x_wconf 75' lang='grc' dir='ltr'>οὕτω</span> <span class='ocrx_word' id='word_1_522' title='bbox 1690 1456 1776 1481; x_wconf 76' lang='grc' dir='ltr'>ποιεῖν</span> <span class='ocrx_word' id='word_1_523' title='bbox 1793 1455 1911 1489; x_wconf 77' lang='grc' dir='ltr'>δυναμέ-</span> 
     </span>
    </p>
   </div>
   <div class='ocr_carea' id='block_1_74' title="bbox 1122 1499 1912 1536">
    <p class='ocr_par' dir='ltr' id='par_1_74' title="bbox 1122 1499 1912 1536">
     <span class='ocr_line' id='line_1_74' title="bbox 1122 1499 1912 1536; baseline 0.003 -10"><span class='ocrx_word' id='word_1_524' title='bbox 1122 1508 1168 1526; x_wconf 92' lang='grc' dir='ltr'><strong>νου</strong></span> <span class='ocrx_word' id='word_1_525' title='bbox 1192 1499 1419 1534; x_wconf 74' lang='grc' dir='ltr'>κατεπαιρέσοω·</span> <span class='ocrx_word' id='word_1_526' title='bbox 1447 1500 1516 1534; x_wconf 81' lang='grc' dir='ltr'>μήτε</span> <span class='ocrx_word' id='word_1_527' title='bbox 1544 1501 1558 1526; x_wconf 75' lang='grc' dir='ltr'>ὁ</span> <span class='ocrx_word' id='word_1_528' title='bbox 1592 1502 1625 1536; x_wconf 85' lang='grc' dir='ltr'>τῇ</span> <span class='ocrx_word' id='word_1_529' title='bbox 1651 1501 1773 1536; x_wconf 72' lang='grc' dir='ltr'>διακονίᾳ</span> <span class='ocrx_word' id='word_1_530' title='bbox 1814 1501 1912 1528; x_wconf 66' lang='grc' dir='ltr'>ἑαυτὸν</span> 
     </span>
    </p>
   </div>
   <div class='ocr_carea' id='block_1_75' title="bbox 1124 1545 1908 1581">
    <p class='ocr_par' dir='ltr' id='par_1_75' title="bbox 1124 1545 1908 1581">
     <span class='ocr_line' id='line_1_75' title="bbox 1124 1545 1908 1581; baseline 0.001 -9"><span class='ocrx_word' id='word_1_531' title='bbox 1124 1546 1256 1578; x_wconf 78' lang='grc' dir='ltr'>ἐκδιδοὺς,</span> <span class='ocrx_word' id='word_1_532' title='bbox 1272 1545 1318 1572; x_wconf 78' lang='grc' dir='ltr'>τοῦ</span> <span class='ocrx_word' id='word_1_533' title='bbox 1333 1547 1366 1581; x_wconf 83' lang='grc' dir='ltr'>τῇ</span> <span class='ocrx_word' id='word_1_534' title='bbox 1383 1547 1521 1581; x_wconf 82' lang='grc' dir='ltr'>προσευχῇ</span> <span class='ocrx_word' id='word_1_535' title='bbox 1538 1546 1717 1581; x_wconf 80' lang='grc' dir='ltr'><strong>σχολάζοντος</strong></span> <span class='ocrx_word' id='word_1_536' title='bbox 1733 1555 1908 1581; x_wconf 77' lang='grc' dir='ltr'>καταγογγυ-</span> 
     </span>
    </p>
   </div>
   <div class='ocr_carea' id='block_1_76' title="bbox 1123 1590 1911 1626">
    <p class='ocr_par' dir='ltr' id='par_1_76' title="bbox 1123 1590 1911 1626">
     <span class='ocr_line' id='line_1_76' title="bbox 1123 1590 1911 1626; baseline 0.004 -10"><span class='ocrx_word' id='word_1_537' title='bbox 1123 1591 1212 1623; x_wconf 80' lang='grc' dir='ltr'>ζέτω”</span> <span class='ocrx_word' id='word_1_538' title='bbox 1227 1590 1265 1622; x_wconf 83' lang='grc' dir='ltr'>ὡς</span> <span class='ocrx_word' id='word_1_539' title='bbox 1289 1591 1316 1616; x_wconf 81' lang='grc' dir='ltr'><strong>εἰ</strong></span> <span class='ocrx_word' id='word_1_540' title='bbox 1334 1599 1366 1624; x_wconf 87' lang='grc' dir='ltr'><strong>γε</strong></span> <span class='ocrx_word' id='word_1_541' title='bbox 1390 1591 1459 1625; x_wconf 72' lang='grc' dir='ltr'>μετὰ</span> <span class='ocrx_word' id='word_1_542' title='bbox 1480 1591 1608 1626; x_wconf 79' lang='grc' dir='ltr'><strong>τοιαύτης</strong></span> <span class='ocrx_word' id='word_1_543' title='bbox 1634 1592 1785 1626; x_wconf 82' lang='grc' dir='ltr'>ἁπλότητός</span> <span class='ocrx_word' id='word_1_544' title='bbox 1806 1600 1836 1618; x_wconf 82' lang='grc' dir='ltr'><strong>τε</strong></span> <span class='ocrx_word' id='word_1_545' title='bbox 1863 1593 1911 1620; x_wconf 82' lang='grc' dir='ltr'><strong>καὶ</strong></span> 
     </span>
    </p>
   </div>
   <div class='ocr_carea' id='block_1_77' title="bbox 1122 1635 1910 1674">
    <p class='ocr_par' dir='ltr' id='par_1_77' title="bbox 1122 1635 1910 1674">
     <span class='ocr_line' id='line_1_77' title="bbox 1122 1635 1910 1674; baseline 0.003 -12"><span class='ocrx_word' id='word_1_546' title='bbox 1122 1635 1268 1667; x_wconf 72' lang='grc' dir='ltr'>διαθέσεως</span> <span class='ocrx_word' id='word_1_547' title='bbox 1289 1635 1414 1670; x_wconf 82' lang='grc' dir='ltr'>ἀλλήλοις</span> <span class='ocrx_word' id='word_1_548' title='bbox 1425 1637 1632 1672; x_wconf 69' lang='grc' dir='ltr'>προσφέροιντο,</span> <span class='ocrx_word' id='word_1_549' title='bbox 1649 1637 1758 1673; x_wconf 79' lang='grc' dir='ltr'>γίνηται</span> <span class='ocrx_word' id='word_1_550' title='bbox 1767 1638 1798 1664; x_wconf 81' lang='grc' dir='ltr'>τὸ</span> <span class='ocrx_word' id='word_1_551' title='bbox 1812 1638 1910 1674; x_wconf 76' lang='grc' dir='ltr'>περίτ-</span> 
     </span>
    </p>
   </div>
   <div class='ocr_carea' id='block_1_78' title="bbox 1122 1681 1908 1719">
    <p class='ocr_par' dir='ltr' id='par_1_78' title="bbox 1122 1681 1908 1719">
     <span class='ocr_line' id='line_1_78' title="bbox 1122 1681 1908 1719; baseline 0.004 -11"><span class='ocrx_word' id='word_1_552' title='bbox 1122 1691 1210 1717; x_wconf 81' lang='grc' dir='ltr'>τευμα</span> <span class='ocrx_word' id='word_1_553' title='bbox 1229 1681 1283 1708; x_wconf 83' lang='grc' dir='ltr'><strong>τῶν</strong></span> <span class='ocrx_word' id='word_1_554' title='bbox 1307 1683 1366 1714; x_wconf 71' lang='grc' dir='ltr'>ταῖς</span> <span class='ocrx_word' id='word_1_555' title='bbox 1393 1683 1486 1717; x_wconf 83' lang='grc' dir='ltr'><strong>εὐχαῖς</strong></span> <span class='ocrx_word' id='word_1_556' title='bbox 1515 1684 1778 1719; x_wconf 79' lang='grc' dir='ltr'>ὲμπαραμενόντων,</span> <span class='ocrx_word' id='word_1_557' title='bbox 1803 1685 1849 1711; x_wconf 74' lang='grc' dir='ltr'><strong>ἐπὶ</strong></span> <span class='ocrx_word' id='word_1_558' title='bbox 1877 1685 1908 1711; x_wconf 77' lang='grc' dir='ltr'><strong>τὺ</strong></span> 
     </span>
    </p>
   </div>
   <div class='ocr_carea' id='block_1_79' title="bbox 1123 1722 1908 1764">
    <p class='ocr_par' dir='ltr' id='par_1_79' title="bbox 1123 1722 1908 1764">
     <span class='ocr_line' id='line_1_79' title="bbox 1123 1722 1908 1764; baseline 0.004 -9"><span class='ocrx_word' id='word_1_559' title='bbox 1123 1728 1266 1764; x_wconf 72' lang='grc' dir='ltr'>ὑστέρημα</span> <span class='ocrx_word' id='word_1_560' title='bbox 1292 1729 1346 1755; x_wconf 83' lang='grc' dir='ltr'>τῶν</span> <span class='ocrx_word' id='word_1_561' title='bbox 1370 1728 1586 1756; x_wconf 75' lang='grc' dir='ltr'>διακονούντωνο</span> <span class='ocrx_word' id='word_1_562' title='bbox 1613 1722 1662 1757; x_wconf 65' lang='grc' dir='ltr'><strong>διαὶ</strong></span> <span class='ocrx_word' id='word_1_563' title='bbox 1689 1728 1768 1762; x_wconf 76' lang='grc' dir='ltr'>αὖθις</span> <span class='ocrx_word' id='word_1_564' title='bbox 1793 1731 1825 1758; x_wconf 87' lang='grc' dir='ltr'><strong>τὺ</strong></span> <span class='ocrx_word' id='word_1_565' title='bbox 1851 1731 1908 1758; x_wconf 86' lang='grc' dir='ltr'>τῶν</span> 
     </span>
    </p>
   </div>
   <div class='ocr_carea' id='block_1_80' title="bbox 1120 1776 1910 1813">
    <p class='ocr_par' dir='ltr' id='par_1_80' title="bbox 1120 1776 1910 1813">
     <span class='ocr_line' id='line_1_80' title="bbox 1120 1776 1910 1813; baseline 0.005 -11"><span class='ocrx_word' id='word_1_566' title='bbox 1120 1776 1317 1803; x_wconf 75' lang='grc' dir='ltr'>διακονούντων</span> <span class='ocrx_word' id='word_1_567' title='bbox 1329 1777 1500 1811; x_wconf 73' lang='grc' dir='ltr'>περίσσευμα</span> <span class='ocrx_word' id='word_1_568' title='bbox 1513 1778 1559 1804; x_wconf 74' lang='grc' dir='ltr'><strong>ἐπὶ</strong></span> <span class='ocrx_word' id='word_1_569' title='bbox 1573 1778 1604 1804; x_wconf 62' lang='lat' dir='ltr'><strong>eo</strong></span> <span class='ocrx_word' id='word_1_570' title='bbox 1619 1778 1762 1813; x_wconf 82' lang='grc' dir='ltr'>ὑστέρημα</span> <span class='ocrx_word' id='word_1_571' title='bbox 1778 1779 1833 1806; x_wconf 75' lang='grc' dir='ltr'><strong>τῶν</strong></span> <span class='ocrx_word' id='word_1_572' title='bbox 1848 1780 1910 1811; x_wconf 81' lang='grc' dir='ltr'>ταῖς</span> 
     </span>
    </p>
   </div>
   <div class='ocr_carea' id='block_1_81' title="bbox 1121 1822 1907 1860">
    <p class='ocr_par' dir='ltr' id='par_1_81' title="bbox 1121 1822 1907 1860">
     <span class='ocr_line' id='line_1_81' title="bbox 1121 1822 1907 1860; baseline 0.004 -12"><span class='ocrx_word' id='word_1_573' title='bbox 1121 1823 1215 1857; x_wconf 77' lang='grc' dir='ltr'>εὐχαῖς</span> <span class='ocrx_word' id='word_1_574' title='bbox 1241 1822 1426 1857; x_wconf 81' lang='grc' dir='ltr'>σχολαζόντων</span> <span class='ocrx_word' id='word_1_575' title='bbox 1441 1830 1448 1837; x_wconf 88' lang='grc'><strong>·</strong></span> <span class='ocrx_word' id='word_1_576' title='bbox 1474 1823 1523 1849; x_wconf 75' lang='grc' dir='ltr'><strong>καὶ</strong></span> <span class='ocrx_word' id='word_1_577' title='bbox 1544 1822 1615 1850; x_wconf 80' lang='grc' dir='ltr'>οὕτω</span> <span class='ocrx_word' id='word_1_578' title='bbox 1644 1824 1779 1860; x_wconf 82' lang='grc' dir='ltr'>μᾶλλονὴ</span> <span class='ocrx_word' id='word_1_579' title='bbox 1805 1825 1907 1860; x_wconf 65' lang='grc' dir='ltr'>ἰσότης,</span> 
     </span>
    </p>
   </div>
   <div class='ocr_carea' id='block_1_82' title="bbox 1121 1868 1907 1904">
    <p class='ocr_par' dir='ltr' id='par_1_82' title="bbox 1121 1868 1907 1904">
     <span class='ocr_line' id='line_1_82' title="bbox 1121 1868 1907 1904; baseline 0.003 -9"><span class='ocrx_word' id='word_1_580' title='bbox 1121 1868 1192 1896; x_wconf 77' lang='grc' dir='ltr'>κατὰ</span> <span class='ocrx_word' id='word_1_581' title='bbox 1218 1868 1249 1894; x_wconf 74' lang='grc' dir='ltr'><strong>τὺ</strong></span> <span class='ocrx_word' id='word_1_582' title='bbox 1275 1868 1431 1903; x_wconf 77' lang='grc' dir='ltr'>εἰρημένον,</span> <span class='ocrx_word' id='word_1_583' title='bbox 1456 1869 1587 1904; x_wconf 86' lang='grc' dir='ltr'>φαίνηται</span> <span class='ocrx_word' id='word_1_584' title='bbox 1610 1869 1752 1904; x_wconf 82' lang='grc' dir='ltr'>σωζομένη</span> <span class='ocrx_word' id='word_1_585' title='bbox 1767 1877 1775 1885; x_wconf 74' lang='grc' dir='ltr'><strong>ο</strong></span> <span class='ocrx_word' id='word_1_586' title='bbox 1803 1870 1851 1902; x_wconf 86' lang='grc' dir='ltr'>ὡς,</span> <span class='ocrx_word' id='word_1_587' title='bbox 1874 1871 1907 1897; x_wconf 78' lang='grc' dir='ltr'>τὸ</span> 
     </span>
    </p>
   </div>
   <div class='ocr_carea' id='block_1_83' title="bbox 1119 1914 1908 1951">
    <p class='ocr_par' dir='ltr' id='par_1_83' title="bbox 1119 1914 1908 1951">
     <span class='ocr_line' id='line_1_83' title="bbox 1119 1914 1908 1951; baseline 0.003 -10"><span class='ocrx_word' id='word_1_588' title='bbox 1119 1915 1200 1941; x_wconf 77' lang='grc' dir='ltr'>πολὺ</span> <span class='ocrx_word' id='word_1_589' title='bbox 1213 1915 1269 1942; x_wconf 80' lang='grc' dir='ltr'>οὐκ</span> <span class='ocrx_word' id='word_1_590' title='bbox 1290 1914 1459 1941; x_wconf 79' lang='grc' dir='ltr'><strong>ἐπλεόνασε</strong></span> <span class='ocrx_word' id='word_1_591' title='bbox 1472 1922 1479 1930; x_wconf 73' lang='grc' dir='ltr'><strong><em>ο</em></strong></span> <span class='ocrx_word' id='word_1_592' title='bbox 1494 1915 1540 1942; x_wconf 83' lang='grc' dir='ltr'><strong>καὶ</strong></span> <span class='ocrx_word' id='word_1_593' title='bbox 1558 1915 1596 1947; x_wconf 82' lang='grc' dir='ltr'>ὡς</span> <span class='ocrx_word' id='word_1_594' title='bbox 1610 1914 1656 1948; x_wconf 73' lang='grc' dir='ltr'><strong>τὸ,</strong></span> <span class='ocrx_word' id='word_1_595' title='bbox 1673 1916 1705 1942; x_wconf 80' lang='grc' dir='ltr'>τὸ</span> <span class='ocrx_word' id='word_1_596' title='bbox 1728 1915 1834 1951; x_wconf 69' lang='grc' dir='ltr'>ὀλίγον</span> <span class='ocrx_word' id='word_1_597' title='bbox 1851 1917 1908 1943; x_wconf 81' lang='grc' dir='ltr'>οὐκ</span> 
     </span>
    </p>
   </div>
   <div class='ocr_carea' id='block_1_84' title="bbox 1119 1958 1340 1993">
    <p class='ocr_par' dir='ltr' id='par_1_84' title="bbox 1119 1958 1340 1993">
     <span class='ocr_line' id='line_1_84' title="bbox 1119 1958 1340 1993; baseline -0.005 -8"><span class='ocrx_word' id='word_1_598' title='bbox 1119 1958 1340 1993; x_wconf 75' lang='grc' dir='ltr'>ἠλαττόνησεν.</span> 
     </span>
    </p>
   </div>
   <div class='ocr_carea' id='block_1_85' title="bbox 1155 2003 1908 2041">
    <p class='ocr_par' dir='ltr' id='par_1_85' title="bbox 1155 2003 1908 2041">
     <span class='ocr_line' id='line_1_85' title="bbox 1155 2003 1908 2041; baseline 0.007 -12"><span class='ocrx_word' id='word_1_599' title='bbox 1155 2003 1182 2030; x_wconf 92' lang='lat' dir='ltr'><strong>I’.</strong></span> <span class='ocrx_word' id='word_1_600' title='bbox 1198 2003 1264 2029; x_wconf 84' lang='grc' dir='ltr'>Τότε</span> <span class='ocrx_word' id='word_1_601' title='bbox 1283 2004 1387 2037; x_wconf 73' lang='grc' dir='ltr'>γίνεται</span> <span class='ocrx_word' id='word_1_602' title='bbox 1406 2003 1436 2031; x_wconf 78' lang='grc' dir='ltr'>τὸ</span> <span class='ocrx_word' id='word_1_603' title='bbox 1452 2004 1499 2031; x_wconf 81' lang='grc' dir='ltr'>τοῦ</span> <span class='ocrx_word' id='word_1_604' title='bbox 1514 2004 1582 2031; x_wconf 86' lang='grc' dir='ltr'>Θεοῦ</span> <span class='ocrx_word' id='word_1_605' title='bbox 1596 2005 1703 2040; x_wconf 78' lang='grc' dir='ltr'>θέλημα</span> <span class='ocrx_word' id='word_1_606' title='bbox 1716 2006 1757 2039; x_wconf 83' lang='grc' dir='ltr'><strong>ὡς</strong></span> <span class='ocrx_word' id='word_1_607' title='bbox 1771 2007 1806 2033; x_wconf 71' lang='grc' dir='ltr'>ἐν</span> <span class='ocrx_word' id='word_1_608' title='bbox 1820 2007 1908 2041; x_wconf 75' lang='grc' dir='ltr'>οὐρα-</span> 
     </span>
    </p>
   </div>
   <div class='ocr_carea' id='block_1_86' title="bbox 1117 2047 1907 2087">
    <p class='ocr_par' dir='ltr' id='par_1_86' title="bbox 1117 2047 1907 2087">
     <span class='ocr_line' id='line_1_86' title="bbox 1117 2047 1907 2087; baseline 0.004 -11"><span class='ocrx_word' id='word_1_609' title='bbox 1117 2047 1160 2081; x_wconf 80' lang='grc' dir='ltr'><strong>νῷ</strong></span> <span class='ocrx_word' id='word_1_610' title='bbox 1181 2050 1229 2076; x_wconf 79' lang='grc' dir='ltr'><strong>καὶ</strong></span> <span class='ocrx_word' id='word_1_611' title='bbox 1245 2049 1293 2076; x_wconf 72' lang='grc' dir='ltr'><strong>ἐπὶ</strong></span> <span class='ocrx_word' id='word_1_612' title='bbox 1310 2050 1365 2084; x_wconf 85' lang='grc' dir='ltr'>τῆς</span> <span class='ocrx_word' id='word_1_613' title='bbox 1385 2050 1452 2085; x_wconf 75' lang='grc' dir='ltr'>γῆς,</span> <span class='ocrx_word' id='word_1_614' title='bbox 1467 2051 1529 2078; x_wconf 76' lang='grc' dir='ltr'>ὅταν</span> <span class='ocrx_word' id='word_1_615' title='bbox 1551 2052 1599 2086; x_wconf 79' lang='grc' dir='ltr'>μὴ,</span> <span class='ocrx_word' id='word_1_616' title='bbox 1616 2051 1710 2087; x_wconf 77' lang='grc' dir='ltr'>ὥσπερ</span> <span class='ocrx_word' id='word_1_617' title='bbox 1726 2053 1843 2087; x_wconf 82' lang='grc' dir='ltr'>εἴρηται,</span> <span class='ocrx_word' id='word_1_618' title='bbox 1859 2052 1907 2079; x_wconf 82' lang='grc' dir='ltr'><strong>ἁλ-</strong></span> 
     </span>
    </p>
   </div>
   <div class='ocr_carea' id='block_1_87' title="bbox 1117 2093 1907 2134">
    <p class='ocr_par' dir='ltr' id='par_1_87' title="bbox 1117 2093 1907 2134">
     <span class='ocr_line' id='line_1_87' title="bbox 1117 2093 1907 2134; baseline 0.006 -15"><span class='ocrx_word' id='word_1_619' title='bbox 1117 2093 1207 2129; x_wconf 84' lang='grc' dir='ltr'>λήλων</span> <span class='ocrx_word' id='word_1_620' title='bbox 1221 2095 1462 2132; x_wconf 72' lang='grc' dir='ltr'>κατεπαιρώμεοα,</span> <span class='ocrx_word' id='word_1_621' title='bbox 1480 2096 1544 2124; x_wconf 77' lang='grc' dir='ltr'>ὅταν</span> <span class='ocrx_word' id='word_1_622' title='bbox 1560 2096 1597 2132; x_wconf 84' lang='grc' dir='ltr'>μὴ</span> <span class='ocrx_word' id='word_1_623' title='bbox 1622 2096 1702 2132; x_wconf 84' lang='grc' dir='ltr'>μόνον</span> <span class='ocrx_word' id='word_1_624' title='bbox 1717 2097 1798 2133; x_wconf 78' lang='grc' dir='ltr'>ζήλου</span> <span class='ocrx_word' id='word_1_625' title='bbox 1821 2099 1907 2134; x_wconf 52' lang='grc' dir='ltr'>χωρξ</span> 
     </span>
    </p>
   </div>
   <div class='ocr_carea' id='block_1_88' title="bbox 1117 2139 1906 2178">
    <p class='ocr_par' dir='ltr' id='par_1_88' title="bbox 1117 2139 1906 2178">
     <span class='ocr_line' id='line_1_88' title="bbox 1117 2139 1906 2178; baseline 0.004 -12"><span class='ocrx_word' id='word_1_626' title='bbox 1117 2139 1185 2167; x_wconf 83' lang='grc' dir='ltr'>ἀλλὰ</span> <span class='ocrx_word' id='word_1_627' title='bbox 1200 2142 1246 2167; x_wconf 73' lang='grc' dir='ltr'><strong>καὶ</strong></span> <span class='ocrx_word' id='word_1_628' title='bbox 1261 2142 1412 2177; x_wconf 79' lang='grc' dir='ltr'>ἁπλότητος</span> <span class='ocrx_word' id='word_1_629' title='bbox 1430 2142 1460 2169; x_wconf 83' lang='grc' dir='ltr'>ὲν</span> <span class='ocrx_word' id='word_1_630' title='bbox 1474 2144 1574 2178; x_wconf 81' lang='grc' dir='ltr'>μετοχῇ</span> <span class='ocrx_word' id='word_1_631' title='bbox 1594 2143 1642 2170; x_wconf 63' lang='grc' dir='ltr'>καλ</span> <span class='ocrx_word' id='word_1_632' title='bbox 1657 2143 1778 2177; x_wconf 78' lang='grc' dir='ltr'>ἀγάπης,</span> <span class='ocrx_word' id='word_1_633' title='bbox 1792 2144 1906 2178; x_wconf 82' lang='grc' dir='ltr'>εἰρήνης</span> 
     </span>
    </p>
   </div>
   <div class='ocr_carea' id='block_1_89' title="bbox 1116 2185 1905 2224">
    <p class='ocr_par' dir='ltr' id='par_1_89' title="bbox 1116 2185 1905 2224">
     <span class='ocr_line' id='line_1_89' title="bbox 1116 2185 1905 2224; baseline 0.005 -12"><span class='ocrx_word' id='word_1_634' title='bbox 1116 2194 1146 2213; x_wconf 79' lang='grc' dir='ltr'><strong>τε</strong></span> <span class='ocrx_word' id='word_1_635' title='bbox 1170 2187 1216 2213; x_wconf 66' lang='grc' dir='ltr'>καὶ</span> <span class='ocrx_word' id='word_1_636' title='bbox 1232 2187 1317 2221; x_wconf 77' lang='grc' dir='ltr'>χαρᾶς</span> <span class='ocrx_word' id='word_1_637' title='bbox 1334 2188 1501 2222; x_wconf 79' lang='grc' dir='ltr'>συνημμένοι</span> <span class='ocrx_word' id='word_1_638' title='bbox 1530 2185 1605 2222; x_wconf 80' lang='grc' dir='ltr'>ὦμεν</span> <span class='ocrx_word' id='word_1_639' title='bbox 1617 2209 1624 2220; x_wconf 85' lang='grc'><strong>,</strong></span> <span class='ocrx_word' id='word_1_640' title='bbox 1647 2189 1773 2223; x_wconf 77' lang='grc' dir='ltr'>ἀλλήλοις</span> <span class='ocrx_word' id='word_1_641' title='bbox 1790 2189 1839 2224; x_wconf 81' lang='grc' dir='ltr'>τὴν</span> <span class='ocrx_word' id='word_1_642' title='bbox 1857 2190 1905 2216; x_wconf 82' lang='grc' dir='ltr'>τοῦ</span> 
     </span>
    </p>
   </div>
   <div class='ocr_carea' id='block_1_90' title="bbox 281 2228 1072 2270">
    <p class='ocr_par' dir='ltr' id='par_1_90' title="bbox 281 2229 1063 2268">
     <span class='ocr_line' id='line_1_90' title="bbox 281 2229 1063 2268; baseline 0.005 -12"><span class='ocrx_word' id='word_1_643' title='bbox 281 2229 426 2260; x_wconf 86' lang='lat' dir='ltr'><strong>fuerimus,</strong></span> <span class='ocrx_word' id='word_1_644' title='bbox 447 2237 613 2265; x_wconf 87' lang='lat' dir='ltr'><strong>unoquoque</strong></span> <span class='ocrx_word' id='word_1_645' title='bbox 634 2231 677 2258; x_wconf 90' lang='lat' dir='ltr'><strong>sui</strong></span> <span class='ocrx_word' id='word_1_646' title='bbox 700 2231 821 2258; x_wconf 88' lang='lat' dir='ltr'><strong>vicissim</strong></span> <span class='ocrx_word' id='word_1_647' title='bbox 837 2233 953 2267; x_wconf 79' lang='lat' dir='ltr'><strong>proximi</strong></span> <span class='ocrx_word' id='word_1_648' title='bbox 971 2233 1063 2268; x_wconf 86' lang='lat' dir='ltr'><strong>profe-</strong></span> 
     </span>
    </p>
   </div>
   <div class='ocr_carea' id='block_1_91' title="bbox 1122 2228 1904 2270">
    <p class='ocr_par' dir='ltr' id='par_1_91' title="bbox 1122 2233 1904 2270">
     <span class='ocr_line' id='line_1_91' title="bbox 1122 2233 1904 2270; baseline 0.003 -10"><span class='ocrx_word' id='word_1_649' title='bbox 1122 2233 1230 2268; x_wconf 77' lang='grc' dir='ltr'>πλησίον</span> <span class='ocrx_word' id='word_1_650' title='bbox 1247 2233 1388 2268; x_wconf 81' lang='grc' dir='ltr'>προκοπὴν</span> <span class='ocrx_word' id='word_1_651' title='bbox 1404 2234 1482 2265; x_wconf 75' lang='grc' dir='ltr'>ἰδίαν,</span> <span class='ocrx_word' id='word_1_652' title='bbox 1501 2234 1539 2265; x_wconf 84' lang='grc' dir='ltr'>ὡς</span> <span class='ocrx_word' id='word_1_653' title='bbox 1560 2234 1631 2266; x_wconf 77' lang='grc' dir='ltr'>δέον,</span> <span class='ocrx_word' id='word_1_654' title='bbox 1659 2235 1706 2261; x_wconf 78' lang='grc' dir='ltr'>καὶ</span> <span class='ocrx_word' id='word_1_655' title='bbox 1727 2236 1778 2270; x_wconf 83' lang='grc' dir='ltr'>τὴν</span> <span class='ocrx_word' id='word_1_656' title='bbox 1799 2235 1904 2262; x_wconf 61' lang='grc' dir='ltr'>ἐκείνου</span> 
     </span>
    </p>
   </div>
   <div class='ocr_carea' id='block_1_92' title="bbox 280 2276 1063 2313">
    <p class='ocr_par' dir='ltr' id='par_1_92' title="bbox 280 2276 1063 2313">
     <span class='ocr_line' id='line_1_92' title="bbox 280 2276 1063 2313; baseline 0.005 -10"><span class='ocrx_word' id='word_1_657' title='bbox 280 2280 354 2303; x_wconf 88' lang='lat' dir='ltr'><strong>ctum</strong></span> <span class='ocrx_word' id='word_1_658' title='bbox 372 2276 447 2304; x_wconf 87' lang='lat' dir='ltr'><strong>velut</strong></span> <span class='ocrx_word' id='word_1_659' title='bbox 462 2277 615 2312; x_wconf 86' lang='lat' dir='ltr'><strong>proprium,</strong></span> <span class='ocrx_word' id='word_1_660' title='bbox 632 2277 863 2312; x_wconf 85' lang='lat' dir='ltr'><strong>quemadmodum</strong></span> <span class='ocrx_word' id='word_1_661' title='bbox 880 2287 929 2313; x_wconf 88' lang='lat' dir='ltr'><strong>par</strong></span> <span class='ocrx_word' id='word_1_662' title='bbox 946 2284 1003 2312; x_wconf 82' lang='lat' dir='ltr'><strong>est;</strong></span> <span class='ocrx_word' id='word_1_663' title='bbox 1024 2280 1063 2306; x_wconf 90' lang='lat' dir='ltr'><strong>si-</strong></span> 
     </span>
    </p>
   </div>
   <div class='ocr_carea' id='block_1_93' title="bbox 281 2323 1062 2360">
    <p class='ocr_par' dir='ltr' id='par_1_93' title="bbox 281 2323 1062 2360">
     <span class='ocr_line' id='line_1_93' title="bbox 281 2323 1062 2360; baseline 0.003 -11"><span class='ocrx_word' id='word_1_664' title='bbox 281 2323 438 2358; x_wconf 89' lang='lat' dir='ltr'><strong>militerque</strong></span> <span class='ocrx_word' id='word_1_665' title='bbox 456 2323 573 2351; x_wconf 81' lang='lat' dir='ltr'><strong>alterius</strong></span> <span class='ocrx_word' id='word_1_666' title='bbox 596 2323 743 2356; x_wconf 89' lang='lat' dir='ltr'><strong>defectum,</strong></span> <span class='ocrx_word' id='word_1_667' title='bbox 761 2324 897 2360; x_wconf 70' lang='lat' dir='ltr'><strong>iacturam</strong></span> <span class='ocrx_word' id='word_1_668' title='bbox 923 2325 1062 2360; x_wconf 88' lang='lat' dir='ltr'><strong>propriam</strong></span> 
     </span>
    </p>
   </div>
   <div class='ocr_carea' id='block_1_94' title="bbox 280 2369 1062 2405">
    <p class='ocr_par' dir='ltr' id='par_1_94' title="bbox 280 2369 1062 2405">
     <span class='ocr_line' id='line_1_94' title="bbox 280 2369 1062 2405; baseline 0.003 -10"><span class='ocrx_word' id='word_1_669' title='bbox 280 2374 449 2404; x_wconf 87' lang='lat' dir='ltr'><strong>reputante:</strong></span> <span class='ocrx_word' id='word_1_670' title='bbox 472 2374 601 2396; x_wconf 67' lang='lat' dir='ltr'><strong>caeterum</strong></span> <span class='ocrx_word' id='word_1_671' title='bbox 621 2369 648 2396; x_wconf 89' lang='lat' dir='ltr'><strong>in</strong></span> <span class='ocrx_word' id='word_1_672' title='bbox 670 2370 794 2396; x_wconf 84' lang='lat' dir='ltr'><strong>oratione</strong></span> <span class='ocrx_word' id='word_1_673' title='bbox 815 2370 900 2405; x_wconf 79' lang='lat' dir='ltr'><strong>piger,</strong></span> <span class='ocrx_word' id='word_1_674' title='bbox 916 2370 1018 2404; x_wconf 87' lang='lat' dir='ltr'><strong>quique</strong></span> <span class='ocrx_word' id='word_1_675' title='bbox 1035 2370 1062 2397; x_wconf 92' lang='lat' dir='ltr'><strong>in</strong></span> 
     </span>
    </p>
   </div>
   <div class='ocr_carea' id='block_1_95' title="bbox 280 2414 1060 2451">
    <p class='ocr_par' dir='ltr' id='par_1_95' title="bbox 280 2414 1060 2451">
     <span class='ocr_line' id='line_1_95' title="bbox 280 2414 1060 2451; baseline 0.003 -10"><span class='ocrx_word' id='word_1_676' title='bbox 280 2415 433 2442; x_wconf 89' lang='lat' dir='ltr'><strong>ministerio</strong></span> <span class='ocrx_word' id='word_1_677' title='bbox 454 2414 570 2442; x_wconf 80' lang='lat' dir='ltr'><strong>fratrum</strong></span> <span class='ocrx_word' id='word_1_678' title='bbox 584 2419 631 2442; x_wconf 84' lang='lat' dir='ltr'><strong>aut</strong></span> <span class='ocrx_word' id='word_1_679' title='bbox 644 2422 727 2450; x_wconf 88' lang='lat' dir='ltr'><strong>opere</strong></span> <span class='ocrx_word' id='word_1_680' title='bbox 740 2416 805 2447; x_wconf 86' lang='lat' dir='ltr'><strong>alio,</strong></span> <span class='ocrx_word' id='word_1_681' title='bbox 821 2416 893 2451; x_wconf 91' lang='lat' dir='ltr'><strong>quod</strong></span> <span class='ocrx_word' id='word_1_682' title='bbox 910 2416 1060 2443; x_wconf 87' lang='lat' dir='ltr'><strong>secundum</strong></span> 
     </span>
    </p>
   </div>
   <div class='ocr_carea' id='block_1_96' title="bbox 279 2459 1060 2497">
    <p class='ocr_par' dir='ltr' id='par_1_96' title="bbox 279 2459 1060 2497">
     <span class='ocr_line' id='line_1_96' title="bbox 279 2459 1060 2497; baseline 0.003 -9"><span class='ocrx_word' id='word_1_683' title='bbox 279 2459 364 2488; x_wconf 87' lang='lat' dir='ltr'><strong>Deum</strong></span> <span class='ocrx_word' id='word_1_684' title='bbox 389 2461 427 2494; x_wconf 82' lang='lat' dir='ltr'><strong>fit,</strong></span> <span class='ocrx_word' id='word_1_685' title='bbox 445 2461 573 2497; x_wconf 81' lang='lat' dir='ltr'><strong>languide</strong></span> <span class='ocrx_word' id='word_1_686' title='bbox 593 2466 622 2489; x_wconf 89' lang='lat' dir='ltr'><strong>et</strong></span> <span class='ocrx_word' id='word_1_687' title='bbox 643 2462 813 2497; x_wconf 82' lang='lat' dir='ltr'><strong>negligenter</strong></span> <span class='ocrx_word' id='word_1_688' title='bbox 829 2466 963 2493; x_wconf 85' lang='lat' dir='ltr'><strong>versatus.</strong></span> <span class='ocrx_word' id='word_1_689' title='bbox 979 2469 1011 2489; x_wconf 87' lang='lat' dir='ltr'><strong>ac</strong></span> <span class='ocrx_word' id='word_1_690' title='bbox 1025 2463 1060 2490; x_wconf 88' lang='lat' dir='ltr'><strong>ab</strong></span> 
     </span>
    </p>
   </div>
   <div class='ocr_carea' id='block_1_97' title="bbox 279 2507 1062 2544">
    <p class='ocr_par' dir='ltr' id='par_1_97' title="bbox 279 2507 1062 2544">
     <span class='ocr_line' id='line_1_97' title="bbox 279 2507 1062 2544; baseline 0 -9"><span class='ocrx_word' id='word_1_691' title='bbox 279 2507 408 2543; x_wconf 76' lang='lat' dir='ltr'><strong>Aposmlo</strong></span> <span class='ocrx_word' id='word_1_692' title='bbox 425 2508 501 2544; x_wconf 80' lang='lat' dir='ltr'><strong>piger</strong></span> <span class='ocrx_word' id='word_1_693' title='bbox 515 2508 618 2536; x_wconf 83' lang='lat' dir='ltr'><strong>diserto</strong></span> <span class='ocrx_word' id='word_1_694' title='bbox 636 2513 761 2540; x_wconf 84' lang='lat' dir='ltr'><strong>vocatus,</strong></span> <span class='ocrx_word' id='word_1_695' title='bbox 784 2507 844 2542; x_wconf 90' lang='lat' dir='ltr'><strong>ipso</strong></span> <span class='ocrx_word' id='word_1_696' title='bbox 864 2515 974 2542; x_wconf 88' lang='lat' dir='ltr'><strong>quoque</strong></span> <span class='ocrx_word' id='word_1_697' title='bbox 992 2515 1062 2542; x_wconf 87' lang='lat' dir='ltr'><strong>pane</strong></span> 
     </span>
    </p>
   </div>
   <div class='ocr_carea' id='block_1_98' title="bbox 279 2553 1063 2589">
    <p class='ocr_par' dir='ltr' id='par_1_98' title="bbox 279 2553 1063 2589">
     <span class='ocr_line' id='line_1_98' title="bbox 279 2553 1063 2589; baseline -0.001 -9"><span class='ocrx_word' id='word_1_698' title='bbox 279 2554 407 2589; x_wconf 74' lang='lat' dir='ltr'><strong>indignus</strong></span> <span class='ocrx_word' id='word_1_699' title='bbox 422 2555 625 2589; x_wconf 88' lang='lat' dir='ltr'><strong>pronuntiatur.</strong></span> <span class='ocrx_word' id='word_1_700' title='bbox 647 2554 721 2581; x_wconf 86' lang='lat' dir='ltr'><strong>Dixit</strong></span> <span class='ocrx_word' id='word_1_701' title='bbox 738 2554 814 2581; x_wconf 85' lang='lat' dir='ltr'><strong>enim</strong></span> <span class='ocrx_word' id='word_1_702' title='bbox 830 2562 836 2580; x_wconf 87' lang='lat'><strong>:</strong></span> <span class='ocrx_word' id='word_1_703' title='bbox 857 2553 907 2585; x_wconf 81' lang='lat' dir='ltr'><strong>Qui</strong></span> <span class='ocrx_word' id='word_1_704' title='bbox 922 2562 973 2580; x_wconf 86' lang='lat' dir='ltr'><strong>non</strong></span> <span class='ocrx_word' id='word_1_705' title='bbox 991 2553 1063 2580; x_wconf 81' lang='lat' dir='ltr'><strong>labo-</strong></span> 
     </span>
    </p>
   </div>
   <div class='ocr_carea' id='block_1_99' title="bbox 278 2598 1062 2634">
    <p class='ocr_par' dir='ltr' id='par_1_99' title="bbox 278 2598 1062 2634">
     <span class='ocr_line' id='line_1_99' title="bbox 278 2598 1062 2634; baseline 0 -8"><span class='ocrx_word' id='word_1_706' title='bbox 278 2600 331 2631; x_wconf 76' lang='lat' dir='ltr'><strong>n‘tt.</strong></span> <span class='ocrx_word' id='word_1_707' title='bbox 347 2607 392 2626; x_wconf 73' lang='lat' dir='ltr'><strong>nec</strong></span> <span class='ocrx_word' id='word_1_708' title='bbox 404 2599 543 2626; x_wconf 75' lang='lat' dir='ltr'><strong>manducet</strong></span> <span class='ocrx_word' id='word_1_709' title='bbox 559 2600 581 2615; x_wconf 81' lang='grc'><strong>⁶¹</strong></span> <span class='ocrx_word' id='word_1_710' title='bbox 596 2608 603 2626; x_wconf 73' lang='grc' dir='ltr'><strong>ε</strong></span> <span class='ocrx_word' id='word_1_711' title='bbox 625 2599 659 2626; x_wconf 82' lang='grc' dir='ltr'><strong>Ει</strong></span> <span class='ocrx_word' id='word_1_712' title='bbox 674 2598 739 2625; x_wconf 85' lang='lat' dir='ltr'><strong>alibi</strong></span> <span class='ocrx_word' id='word_1_713' title='bbox 757 2607 763 2625; x_wconf 94' lang='lat'><strong>:</strong></span> <span class='ocrx_word' id='word_1_714' title='bbox 784 2598 876 2634; x_wconf 85' lang='lat' dir='ltr'><strong>Pigros</strong></span> <span class='ocrx_word' id='word_1_715' title='bbox 891 2603 978 2625; x_wconf 84' lang='lat' dir='ltr'><strong>autem</strong></span> <span class='ocrx_word' id='word_1_716' title='bbox 995 2599 1062 2626; x_wconf 74' lang='lat' dir='ltr'><strong>Deus</strong></span> 
     </span>
    </p>
   </div>
   <div class='ocr_carea' id='block_1_100' title="bbox 277 2643 1061 2680">
    <p class='ocr_par' dir='ltr' id='par_1_100' title="bbox 277 2643 1061 2680">
     <span class='ocr_line' id='line_1_100' title="bbox 277 2643 1061 2680; baseline 0 -8"><span class='ocrx_word' id='word_1_717' title='bbox 277 2646 341 2672; x_wconf 83' lang='lat' dir='ltr'><strong>odit.</strong></span> <span class='ocrx_word' id='word_1_718' title='bbox 359 2645 390 2672; x_wconf 88' lang='lat' dir='ltr'><strong>Et</strong></span> <span class='ocrx_word' id='word_1_719' title='bbox 402 2653 409 2671; x_wconf 89' lang='lat'><strong>:</strong></span> <span class='ocrx_word' id='word_1_720' title='bbox 422 2645 498 2680; x_wconf 85' lang='lat' dir='ltr'><strong>I’iger</strong></span> <span class='ocrx_word' id='word_1_721' title='bbox 512 2653 560 2672; x_wconf 80' lang='lat' dir='ltr'><strong>nec</strong></span> <span class='ocrx_word' id='word_1_722' title='bbox 574 2644 660 2679; x_wconf 77' lang='lat' dir='ltr'><strong>ﬁdelis</strong></span> <span class='ocrx_word' id='word_1_723' title='bbox 675 2651 729 2670; x_wconf 78' lang='lat' dir='ltr'><strong>esse</strong></span> <span class='ocrx_word' id='word_1_724' title='bbox 742 2647 834 2678; x_wconf 83' lang='lat' dir='ltr'><strong>potest.</strong></span> <span class='ocrx_word' id='word_1_725' title='bbox 851 2643 885 2670; x_wconf 86' lang='lat' dir='ltr'><strong>Et</strong></span> <span class='ocrx_word' id='word_1_726' title='bbox 898 2643 1035 2678; x_wconf 85' lang='lat' dir='ltr'><strong>Sapientia</strong></span> <span class='ocrx_word' id='word_1_727' title='bbox 1054 2654 1061 2672; x_wconf 87' lang='lat'><strong>:</strong></span> 
     </span>
    </p>
   </div>
   <div class='ocr_carea' id='block_1_101' title="bbox 277 2689 1061 2726">
    <p class='ocr_par' dir='ltr' id='par_1_101' title="bbox 277 2689 1061 2726">
     <span class='ocr_line' id='line_1_101' title="bbox 277 2689 1061 2726; baseline 0 -8"><span class='ocrx_word' id='word_1_728' title='bbox 277 2690 389 2718; x_wconf 77' lang='lat' dir='ltr'><strong>Multam</strong></span> <span class='ocrx_word' id='word_1_729' title='bbox 406 2692 536 2719; x_wconf 85' lang='lat' dir='ltr'><strong>malitiam</strong></span> <span class='ocrx_word' id='word_1_730' title='bbox 552 2691 637 2717; x_wconf 82' lang='lat' dir='ltr'><strong>docuit</strong></span> <span class='ocrx_word' id='word_1_731' title='bbox 653 2690 770 2716; x_wconf 74' lang='lat' dir='ltr'><strong>otiositaa</strong></span> <span class='ocrx_word' id='word_1_732' title='bbox 782 2689 816 2717; x_wconf 83' lang='lat'><strong>“.</strong></span> <span class='ocrx_word' id='word_1_733' title='bbox 830 2689 965 2717; x_wconf 76' lang='lat' dir='ltr'><strong>Convenit</strong></span> <span class='ocrx_word' id='word_1_734' title='bbox 980 2690 1061 2726; x_wconf 76' lang='lat' dir='ltr'><strong>igitur</strong></span> 
     </span>
    </p>
   </div>
   <div class='ocr_carea' id='block_1_102' title="bbox 277 2735 1060 2773">
    <p class='ocr_par' dir='ltr' id='par_1_102' title="bbox 277 2735 1060 2773">
     <span class='ocr_line' id='line_1_102' title="bbox 277 2735 1060 2773; baseline 0.003 -10"><span class='ocrx_word' id='word_1_735' title='bbox 277 2745 510 2773; x_wconf 85' lang='lat' dir='ltr'><strong>unumquemque,</strong></span> <span class='ocrx_word' id='word_1_736' title='bbox 520 2737 709 2772; x_wconf 84' lang='lat' dir='ltr'><strong>qualecunque</strong></span> <span class='ocrx_word' id='word_1_737' title='bbox 723 2742 793 2771; x_wconf 90' lang='lat' dir='ltr'><strong>opus</strong></span> <span class='ocrx_word' id='word_1_738' title='bbox 806 2756 814 2770; x_wconf 87' lang='lat'><strong>,</strong></span> <span class='ocrx_word' id='word_1_739' title='bbox 830 2735 903 2771; x_wconf 91' lang='lat' dir='ltr'><strong>quod</strong></span> <span class='ocrx_word' id='word_1_740' title='bbox 914 2735 962 2764; x_wconf 92' lang='lat' dir='ltr'><strong>Dei</strong></span> <span class='ocrx_word' id='word_1_741' title='bbox 978 2745 1060 2765; x_wconf 84' lang='lat' dir='ltr'><strong>causa</strong></span> 
     </span>
    </p>
   </div>
   <div class='ocr_carea' id='block_1_103' title="bbox 1118 2279 1904 2317">
    <p class='ocr_par' dir='ltr' id='par_1_103' title="bbox 1118 2279 1904 2317">
     <span class='ocr_line' id='line_1_103' title="bbox 1118 2279 1904 2317; baseline 0.003 -12"><span class='ocrx_word' id='word_1_742' title='bbox 1118 2280 1262 2315; x_wconf 69' lang='grc' dir='ltr'>ὑστέρησιν</span> <span class='ocrx_word' id='word_1_743' title='bbox 1286 2279 1386 2314; x_wconf 77' lang='grc' dir='ltr'>ζημίαν</span> <span class='ocrx_word' id='word_1_744' title='bbox 1403 2279 1508 2306; x_wconf 79' lang='grc' dir='ltr'>ἑαυτῶν</span> <span class='ocrx_word' id='word_1_745' title='bbox 1522 2280 1702 2315; x_wconf 76' lang='grc' dir='ltr'>λογιζόμενοι,</span> <span class='ocrx_word' id='word_1_746' title='bbox 1719 2281 1764 2308; x_wconf 78' lang='grc' dir='ltr'>καὶ</span> <span class='ocrx_word' id='word_1_747' title='bbox 1788 2283 1820 2316; x_wconf 77' lang='grc' dir='ltr'>τῇ</span> <span class='ocrx_word' id='word_1_748' title='bbox 1836 2282 1904 2317; x_wconf 84' lang='grc' dir='ltr'>εὐχῇ</span> 
     </span>
    </p>
   </div>
   <div class='ocr_carea' id='block_1_104' title="bbox 1116 2326 1903 2363">
    <p class='ocr_par' dir='ltr' id='par_1_104' title="bbox 1116 2326 1903 2363">
     <span class='ocr_line' id='line_1_104' title="bbox 1116 2326 1903 2363; baseline 0.004 -11"><span class='ocrx_word' id='word_1_749' title='bbox 1116 2326 1240 2362; x_wconf 67' lang='grc' dir='ltr'>ὁκνηρῆς,</span> <span class='ocrx_word' id='word_1_750' title='bbox 1258 2326 1305 2352; x_wconf 80' lang='grc' dir='ltr'><strong>καὶ</strong></span> <span class='ocrx_word' id='word_1_751' title='bbox 1318 2327 1350 2361; x_wconf 83' lang='grc' dir='ltr'>τῇ</span> <span class='ocrx_word' id='word_1_752' title='bbox 1370 2326 1491 2362; x_wconf 70' lang='grc' dir='ltr'>διακονίᾳ</span> <span class='ocrx_word' id='word_1_753' title='bbox 1507 2327 1561 2353; x_wconf 83' lang='grc' dir='ltr'>τῶν</span> <span class='ocrx_word' id='word_1_754' title='bbox 1581 2327 1703 2362; x_wconf 68' lang='grc' dir='ltr'>ἀδελςρῶν</span> <span class='ocrx_word' id='word_1_755' title='bbox 1717 2327 1763 2354; x_wconf 81' lang='grc' dir='ltr'><strong>καὶ</strong></span> <span class='ocrx_word' id='word_1_756' title='bbox 1781 2329 1809 2354; x_wconf 86' lang='grc' dir='ltr'>ὲν</span> <span class='ocrx_word' id='word_1_757' title='bbox 1822 2329 1903 2363; x_wconf 68' lang='grc' dir='ltr'>ἑτέρᾳ</span> 
     </span>
    </p>
   </div>
   <div class='ocr_carea' id='block_1_105' title="bbox 1115 2370 1903 2409">
    <p class='ocr_par' dir='ltr' id='par_1_105' title="bbox 1115 2370 1903 2409">
     <span class='ocr_line' id='line_1_105' title="bbox 1115 2370 1903 2409; baseline 0.008 -14"><span class='ocrx_word' id='word_1_758' title='bbox 1115 2370 1147 2405; x_wconf 89' lang='grc' dir='ltr'>δή</span> <span class='ocrx_word' id='word_1_759' title='bbox 1163 2379 1226 2402; x_wconf 82' lang='grc' dir='ltr'>τινι,</span> <span class='ocrx_word' id='word_1_760' title='bbox 1248 2370 1320 2406; x_wconf 73' lang='grc' dir='ltr'>ἔργῳ</span> <span class='ocrx_word' id='word_1_761' title='bbox 1339 2370 1378 2405; x_wconf 85' lang='grc' dir='ltr'>τῷ</span> <span class='ocrx_word' id='word_1_762' title='bbox 1388 2371 1467 2404; x_wconf 69' lang='grc' dir='ltr'>ίκατὰ</span> <span class='ocrx_word' id='word_1_763' title='bbox 1493 2372 1560 2398; x_wconf 79' lang='grc' dir='ltr'>Θεὸν</span> <span class='ocrx_word' id='word_1_764' title='bbox 1581 2373 1716 2408; x_wconf 81' lang='grc' dir='ltr'>γινομένῳ</span> <span class='ocrx_word' id='word_1_765' title='bbox 1735 2374 1843 2409; x_wconf 75' lang='grc' dir='ltr'>χαύνως</span> <span class='ocrx_word' id='word_1_766' title='bbox 1857 2375 1903 2401; x_wconf 72' lang='grc' dir='ltr'><strong>καὶ</strong></span> 
     </span>
    </p>
   </div>
   <div class='ocr_carea' id='block_1_106' title="bbox 1114 2412 1903 2454">
    <p class='ocr_par' dir='ltr' id='par_1_106' title="bbox 1114 2412 1903 2454">
     <span class='ocr_line' id='line_1_106' title="bbox 1114 2412 1903 2454; baseline 0.006 -14"><span class='ocrx_word' id='word_1_767' title='bbox 1114 2412 1223 2449; x_wconf 65' lang='grc' dir='ltr'>ἀμελῷξ</span> <span class='ocrx_word' id='word_1_768' title='bbox 1237 2414 1416 2449; x_wconf 83' lang='grc' dir='ltr'>διακείμενος,</span> <span class='ocrx_word' id='word_1_769' title='bbox 1429 2412 1506 2447; x_wconf 76' lang='grc' dir='ltr'>οὗτος</span> <span class='ocrx_word' id='word_1_770' title='bbox 1514 2416 1568 2442; x_wconf 81' lang='grc' dir='ltr'><strong>ἀπὸ</strong></span> <span class='ocrx_word' id='word_1_771' title='bbox 1583 2417 1629 2443; x_wconf 79' lang='grc' dir='ltr'>τοῦ</span> <span class='ocrx_word' id='word_1_772' title='bbox 1647 2419 1806 2444; x_wconf 77' lang='grc' dir='ltr'>Ἀποατόλου</span> <span class='ocrx_word' id='word_1_773' title='bbox 1818 2419 1903 2454; x_wconf 76' lang='grc' dir='ltr'>ἀργὸς</span> 
     </span>
    </p>
   </div>
   <div class='ocr_carea' id='block_1_107' title="bbox 1115 2460 1902 2498">
    <p class='ocr_par' dir='ltr' id='par_1_107' title="bbox 1115 2460 1902 2498">
     <span class='ocr_line' id='line_1_107' title="bbox 1115 2460 1902 2498; baseline 0.008 -13"><span class='ocrx_word' id='word_1_774' title='bbox 1115 2460 1263 2496; x_wconf 70' lang='grc' dir='ltr'>διαρρήδην</span> <span class='ocrx_word' id='word_1_775' title='bbox 1273 2461 1449 2496; x_wconf 82' lang='grc' dir='ltr'>καλούμενος,</span> <span class='ocrx_word' id='word_1_776' title='bbox 1462 2462 1545 2488; x_wconf 73' lang='grc' dir='ltr'>αὐτοῦ</span> <span class='ocrx_word' id='word_1_777' title='bbox 1559 2463 1604 2488; x_wconf 82' lang='grc' dir='ltr'>τοῦ</span> <span class='ocrx_word' id='word_1_778' title='bbox 1616 2463 1698 2498; x_wconf 82' lang='grc' dir='ltr'>ἄρτου</span> <span class='ocrx_word' id='word_1_779' title='bbox 1711 2464 1820 2497; x_wconf 74' lang='grc' dir='ltr'>ἀνάξιος</span> <span class='ocrx_word' id='word_1_780' title='bbox 1833 2463 1902 2491; x_wconf 72' lang='grc' dir='ltr'>εἶναι</span> 
     </span>
    </p>
   </div>
   <div class='ocr_carea' id='block_1_108' title="bbox 1115 2506 1903 2546">
    <p class='ocr_par' dir='ltr' id='par_1_108' title="bbox 1115 2506 1903 2546">
     <span class='ocr_line' id='line_1_108' title="bbox 1115 2506 1903 2546; baseline 0.008 -14"><span class='ocrx_word' id='word_1_781' title='bbox 1115 2506 1355 2541; x_wconf 69' lang='grc' dir='ltr'>καταψηφίζεται·</span> <span class='ocrx_word' id='word_1_782' title='bbox 1377 2507 1471 2542; x_wconf 81' lang='grc' dir='ltr'>εἴρηκε</span> <span class='ocrx_word' id='word_1_783' title='bbox 1494 2508 1548 2542; x_wconf 76' lang='grc' dir='ltr'>γάρ</span> <span class='ocrx_word' id='word_1_784' title='bbox 1562 2517 1569 2524; x_wconf 87' lang='grc'><strong>·</strong></span> <span class='ocrx_word' id='word_1_785' title='bbox 1596 2509 1628 2536; x_wconf 84' lang='lat'><strong>&#39;0</strong></span> <span class='ocrx_word' id='word_1_786' title='bbox 1654 2509 1689 2536; x_wconf 79' lang='grc' dir='ltr'>δὲ</span> <span class='ocrx_word' id='word_1_787' title='bbox 1708 2511 1798 2545; x_wconf 68' lang='grc' dir='ltr'>ἀργὸς</span> <span class='ocrx_word' id='word_1_788' title='bbox 1828 2511 1903 2546; x_wconf 74' lang='grc' dir='ltr'>μηδὲ</span> 
     </span>
    </p>
   </div>
   <div class='ocr_carea' id='block_1_109' title="bbox 1113 2550 1903 2589">
    <p class='ocr_par' dir='ltr' id='par_1_109' title="bbox 1113 2550 1903 2589">
     <span class='ocr_line' id='line_1_109' title="bbox 1113 2550 1903 2589; baseline 0.008 -12"><span class='ocrx_word' id='word_1_789' title='bbox 1113 2550 1245 2578; x_wconf 83' lang='grc' dir='ltr'><strong>ἐσθιέτω·</strong></span> <span class='ocrx_word' id='word_1_790' title='bbox 1262 2551 1310 2577; x_wconf 74' lang='grc' dir='ltr'><strong>καὶ</strong></span> <span class='ocrx_word' id='word_1_791' title='bbox 1328 2551 1456 2586; x_wconf 79' lang='grc' dir='ltr'>ἀλλαχοῦ·</span> <span class='ocrx_word' id='word_1_792' title='bbox 1477 2551 1552 2586; x_wconf 82' lang='grc' dir='ltr'>Τοὺς</span> <span class='ocrx_word' id='word_1_793' title='bbox 1562 2553 1596 2580; x_wconf 82' lang='grc' dir='ltr'>δὲ</span> <span class='ocrx_word' id='word_1_794' title='bbox 1609 2554 1720 2589; x_wconf 75' lang='grc' dir='ltr'>ἀργοὺς</span> <span class='ocrx_word' id='word_1_795' title='bbox 1732 2555 1781 2582; x_wconf 75' lang='grc' dir='ltr'><strong>καὶ</strong></span> <span class='ocrx_word' id='word_1_796' title='bbox 1795 2557 1811 2582; x_wconf 83' lang='grc' dir='ltr'><em>ό</em></span> <span class='ocrx_word' id='word_1_797' title='bbox 1831 2555 1903 2588; x_wconf 72' lang='grc' dir='ltr'>θεδς</span> 
     </span>
    </p>
   </div>
   <div class='ocr_carea' id='block_1_110' title="bbox 1111 2597 1901 2632">
    <p class='ocr_par' dir='ltr' id='par_1_110' title="bbox 1111 2597 1901 2632">
     <span class='ocr_line' id='line_1_110' title="bbox 1111 2597 1901 2632; baseline 0.008 -9"><span class='ocrx_word' id='word_1_798' title='bbox 1111 2597 1204 2632; x_wconf 78' lang='grc' dir='ltr'>μισεῖ.</span> <span class='ocrx_word' id='word_1_799' title='bbox 1227 2597 1286 2628; x_wconf 75' lang='grc' dir='ltr'>καὶ,</span> <span class='ocrx_word' id='word_1_800' title='bbox 1304 2597 1330 2623; x_wconf 86' lang='grc'><strong>’0</strong></span> <span class='ocrx_word' id='word_1_801' title='bbox 1345 2597 1436 2631; x_wconf 73' lang='grc' dir='ltr'>ἀργὸς</span> <span class='ocrx_word' id='word_1_802' title='bbox 1449 2598 1522 2625; x_wconf 78' lang='grc' dir='ltr'>οὐδὲ</span> <span class='ocrx_word' id='word_1_803' title='bbox 1541 2600 1649 2632; x_wconf 76' lang='grc' dir='ltr'>πιστὸς</span> <span class='ocrx_word' id='word_1_804' title='bbox 1667 2599 1744 2628; x_wconf 80' lang='grc' dir='ltr'>εἶναι</span> <span class='ocrx_word' id='word_1_805' title='bbox 1765 2601 1901 2629; x_wconf 77' lang='grc' dir='ltr'>δύναται.</span> 
     </span>
    </p>
   </div>
   <div class='ocr_carea' id='block_1_111' title="bbox 1114 2643 1901 2682">
    <p class='ocr_par' dir='ltr' id='par_1_111' title="bbox 1114 2643 1901 2682">
     <span class='ocr_line' id='line_1_111' title="bbox 1114 2643 1901 2682; baseline 0.008 -13"><span class='ocrx_word' id='word_1_806' title='bbox 1114 2643 1169 2670; x_wconf 81' lang='grc' dir='ltr'><strong>Καὶ</strong></span> <span class='ocrx_word' id='word_1_807' title='bbox 1190 2643 1293 2676; x_wconf 74' lang='grc' dir='ltr'>Σοφῐαο</span> <span class='ocrx_word' id='word_1_808' title='bbox 1311 2643 1435 2678; x_wconf 74' lang='grc' dir='ltr'>Πολλὴν</span> <span class='ocrx_word' id='word_1_809' title='bbox 1468 2645 1594 2678; x_wconf 72' lang='grc' dir='ltr'>κακίαν,</span> <span class='ocrx_word' id='word_1_810' title='bbox 1623 2646 1694 2682; x_wconf 72' lang='grc' dir='ltr'>ἔφη,</span> <span class='ocrx_word' id='word_1_811' title='bbox 1722 2647 1862 2680; x_wconf 75' lang='grc' dir='ltr'>ἐδίδαξεν</span> <span class='ocrx_word' id='word_1_812' title='bbox 1882 2649 1901 2682; x_wconf 72' lang='grc' dir='ltr'><em>ἡ</em></span> 
     </span>
    </p>
   </div>
   <div class='ocr_carea' id='block_1_112' title="bbox 1117 2689 1901 2729">
    <p class='ocr_par' dir='ltr' id='par_1_112' title="bbox 1117 2689 1901 2729">
     <span class='ocr_line' id='line_1_112' title="bbox 1117 2689 1901 2729; baseline 0.004 -13"><span class='ocrx_word' id='word_1_813' title='bbox 1117 2689 1215 2723; x_wconf 78' lang='grc' dir='ltr'>ἀργία.</span> <span class='ocrx_word' id='word_1_814' title='bbox 1233 2689 1370 2724; x_wconf 85' lang='grc' dir='ltr'>ιΙροσήκει</span> <span class='ocrx_word' id='word_1_815' title='bbox 1384 2691 1530 2726; x_wconf 84' lang='grc' dir='ltr'>τοιγαροῦν</span> <span class='ocrx_word' id='word_1_816' title='bbox 1550 2692 1666 2720; x_wconf 71' lang='grc' dir='ltr'>ἕκαστον</span> <span class='ocrx_word' id='word_1_817' title='bbox 1690 2694 1781 2722; x_wconf 74' lang='grc' dir='ltr'>ὁποῖον</span> <span class='ocrx_word' id='word_1_818' title='bbox 1801 2693 1901 2729; x_wconf 80' lang='grc' dir='ltr'>δήποτε</span> 
     </span>
    </p>
   </div>
   <div class='ocr_carea' id='block_1_113' title="bbox 1113 2736 1901 2774">
    <p class='ocr_par' dir='ltr' id='par_1_113' title="bbox 1113 2736 1901 2774">
     <span class='ocr_line' id='line_1_113' title="bbox 1113 2736 1901 2774; baseline 0.006 -13"><span class='ocrx_word' id='word_1_819' title='bbox 1113 2737 1192 2772; x_wconf 74' lang='grc' dir='ltr'>ἔργον</span> <span class='ocrx_word' id='word_1_820' title='bbox 1207 2736 1277 2762; x_wconf 80' lang='grc' dir='ltr'>κατὰ</span> <span class='ocrx_word' id='word_1_821' title='bbox 1297 2736 1364 2762; x_wconf 74' lang='grc' dir='ltr'>Θεὸν</span> <span class='ocrx_word' id='word_1_822' title='bbox 1379 2737 1521 2770; x_wconf 78' lang='grc' dir='ltr'>γινόμενον</span> <span class='ocrx_word' id='word_1_823' title='bbox 1537 2740 1733 2774; x_wconf 72' lang='grc' dir='ltr'>καρποφορεῖν,</span> <span class='ocrx_word' id='word_1_824' title='bbox 1744 2739 1796 2774; x_wconf 18' lang='grc' dir='ltr'><strong>ικαὶ</strong></span> <span class='ocrx_word' id='word_1_825' title='bbox 1815 2747 1901 2766; x_wconf 71' lang='grc' dir='ltr'>σπου-</span> 
     </span>
    </p>
   </div>
   <div class='ocr_carea' id='block_1_114' title="bbox 310 2839 1072 2876">
    <p class='ocr_par' dir='ltr' id='par_1_114' title="bbox 310 2839 1072 2876">
     <span class='ocr_line' id='line_1_114' title="bbox 310 2839 1072 2876; baseline 0.004 -11"><span class='ocrx_word' id='word_1_826' title='bbox 310 2839 333 2855; x_wconf 70' lang='lat'>“</span> <span class='ocrx_word' id='word_1_827' title='bbox 345 2839 438 2876; x_wconf 69' lang='lat' dir='ltr'><strong>Matth.</strong></span> <span class='ocrx_word' id='word_1_828' title='bbox 457 2847 488 2876; x_wconf 71' lang='lat' dir='ltr'><strong>x_._</strong></span> <span class='ocrx_word' id='word_1_829' title='bbox 502 2839 545 2876; x_wconf 19' lang='lat' dir='ltr'><strong>42V.</strong></span> <span class='ocrx_word' id='word_1_830' title='bbox 585 2839 605 2855; x_wconf 82' lang='grc'><strong>⁵⁷</strong></span> <span class='ocrx_word' id='word_1_831' title='bbox 618 2839 712 2868; x_wconf 82' lang='lat' dir='ltr'><strong>Matth.</strong></span> <span class='ocrx_word' id='word_1_832' title='bbox 726 2849 788 2876; x_wconf 75' lang='lat' dir='ltr'><strong>xxv,</strong></span> <span class='ocrx_word' id='word_1_833' title='bbox 809 2841 853 2869; x_wconf 61' lang='lat'><strong>£0.</strong></span> <span class='ocrx_word' id='word_1_834' title='bbox 892 2842 914 2858; x_wconf 71' lang='grc'><strong>⁵³</strong></span> <span class='ocrx_word' id='word_1_835' title='bbox 928 2841 1024 2870; x_wconf 77' lang='lat' dir='ltr'><strong>Matth.</strong></span> <span class='ocrx_word' id='word_1_836' title='bbox 1037 2849 1072 2875; x_wconf 72' lang='grc' dir='ltr'><strong>τι,</strong></span> 
     </span>
    </p>
   </div>
   <div class='ocr_carea' id='block_1_115' title="bbox 1122 2839 1898 2876">
    <p class='ocr_par' dir='ltr' id='par_1_115' title="bbox 1154 2839 1898 2875">
     <span class='ocr_line' id='line_1_115' title="bbox 1154 2839 1898 2875; baseline 0 -5"><span class='ocrx_word' id='word_1_837' title='bbox 1154 2841 1176 2858; x_wconf 60' lang='grc'><strong>³⁸</strong></span> <span class='ocrx_word' id='word_1_838' title='bbox 1188 2839 1273 2870; x_wconf 82' lang='lat' dir='ltr'><strong>Exod.</strong></span> <span class='ocrx_word' id='word_1_839' title='bbox 1291 2849 1345 2874; x_wconf 77' lang='lat' dir='ltr'><strong>xw,</strong></span> <span class='ocrx_word' id='word_1_840' title='bbox 1366 2841 1407 2868; x_wconf 75' lang='grc'><strong>18.</strong></span> <span class='ocrx_word' id='word_1_841' title='bbox 1448 2842 1469 2858; x_wconf 74' lang='grc'><strong>⁵³</strong></span> <span class='ocrx_word' id='word_1_842' title='bbox 1490 2842 1634 2875; x_wconf 70' lang='grc' dir='ltr'>Μειιί.ι.τι,</span> <span class='ocrx_word' id='word_1_843' title='bbox 1667 2846 1691 2870; x_wconf 68' lang='grc' dir='ltr'><strong>ι).</strong></span> <span class='ocrx_word' id='word_1_844' title='bbox 1732 2843 1752 2859; x_wconf 72' lang='grc'><strong>⁶¹</strong></span> <span class='ocrx_word' id='word_1_845' title='bbox 1775 2843 1898 2871; x_wconf 79' lang='lat' dir='ltr'><strong>I&#39;lhcss.</strong></span> 
     </span>
    </p>
   </div>
   <div class='ocr_carea' id='block_1_116' title="bbox 277 2874 727 2908">
    <p class='ocr_par' dir='ltr' id='par_1_116' title="bbox 277 2874 727 2908">
     <span class='ocr_line' id='line_1_116' title="bbox 277 2874 727 2908; baseline 0.007 -8"><span class='ocrx_word' id='word_1_846' title='bbox 277 2882 314 2907; x_wconf 82' lang='grc' dir='ltr'>ιιι,</span> <span class='ocrx_word' id='word_1_847' title='bbox 344 2874 385 2901; x_wconf 79' lang='grc'><strong>10.</strong></span> <span class='ocrx_word' id='word_1_848' title='bbox 427 2875 448 2890; x_wconf 71' lang='grc' dir='ltr'><strong>θ’</strong></span> <span class='ocrx_word' id='word_1_849' title='bbox 468 2874 552 2901; x_wconf 69' lang='grc' dir='ltr'><strong>ιείεςιὶ.</strong></span> <span class='ocrx_word' id='word_1_850' title='bbox 569 2883 659 2908; x_wconf 81' lang='lat' dir='ltr'><strong>xxxm,</strong></span> <span class='ocrx_word' id='word_1_851' title='bbox 683 2876 727 2904; x_wconf 73' lang='grc'><strong>29.</strong></span> 
     </span>
    </p>
   </div>
  </div>
