2075 3155
152 155 236 209 ἐει

799 173 919 205 LIBER
938 172 988 203 DE
1007 172 1212 206 ORATIONE.

183 234 267 265 δαίως
290 231 344 259 κᾶν
367 230 415 265 ὑφ’
427 231 469 258 ἐνὶ
489 230 545 258 τῶν
561 230 673 265 ἀγαθῶν
688 229 866 263 διατίθεσθαι,
884 229 929 255 ἵνα
944 228 974 263 μί

1034 228 1110 262 facit,
1133 229 1276 259 fructuose
1304 238 1385 267 agere
1406 239 1413 258 :

1765 172 1818 204 862

1441 238 1475 259 ac
1504 230 1676 266 diligentiam
1704 231 1818 260 cuilibet

182 280 215 306 τὸ
233 277 366 314 παράπαν
392 276 518 312 ἄκαρπος
546 276 752 311 εὑρισκόμενος,
781 275 915 311 ἀμέτοχος
940 275 974 301 είς

1034 275 1135 303 actioni
1150 276 1229 304 bona:
1247 277 1417 312 impendere,
1435 285 1470 305 ne
1486 281 1614 312 tanquam
1631 277 1819 305 infructuosus

136 351 138 355 ,
183 325 257 351 ἅπαν
271 323 319 350 καὶ
335 322 390 349 τῶν
405 321 523 349 αἰωνίων
540 321 652 355 ἀγαθῶν
667 321 792 356 γένηται.

217 410 270 438 1Α’.
287 409 361 445 Πρὸς
383 409 452 439 τοὺς*
465 408 596 443 λέγοντας
622 408 753 435 ἀδύνατον
775 405 846 436 εἶναι
863 409 912 444 τῆς
932 418 980 437 τε·

182 455 322 490 λειότητος
344 453 503 488 ἐφικέσθαι,
522 453 570 480 καὶ¹
595 452 646 488 τῆς
670 452 787 485 εἰσάπαξ
818 452 981 488 ἀπαλλαγῆς

183 501 238 528 τῶν
263 500 370 532 παθῶν,
385 500 409 525 εί
437 500 486 526 καὶ
506 499 557 534 τῆς
577 499 722 534 μετουσίας
747 499 795 525 καὶ
812 498 979 533 πληρώσεως

183 547 231 574 τοῦ
251 545 354 580 ἀγαθοῦ
373 546 465 580 τυχετν
487 545 656 580 Πνεύματος,
673 545 823 579 ἀναγκαῖον
849 544 898 580 τὴν
923 544 981 571 ἀπὺ

183 592 237 619 τῶν
252 591 334 618 θείων
352 591 471 626 Γραφῶν
482 590 636 626 μαρτυρίαν
648 591 815 624 ἐπενεγκεῖν,
831 590 878 617 καὶ
892 590 977 622 δεῖξαι

184 639 276 670 κακῶς
284 638 388 669 εἰδότας
399 637 508 669 αὐτοὺς,
523 636 628 671 ψευδῶς
642 645 672 663 τε
686 636 744 671 ἅμα
758 637 805 663 καὶ
820 636 976 671 ἐπισφαλῶς

183 684 312 717 λέγοντας
325 691 331 697 ·
346 682 474 709 Γίνεσθε
491 682 556 717 γὰρ.
570 682 652 717 φησὶν
679 683 693 709 ό
708 682 818 718 Κύριος,
831 682 880 709 καὶ
891 682 976 716 ὑμεῖς

184 728 302 761 τέλειοι,
315 728 355 761 ὡς
367 730 383 755 ὀ
395 727 497 762 Πατὴρ
506 727 606 762 omni
619 728 759 761 οὐράνιος
772 727 886 761 τέλειός
897 729 974 755 ἐστι·

184 776 232 802 καὶ
244 774 363 809 παντελῆ
383 773 558 809 καθαρότητα
567 773 611 800 διὰ
625 773 727 800 τούτων
745 774 897 808 σημαίνων·
911 774 971 804 καὶ.

185 820 267 847 Θέλω
285 819 335 846 ἵνα
350 818 427 845 ὅπου
443 817 567 853 είμίέγὼ
582 818 631 845 καὶ
647 816 729 846 οὗτοι
741 816 797 845 ὦσι
813 819 876 853 μετ’
888 819 972 853 ἐμοῦ,

184 866 235 893 ἵνα
256 865 387 899 θεωρῶσι
404 864 463 897 τὴν
490 863 586 896 δόξαν
613 863 671 898 τὴν
700 864 788 899 ἐμήν.
811 864 903 891 Ταῦτα
927 863 972 891 τοῦ

185 911 329 946 εἰρηκότος
360 910 452 937 εἰσίν·
487 909 520 936 '0
548 910 676 944 οὐρανὸς
702 909 753 936 καί
780 910 800 944 ἡ
829 909 868 944 τῆ
899 900 1009 944 παρ-Β

184 957 351 987 ελεύσεται,
372 956 400 982 οι
420 954 454 981 δὲ
473 955 558 989 λόγον
587 964 647 989 μου
669 955 705 982 οὺ
723 954 766 990 μὴ
783 955 972 989 παρέλθωσι·

184 1003 232 1029 καὶ
247 1002 278 1028 τὺ
292 1001 338 1029 τοῦ
362 1001 536 1029 Ἀποστόλοψ
558 1001 624 1029 ἰνα
642 1001 884 1036 παραστήσωμεν
898 1001 974 1027 πάν-

184 1055 221 1075 τα
235 1048 393 1082 ἄνθρωπον
410 1048 527 1075 τέλειον
550 1048 585 1074 ἐν
607 1047 732 1082 Χριστῷ.
754 1047 810 1075 Καὶ
825 1047 865 1074 τό·
882 1047 973 1082 Μέχρι

184 1093 219 1120 δὲ
232 1093 467 1128 καταντήσωμεν
482 1095 508 1121 οἱ
520 1093 632 1127 πάντες
646 1093 689 1126 είς
704 1092 761 1127 τὴν
777 1093 905 1126 ἑνότητα
918 1091 974 1126 τῆς

184 1140 323 1172 πίστεως.
333 1139 383 1166 καὶ
399 1138 454 1174 τῆς
467 1139 656 1174 ἐπιγνώσεως
666 1139 719 1166 τοῦ
738 1138 806 1165 Υιοῦ
822 1138 875 1165 τοῦ
888 1139 973 1172 Θεοῦ,

183 1185 227 1216 εις
239 1183 334 1217 ἄνδρα
352 1183 477 1216 τέλειον,
493 1184 537 1216 είς
548 1183 658 1218 μέτρον
672 1182 792 1217 ἡλικίας
820 1182 873 1209 τοῦ
896 1184 973 1216 πλη-

182 1229 318 1263 ρώματος
335 1229 390 1256 τοῦ
406 1229 547 1263 Χριστοῦ,
564 1229 604 1261 είς
622 1231 720 1256 ταυτὸν
737 1229 827 1264 φέρει.
841 1228 930 1255 θῦτω
945 1228 974 1255 δὲ

185 1273 253 1308 πρὸς
272 1273 321 1308 τὴν
350 1274 509 1309 τελειότητα
532 1273 693 1309 ἀφορῶντας
709 1273 852 1308 συμϐαίνει
871 1274 917 1299 δύο
939 1273 975 1299 τὰ

186 1318 318 1346 κάλλιστα
335 1319 468 1353 γίνεσθαι,
485 1319 610 1346 σύντονόν
625 1328 654 1346 τε
669 1319 716 1346 καὶ
727 1320 912 1346 ἀδιάπαυστον
929 1319 975 1345 τὸν

185 1363 279 1397 ἀγῶνα
294 1363 404 1398 ἔχοντας
421 1364 460 1395 εἰς
479 1363 509 1390 τὸ
527 1363 613 1399 πέρας
627 1364 745 1396 διώκειν,
756 1363 800 1390 διὰ
811 1364 861 1399 τὴν
878 1363 974 1391 ἐλπίδα

186 1408 263 1435 τοῦδε
278 1408 325 1435 τοῦ
350 1409 461 1444 μέτρου,
481 1409 562 1444 φημὶ,
587 1409 633 1436 καὶ
652 1409 702 1443 τῆς
715 1409 881 1442 ἀναϐάσεωςο
896 1410 975 1446 τύφῳ

186 1462 216 1480 τε
232 1452 270 1489 μὴ
285 1453 454 1486 ἁλίσκεσθαι,
476 1453 544 1480 ἀλλὰ
565 1455 780 1489 μετριοφρονείν,
797 1455 844 1481 καὶ
859 1456 975 1490 μικροὺς

188 1499 301 1531 ἑαυτοὺς
315 1499 438 1534 ἡγεῖσθαι
465 1498 511 1526 διὰ
537 1500 586 1535 τὴν
603 1499 686 1536 μήπω
700 1499 748 1527 τοῦ
765 1500 868 1527 τελείου
886 1502 974 1528 κατά-

187 1545 279 1581 ληψιν.

222 1591 273 1618 lB’.
288 1591 320 1618 υί
336 1591 424 1618 ταῦτα
440 1591 577 1625 λέγοντες,
593 1592 686 1628 φησὶν,
704 1592 736 1618 ὲκ
755 1592 839 1628 τριῶν
863 1593 973 1628 τρόπων

186 1636 236 1671 τὴν
267 1637 400 1672 μεγίστην
430 1638 501 1673 ψυχῇ
526 1638 704 1672 περιάπτουσι
730 1638 850 1673 βλάϐην·
865 1638 973 1673 πρῶτον

188 1683 247 1718 μὲν,
267 1683 308 1709 ὅτι
324 1684 384 1714 ταῖς
400 1682 589 1715 θεοπνεύστοις
608 1683 748 1717 φαίνονται
768 1683 974 1715 διαπιστοῦντες

188 1729 320 1763 Γραφαῖς·
341 1728 392 1756 εἶθ’
409 1730 450 1756 ὅτι
476 1730 521 1756 τὸν
540 1730 653 1764 μείζονά,
677 1739 706 1756 τε
737 1730 784 1756 καὶ
806 1730 908 1756 τέλειον
935 1731 973 1764 μὴ

187 1775 410 1810 προστησάμενοι
441 1774 489 1801 τοῦ
514 1774 730 1810 Χριστιανισμοῦ
764 1775 882 1806 σκοπὸν,
906 1774 973 1809 μηδὲ

187 1819 255 1854 πρὸς
286 1821 388 1846 ἐκεῖνον
413 1819 515 1854 φθάσαι
545 1819 781 1854 κατατεινόμενοι,
811 1819 892 1846 πόνον
925 1819 973 1846 καὶ

188 1865 316 1900 σπονδὴν,
334 1866 431 1893 πεῖναν
445 1875 474 1892 τε
493 1867 540 1892 καὶ
555 1866 635 1901 δίψαν
647 1867 694 1901 τῆς
712 1865 884 1900 δικαιοσύνης
900 1865 973 1900 ἔχειν

186 1911 217 1937 οὗ
231 1911 379 1944 δύνανται·,
398 1910 467 1938 ἀλλὰ
498 1913 555 1943 τοῖς
575 1912 718 1947 ὲξωτέροις
732 1911 854 1947 σχήμασί
875 1919 906 1937 τε
926 1911 974 1937 καὶ

187 1956 275 1992 ἤθεσι,
295 1957 342 1984 καὶ
360 1957 461 1992 ὀλίγοις
486 1957 543 1984 τισὶ
566 1957 776 1994 κατορθώμασιν
798 1956 974 1993 ὲμπληροφο-

188 2003 325 2038 ροὺμενοι,
342 2004 391 2038 τῆς
417 2004 556 2042 μακαρίας
580 2003 698 2038 ἐλπίδος,
724 2003 772 2030 καὶ
795 2003 972 2038 τελειότητος,

187 2050 234 2076 καὶ
248 2050 296 2085 τῆς
313 2050 460 2082 παντελοῦς
474 2050 529 2077 τῶν
546 2050 686 2078 παντελῶν
702 2050 797 2078 παθῶν
813 2050 974 2086 καθάρσεως

186 2093 389 2121 ἀπολείπονται.
408 2095 445 2121 Τὸ
459 2095 549 2130 τρίτον
565 2095 602 2127 ὡς
615 2095 733 2131 οἰόμενοι
753 2096 803 2130 τῆς
824 2095 975 2130 ἁκρότητος

187 2137 329 2174 ἐφικέσθαι
348 2141 382 2176 τῇ
400 2140 568 2175 κατορθώσει
587 2141 641 2167 τῶν
665 2140 762 2174 ὀλίγων
775 2161 783 2174 ,
800 2140 838 2173 ὡς
856 2141 973 2177 ἔφημεν,

187 2185 303 2218 ἀρετῶν,
314 2186 361 2211 κα¹ι
375 2185 414 2221 μὴ
430 2186 500 2221 πρὸς
519 2185 550 2212 τὸ
560 2186 662 2212 τέλειον
677 2186 863 2220 ἐπειγόμενοι,
880 2186 911 2212 οὐ
924 2185 973 2221 μό-

187 2239 232 2256 νον
251 2230 415 2257 ταπείνωσιν
428 2231 475 2257 καὶ
487 2231 624 2266 πτωχείαν
639 2231 685 2257 καὶ
702 2230 848 2266 συντριὸὴν
861 2231 973 2265 καρδίας

187 2276 288 2309 ἥκιστα
305 2276 377 2311 ἔχειν
390 2276 527 2303 δύνανται·
544 2276 613 2303 ἀλλὰ
627 2276 794 2308 δικαιοῦντες
810 2277 922 2308 ἑαυτοὺς
935 2277 974 2309 ὡς

187 2322 239 2355 ἢδη
260 2321 469 2357 κατειληφότας,
483 2322 514 2349 οὺ
527 2322 669 2358 προκοπὴν
682 2323 732 2350 οὐκ
745 2323 864 2349 ἐπίδοσιν
875 2322 975 2358 ὁσημέ-

190 2375 233 2402 ραι
246 2367 378 2403 δέχονται.

223 2497 274 2524 Ιῐ”.
292 2497 362 2529 Τοὺς
385 2497 513 2525 ἀδύνατόν
535 2506 618 2532 φησιν
632 2498 799 2533 ἡγουμένους
812 2499 860 2534 τὴν
877 2499 976 2536 κατόρ-

189 2544 270 2571 θωσιν
283 2543 395 2579 ταύτην,
417 2544 466 2579 τὴν
484 2543 528 2571 διὰ
546 2544 593 2570 τοῦ
617 2544 776 2579 Πνεύματος
795 2546 850 2576 τοῖς
867 2545 973 2581 ἀνθρώ-

188 2598 249 2622 ποις
264 2590 453 2625 ὲγγινομένην,
470 2590 560 2625 ἧτιςή
584 2589 664 2625 καινὴ
680 2590 768 2622 κτίσις
786 2591 845 2617 ἐστὶ
859 2592 908 2626 τῆς
922 2600 974 2618 κα-

188 2635 274 2670 θαρᾶς
294 2636 417 2671 καρδίας,
443 2636 457 2662 ό
491 2635 652 2666 ’Λπόστιιλος
678 2635 825 2671 διαρρήδην
850 2637 973 2670 ἐοικότας

188 2680 285 2711 αὐτοὺς
299 2680 419 2707 δείκνυσι
434 2682 491 2712 τοῖς
504 2680 537 2707 δι’
552 2681 680 2707 ἀπιστίαν
694 2682 744 2716 τὴν
755 2682 806 2716 γῆν
821 2681 870 2716 τῆς
887 2683 974 2717 ἐπαγ-

188 2726 280 2760 γελίας
308 2727 440 2753 εἰσελθεῖν
471 2727 508 2762 μὴ
538 2726 717 2762 ἠξιωμένοις,
741 2729 788 2754 καὶ
810 2728 860 2754 διὰ
884 2729 973 2756 τοῦτο

189 2773 386 2799 πεπτωκότων
399 2773 501 2805 αὺτοῖς
521 2773 580 2800 τῶν
595 2772 699 2799 κώλων
720 2773 755 2801 ἐν
777 2773 814 2808 τῇ
829 2774 935 2809 ἐρήμῳ
956 2775 971 2801 ὃ

225 2836 247 2852 ⁸³
266 2837 362 2864 Matth.
380 2846 406 2869 ι’,
429 2839 472 2865 48.

190 2878 229 2904 ιν,
252 2871 296 2900 15.
343 2874 364 2888 ⁸³
387 2873 470 2901 llcbr.
494 2882 532 2906 ιιι,
548 2874 589 2901 17.

1033 321 1147 349 omnino
1163 326 1300 357 repertus,
1318 323 1393 350 omni
1417 331 1530 358 prorsus
1542 323 1753 358 participatione
1769 323 1819 351 bo-

1032 372 1130 392 norum
1144 370 1309 394 aeternorum
1321 367 1491 394 excludatur.

1065 410 1113 438 Xl.
1129 411 1290 439 Dieentibus
1303 411 1363 440 ﬁeri
1376 420 1431 440 non
1444 421 1536 448 posse,
1550 417 1581 440 ut
1597 412 1680 441 homo
1702 413 1736 440 ad
1756 421 1818 448 per-

1029 455 1177 484 fectionem
1191 457 1340 492 pertingat,
1355 462 1383 484 et
1396 458 1429 484 ad
1443 457 1552 492 plenam
1575 458 1770 485 liberationem
1783 458 1818 484 ab

1029 500 1188 534 affectibus;
1203 501 1324 536 itemque
1336 501 1577 536 participationem
1590 506 1618 529 et
1629 501 1818 537 impletionem

1028 546 1094 574 boni
1104 547 1234 583 Spiritus,
1245 556 1360 577 necesse
1372 555 1414 576 est
1428 556 1568 584 opponere
1580 549 1737 577 testimonia
1747 549 1818 577 divi-

1027 600 1124 620 narum
1140 593 1355 629 Scripturarum,
1365 595 1565 630 ostendereque
1577 599 1604 622 et
1612 601 1706 622 errore
1717 595 1818 623 mentis

1026 638 1153 667 laborare
1164 640 1249 676 ipsos,
1263 645 1292 668 et
1301 641 1370 669 falso
1382 641 1574 677 acpericulose
1584 641 1670 676 loqui.
1684 641 1729 668 Ait
1743 641 1817 669 enim

1025 684 1159 712 Dominus
1183 694 1190 712 :
1208 685 1301 713 Estote
1320 690 1344 713 et
1356 695 1400 714 uos
1417 686 1534 722 perfecti,
1555 687 1622 713 sicut
1637 686 1720 713 Pater
1734 691 1818 713 vester

1027 730 1139 758 scelestis
1160 732 1290 766 perfectus
1303 737 1341 760 est
1362 733 1395 760 ⁸³.
1413 733 1524 760 Plenam
1546 732 1753 767 absolutamque
1768 740 1819 767 pu-

1026 776 1138 804 ritatem
1165 785 1215 812 per
1244 778 1302 806 haec
1333 778 1468 806 indicans.
1504 778 1539 805 Et
1572 787 1578 804 :
1607 777 1686 809 Volo,
1716 782 1744 804 ut
1774 778 1818 805 ubi

1024 830 1082 849 sum
1101 831 1157 857 ego,
1182 827 1208 850 et
1228 825 1256 851 Ιιὶ
1283 825 1335 851 sint
1356 832 1468 856 mecum,
1493 827 1523 850 ut
1535 823 1641 850 videant
1666 823 1818 851 claritatem

1024 876 1111 895 meam
1123 869 1155 895 “.
1174 868 1237 896 Haec
1254 869 1369 896 aflirmat
1385 869 1419 901 is.
1435 870 1482 904 qui
1498 869 1565 896 alias
1582 869 1702 897 dixerit:
1716 869 1818 896 Cretum

1026 916 1050 939 et
1075 917 1146 940 terra
1159 914 1308 940 transibunt
1322 915 1356 947 ⁸⁸,
1377 919 1431 942 etc.
1456 914 1559 942 Eodem
1573 919 1679 948 spectat
1703 918 1731 941 et
1749 914 1818 942 illud

1025 958 1148 993 Ap05toli
1176 968 1183 986 :
1205 959 1237 987 Ut
1260 960 1427 987 exltibcamus
1450 968 1554 986 omnem
1575 960 1707 986 hominem
1733 961 1819 995 ρει-[ες
1862 969 1868 977 ι

1025 1008 1095 1031 ctum
1111 1005 1138 1031 in
1150 1004 1252 1032 Christo
1261 1005 1293 1032 “.
1311 1005 1379 1032 Illud
1395 1013 1504 1040 quoque
1520 1013 1526 1031 :
1546 1005 1635 1031 Donec
1651 1013 1819 1032 occurramus

1024 1057 1113 1077 omnes
1137 1051 1164 1077 in
1192 1051 1322 1077 unitatem
1352 1050 1424 1084 ﬁdei,
1446 1054 1470 1077 et
1498 1051 1641 1085 agnitionis
1668 1050 1729 1078 Filii
1756 1051 1816 1083 Dei,

1023 1095 1052 1121 in
1067 1094 1152 1121 virum
1175 1095 1330 1130 perfectum,
1343 1095 1371 1121 in
1384 1102 1536 1121 mensuram
1545 1096 1632 1122 (etatis
1649 1094 1819 1130 plenitudinis

1025 1141 1122 1169 Christi
1133 1141 1165 1173 ⁸⁷,
1181 1141 1254 1168 idem
1269 1141 1377 1169 suadet.
1392 1141 1478 1169 Porro
1489 1142 1536 1176 qui
1551 1141 1749 1176 perfectionem
1763 1149 1819 1176 pra:

1024 1187 1113 1215 oculis
1143 1187 1257 1221 habent,
1283 1188 1335 1215 illis
1363 1188 1419 1214 duo
1441 1187 1566 1222 quredam
1590 1187 1818 1222 praestantissima

1024 1232 1138 1259 evenire
1162 1232 1306 1267 contingit.
1323 1231 1453 1259 Summus
1474 1239 1507 1258 ac
1531 1231 1689 1258 irremissus
1704 1235 1819 1258 conten-

1026 1276 1111 1303 tionis
1126 1276 1212 1303 ardor
1225 1277 1251 1304 in
1270 1276 1360 1311 ipsum
1375 1276 1495 1310 apicem,
1513 1283 1561 1310 spe
1576 1276 1660 1310 hujus
1669 1284 1818 1308 mensuras,

1025 1328 1136 1348 cursum
1149 1321 1176 1348 in
1189 1321 1364 1348 ascendendo
1378 1321 1562 1355 persequendi
1577 1329 1585 1354 ς
1603 1327 1630 1348 et
1642 1326 1672 1348 ut
1688 1321 1819 1356 superbia

1024 1373 1061 1393 ne
1077 1366 1234 1400 capiantur;
1256 1366 1305 1394 sed
1327 1365 1435 1393 modice
1451 1365 1485 1392 de
1501 1374 1531 1393 se
1553 1366 1684 1398 sentiant,
1709 1371 1737 1393 et
1756 1366 1816 1393 cxi-

1025 1419 1093 1447 guos
1109 1419 1138 1438 se
1151 1411 1319 1444 existiment,
1333 1411 1465 1446 quoniam
1476 1411 1676 1446 perfectionem
1693 1411 1817 1439 nondum

1025 1456 1166 1485 consecuti
1181 1459 1256 1485 sunt.

987 1581 1009 1611 (ἶ
1060 1587 1118 1615 Xll.
1137 1587 1189 1621 Qui
1212 1595 1245 1616 ea
1261 1588 1423 1623 'proferunt,
1449 1587 1539 1615 tribus
1561 1586 1651 1614 modis
1668 1586 1818 1615 maximum

1024 1633 1123 1661 animae
1136 1633 1267 1660 damnum
1285 1633 1444 1668 important,
1461 1633 1583 1668 primum
1598 1633 1722 1668 quidem,
1742 1633 1817 1668 quod

1023 1678 1156 1706 divinitus
1164 1678 1304 1713 inspiratis
1312 1686 1412 1713 negare
1420 1678 1550 1705 videntur
1561 1677 1713 1713 Scripturis
1722 1678 1817 1711 ﬁdem;

1023 1727 1123 1755 deinde
1134 1727 1207 1762 quod
1223 1727 1354 1762 majorem
1368 1730 1395 1753 et
1406 1726 1558 1760 perfectum
1569 1734 1625 1753 non
1638 1726 1817 1761 prtestituunt

1022 1772 1374 1806 christianismo'scopum,
1401 1778 1492 1805 neque
1516 1771 1550 1798 ad
1575 1771 1652 1798 illum
1669 1771 1816 1806 pervenire

1023 1817 1234 1848 contendentes,
1248 1816 1371 1844 laborem
1387 1819 1416 1843 et
1431 1815 1565 1847 studium,
1581 1815 1681 1843 famem
1695 1820 1724 1843 et
1741 1816 1816 1844 sitim

1021 1863 1135 1898 iustitiae
1148 1862 1251 1889 habere
1261 1865 1388 1897 possunt;
1401 1861 1448 1888 sed
1459 1861 1586 1888 externis
1598 1861 1818 1898 etrsuperﬁciali-

1024 1897 1076 1936 bus
1084 1908 1225 1936 habilibus
1235 1911 1263 1935 et
1272 1907 1406 1939 moribus,
1421 1906 1573 1941 paucisque
1583 1897 1749 1941 quibusdam
1762 1911 1818 1934 tra-

1023 1954 1119 1982 latitiaa
1132 1954 1245 1982 virtutis
1254 1953 1351 1981 oiliciis
1365 1953 1474 1981 abunde
1493 1952 1626 1985 contenti,
1644 1961 1659 1980 a
1670 1960 1718 1987 spe
1735 1952 1817 1981 beata

1022 2006 1052 2031 et
1071 2002 1260 2038 perfectionis,
1285 2001 1472 2035 absolutaeque
1492 2007 1640 2035 pravorum
1655 1999 1746 2026 omnis
1766 2007 1817 2034 ge-

1024 2049 1100 2076 neris
1124 2047 1274 2076 aﬂectuum
1297 2046 1469 2082 purgationis
1493 2044 1634 2073 excidunt.
1661 2045 1815 2078 Postremo,

1024 2092 1098 2128 quod
1128 2091 1297 2119 exhibitione
1320 2097 1472 2125 paucarum
1496 2089 1651 2124 vulgarium
1669 2089 1815 2123 virtutum,

1024 2142 1057 2165 ut
1072 2137 1202 2168 diximus,
1223 2135 1354 2164 inflantur
1370 2135 1399 2162 in
1422 2134 1580 2170 opinionem
1598 2135 1652 2168 sui,
1667 2135 1744 2169 quasi
1758 2135 1816 2170 jam

1024 2183 1130 2218 apicem
1145 2186 1266 2214 teneant,
1284 2181 1313 2208 in
1326 2188 1407 2216 quem
1423 2188 1561 2208 summum
1576 2180 1643 2208 eniti
1661 2181 1703 2207 vis
1716 2180 1817 2207 huma-

1025 2236 1061 2256 na
1077 2232 1163 2264 quet;
1190 2227 1307 2262 ideoque
1323 2227 1441 2254 ulterius
1458 2226 1581 2261 aspirare
1597 2225 1745 2259 desinunt;
1764 2235 1816 2255 nec

1026 2272 1115 2301 solum
1134 2272 1267 2299 humilem
1287 2271 1499 2299 aestimationem
1512 2271 1566 2301 sui.
1582 2277 1611 2298 ct
1625 2275 1815 2306 paupertatem

1024 2324 1052 2346 et
1067 2319 1262 2346 contritionem
1275 2318 1369 2345 cordis
1380 2318 1492 2345 minime
1503 2317 1605 2345 habere
1617 2322 1732 2352 possunt
1744 2327 1750 2344 :
1765 2318 1813 2345 sed

1024 2365 1107 2392 etiam
1120 2364 1304 2399 justillcantes
1320 2370 1349 2389 se
1362 2362 1445 2397 ipsos,
1458 2366 1489 2389 ut
1502 2362 1548 2396 qui
1558 2362 1614 2397 jam
1630 2363 1814 2397 comprehen-

1025 2409 1127 2441 derint,
1149 2415 1275 2436 crescere
1297 2407 1421 2443 quotidie
1443 2406 1655 2442 promoverique
1672 2406 1700 2434 in
1715 2407 1814 2435 melius

1025 2458 1144 2481 cessant.

1058 2499 1128 2527 Xlll.
1145 2498 1196 2532 Qui
1211 2498 1371 2527 existimant
1388 2498 1585 2532 impossibilem
1600 2507 1661 2526 cam
1677 2499 1813 2527 reforma-

1024 2545 1138 2577 tionem,
1151 2553 1212 2580 quae
1236 2552 1284 2580 per
1299 2543 1468 2571 habitantem
1493 2544 1521 2570 in
1543 2544 1702 2572 hominibus
1725 2544 1813 2580 Spiri-

1024 2591 1104 2625 178
1117 2595 1174 2618 tum
1187 2590 1228 2622 fit,
1247 2596 1309 2625 quae
1318 2596 1387 2616 nova
1402 2592 1444 2615 est
1456 2589 1559 2616 creatio
1571 2590 1632 2624 puri
1644 2590 1751 2622 cordis;
1763 2598 1814 2618 eos

1022 2640 1168 2674 Apostolus
1175 2639 1278 2666 diserte
1288 2639 1450 2674 pronuntiat
1458 2639 1562 2666 similes
1569 2639 1633 2671 illis,
1642 2639 1688 2674 qui
1699 2643 1814 2674 propter

1023 2684 1212 2712 inﬁdelitatem
1227 2684 1331 2720 indigni
1341 2683 1457 2719 judicati
1469 2688 1541 2711 terra
1553 2684 1744 2719 promissionis
1757 2692 1763 2710 :
1775 2683 1811 2710 Et

1022 2739 1134 2765 quorum
1154 2735 1293 2766 propterea
1316 2730 1453 2764 cadavera
1477 2734 1611 2765 prostrata
1636 2734 1696 2757 sunt
1719 2730 1746 2756 in
1764 2729 1812 2755 de-~

1020 2782 1089 2803 serto
1100 2777 1133 2804 ⁵³,
1153 2777 1219 2809 Qua:
1238 2776 1310 2813 enim
1334 2767 1390 2803 illic
1410 2775 1602 2811 promissionis
1626 2781 1699 2803 terra
1727 2782 1811 2802 sensu

523 2839 642 2877 "doan.
667 2849 730 2874 xvu,
757 2840 802 2867 Eli.
824 2841 864 2877 ,⁵⁵
885 2841 974 2868 Matth

1023 2850 1069 2875 uv,
1086 2842 1134 2875 35;
1152 2841 1219 2869 Luc.
1240 2849 1294 2875 xxi,
1311 2842 1354 2868 55.
1393 2841 1416 2858 ⁶⁶
1434 2841 1530 2869 Coloss
1551 2840 1625 2873 1,28.
1665 2840 1686 2855 ⁵⁷
1707 2839 1810 2872 Etthcs.
