2075 3155
260 171 316 201 9ϋὸ

884 165 916 196 S.
938 164 1096 195 MACARII
1117 164 1276 194 lEGYl‘TlI

1837 166 1891 198 864

259 230 355 262 aperto
366 225 479 257 dicitur,
493 223 608 259 mystico
617 229 700 249 sensu
712 228 743 248 ac
754 220 901 248 affectibus
913 221 1052 248 liberatio-

1105 220 1158 255 γὰρ
1175 221 1234 247 ἐκεῖ
1247 221 1413 255 ἐπαγγελίας
1435 222 1470 256 γῆ
1486 221 1555 248 κατὰ
1572 221 1602 247 τὺ
1618 221 1745 257 φανερὸν,
1759 222 1838 249 τοῦτο
1851 223 1895 249 ὲν-

259 279 322 299 netn
348 271 468 302 indicat;
494 277 575 304 quam
597 273 626 296 et
644 268 716 295 idem
731 266 879 302 Apostolus
892 266 973 293 ﬁnem
988 274 1049 293 esse

260 318 350 345 omnis
373 315 493 343 mandati
511 314 671 342 declaravit.
696 313 758 340 "me
774 313 847 340 enim
859 320 923 339 vera
937 311 1048 338 demum

260 368 300 391 est
315 361 507 398 promissionis
520 365 603 392 terra,
612 361 639 387 in
650 360 729 394 cujus
742 359 969 394 signiﬁcationem
981 365 1049 384 cun—

261 413 303 435 cta
318 407 362 433 illa
374 407 463 442 typica
476 405 632 432 traduntur.
646 405 760 438 Propter
771 403 843 438 quod
857 403 968 430 divinus
978 402 1050 436 Apo-

260 454 356 485 stolus,
372 452 514 479 securitati
530 450 701 486 prospiciens
717 449 926 484 discipulorum,
948 455 982 475 ne
1005 448 1050 475 cui

260 498 409 534 contigerit
423 499 484 532 capi
497 496 653 524 contumaci
673 495 874 522 incredulitatis
884 494 1048 529 supercilio:

264 543 360 575 Videte,
375 543 477 577 inquit,
499 543 604 577 fratres,
618 549 650 568 ne
665 541 731 576 forte
741 541 774 567 sit
789 541 815 567 in
829 540 919 575 aliqua
933 544 1047 567 uestrum

259 598 304 616 cor
320 589 422 617 malum
441 589 645 619 incredulitatis,
668 587 815 614 discedendi
828 596 844 613 a
864 586 918 613 Deo
936 587 992 613 vit-0
1015 586 1049 612 δ’.

261 635 339 669 Quod
377 635 537 663 discedendi
561 634 675 661 verbum
703 641 758 660 non
783 633 817 660 ad
849 632 1049 667 abnegationis,

261 681 308 708 sed
323 681 356 707 ad
370 679 527 708 diﬁidentiaz
538 679 750 714 promissionum
763 677 990 712 signiﬁcationem
1003 684 1051 710 po-

260 726 316 754 suit
332 734 338 752 :
357 725 485 753 videlicet
501 725 590 760 typica
603 723 759 751 Judaeorum
773 730 807 749 ex
820 721 961 756 allegoriis
974 721 1051 748 evol-

260 779 337 803 vens,
355 776 383 798 et
401 771 501 806 ﬁguras
517 777 579 797 cum
602 771 718 796 veritate
736 775 898 803 comparans
915 766 1052 794 subinlert

262 816 357 842 dicens
373 824 380 841 :
397 813 511 847 Quidam
526 814 596 840 enim
608 814 743 840 audientes
755 812 975 839 cxacerbaeerunt
985 820 993 838 :
1005 811 1051 837 sed

261 870 313 888 non
328 861 452 892 universi,
466 860 512 895 qui
527 859 635 894 profecti
650 863 711 885 sunt
724 866 755 884 ea:
775 857 890 893 [Egyth
910 865 956 892 per
975 857 1049 892 Moy-

1103 265 1190 292 ταῦϐα
1203 265 1298 293 παθῶν
1315 267 1504 301 ἀπολύτρωσις
1528 267 1600 293 κατᾶ
1616 267 1647 293 τὸ
1672 267 1804 302 κρυπτάν·
1826 269 1894 304 ὅπερ

1101 311 1133 346 δὴ
1151 312 1196 338 καὶ
1211 312 1225 338 ὁ
1238 311 1399 343 Ἀπόστολος
1415 311 1490 343 τέλος
1511 313 1600 346 πάσης
1615 311 1725 347 ἐντολῆς
1752 311 1821 339 εἶξαι
1843 314 1897 340 ὰπ-

1105 354 1206 388 ἑδειξε·
1223 356 1270 382 καὶ
1291 356 1369 382 τοῦτό
1387 357 1459 382 ἐστιν
1473 357 1498 390 ιή
1518 356 1632 391 ἀληθινὴ
1652 358 1701 391 τῆς
1729 357 1896 391 ἐπαγγελίας

1102 400 1151 435 γῆ,
1167 401 1213 427 καὶ
1235 401 1269 426 δι’
1286 401 1371 436 αὐτὴν
1391 401 1480 427 πάντα
1497 402 1590 428 ἐκεῖνα
1606 402 1733 433 τυπικῶς
1750 403 1897 438 παραδίδου

1102 455 1158 473 ται.
1185 446 1252 481 Παρ’
1268 446 1282 473 ὃ
1304 447 1350 473 καὶ
1367 447 1381 472 ὁ
1398 447 1539 478 θεσπέσιος
1569 447 1673 479 Παῦλος
1695 449 1729 474 δι’
1744 449 1896 482 ἀσφαλείας

1101 493 1136 519 τὰ
1150 492 1204 519 τῶν
1224 493 1351 528 μαθητῶν
1374 492 1545 528 ποιούμενος,
1562 494 1599 524 ὠς
1615 494 1651 528 μή
1671 503 1732 521 τινα
1755 496 1895 530 συμϐῆναι

1101 538 1230 570 ἀπιστίας
1239 538 1343 570 ἁλῶνας
1359 539 1522 574 φρονήματι·
1537 539 1678 571 Βλέπετε,
1690 541 1816 576 ἀδελφοί
1822 551 1894 576 μου,

1102 584 1180 618 φησὶ,
1204 584 1322 618 μήποτε
1344 584 1392 618 εἴη
1415 584 1450 611 ἕν
1469 593 1530 611 τινι
1546 585 1631 619 ὑμῶν
1648 586 1756 620 καρδία
1777 588 1895 621 πονηρὰ

1101 630 1254 662 ἀπιστίας,
1273 630 1308 656 ἐν
1327 629 1366 663 τῷ
1382 630 1554 665 ἀποστῆναι
1578 632 1638 659 ἀπὸ
1658 633 1711 660 τοῦ
1728 633 1801 660 Θεοῦ
1824 633 1893 663 ζῶν-

1101 684 1162 708 τος·
1182 676 1210 702 τὴ
1224 675 1252 702 δὲ
1268 676 1419 711 ἀποστῆναι
1435 677 1485 704 οὐκ
1510 679 1555 704 ἐπὶ
1572 678 1618 704 τοῦ
1634 679 1816 714 ἀρνήσασθαι,
1834 680 1892 706 ἀλλ’

1102 721 1150 747 ἐπὶ
1160 721 1207 747 τοῦ
1220 722 1281 753 ταῖς
1293 723 1468 756 ἐπαγγελίαις
1482 723 1563 750 αὐτοῦ
1583 724 1743 759 ἀπιστῆσαι,
1755 725 1891 751 τέθεικεν·

1102 765 1198 800 ἀμέλει
1225 766 1273 793 καὶ
1299 766 1333 793 τὰ
1364 768 1466 794 τυπικὰ
1490 767 1544 794 τῶν
1579 768 1712 795 Ἰουδαίων
1737 769 1895 805 ἁλληγορῶν

1103 813 1148 838 καὶ
1161 813 1343 847 παραϐάλλων
1358 813 1445 839 ταῦτα
1462 814 1529 849 πρὸς
1543 813 1591 849 τὴν
1605 815 1747 849 ἀλήθειαν,
1757 816 1894 851 ἐπιφέρει,

1104 857 1201 891 λέγων’
1218 857 1301 891 Τινὲς
1326 859 1382 893 γὰρ
1401 859 1588 893 ἀκούσαντες
1608 861 1701 888 αὑτοῦ
1714 862 1896 895 παρεπίκρα-

260 914 315 934 seu.
332 906 430 939 Quibus
451 910 540 932 autem
562 905 680 940 infensus
701 909 739 931 est
759 904 939 939 quadraginta
954 903 1052 930 annis?

1105 912 1174 936 ναν,
1197 903 1266 930 ἀλλ’
1283 904 1319 930 οὐ
1341 903 1452 937 πάντες
1473 906 1499 931 οὶ
1513 905 1689 938 ἐξελθόντες
1700 906 1733 938 ἐξ
1744 907 1896 941 Αἰγύπτου

262 960 348 978 nonne
368 952 422 979 illis
446 953 491 987 qui
508 955 691 987 peccauerunt,
709 958 819 985 quorum
843 950 972 976 cadavera
992 957 1052 984 pro-

261 1002 347 1024 strata
371 1002 432 1024 sunt
457 998 485 1024 in
506 997 628 1023 deserto?
655 996 751 1028 Quibus
777 1000 865 1022 autem
879 995 981 1030 juravit
999 1003 1050 1021 non

262 1044 374 1070 introire
389 1045 417 1070 in
440 1044 556 1078 requiem
574 1043 666 1078 ipsius,
683 1041 733 1068 nisi
747 1040 912 1068 incredulis?
931 1040 962 1067 Et
982 1041 1052 1067 vide-

262 1097 320 1115 mus
335 1090 396 1123 quia
411 1097 462 1114 nou
479 1091 620 1123 potuerunt
637 1087 745 1113 introire
761 1089 868 1121 propter
880 1085 1053 1112 incredulita-

262 1138 314 1161 tem
327 1135 360 1161 ⁷ο.
375 1134 523 1161 Timeamus
539 1141 598 1168 ergo
613 1141 646 1160 ne
667 1133 744 1167 forte,
759 1132 849 1158 relicta
864 1131 1052 1166 pollicitatione

262 1180 412 1206 introeundi
426 1179 454 1205 in
476 1179 592 1214 requiem
613 1178 704 1213 ipsius,
719 1178 881 1204 existimetur
902 1176 998 1211 aliquis
1021 1183 1053 1202 cx

261 1226 332 1252 vobis
343 1225 441 1252 det-sse.
459 1225 564 1252 Etenim
586 1229 609 1251 et
630 1224 702 1250 nobis
727 1224 879 1250 nuntiatum
896 1226 945 1254 est,
964 1230 1054 1257 quem-

262 1270 402 1297 admodum
415 1274 438 1296 et
449 1269 512 1301 illis,
523 1277 581 1304 quw
590 1269 742 1296 audierunt.
754 1268 925 1304 Ingredimur
938 1268 1008 1294 enim
1026 1268 1053 1294 in

263 1317 378 1350 requiem
392 1317 436 1351 qui
448 1316 604 1342 credidimus
621 1315 653 1341 τι.
669 1315 702 1342 Ει
718 1319 780 1349 post
796 1322 882 1349 pauca
898 1322 994 1341 rursus
1010 1313 1054 1340 in-

264 1361 315 1388 fert
331 1369 338 1387 :
357 1360 520 1387 Festinemus
543 1368 603 1395 erqo
626 1360 728 1395 ingredi
743 1361 771 1386 in
789 1359 866 1386 illum
881 1359 1007 1394 requiem,
1024 1363 1054 1385 ut

264 1415 296 1433 ne
311 1408 338 1433 in
359 1408 444 1442 ipsum
458 1408 517 1441 quis
530 1400 630 1434 incidat
643 1406 836 1433 incredulitatis
856 1405 1006 1440 exemplum
1017 1406 1052 1433 τ’.

263 1455 328 1487 Qum
345 1459 436 1482 autent
453 1454 505 1481 alia
520 1458 562 1481 est
574 1453 794 1480 Christianorum
815 1453 935 1487 requies,
954 1460 969 1479 a
985 1459 1051 1486 per-

264 1500 334 1527 fecta
347 1501 586 1534 perturbationum
595 1499 629 1526 ad
643 1504 786 1533 peceatum
801 1499 969 1525 trahentium
984 1498 1054 1526 Iibe-

266 1546 382 1577 rationc,
396 1549 477 1580 atque
493 1553 508 1571 a
523 1544 680 1579 plenissima
692 1549 720 1571 et
735 1543 837 1571 ellicaci
853 1543 917 1570 boni
932 1543 1052 1577 Spiritus

1104 947 1153 973 διὰ
1177 947 1316 980 Μωσέως·
1336 948 1397 974 τίσι
1413 948 1447 975 δὲ
1467 949 1658 985 προσώχθισε
1669 951 1897 984 τεσσαράκοντα

1105 992 1251 1027 ἑτη;οὺχὶ
1277 993 1340 1026 τοῖς
1360 994 1581 1029 ἁμαρτήσασιν,
1607 993 1650 1023 ὧν
1670 997 1707 1024 τὰ
1730 997 1812 1024 κῶλα
1826 997 1895 1024 ἕπε-

1105 1045 1160 1065 σεν
1180 1039 1215 1065 ἐν
1234 1039 1270 1073 τῇ
1293 1039 1412 1074 ἐρήμῳ;
1436 1042 1497 1068 τίσι
1520 1041 1554 1068 δὲ
1576 1042 1675 1076 ὤμοσε
1699 1043 1742 1076 μὴ
1761 1043 1897 1070 εἰσελεύ-

1106 1086 1213 1111 σεσθαι
1237 1085 1279 1117 εὶς
1298 1085 1356 1118 τὴν
1378 1086 1570 1114 κατάπαυσιν
1589 1088 1682 1115 αὑτοῦ
1696 1108 1702 1119 ,
1726 1089 1752 1115 ει
1770 1088 1811 1123 μὴ
1832 1088 1897 1122 τοῖς

1105 1130 1307 1163 ἀπειθήσασι;
1330 1132 1377 1158 καὶ
1392 1131 1558 1167 βλέπομεν,
1577 1133 1622 1160 ὅτι
1637 1133 1680 1168 μὴ
1699 1134 1896 1167 ἐδυνήθησαν

1106 1176 1256 1203 εισελθεῖν
1280 1176 1317 1203 δι’
1335 1177 1494 1204 ἀπιστίαν·
1514 1179 1563 1205 καὶ
1590 1179 1704 1214 ἐπάγει·
1721 1180 1898 1214 Φοϐηθῶμεν

1106 1220 1163 1250 οὖν
1175 1218 1292 1257 μήποτε
1304 1225 1548 1258 καταλιπομένης
1559 1225 1740 1259 ἐπαγγελίας
1749 1225 1899 1252 εἰσελθεῖν

1107 1269 1150 1300 εὶς
1173 1267 1230 1301 τὴν
1258 1268 1451 1296 κατάπαυσιν
1473 1271 1578 1303 αὐτοῦ,
1594 1271 1679 1297 δοκεῖ
1702 1280 1748 1304 τις
1764 1271 1799 1303 ἐξ
1814 1271 1897 1306 ὑμῶν

1106 1313 1317 1347 ὑστερηκένιιν
1335 1315 1384 1342 καί
1401 1315 1455 1349 γάρ
1472 1315 1565 1349 ἐσμεν
1579 1317 1825 1351 εὺηηπελισμέτόι
1846 1325 1899 1344 κα-

1108 1359 1201 1393 θάπερ
1215 1359 1357 1386 κάκεῖνοι·
1382 1361 1450 1388 ἀλλ’
1462 1362 1519 1388 οὐκ
1528 1362 1688 1396 ὠφέλησεν
1699 1364 1714 1389 ὀ
1735 1363 1826 1398 λόγος
1842 1363 1898 1397 τῆς

1098 1404 1203 1438 νάκοῆς
1211 1405 1346 1438 ἐκείνους
1354 1406 1396 1441 μὴ
1409 1409 1652 1442 συγκεκριιμένος
1663 1408 1700 1443 τῇ
1717 1410 1816 1436 πίστει
1835 1409 1898 1442 τοῖς

1108 1450 1289 1477 ἀκούσασιν·
1301 1453 1494 1488 εἰσερχόμεθα
1508 1456 1562 1488 γὰρ
1577 1456 1621 1487 εις
1636 1454 1693 1488 τὴν
1707 1455 1898 1482 κατάπαυσιν

1109 1498 1136 1523 oi
1164 1497 1395 1530 πιστεύσαντες·
1421 1499 1467 1525 καὶ
1492 1500 1551 1534 μετ’
1566 1499 1641 1533 ὀλίγα
1662 1500 1743 1527 πάλιν
1759 1501 1896 1536 ὲπιφέρειυ

1111 1543 1335 1578 Σπουδάσωμεν
1349 1543 1406 1570 οὖν⁵
1421 1545 1570 1572 εἰσελθεῖν
1582 1547 1625 1579 εις
1639 1547 1762 1580 ἐκείνην
1780 1548 1837 1580 τὴν
1848 1556 1899 1573 κα-

267 1591 376 1626 inpuro
395 1590 477 1618 corde
499 1590 689 1617 habitatione?
715 1589 864 1623 Propterea
877 1592 904 1615 et
921 1589 1053 1616 inducens

1105 1588 1266 1622 τάπαυσιν,
1288 1590 1338 1616 ἵνα
1353 1589 1396 1624 μὴ
1416 1590 1450 1616 ἐν
1473 1591 1513 1623 τῷ
1535 1591 1615 1625 αὐτῷ
1639 1601 1685 1623 τις
1701 1593 1898 1628 ὑποδείγματι

267 1642 362 1661 rursus
388 1642 435 1661 eos
460 1634 492 1661 ad
523 1633 615 1665 ﬁdem,
642 1633 680 1660 ait
705 1641 711 1659 :
736 1632 895 1659 decedamus
915 1641 974 1658 cum
994 1640 1054 1658 vero

266 1680 342 1706 corde
354 1679 381 1706 in
395 1679 557 1714 plenitudine
568 1678 645 1712 ﬁdei,
663 1678 763 1713 aspersi
781 1677 861 1704 corda
872 1686 887 1703 a
899 1678 1054 1704 conscientia

267 1724 340 1752 mala
360 1725 392 1752 ⁷³,
409 1725 443 1752 Et
460 1725 559 1751 iterum
577 1733 583 1750 :
601 1724 706 1756 Quanto
727 1724 811 1758 magis
834 1724 942 1758 sanguis
958 1722 1055 1749 Christi

267 1771 418 1798 emundabit
439 1771 624 1797 conscientiam
648 1774 765 1797 nostram
793 1769 824 1795 ab
846 1769 965 1803 operibus
982 1776 1054 1794 mor-

268 1818 318 1844 tuis
341 1818 374 1844 ad
400 1817 564 1844 seruiendum
592 1816 645 1843 Deo
662 1817 718 1843 vivo
744 1820 769 1842 et
784 1823 845 1842 vero
860 1815 899 1841 1“l
921 1814 1055 1841 Convenit

268 1864 351 1898 igitur
365 1863 552 1890 annuntiatam
568 1871 616 1897 per
636 1863 695 1889 lucc
717 1862 802 1889 verba
822 1862 983 1888 immensam
1007 1859 1055 1886 Dei

267 1917 330 1944 erga
345 1909 469 1936 homines
489 1909 685 1944 benignitatem
700 1907 824 1936 conﬁteri
840 1914 899 1939 nos,
914 1912 945 1934 ut
962 1913 1055 1933 servos

269 1954 378 1987 ﬁdeles;
402 1959 430 1981 et
455 1962 519 1981 vera
535 1953 667 1989 ﬁrmaque
693 1958 823 1988 reputare
838 1961 899 1988 qua:
921 1952 1055 1987 promissa

268 2005 343 2032 sunt,
375 2004 404 2027 ut
430 1999 605 2034 quantumvis
629 2004 740 2034 propter
764 1997 896 2034 propositi
918 1996 1055 2033 pigritiam

268 2050 295 2072 et
322 2045 510 2072 inﬁrmitatem
531 2052 586 2072 non
605 2052 719 2079 prorsus
745 2052 796 2072 nos
820 2044 904 2071 setnel
930 2043 957 2070 in
974 2050 1056 2070 omne

269 2098 376 2127 tempus
403 2091 525 2119 Creatori
552 2091 729 2125 prazbuimus.
760 2097 850 2125 neque
876 2089 910 2116 ad
945 2097 1056 2124 magnas

268 2141 296 2164 et
321 2137 457 2172 perfectas
494 2137 604 2163 virtutis
632 2135 813 2170 aspiravimns
844 2140 1012 2161 mensuras‘:
1029 2138 1057 2161 at

269 2184 387 2218 aliquam
417 2183 512 2210 saltem
548 2181 766 2209 misericordiam
793 2180 829 2207 ob
862 2180 1056 2207 rectitudinem

270 2229 423 2256 irreﬁexam
446 2227 617 2258 intentionis,
643 2231 671 2254 et
697 2233 790 2253 sanam
807 2225 900 2257 ﬁdem,
925 2225 1056 2259 consequi

270 2275 416 2310 possimus.

1107 1634 1254 1668 περιπέσῃ
1280 1634 1334 1669 τῆς
1352 1636 1512 1669 ἀπειθείας.
1533 1637 1581 1668 Τίς
1605 1638 1632 1664 δὲ
1659 1639 1830 1673 Χριστιανῶν
1845 1648 1898 1665 κα-

1107 1680 1240 1712 τάπαυσις
1253 1681 1344 1716 ἑτέρα,
1361 1681 1376 1716 ἢ
1392 1682 1446 1708 τῶν
1462 1682 1510 1716 τῆς
1529 1683 1666 1718 ἁμαρτίας
1683 1684 1777 1710 παθῶν
1791 1685 1807 1719 ὴ
1830 1685 1900 1711 ἀπο-

1107 1724 1250 1759 λύτρωσις,
1276 1725 1323 1752 καὶ
1347 1727 1364 1760 ὴ
1389 1727 1561 1763 πληρεστάτη
1580 1729 1626 1755 καὶ
1641 1729 1755 1764 ἐνεργὴς
1770 1729 1817 1756 τοῦ
1831 1731 1899 1764 ἀγα-

1108 1769 1154 1796 θοῦ
1179 1770 1335 1805 Πνεύματος
1365 1773 1394 1798 ὲν
1419 1774 1451 1808 τῇ
1472 1774 1580 1809 καθαρᾷ
1611 1775 1709 1810 καρδίᾳ
1737 1777 1896 1810 ὲνοίκησις;

1107 1815 1192 1851 ταύτῃ
1208 1825 1249 1842 τοι
1265 1817 1312 1843 καὶ
1332 1818 1436 1852 ὲνάγων
1454 1819 1551 1851 αὐτοὺς
1564 1821 1644 1847 πάλιν
1661 1821 1729 1857 πρὸς
1740 1822 1790 1856 τὴν
1806 1822 1899 1848 πίστιν

1109 1862 1184 1896 φησι·
1205 1864 1436 1898 Προσερχώμεθα
1455 1866 1518 1900 μετ’
1539 1866 1689 1901 ἀληθινῆς
1714 1867 1838 1902 καρδίας
1862 1868 1899 1895 ἐν

1108 1909 1292 1942 πληροφορίᾳ
1305 1910 1445 1943 πίστεως,
1465 1911 1691 1946 ἐρραντισμένοι
1706 1913 1760 1945 τὰς
1774 1913 1899 1948 καρδίας

1108 1952 1167 1979 ἀπὸ
1192 1953 1397 1987 συνειδήσεως
1412 1955 1605 1989 ποι·ηρᾶς,καὶ
1616 1957 1704 1988 αὖθις·
1721 1959 1807 1990 Πόσῳ
1819 1957 1899 1992 μᾶλ-

1108 1999 1165 2025 λον
1180 1998 1213 2025 τὸ
1231 1998 1302 2033 αἷμα
1318 2000 1372 2026 τοῦ
1389 2000 1495 2034 Ἰησοῦ
1508 2003 1708 2036 καθαριεῐτὴν
1718 2004 1900 2037 συνείδησιν

1109 2041 1192 2076 ὑμῶν
1218 2043 1277 2069 ἀπὸ
1293 2044 1409 2078 νεκρῶν
1426 2045 1530 2080 ἔργων,
1549 2048 1592 2080 εις
1613 2048 1647 2074 τὸ
1663 2049 1820 2082 λατρεύειν
1838 2048 1901 2081 Θεῷ

1109 2087 1192 2118 ζῶντι
1208 2088 1256 2115 καὶ
1279 2089 1432 2123 ἀληθινῷ]
1448 2092 1584 2128 Προσήκει
1604 2094 1702 2125 τοίνυν,
1720 2094 1768 2129 τὴν
1788 2095 1830 2121 διὰ
1844 2095 1901 2122 τᾶν

1110 2135 1241 2169 ῥημάτων
1264 2136 1366 2165 τούτων
1385 2137 1592 2174 ἐπηγγελμένην
1612 2139 1657 2166 τοῦ
1684 2140 1751 2167 Θεοῦ
1771 2140 1838 2176 πρὸς
1853 2141 1902 2167 ἀν-

1111 2180 1235 2215 θρώπους
1263 2182 1381 2218 ἄμετρον
1408 2183 1563 2220 ἀγαθός-ητα
1590 2186 1784 2221 καθομολογεῖν
1803 2187 1901 2222 ἡμᾶς,

1110 2225 1154 2253 οἷα
1168 2226 1278 2258 δούλους
1293 2228 1479 2263 εὐγνώμονας,
1495 2231 1541 2257 καὶ
1557 2231 1643 2267 ἀληθῆ
1657 2226 1704 2259 καὶ
1717 2232 1814 2267 βέὁαια
1825 2233 1901 2267 λογί-

1074 2268 1094 2295 Ῑ)
1110 2271 1204 2303 ξεσθαι
1215 2273 1248 2299 τὰ
1266 2273 1470 2309 ἐπηγγελμένα·
1484 2276 1528 2302 ἵνα
1540 2277 1592 2304 κᾶν
1603 2277 1647 2304 διὰ
1659 2277 1775 2305 νωθείαν
1787 2279 1803 2313 ἦ
1817 2278 1902 2304 ἀσθέ-

270 2331 348 2350 νειαν
368 2322 556 2357 προαιρέσεως
584 2321 621 2356 μὴ
649 2319 777 2353 καθάπαξ
806 2319 919 2350 ἑαυτοὺς
946 2319 986 2353 τῷ
1016 2319 1180 2354 πεποιηκότι
1203 2320 1387 2356 παρέσχομεν,
1406 2323 1472 2357 μηδὲ
1487 2323 1541 2349 τῶν
1570 2324 1694 2358 μεγάλων
1722 2324 1770 2351 καὶ
1792 2323 1904 2352 τελείαν

269 2369 320 2404 τῆς
349 2369 449 2403 ἀρετῆς
484 2367 720 2402 anguet-quatiebat
761 2366 883 2401 μέτρων·
923 2364 979 2391 ἀλλ’
1007 2362 1053 2390 οὗν
1083 2365 1114 2398 γέ
1143 2373 1214 2397 τινος
1247 2366 1338 2398 ἐλέους
1358 2367 1402 2394 διὰ
1426 2368 1457 2394 τὸ
1482 2369 1561 2404 ὀρθὸν
1587 2369 1634 2396 καὶ
1660 2370 1838 2405 ἀδιάστροφον
1853 2372 1902 2399 τιῦ

271 2415 455 2450 φρονήματος,
476 2413 524 2439 καὶ
549 2412 598 2447 τὴν
622 2411 686 2446 ὑγιῆ
709 2411 800 2437 πίστιν
827 2409 1022 2442 ὲπιτεύξασοαι
1037 2408 1204 2444 δυνηθῶμεν,

306 2461 375 2489 XIV.
387 2461 524 2488 Orationis
535 2464 563 2488 et
573 2459 652 2487 verbi
665 2466 734 2493 opus
747 2458 800 2486 rite
809 2465 842 2485 ac
856 2456 1052 2484 convenienter

272 2507 434 2539 exercitum,
448 2514 529 2541 supra
551 2513 660 2532 omnem
681 2505 811 2532 virtutem
827 2506 856 2530 et
877 2509 958 2529 omne
980 2509 1058 2528 man-

272 2554 365 2581 datum
390 2551 507 2579 excellit.
524 2550 612 2586 Hujus
628 2550 668 2577 rei
690 2549 767 2577 testis
789 2549 846 2583 ipse
857 2551 899 2574 est
913 2547 1056 2573 Dominus.

272 2601 340 2628 Cum
366 2599 440 2627 enim
464 2598 493 2625 in
520 2597 631 2625 Marthae
665 2605 696 2624 ae
722 2595 813 2623 Mariae
838 2593 995 2620 divertisset
1010 2592 1060 2619 do-

274 2654 347 2673 mum
358 2645 390 2677 ”,
406 2650 433 2672 et
447 2644 553 2671 Martha
571 2643 645 2670 circa
661 2640 846 2668 ministerium
859 2642 1001 2672 occupata,
1015 2637 1058 2664 in—

273 2692 353 2720 terim
369 2691 433 2718 dum
449 2690 531 2717 Maria
546 2689 579 2716 ad
599 2688 683 2723 pedes
696 2685 807 2713 Domini
827 2684 935 2716 sedens,
951 2684 1059 2711 ambro-

275 2738 314 2766 sia
329 2736 428 2763 divina:
446 2735 518 2762 illius
529 2735 628 2769 lingua:
639 2731 717 2766 quasi
727 2731 848 2758 suaviter
862 2729 976 2765 epulans
985 2729 1060 2757 frue-

275 2783 366 2814 batur,
384 2785 544 2816 quereretur
559 2779 592 2806 de
607 2785 711 2810 sorore,
725 2776 797 2812 quod
811 2777 896 2811 ipsam
913 2784 966 2802 non
981 2776 1059 2810 adju-

311 2841 332 2855 δι’
352 2838 436 2865 llebr.
451 2845 489 2865 ιιι.
504 2836 547 2862 12.

276 2874 297 2889 ⁷⁵
319 2874 385 2899 Luc.
411 2881 436 2904 x,
462 2872 506 2898 58.

596 2835 618 2852 "°
639 2835 708 2862 ibid.
724 2835 766 2868 l6,
792 2834 831 2861 l9.
871 2834 892 2849 τι
914 2832 997 2860 Hebr.
1028 2841 1064 2865 tv,
1084 2833 1139 2861 1-6.
1172 2834 1194 2850 η
1215 2834 1281 2861 ibid.
1308 2835 1350 2862 li.

1146 2457 1193 2483 lA’.
1211 2457 1248 2483 Τὸ
1265 2458 1314 2492 τῆς
1329 2459 1412 2494 εὐχῆς
1434 2459 1481 2486 καὶ
1496 2460 1543 2486 τοῦ
1570 2460 1650 2493 λόγου
1672 2461 1752 2496 ἔργον
1770 2462 1903 2497 ἁρμοζόν-

1109 2510 1163 2533 τως
1189 2503 1408 2539 ὲπιτελοὺμενον,
1429 2506 1518 2540 πάσης
1543 2507 1643 2542 ἀρετῆς
1664 2516 1693 2534 τε
1719 2509 1766 2534 καὶ
1793 2508 1904 2543 ἐντολῆς

1111 2547 1239 2583 ὑπεράνω
1274 2550 1354 2577 τελεῖ.
1384 2551 1439 2577 Καὶ
1461 2553 1555 2579 τούτου
1580 2554 1685 2587 μάρτυς
1701 2554 1791 2587 αὐτός·
1810 2555 1903 2590 ἐπειδὴ

1111 2593 1165 2627 γὰρ
1175 2594 1214 2625 εἰς
1225 2594 1273 2629 τὴν
1288 2596 1376 2622 οἰκίαν
1389 2597 1506 2632 Μάρθας
1519 2599 1694 2633 τε,φημὶ,καὶ
1710 2600 1818 2635 Μαρίας
1832 2609 1903 2635 παρ-

1112 2638 1205 2671 έὸαλε,
1219 2640 1268 2673 τῆς
1284 2641 1332 2675 μὲν
1349 2641 1463 2676 Μάρθας
1481 2645 1544 2679 περὶ
1561 2644 1609 2678 τὴν
1623 2644 1758 2671 διακονίαν
1775 2645 1904 2679 ἀσχολου-

1113 2684 1206 2718 μένης,
1224 2685 1332 2719 Μαρίας
1343 2686 1371 2712 δὲ
1390 2687 1453 2721 περὶ
1466 2688 1528 2719 τοὺς
1546 2688 1627 2715 αὐτοῦ
1645 2689 1726 2721 πόδας
1749 2690 1903 2723 καθεζομέ-

1112 2739 1169 2764 νης,
1187 2731 1234 2756 καὶ
1257 2732 1290 2766 τῇ
1309 2731 1447 2768 ἀμϐροσίᾳ
1475 2734 1525 2768 τῆς
1555 2734 1630 2767 θείας
1659 2736 1766 2770 ἐκείνης
1780 2735 1903 2769 γλώττης

1114 2777 1320 2812 εὺωγονμένης,
1335 2780 1514 2814 μεμφομένης
1539 2781 1625 2815 αὐτῆς
1648 2782 1697 2816 τῆς
1715 2782 1841 2815 ἀδελφῆς,
1863 2781 1903 2817 ὅτι

1390 2835 1411 2851 ⁷³
1430 2835 1514 2863 llebr.
1541 2845 1566 2870 x,
1583 2838 1628 2865 92.
1666 2838 1688 2854 ⁷⁵
1709 2838 1792 2866 llebr.
1805 2846 1842 2871 ιιι,
1859 2838 1900 2865 14.
