2075 3155
195 159 249 191 865

630 158 747 188 LIBER
767 157 816 188 DE
835 156 1039 187 PATIENTIA
1059 157 1106 187 ET
1126 156 1388 187 DISCRETIONE.

1767 158 1820 190 866

196 213 233 250 μὴ
251 214 414 250 συμπρᾶττῃ
428 213 522 246 ταῦτα,
540 214 585 241 καὶ
602 213 646 240 διὰ
666 213 745 240 τοῦτο
770 212 880 248 Χριστῷ
894 220 980 247 προσ-

1033 218 1120 245 varet,
1150 220 1182 240 ac
1208 219 1320 248 propter
1337 213 1363 240 id
1377 213 1410 240 ad
1430 213 1570 242 Christum
1585 215 1758 249 accessisset,
1776 217 1820 244 ille

194 259 334 295 ελθούσης,
350 260 430 292 αὐτὸς
453 261 483 286 τδ
510 259 677 295 κυριώτερον
699 259 746 286 τοῦ
771 259 898 293 δευτέρου
914 266 983 293 προ-

195 305 383 339 θεὶς,Μάρθα,
395 306 458 340 ἔφη,
475 305 619 340 μεριμνᾷς
634 306 683 332 καὶ
696 303 821 339 τυρϐάζῃ
834 306 899 337 περὶ
912 305 985 330 πολ-

193 351 246 378 λά·
275 351 344 384 ἑνὸς
368 351 402 378 δέ
426 352 492 379 ἐστι
514 353 608 386 χρεία·
625 351 725 385 Μαρία
747 350 781 377 δὲ
796 350 854 384 τὴν
868 349 984 383 ἀγαθὴν

190 396 299 431 μερίδα
314 396 486 430 ἐξελέξατο,
507 397 573 431 ἣτις
600 398 655 424 οὐκ
679 396 911 431 ἀφαιρεθήσεται
932 392 985 422 ἀπ’

192 442 297 476 αὐτῆς.
313 442 400 469 Τοῦτο
412 442 441 468 δὲ
454 443 573 477 εἴρηκεν,
589 442 626 474 ὡς
646 441 760 477 ἔφημεν.
774 441 823 475 οὐχ
838 441 875 472 ὡς
890 439 920 466 τδ
932 441 981 475 τῆς

193 487 330 519 διακονίας
352 487 432 523 ἔργον
452 488 678 523 ἀποποιούμενος,
701 487 760 514 ἀλλ’
775 486 812 518 ὡς
834 486 863 512 τὸ
887 484 982 520 μεῖζον

194 530 303 562 πάντως
329 531 376 557 τοῦ
399 531 540 563 ἐλάττονος
565 531 713 566 προτιθείς·
733 531 794 557 ἐπεὶ
820 530 878 562 πῶς
902 529 983 561 αὐτὸς

193 576 316 611 ἠνείχετο
328 576 377 611 τῆς
389 577 543 610 διακονίας;
559 577 617 608 πῶς
630 577 676 603 καὶ
693 576 844 611 αὐτουργὸς
857 575 982 610 φαίνεται

192 623 287 648 τούτου
307 622 463 657 γενόμενος,
479 623 525 650 καὶ
545 623 608 654 τοὺς
629 622 712 651 πόδας
727 622 806 656 νίψας
821 622 874 648 τῶν
892 620 980 655 μαθη-

192 667 245 694 τῶν
259 676 266 700 ;
284 667 411 694 τοσοῦτον
425 668 453 694 δὲ
466 668 653 702 ἀποσχόμενος
670 667 716 694 τοῦ
733 667 865 699 κωλῦσαι,
878 667 918 693 ὃτι
935 667 982 692 καὶ

192 713 238 739 τὸν
261 714 318 740 ῐσον
332 713 433 748 τρόπον
448 713 516 748 πρὸς
529 713 661 749 ἀλλήλους
676 714 765 739 ποιεῖν
779 714 835 743 τοῖς
851 711 981 747 μαθηταῖς

193 759 376 793 ὲγκελεΰεται·
394 759 424 785 οὐ
441 759 495 794 μὴν
511 759 578 786 ἀλλὰ
602 759 648 786 καὶ
663 758 760 790 αὐτοὺς
777 759 903 793 εὑρήσεις
918 758 978 788 τοὺς

193 802 368 835 ἀποστόλους,
384 803 465 837 ἡνίκα
483 803 614 838 πρότερον
631 802 695 836 περὶ
709 802 758 837 τὴν
769 801 823 828 τῶν
837 801 981 837 τραπεζῶν

193 847 337 874 ἐπονοῦντο
360 848 509 880 διακονίαν,
527 849 575 875 τοῦ
600 848 722 883 μείζονος
739 848 820 882 ἔργου
835 847 980 882 πρόκρισιν

195 893 336 928 θεμένους,
350 894 401 928 τῆς
416 895 508 929 εὐχῆς,
529 880 612 929 φημὶ,
632 894 678 921 καὶ
695 893 742 921 τοῦ
755 880 840 927 ’λόγου
879 880 919 920 Oti
938 892 980 919 δί-
997 880 1017 906 Β

192 947 280 966 rea/or
290 940 355 974 γὰρ,
368 941 466 974 φησὶν,
482 939 560 974 ἡμᾶς
575 940 798 972 καταλιπόντας
815 939 870 965 τὸν
891 940 982 973 λόγον

191 984 246 1012 τοῦ
265 984 339 1011 Θεοῦ
358 984 512 1011 διακονεῖν
537 984 712 1018 τραπέζαις·
740 983 797 1010 ἀλλ’
825 983 981 1017 εὐξάμενοι,

193 1029 305 1061 ἄνδρας
328 1029 454 1063 πλήρεις
472 1030 645 1064 Πνεύματος
674 1028 760 1063 ἁγίου
785 1027 982 1061 καταστήσω-

190 1082 249 1108 μεν
264 1074 313 1100 ἐπὶ
330 1073 386 1108 τῆς
400 1073 553 1106 διακονίας
568 1074 678 1107 ταύτης
692 1081 698 1086 ·
715 1072 801 1107 ἡμεῖς
815 1072 848 1098 δὲ
868 1071 904 1106 τῇ
920 1072 983 1098 δια-

193 1120 280 1152 κονίᾳ
300 1118 354 1146 τοῦ
373 1119 467 1154 λόγου
491 1119 540 1146 καὶ
560 1118 596 1152 τῇ
616 1118 772 1153 προσευχῇ
797 1125 981 1152 προσκαρτε-

190 1161 299 1199 ρῶμείθ.
315 1166 407 1200 Ὁρᾷς,
422 1166 496 1197 ὅπως
510 1166 544 1192 τὰ
567 1165 663 1201 πρῶτα
685 1164 738 1191 τῶν
758 1164 890 1199 δευτέρων
913 1173 980 1200 προ-

195 1210 317 1246 έκριναν,
338 1210 439 1246 καίπερ
465 1211 608 1245 ἀμφότερα
628 1211 692 1246 μιᾶς
719 1209 824 1245 ἀγαθῆς
841 1209 918 1246 ῥίζης
932 1210 981 1236 οὐκ

194 1255 354 1290 ἀγνοοῦντες
365 1254 435 1283 εἶναι
447 1255 636 1292 βλαστήματα.

197 1342 221 1357 ’⁸
239 1342 305 1373 Luc.
329 1351 356 1373 x.
371 1344 416 1372 41.

197 1442 588 1460 ==1

267 1537 863 1626 ΜΑΚΑΡΙΟΥ
919 1539 984 1621 Τ

463 1344 484 1360 ⁷⁷
512 1344 590 1372 Joan.
621 1350 677 1376 χιιι,
690 1343 718 1370 5.
753 1342 776 1358 ’⁸
807 1342 866 1369 Act.
891 1349 928 1372 \‘l,
957 1342 1016 1369 2-5.

989 1537 1138 1623 ΟΥ
1203 1536 1754 1626 ΜΕΓΑΛΟΥ

1038 257 1189 292 principale
1211 258 1366 285 accessorio
1389 259 1548 293 praeferens,
1574 261 1692 292 Mart/ia,
1721 261 1819 295 inquit,

1035 303 1150 330 sollicita
1162 311 1199 336 es,
1213 309 1234 330 el
1249 305 1363 331 turbaris
1378 313 1439 340 ergo
1454 305 1567 340 plurima
1582 314 1680 341 :porro
1691 316 1773 334 unum
1785 313 1822 335 eu

1037 350 1223 376 necessarium.
1238 349 1323 376 Maria
1337 351 1463 384 optimam
1477 355 1579 385 partem
1592 351 1679 386 elegit,
1696 361 1755 387 qua
1769 361 1821 380 non

1035 394 1171 429 auferetur
1185 395 1217 421 ab
1230 403 1262 422 ea
1274 395 1306 422 ".
1326 394 1382 422 Hoc
1397 399 1488 422 autem
1503 396 1582 426 dixit.
1602 402 1632 424 ut
1649 398 1752 432 prml‘ali
1774 406 1822 426 su~

1034 448 1105 471 mus,
1123 448 1177 467 non
1189 445 1219 468 ut
1232 441 1377 468 ministerii
1391 449 1460 476 opus
1472 442 1645 476 reprobaret;
1660 444 1708 471 sed
1724 449 1753 472 ιιι
1765 453 1822 472 ma-

1033 486 1080 521 jus
1095 485 1175 520 179
1188 485 1288 513 minori
1300 491 1482 521 praeponeret.
1495 487 1641 514 Enimvero
1654 489 1697 515 cui
1710 489 1820 517 tandem

1033 531 1123 558 videri
1151 532 1238 567 possit
1261 532 1332 559 male
1359 532 1434 559 illum
1450 533 1570 560 sensisse
1599 533 1632 561 de
1653 534 1820 568 ministerio,

1037 576 1117 611 cujus
1128 576 1224 611 utique
1241 580 1381 604 auctorem
1396 581 1424 604 et
1439 578 1579 612 exemplar
1592 585 1620 605 se
1638 579 1725 613 ipsum
1741 579 1820 606 exhi-

1035 621 1106 653 buit,
1123 621 1207 656 pedes
1222 621 1306 648 etiam
1321 622 1520 656 discipulorum
1533 623 1628 649 levans
1645 624 1685 649 ’τί
1701 623 1818 651 Tantum

1033 666 1156 701 profecto
1171 667 1258 694 abfuit
1280 673 1310 695 ut
1325 667 1394 694 illud
1417 672 1533 701 vetaret,
1548 673 1578 695 ut
1593 668 1736 704 discipulis
1751 677 1820 703 prae-

1032 712 1148 746 ceperit,
1164 712 1236 739 idem
1253 713 1381 740 similiter
1399 721 1463 748 erga
1486 720 1546 740 sese
1565 718 1660 740 mutuo
1679 721 1818 742 exercere.

1033 757 1103 790 Quin
1119 761 1147 784 et
1169 758 1242 792 ipsos
1267 758 1390 786 invenies
1407 759 1557 793 apostolos,
1576 760 1686 793 quando
1700 760 1818 794 primum

1033 802 1109 829 circa
1131 811 1287 830 mensarum
1309 804 1494 832 ministerium
1516 805 1689 838 laborabant,
1707 806 1820 840 przelato

1033 847 1098 874 huic
1112 848 1212 882 potiori
1243 856 1337 883 opere,
1366 850 1502 877 orationis
1532 851 1639 878 scilicet
1662 859 1695 879 ac
1721 853 1818 884 verbi,

1032 893 1131 921 dixisse
1150 903 1156 921 :
1183 894 1242 921 Non
1262 899 1300 922 est
1315 903 1419 930 wquum
1445 905 1491 923 nos
1509 896 1689 932 derelinquere
1713 899 1820 925 verbum

1032 940 1080 967 Dei
1104 946 1128 968 et
1154 943 1305 969 ministrare
1326 944 1431 974 mensis,
1452 943 1499 970 sed
1523 945 1662 978 praemissa
1682 945 1819 977 oratione,

1031 988 1100 1014 viros
1115 987 1206 1022 plenos
1235 987 1336 1022 Spiritu
1357 993 1449 1016 sancto
1471 990 1660 1016 constituamus
1684 997 1762 1025 super
1774 991 1821 1017 hoc

1032 1039 1114 1066 opus;
1132 1040 1177 1059 nos
1194 1040 1254 1059 vero
1267 1034 1383 1060 orationi
1396 1038 1419 1060 et
1434 1035 1578 1061 ministerio
1601 1035 1672 1062 verbi
1691 1036 1820 1062 instante:

1033 1078 1129 1104 erimus
1148 1079 1180 1105 ⁷⁸.
1204 1079 1296 1111 Vides,
1317 1083 1348 1105 ut
1372 1078 1461 1114 prima
1478 1080 1606 1107 secundis
1627 1081 1819 1115 pralulerint:

1034 1128 1175 1158 utcunque
1191 1132 1244 1151 non
1260 1124 1431 1159 ignorarent,
1452 1126 1536 1153 unius
1548 1130 1664 1161 utraque
1679 1126 1757 1154 bona:
1776 1135 1821 1154 ra-

1034 1167 1104 1195 dicis
1116 1175 1176 1196 esse
1192 1168 1326 1204 germina.

1018 1440 1820 1455 Ἢ

521 1676 650 1720 ΠΕΡΙ
688 1676 1006 1721 ΥΠΟΜΟΝΗΣ
1042 1679 1139 1720 ΚΑΙ
1178 1677 1500 1721 ΔΙΛΚΡΙΣΕΩΣ

948 1768 1057 1794 ΛΟΓΟΣ

534 1948 1035 2027 MACARII
1117 1950 1492 2029 MAGNI

449 2097 530 2149 DE
589 2095 942 2150 PATIENTIA
1006 2097 1088 2148 ΕΤ
1155 2095 1579 2152 DISCRETIONE

948 2200 1060 2228 LIBER.

232 2371 271 2399 A’.
287 2371 350 2404 Τοῖς
367 2371 525 2407 πειθαρχεῖν
544 2371 583 2406 τῷ
599 2372 670 2407 λόγῳ
687 2371 733 2398 τοῦ
754 2370 822 2398 Θεοῦ
849 2371 979 2407 βουλομέ-

1070 2373 1091 2400 1.
1105 2373 1157 2400 Eos
1182 2373 1229 2408 qui
1247 2373 1342 2400 volunt
1357 2373 1471 2401 obedire
1491 2373 1539 2400 Dei
1559 2373 1653 2405 verbo,
1675 2376 1704 2400 et
1717 2371 1820 2400 bonum

196 2427 261 2450 νοις,
275 2417 322 2444 καὶ
338 2417 440 2451 ἀγαθὸν
454 2417 557 2452 καρπὸν
575 2417 782 2452 ἐργαζομένοις,
797 2418 897 2452 σημεῖα
912 2426 980 2452 παρ·

196 2462 337 2490 ακολουθεῖ
349 2462 436 2489 ταῦτα
449 2470 457 2478 ·
482 2462 644 2497 στεναγμὸς,
661 2462 810 2497 κλαυθμὸς,
835 2462 983 2496 κατήφεια,

196 2508 308 2542 ἡσυχία,
324 2507 448 2542 κεφαλῆς
464 2507 582 2541 κίνησις,
599 2507 749 2543 προσευχὴ,
767 2507 867 2542 σιωπὴ,
885 2507 983 2542 ἐπιμο-

195 2555 238 2590 νὴ,
253 2554 382 2589 ὀδυνηρὸν
398 2553 506 2585 πένθος,
528 2553 607 2584 πόνος
621 2553 736 2588 καρδίας
756 2553 825 2588 ὑπὲρ
842 2553 982 2585 εὐσεὸείας

194 2600 349 2634 γενόμενος.
372 2599 413 2625 Τὰ
434 2598 463 2625 δὲ
483 2599 562 2634 ἔργα·
577 2598 728 2634 ἀγρυπνία,
743 2598 865 2634 νηστεία,
880 2598 981 2633 ἐγκρά-

194 2654 263 2676 τεια,
281 2644 415 2679 πραότης,
435 2643 622 2679 μακροθυμία,
640 2642 811 2674 ἀδιάλειπτος
827 2643 978 2679 προσευχὴ,

196 2691 294 2726 μελέτη
315 2690 370 2716 τῶν
385 2689 466 2716 θείων
482 2689 609 2725 Γραφῶν,
625 2688 725 2720 πίστις,
741 2689 914 2722 ταπείνωσις,
935 2697 981 2723 φι-

194 2736 334 2771 λαδελφία,
350 2736 484 2771 ὑποταγὴ,
501 2735 591 2767 πόνος,
602 2735 782 2767 κακοπάθεια,
798 2735 903 2770 ἀγάπη,
915 2735 983 2769 ἀγα-

195 2782 313 2817 θωσύνη,
332 2782 492 2816 κοσμιότης,
510 2781 558 2808 καὶ
574 2782 604 2808 τὸ
621 2780 681 2808 ὅλον
697 2781 765 2815 φῶς,
781 2781 795 2808 ὃ
809 2782 884 2807 ἐστιν
898 2782 912 2807 ὁ
926 2780 982 2807 Κύ-

196 2836 263 2864 ριος.
280 2827 340 2855 Τῶν
353 2828 382 2855 δέ
397 2836 429 2862 γε
458 2828 496 2862 μὴ
513 2826 662 2853 ποιούντων
677 2827 782 2862 καρπὸν
795 2826 867 2862 ζωῆς
883 2826 984 2862 σημεῖά

196 2875 254 2900 ἑστι
267 2873 363 2901 ταῦτα·
379 2873 490 2908 ἀκηδία,
507 2872 682 2908 μεθορισμὺς,
698 2873 866 2908 περίὸλεψις,
879 2873 983 2908 ἀπροσ-

358 2919 492 2949 ΡΑτ-ῖιοιι.
516 2921 572 2950 Gn.
597 2919 729 2948 XXXIV.

1035 2417 1154 2444 fructum
1179 2417 1293 2449 faciunt,
1325 2415 1383 2444 hac
1407 2423 1561 2452 sequuntur
1587 2417 1663 2453 signa
1692 2425 1700 2445 :
1728 2417 1819 2452 suspi—

1036 2462 1118 2494 rium,
1148 2462 1284 2497 planctus,
1314 2462 1456 2494 maestitia,
1484 2462 1573 2497 quies,
1599 2462 1697 2497 capitis
1722 2463 1818 2495 motio,

1035 2508 1134 2540 oratio,
1151 2508 1303 2539 silentium,
1321 2508 1474 2535 constantia
1491 2508 1518 2535 in
1534 2508 1603 2540 loco,
1622 2508 1767 2537 dolorosus
1779 2510 1821 2537 lu-

1035 2556 1108 2585 ctus,
1125 2553 1203 2580 labor
1218 2552 1311 2579 cordis
1323 2560 1372 2587 pro
1388 2552 1488 2587 pietate
1504 2557 1658 2588 susceptus.
1680 2553 1742 2581 Haec
1753 2563 1819 2582 vero

1034 2605 1117 2632 opera
1131 2606 1137 2623 ι
1153 2597 1261 2633 vigiliae.
1273 2597 1420 2632 jejunium,
1433 2597 1614 2630 continentia,
1624 2601 1818 2631 mansuetudo,

1034 2643 1238 2678 longanimitas,
1255 2643 1344 2671 oratio
1356 2651 1412 2670 non
1433 2643 1601 2675 intermissa,
1618 2644 1760 2674 meditatio
1776 2647 1820 2674 di-

1034 2689 1159 2716 vinarum
1186 2689 1400 2724 Seripturarum.
1426 2689 1504 2721 fides,
1531 2689 1682 2723 humilitas,
1702 2691 1823 2722 eharims

1035 2734 1167 2767 fraterna,
1189 2734 1332 2770 subiectio,
1361 2735 1450 2767 labor,
1486 2742 1633 2770 aperorum
1666 2737 1819 2771 perpessio.

1036 2780 1167 2813 charitas,
1193 2779 1312 2812 bonitas,
1334 2780 1473 2813 honestas,
1489 2785 1517 2808 et
1534 2787 1616 2808 omne
1632 2781 1734 2814 lumen,
1749 2784 1822 2818 quod

1037 2829 1078 2854 est
1106 2826 1247 2853 Dominus.
1266 2826 1367 2853 Eorum
1388 2831 1478 2854 autem
1499 2826 1547 2861 qui
1570 2834 1624 2854 non
1642 2826 1747 2855 faciunt
1766 2828 1823 2856 frn-

1038 2877 1111 2899 ctum
1127 2872 1198 2905 vitm,
1215 2872 1292 2907 signa
1307 2871 1365 2900 haec
1389 2876 1453 2900 sunt
1475 2881 1482 2900 :
1510 2871 1627 2902 incuria,
1643 2875 1824 2910 transgressio

1584 2917 1622 2948 28
