2075 3155
272 175 324 207 8ὓ7

896 178 926 207 S.
946 177 1105 208 MACARII
1125 177 1286 207 IEGYPTII

1851 176 1902 206 868

280 233 354 260 ultra
379 233 527 265 terminos,
550 232 651 260 ell‘usio
666 237 792 269 aspectus
813 234 840 261 in
855 241 951 262 omnes
961 239 1061 269 partes,

1115 233 1185 266 εξία,
1201 233 1369 268 γογγυσμὸς,
1391 233 1543 267 κέπφωσις.
1559 233 1601 260 Τὰ
1615 232 1642 260 δὲ
1657 231 1736 269 ἔργα·
1750 233 1902 268 ἀδδηφαγία

273 279 450 315 negligentia,
469 279 662 311 murmuratio,
680 279 749 307 levis
764 280 952 308 circumactio.
972 280 1060 315 Opera

273 333 339 352 vero
356 334 362 352 :
387 326 533 358 voracitas,
549 325 600 358 ira,
617 325 802 359 vehementia,
821 326 997 358 obtrectatio,
1015 330 1060 353 tu-

273 377 343 402 mor,
362 371 516 405 importuna
532 371 694 406 loquacitas,
710 371 901 405 incredulitas,
923 372 1061 400 instabili-

275 420 326 448 tas.
353 416 467 448 oblivio,
491 417 624 450 turbatio,
649 418 719 446 lucri
738 418 843 446 sordidi
863 418 992 454 captatio,
1011 425 1062 454 pe-

273 462 360 490 cunia:
375 462 522 496 cupiditas,
537 464 685 496 aemulatio,
703 465 854 496 contentio.
869 463 1060 499 despicientia,

274 508 425 542 nugacitas,
446 508 657 544 intempestivus
679 511 763 543 risus,
788 510 940 546 pertinacia
963 517 1063 539 sensus

273 553 392 588 proprii;
408 558 436 581 et
449 561 545 582 omnes
563 555 693 588 tenebrae,
710 563 771 591 qute
788 561 852 583 sunt
866 556 991 584 Satanas.

308 597 341 624 ll.
357 597 410 625 Per
425 606 540 631 arcanae,
555 599 602 626 sed
614 599 670 626 Deo
687 599 786 635 dignae,
800 600 981 635 providentia}
995 609 1063 629 con-

273 643 377 676 silium,
393 651 448 671 non
465 644 557 672 statim
577 645 604 672 in
617 645 758 673 decretam
775 646 826 681 ipsi
840 646 993 682 gehennam
1012 647 1064 674 im-

276 690 335 723 pius
351 689 487 723 mittitur,
510 691 559 718 sed
584 691 696 719 interim
711 692 821 724 [sinitur
836 692 881 720 hic
903 693 1009 725 vivere,
1034 697 1064 720 ut

274 740 363 768 vexet,
381 743 413 763 ac
432 737 558 764 vexando
574 737 673 772 probet
689 738 836 771 homines;
861 743 942 773 atque
957 739 1004 770 ita,
1021 743 1064 765 ut-

275 788 384 815 cunque
403 788 459 808 non
479 782 583 815 volens,
603 782 714 815 eﬂiciat,
742 788 772 811 ut
790 783 876 811 sancti
899 789 1022 811 crescant
1037 784 1063 811 in

272 826 378 861 iustitia
399 834 448 861 per
472 828 649 862 patientiam;
670 836 702 856 ac
724 836 773 864 per
791 829 844 856 hoc
865 829 976 864 majoris
998 829 1065 863 ipsis

274 872 367 906 gloriae
379 880 460 900 causa
476 874 530 906 sit;
547 874 656 909 sibique
672 875 793 902 vicissim
808 883 858 910 per
871 883 948 902 suam
964 875 1062 902 volun-

275 918 372 945 tariam
389 919 604 948 obstinationem
615 921 644 948 in
657 921 789 956 peccatis,
804 925 832 948 et
844 921 995 948 malitiosas
1007 928 1063 947 ma-

274 963 447 992 chinationes
477 965 504 992 in
532 970 652 999 sanctos,
677 971 752 994 tanto
771 967 872 1003 justius
890 966 1064 1002 inﬂigendam

275 1010 383 1046 probet,
398 1019 460 1046 quae
478 1011 528 1046 ipsi
543 1017 680 1044 servatur,
697 1020 818 1048 poenam.
829 1012 975 1046 Nimirum,
990 1012 1064 1048 quod

282 1057 393 1084 divinus
408 1057 606 1092 aitApostolus
627 1066 637 1085 ι
662 1057 694 1086 Ut
714 1057 762 1092 ﬁat
779 1067 861 1094 supra
880 1059 986 1086 modum
1007 1067 1065 1094 pec-

275 1107 338 1126 cans
351 1105 486 1134 peccatum
500 1101 533 1128 "'.

311 1145 391 1180 180
410 1145 453 1172 lll.
472 1145 541 1173 Cum
559 1146 713 1182 decepisset
730 1147 865 1174 Adamum
882 1147 1021 1181 inimicus,
1037 1153 1065 1176 et

274 1191 315 1217 sic
327 1198 390 1218 cum
406 1191 529 1219 dominio
543 1199 594 1219 suo
613 1193 799 1228 subjugasset,
814 1193 915 1228 eripuit
929 1195 965 1225 ei,
982 1201 1063 1228 quam

274 1236 352 1270 prius
370 1236 498 1269 habebat,
519 1241 705 1271 potestatem;
722 1238 758 1265 ita
771 1237 900 1273 princeps
915 1238 996 1273 hujus
1013 1245 1064 1266 s:e-‘

274 1283 329 1310 culi
344 1283 498 1310 declaratus
509 1286 561 1310 est.
577 1283 709 1318 Princeps
721 1284 856 1318 siquidem
869 1284 950 1320 hujus
961 1285 1063 1317 saeculi,

274 1334 302 1356 et
311 1328 439 1356 dominus
452 1329 575 1356 omnium
589 1329 737 1356 visibilium
747 1330 829 1357 homo
840 1330 874 1356 ab
884 1330 964 1358 initio
976 1330 1065 1357 fuerat

274 1383 289 1401 a
305 1375 361 1402 Deo
374 1375 551 1402 constitutus.
561 1375 620 1415 Non
630 1375 703 1402 enim
716 1375 924 1410 ipsiipncvalere
937 1376 1006 1410 ignis
1014 1383 1063 1410 po-

276 1424 358 1454 terat,
372 1427 427 1447 non
440 1427 503 1447 eum
523 1428 594 1455 aqua
613 1420 784 1456 demergere.
808 1429 862 1448 non
883 1421 923 1448 illi
939 1421 996 1448 fera
1014 1429 1064 1448 no-

275 1472 348 1495 cere.
364 1472 420 1492 non
441 1472 521 1492 suum
535 1465 564 1492 in
580 1466 640 1501 ejus
654 1466 778 1494 membra
794 1474 931 1494 venenum
951 1467 1062 1494 noxium

275 1508 392 1542 quodvis
400 1509 500 1536 animal
509 1509 675 1537 diﬂ‘undere.
689 1510 728 1537 Ex
739 1518 794 1545 quo
804 1517 896 1538 autem
905 1512 1062 1547 deceptioni

276 1553 439 1587 succubuit,
457 1554 580 1590 prodidit
599 1555 741 1590 deccptori
762 1557 944 1592 principatum
971 1565 1060 1585 suum.
1075 1574 1097 1605 Ο

277 1599 392 1634 Propter
413 1607 496 1634 quam
518 1607 627 1628 causam
653 1602 725 1636 magi
740 1606 778 1636 ⁵οι
797 1603 1017 1638 pnestigiatorcs,
1035 1609 1063 1631 et

275 1653 324 1678 per
332 1644 515 1672 adversariam
522 1645 668 1673 eﬂicaciam
676 1647 755 1679 mira,
764 1647 820 1674 Deo
829 1647 868 1675 sic
875 1649 1060 1684 permittente,

275 1695 436 1725 operantur,
450 1691 594 1718 venenatis
605 1691 780 1720 dominantes
792 1693 900 1726 bestiis,
916 1693 1062 1730 ignemque

275 1741 302 1760 ct
317 1742 402 1768 aquas
417 1735 476 1762 sine
491 1743 561 1762 noxa
576 1736 737 1768 subeuntes,
755 1741 786 1765 ut
810 1738 913 1766 Jannes
927 1744 955 1766 et
979 1739 1063 1767 Mam-

276 1780 339 1807 iJl‘CS
353 1780 506 1808 adversarii
522 1781 605 1809 Mosis
629 1791 636 1809 :
663 1787 694 1810 ut
713 1783 807 1811 Simon
820 1785 939 1820 principi
952 1790 1063 1821 aposto-

274 1825 362 1852 lorum
378 1825 459 1852 Petro
470 1833 530 1853 sese
543 1834 627 1855 ausus
642 1833 684 1856 est
697 1835 847 1864 opponere.

310 1869 351 1896 IV.
366 1870 499 1898 Existimo
514 1871 664 1906 diabolum,
678 1873 789 1908 quando
805 1873 1000 1902 animadvertit
1011 1875 1062 1903 ite-

274 1924 334 1944 rum
351 1917 526 1953 eiTulgentent
553 1918 580 1945 in
602 1918 671 1946 facie
686 1919 769 1947 Musis
788 1921 912 1948 eamdem
935 1921 1061 1956 gloriam,

273 1971 355 1998 quam
377 1963 404 1990 in
429 1964 506 1991 vultu
529 1964 626 1992 Adami
651 1965 769 1998 viderat,
792 1975 848 1993 non
866 1975 960 2002 parum
975 1967 1062 1996 luisse

274 2009 453 2043 perculsum;
472 2015 567 2045 utpote
587 2011 650 2038 inde
668 2013 812 2047 augurium
830 2013 974 2041 ducentem
988 2014 1062 2050 deje-

274 2054 374 2081 ctionis
387 2063 419 2082 ex
438 2063 488 2082 suo
510 2064 608 2090 regno.
636 2057 709 2084 Nihil
731 2062 822 2085 autem
848 2059 973 2094 impedit,
993 2061 1060 2094 quin

273 2101 395 2135 Apostoli
413 2101 516 2129 dictum
538 2102 572 2130 ad
590 2103 615 2129 id
634 2103 784 2130 referamus
810 2113 817 2131 :
840 2104 968 2140 Regnavit
990 2115 1060 2133 mors

274 2148 305 2173 ab
319 2147 405 2174 Adam
421 2155 502 2182 usque
521 2148 555 2175 ad
574 2148 699 2184 Moyscm,
722 2150 801 2177 etiam
824 2151 851 2177 in
876 2160 918 2178 eas
942 2153 985 2188 qui
1008 2162 1060 2180 non

274 2198 444 2227 peremerunt
455 2194 488 2221 °°.
507 2194 606 2229 Opinio
618 2195 693 2222 enim
712 2195 771 2223 lucc
787 2204 846 2223 mea
859 2202 912 2229 est,
926 2198 1061 2233 gloriﬁca-

1111 279 1192 314 ὀργὴ,
1210 279 1294 314 Θυμὸς
1306 300 1314 312 ,
1332 279 1485 306 καταλαλιά
1501 299 1509 312 ,
1535 279 1669 314 φυσίωσις
1680 299 1688 313 ,
1711 279 1900 314 ἀκαιρολογία,

1112 325 1235 357 ἀπιστία,
1248 325 1448 357 ἀκαταστασία,
1462 325 1542 360 λήθη,
1553 325 1671 360 ταραχὴ,
1682 325 1901 360 αἰσχροκέρδεια,

1112 371 1287 406 φιλαργυρία,
1313 370 1404 405 ζῆλος,
1433 371 1537 406 ὲρίθεια
1553 391 1561 404 ,
1585 371 1743 407 ὑπεροψία,
1771 371 1901 406 φλυαρία,

1111 417 1226 452 ἄκαιρος
1241 417 1339 450 γέλως,
1356 417 1519 450 ἐθελοδοξία,
1535 417 1583 445 καὶ
1596 417 1626 444 τὸ
1639 418 1693 445 πᾶν
1711 418 1817 451 σκότος,
1833 418 1902 454 ὅπερ

1113 462 1185 490 ἐστὶν
1198 463 1212 489 ό
1228 463 1359 494 Σατανᾶς.

1149 597 1187 626 B'.
1201 598 1272 625 Κατ’
1296 598 1456 633 οἰκονομίαν
1471 597 1612 635 θειοτέραν
1628 599 1706 635 φησὶ,
1726 600 1776 627 οὐκ
1801 600 1902 633 εὐθέως

1114 644 1154 676 εἰς
1167 643 1218 679 τὴν
1239 643 1427 678 κληρωθεῖσαν
1447 644 1522 680 αὐτῷ
1543 645 1658 680 γέενναν
1671 646 1685 672 ὁ
1702 647 1821 682 πονηρὸς
1834 656 1902 682 παρ-

1114 689 1252 725 επέμφθη·
1277 689 1345 717 ἀλλά
1371 690 1489 725 βασάνου
1509 691 1557 718 καὶ
1574 691 1736 727 δοκιμασίας
1755 692 1836 728 χάριν
1854 693 1901 719 τοῦ

1114 743 1144 762 τε
1159 734 1315 770 ἀνθρώπου,
1328 737 1409 771 φημὶ,
1424 736 1552 772 παρείθηο
1568 736 1612 764 ἵνα
1623 737 1670 764 καὶ
1684 738 1758 765 ἄκων
1767 738 1902 765 δικαιοτέ-

1115 788 1178 816 ρους
1196 780 1244 815 μὲν
1257 781 1321 812 τοὺς
1335 781 1429 814 ἁγίους
1452 781 1498 808 διὰ
1521 781 1571 816 τῆς
1588 782 1726 818 ὑπομονῆς
1739 783 1901 818 ἀπεργάση-

1114 834 1169 857 ται,
1183 826 1230 852 καὶ
1246 826 1369 861 μείζονος
1381 826 1474 858 αὐτοῖς
1493 827 1572 862 δόξης
1585 829 1671 858 αἴτιος
1685 830 1819 863 καταστῇ·
1839 829 1903 855 ἐαυ-

1115 869 1154 905 τῷ
1174 870 1202 896 δὲ
1226 871 1307 898 πάλιν
1336 871 1380 898 διὰ
1405 872 1453 906 τῆς
1484 872 1551 904 ιδίας
1574 872 1762 905 ὲθελοκακίας,
1783 874 1830 899 καὶ
1849 872 1902 899 τῶν

1117 915 1187 942 κατὰ
1209 917 1263 943 τῶν
1281 917 1365 952 ἁγίων
1388 918 1515 944 ἐπινοιῶν
1528 918 1698 954 δικαιοτέραν
1711 920 1902 954 κατασκευάσῃ

1115 962 1164 997 τὴν
1179 962 1307 989 κόλασιν·
1331 963 1385 990 Καὶ
1404 964 1472 995 ἵνα,
1489 965 1572 999 φησὶν
1599 965 1613 990 ό
1633 964 1704 995 θεῖος
1725 964 1903 997 Ἀπόστολος,

1116 1007 1180 1035 καθ’
1203 1008 1377 1042 ὑπερϐολὴν
1398 1008 1521 1043 γένηται
1535 1009 1710 1043 ἁμαρτωλὸς
1730 1010 1750 1045 ὴ
1764 1010 1902 1044 ἁμαρτία.

1151 1141 1187 1169 Γ’.
1200 1141 1349 1177 Απατήσας
1359 1143 1406 1170 τὺν
1419 1143 1525 1179 Ἀδάμὸ
1534 1143 1639 1178 ἐχθρός,
1657 1145 1704 1171 καὶ
1718 1144 1805 1175 οὕτως
1819 1145 1902 1172 αὑτοῦ

1115 1187 1262 1224 κυριεύσας
1283 1187 1381 1222 ἀφεῖλέ
1399 1197 1429 1215 τε
1445 1189 1526 1223 αὑτὸν
1538 1189 1587 1225 τὴν
1606 1190 1740 1224 ἐξουσίαν,
1752 1192 1796 1217 καὶ
1810 1192 1902 1226 ἄρχων

1115 1234 1218 1265 ἐκεῖνος
1246 1233 1294 1260 τοῦ
1321 1235 1418 1266 αἰῶνος
1447 1234 1524 1262 τοῦδε
1548 1235 1767 1271 προσηγορεύθη.
1793 1237 1903 1272 Ἀρχίην

1114 1280 1143 1307 δὲ
1162 1279 1209 1306 τοῦ
1226 1280 1324 1311 αίῶνο;
1339 1280 1434 1307 τούτου
1453 1281 1500 1308 καὶ
1522 1281 1656 1317 δεσπότης
1678 1281 1733 1308 τῶν
1755 1282 1903 1317 ὁρωμένων

1114 1327 1128 1353 ό
1145 1326 1287 1361 ἄνθρωπος
1300 1323 1334 1361 ἦν
1354 1327 1384 1360 ἐξ
1398 1327 1485 1363 ἀρχῆς
1502 1327 1554 1354 ὑπὸ
1564 1328 1611 1354 τοῦ
1628 1329 1733 1364 Κυρίου
1751 1330 1901 1360 καταστάς.

1115 1372 1184 1399 Οὔτε
1200 1372 1255 1408 γὰρ
1275 1372 1331 1408 ¹ιιῦρ
1350 1373 1434 1400 αὑτοῦ
1454 1374 1609 1409 κατίσχυεν,
1633 1375 1681 1409 οὐχ
1701 1375 1772 1410 ὕδωρ
1796 1375 1904 1402 ἐπόντι-

1115 1419 1171 1451 ςεν,
1196 1419 1226 1445 οὺ
1250 1419 1345 1454 θηρίον
1367 1419 1512 1452 ἔϐλαπτεν,
1528 1419 1578 1446 οὐκ
1595 1419 1698 1446 ἰοϐόλον
1715 1419 1757 1446 ἐπ’
1780 1419 1855 1455 αὑτῷ
1871 1421 1903 1447 τὸ

1114 1465 1213 1491 οἰκεῖον
1233 1465 1360 1499 ἐνήργει·
1382 1465 1428 1498 ἀφ’
1441 1462 1471 1492 οὗ
1495 1465 1523 1491 δὲ
1543 1466 1576 1500 τῇ
1603 1465 1696 1501 ἀπάτῃ
1712 1464 1778 1497 εἶξε,
1804 1466 1903 1502 προδέ-

1114 1509 1184 1536 δωκε
1196 1509 1235 1544 τῷ
1256 1510 1427 1544 ἀπατήσαντι
1447 1510 1497 1545 τὴν
1511 1510 1608 1546 ἀρχήν·
1623 1511 1657 1537 δι’
1673 1512 1706 1547 ἢν
1721 1512 1811 1538 αἰτίαν
1831 1521 1904 1546 φαρ-

1116 1555 1197 1588 μακοί
1217 1563 1247 1580 τε
1263 1555 1310 1581 καὶ
1324 1556 1423 1590 γόητες
1449 1557 1510 1583 κατ’
1526 1557 1651 1583 ἐναντίαν
1664 1557 1817 1592 ἐνέργειαν,
1833 1557 1902 1584 Θεοῦ

1114 1600 1142 1627 δὲ
1161 1600 1348 1636 συγχώρησιν,
1367 1602 1578 1636 παραδοξοποιοὶ
1602 1603 1771 1629 δείκνυνται·
1790 1603 1903 1630 ἰοὸόλων

1114 1655 1144 1673 τε
1163 1647 1217 1682 γὰρ
1237 1647 1405 1682 κυριεύουσι,
1424 1649 1472 1675 καὶ
1490 1649 1576 1684 πυρὸς
1593 1649 1640 1676 καὶ
1655 1649 1759 1676 ὑδάτων
1771 1650 1903 1676 κατατολ-

1115 1693 1212 1727 μῶσιν,
1234 1692 1272 1724 ὡς
1296 1694 1321 1720 οι
1341 1694 1406 1728 περὶ
1425 1694 1522 1729 Ίαννῆ,
1536 1695 1618 1729 φημὶ,
1641 1695 1688 1722 καὶ
1708 1695 1848 1731 Μαμϐρῆν
1862 1696 1902 1731 τῷ

1113 1739 1199 1774 Μωσῇ
1222 1739 1425 1774 ἀντικείμενοι,
1455 1741 1502 1767 καὶ
1525 1741 1563 1772 ὼς
1585 1741 1678 1776 Σίμων
1697 1740 1737 1776 τῷ
1759 1743 1902 1777 κορυφαίῳ

1113 1784 1209 1820 Πέτρῳ
1223 1785 1442 1821 ἀντιφερόμενος.

1147 1869 1282 1908 Δ’.οῘμαι,
1296 1873 1388 1909 φησιν,
1398 1873 1439 1900 ὅτι
1452 1873 1499 1900 καὶ
1514 1873 1562 1909 τὴν
1577 1874 1714 1910 προτέραν
1725 1874 1902 1910 αὐτοῦ’Δδάμ

1112 1919 1191 1952 δόξαν
1205 1919 1305 1953 ὁμοίως
1319 1920 1358 1955 τῷ
1375 1919 1513 1955 προσώπῳ
1537 1921 1660 1953 Μωσέως
1679 1921 1899 1956 ὲπιλάμπουσαν,

1112 1966 1157 1992 τὶν
1174 1965 1270 2000 ἐχθρὸν
1287 1964 1453 2000 θεασάμενον
1474 1965 1573 1997 ἱκανῶς
1585 1966 1734 2001 τρωθῆναι·
1747 1966 1900 2001 καθαπερεὶ

1111 2012 1322 2046 τεκμηράμενον
1343 2011 1393 2046 τὴν
1412 2011 1462 2043 τῆς
1489 2011 1586 2038 ἑαυτοῦ
1611 2012 1750 2047 βασιλείας
1771 2012 1900 2048 καθαίρε-

1113 2065 1166 2084 σιν.
1196 2057 1278 2083 Οὐδὲν
1299 2057 1328 2084 δὲ
1344 2057 1374 2084 τδ
1396 2057 1500 2085 κωλῦον
1520 2059 1566 2084 καὶ
1589 2059 1620 2084 τὸ
1639 2058 1801 2085 ’Δποστόλου
1817 2059 1899 2094 ῥητὸν

1112 2103 1179 2137 πρὸς
1194 2102 1273 2129 τοῦτο
1292 2102 1433 2138 φέρεσθαι,
1449 2104 1489 2136 τὸ,
1513 2105 1729 2132 Ἐϐασίλευσεν
1739 2105 1755 2131 ό
1772 2104 1899 2138 θάνατος

1111 2151 1170 2178 ἀπὸ
1194 2151 1279 2185 Ἀδὰμ
1295 2151 1382 2186 μέχρι
1394 2152 1532 2185 Μωσέως,
1544 2153 1592 2179 καί
1604 2152 1653 2179 ἐπὶ
1669 2152 1740 2186 τοὺς
1747 2152 1789 2187 μὴ
1806 2153 1899 2187 ἀμαρ-

1111 2197 1274 2230 τήσαντας.
1301 2197 1377 2223 Δοκῶ
1402 2197 1454 2231 γάρ
1472 2206 1536 2232 μοι,
1554 2197 1585 2223 τὸ
1601 2197 1794 2231 δεδοξασμένον
1818 2198 1899 2233 πρόσ-

273 2245 327 2265 tum
346 2239 418 2266 illam
442 2239 539 2266 faciem
561 2240 673 2276 Hoysis.
696 2249 853 2276 expressam
869 2243 945 2270 velut
960 2252 994 2270 ex
1010 2251 1059 2270 au-

1112 2250 1186 2269 ωπον
1198 2241 1319 2272 Μωσέως
1331 2240 1416 2267 τύπον
1431 2242 1477 2268 καὶ
1492 2241 1644 2276 ὑπόδειγμα
1657 2241 1752 2273 σώζειν
1763 2242 1811 2268 τοῦ
1828 2241 1900 2277 πρώο

273 2286 350 2321 tiquo
369 2287 518 2322 exemplari
535 2287 653 2314 formam
681 2293 891 2323 repraesentassc
907 2290 1062 2324 conspicuae

273 2333 417 2363 claritatis.
435 2341 489 2368 qua
507 2334 580 2361 Deus
594 2334 676 2368 primi
699 2335 757 2362 suis
770 2335 896 2362 manibus
909 2335 989 2362 cﬂicti
1010 2335 1060 2362 ho-

272 2379 354 2407 minis
368 2380 475 2407 vultum
487 2380 675 2416 insigniverat.
688 2379 766 2414 Quod
779 2389 842 2409 cum
857 2381 963 2408 videret
975 2389 1058 2413 mors,

270 2425 323 2452 ltoc
338 2428 390 2458 est,
406 2425 502 2452 mortis
513 2430 609 2453 auctor
623 2425 757 2458 diabolus,
773 2430 829 2453 tum
845 2426 978 2461 suspicari
995 2434 1058 2452 cum

270 2471 398 2506 «cepisse,
408 2471 534 2498 excidere
548 2478 577 2498 se
589 2479 683 2506 regno,
695 2475 723 2498 ct
736 2479 750 2498 a
760 2472 877 2498 Domino
887 2479 953 2498 vero
967 2472 1019 2498 hoc
1030 2481 1058 2498 se

270 2525 426 2552 passurum.
454 2517 584 2544 Eamdcm
611 2525 694 2552 porro
718 2517 833 2552 gloriam
860 2520 888 2542 ct
910 2525 984 2544 nunc
1000 2518 1058 2544 veri

269 2562 545 2590 (Iliristianiinduuut
556 2563 630 2590 intus
644 2563 669 2589 in
683 2566 791 2593 mente;
805 2562 850 2588 ubi
860 2561 948 2589 deleta
959 2569 1057 2595 morte,

271 2611 322 2636 lmc
339 2614 392 2642 cst,
413 2608 589 2644 passionilius
601 2607 769 2643 ignominiaa,
783 2607 841 2634 sive
861 2609 1057 2643 concupiscen-

268 2656 313 2681 tiis
329 2655 365 2683 ita
381 2654 540 2685 debilitatis.
555 2659 585 2682 ut
599 2653 707 2689 operari
724 2658 873 2687 nequeant,
890 2653 975 2689 gloria
995 2654 1056 2688 Spi-

270 2701 339 2728 ritus
352 2700 465 2735 eﬂ'ulget
478 2699 504 2726 in
519 2706 613 2730 sensu,
631 2703 659 2725 et
675 2698 845 2733 plenitudine
858 2699 932 2725 omni
950 2699 1056 2726 ﬁduciae

269 2747 374 2773 animas
389 2745 499 2772 illorum
515 2742 661 2771 irradians.

303 2791 334 2818 V.
350 2791 403 2819 Per
417 2790 673 2825 mulierem,aptutn
687 2789 721 2817 ob
733 2789 942 2817 similitudinem
954 2791 1054 2817 instru-

270 2891 292 2906 “°
314 2889 392 2917 liciti.
408 2889 510 2922 “1,15.
547 2889 569 2905 ⁸ο
588 2887 666 2916 Rom.
693 2896 720 2922 γ,
746 2889 771 2916 1.

1111 2296 1158 2314 του
1185 2287 1228 2314 διὰ
1256 2286 1358 2322 χειρῶν
1382 2286 1449 2314 Θεοῦ
1474 2287 1723 2322 δημιουργηθέντος
1742 2287 1896 2323 ἀνθρώπουο

1110 2333 1178 2367 ὅπερ
1202 2331 1290 2358 ίδόντα
1317 2332 1363 2358 τὸν
1393 2331 1517 2365 θάνατον,
1534 2333 1658 2359 τουτέστι
1681 2333 1794 2360 θανάτου
1812 2334 1898 2360 αἴτιον

1109 2378 1242 2410 διάϐολον,
1258 2378 1317 2405 ἐκεῖ
1344 2378 1393 2413 μὲν
1419 2377 1589 2405 ὑποπτεῦσαι
1615 2379 1665 2412 τῆς
1682 2379 1823 2414 βασιλείας
1839 2380 1898 2406 δια-

1110 2425 1213 2450 πεσεῖν·
1230 2424 1275 2450 ἑπὶ
1290 2423 1318 2450 δὲ
1333 2423 1380 2450 τοῦ
1399 2424 1502 2457 Κυρίου
1519 2425 1587 2459 πρδς
1604 2424 1733 2460 ἀλήθειαν
1751 2424 1831 2451 τοῦτο
1845 2434 1897 2451 πα-

1111 2471 1176 2498 οεῖν.
1197 2471 1306 2506 Ταύτην
1329 2471 1474 2506 τοιγαροῦν
1489 2472 1537 2503 τὴν
1554 2471 1632 2503 δόξαν
1656 2471 1710 2498 ἀπό
1733 2479 1764 2505 γε
1789 2472 1835 2497 τοῦ
1852 2472 1899 2497 νῦν

1109 2518 1134 2543 οἱ
1157 2516 1282 2552 ἀψευδεῖς
1296 2517 1456 2552 Χριστιανοὶ
1478 2516 1696 2552 περιὸἁλλονται·
1723 2518 1771 2543 καὶ
1792 2517 1899 2543 ἔνδοθεν

1110 2561 1156 2588 ὑπ’
1171 2561 1261 2588 αὐτῶν
1275 2562 1289 2587 ὁ
1303 2561 1429 2594 θάνατος,
1445 2562 1534 2589 εῐτουν
1549 2562 1583 2589 τὰ
1600 2562 1649 2597 τῆς
1668 2562 1783 2598 ἀτιμίας
1796 2571 1901 2597 καταρ-

1110 2609 1196 2641 γεῖται
1214 2607 1299 2642 πάθη,
1321 2607 1443 2643 ἐνεργεῖν
1457 2607 1494 2643 μὴ
1508 2607 1657 2643 δυνάμεναο
1673 2607 1720 2634 ἆτε
1741 2608 1774 2642 δὴ
1788 2608 1838 2642 τῆς
1851 2607 1899 2634 τοῦ

1110 2653 1266 2689 Ιινεύματος
1279 2654 1359 2689 δόξης
1381 2655 1409 2681 ἐν
1430 2654 1555 2690 αἰσθήσει
1570 2655 1617 2681 καὶ
1636 2654 1809 2691 πληροφορίᾳ
1825 2655 1899 2689 πάσῃ

1109 2700 1169 2731 ταῖς
1186 2699 1285 2734 ψυχαῖς
1305 2699 1396 2727 αὐτῶν
1418 2699 1622 2736 ὲλλαμπούσης.

1145 2788 1180 2815 Ε’.
1196 2787 1244 2814 Διὰ
1261 2787 1311 2823 τῆς
1332 2788 1462 2821 γυναικὸς
1476 2789 1513 2821 ὡς
1529 2789 1562 2817 δι’
1578 2789 1672 2825 ὁμοίου
1687 2789 1758 2822 τινὸς
1773 2790 1786 2817 ό
1801 2788 1899 2826 ἐχθρὸς
