2075 3155
207 179 259 212 869

639 183 755 213 LIBER
773 182 822 213 DE
841 155 1046 212 PATlFiNTlA
1065 179 1113 209 ET
1134 180 1397 211 DISCRETIONE.

1768 180 1821 212 8'10

206 238 361 273 ἀπατήσας,
374 237 556 274 ἀφαιρεθῆναι
572 237 622 273 τὴν
636 237 829 273 περικειμένην
843 237 889 263 τὸν
904 235 989 271 Ἀδὰμ

1041 239 1164 261 mentum
1184 234 1308 267 fallendi,
1333 235 1446 269 decepto
1466 234 1594 262 inimicus
1605 235 1709 262 Adamo
1719 235 1822 269 eIIecit,

205 282 284 315 δόξαν
303 283 447 318 πεποίηκε.
469 283 524 309 Καὶ
547 283 634 315 οὕτως
648 283 751 318 γυμνός
768 291 798 310 τε
813 282 923 317 εὑρέθη,
943 282 990 308 καὶ

206 327 256 363 τὴν
280 327 475 363 ἀσχημοσύνην
500 326 552 354 εἶδε
569 329 618 363 τὴν
637 327 744 361 ἑαυτοῦ,
757 327 792 362 ἢν
806 327 839 362 δὴ
857 327 991 362 πρότερον

206 374 256 409 οὐχ
274 374 359 409 ἐώρα,
378 374 426 400 ἅτε
441 373 488 400 τοῦ
504 374 673 410 φρονήματος
688 372 773 400 αὐτοῦ
784 374 841 405 τοῖς
854 372 992 408 οὐρανίοις

207 418 333 446 κάλλεσιν
353 419 549 453 ἐντρυφῶντας.
575 420 631 446 Καὶ
645 420 699 454 γὰρ
716 419 785 455 μετά
797 420 847 455 τὴν
864 418 991 454 παρασα-

209 474 250 492 σιν
265 465 399 501 πρόσγεια
416 465 527 499 γέγονεν
551 465 625 500 αὐτῷ
644 465 692 492 καὶ
707 465 862 500 χαμαιπετῆ
883 464 918 491 τὰ
933 464 992 499 νοή-

210 520 300 547 ματα·
328 512 374 539 καὶ
402 513 433 539 τδ
460 513 562 539 ἁπλοῦν
587 513 662 548 αὐτῷ
682 513 728 540 καὶ
749 512 850 546 ἀγαθὸν
864 511 991 546 φρόνημα

210 557 364 592 φρονήματι
383 557 481 589 κακίας
502 557 628 592 σαρκικῷ
651 557 820 592 συνεπλάκη·
838 556 991 583 τδδὲκλει-

210 599 307 634 σθῆναι
332 600 380 627 τὸν
410 601 573 636 παράδεισον
595 602 639 628 καὶ
671 603 704 637 τῇ
725 601 838 637 φλογίνῃ
858 601 990 636 ῥομφαίᾳ,

209 645 304 680 καὶτῷ
319 646 460 681 Χερουϐὶμ
479 647 662 683 ἐπιτραπῆναι
675 647 835 674 διακωλύειν
853 646 927 680 αὐτῷ
941 646 991 681 τὴν

210 690 322 724 εῐσοδον,
347 691 426 718 τοῦτο
449 692 519 719 κατὰ
536 693 586 727 μὲν
598 693 628 719 τὺ
648 693 746 728 ὁρατὸν
769 694 817 719 καὶ
833 692 991 719 πιστεύεται

209 736 382 771 γεγενῆσθαι,
398 737 435 768 ὡς
449 737 567 772 είρηται·
579 738 734 773 εὑρίσκεται
747 738 776 764 δὲ
787 738 835 765 καὶ
845 738 910 772 παρ’
925 737 992 764 ἑκά-

209 789 259 817 στῃ
275 781 347 816 ψυχῇ
371 783 439 809 κατά
460 783 491 808 τὸ
514 783 655 811 λανθάνον.
680 783 781 819 Κύκλῳ
796 785 850 818 γὰρ
861 784 909 818 τῆς
926 791 993 818 καρ-

207 826 266 857 δίας
282 826 312 852 τὸ
327 826 458 862 κάλυμμα
474 827 522 854 τοῦ
538 828 650 859 σκότους
663 830 821 864 περιχωρεῖ,
835 829 882 855 τοῦ
895 829 991 863 πυρὸς,

211 872 292 906 φημὶ,
309 872 356 898 τοῦ
373 872 506 907 κοσμικοῦ
524 874 686 908 πνεύματος,
697 875 767 910 ὅπερ
783 875 845 901 οὔτε
866 875 912 902 τὸν
929 875 990 902 νοῦν

209 919 330 952 ἐντυχεῖν
358 919 396 953 τῷ
422 906 491 954 Θεῷ,
508 919 569 946 οὔτε
587 906 636 955 τὴν
658 906 856 956 ψυχὴν-ἀφίησι
877 921 947 948 κατὰ
959 921 989 948 τδ
1003 906 1026 936 Β

208 964 294 999 αὐτῆς
315 964 421 1000 θέλημα
435 965 450 1000 ἢ
470 965 627 1001 εὖξασθαιῆ
644 967 799 1000 πιτί-ιῦσαι,
818 967 834 1002 ἢ
849 968 989 1003 ἀγαπῆσαι

207 1009 254 1035 τὸν
277 1010 389 1044 Κύριον⁸
408 1011 510 1037 τούτων
532 1011 561 1037 δὲ
578 1011 717 1048 πάντωνὴ
735 1015 818 1048 πεῖρα
831 1013 989 1046 διδάσκαλος

207 1056 262 1086 τοῖς
277 1056 393 1090 γνησίως
408 1057 520 1088 ἑαυτοὺς
541 1057 579 1092 τῷ
598 1057 694 1093 Κυρίῳ
714 1059 886 1092 πιστεύσασι,
907 1061 940 1094 τῇ
960 1069 989 1086 τε

211 1100 328 1135 ἐπιμονῇ
345 1101 394 1135 τῆς
409 1101 501 1136 εὐχῆς,
517 1102 564 1128 καὶ
579 1101 613 1137 τῇ
634 1102 736 1138 εὐτόνῳ
750 1103 821 1130 κατὰ
838 1103 886 1130 τοῦ
912 1103 990 1130 πολε-

208 1145 320 1180 μοῦντος
333 1147 415 1181 ὁρμῇ.

242 1274 286 1309 q'.
307 1274 419 1306 Ῥἀὸἓος
444 1275 503 1302 ἐστὶ
527 1276 651 1308 παιδείας
665 1277 713 1304 καὶ
733 1277 820 1313 λῶρος
837 1277 986 1312 μαστίγων,

205 1322 221 1347 ό
235 1321 312 1347 τοῦδε
338 1320 386 1347 τοῦ
411 1321 616 1356 αἰῶνοςιάρχων
638 1322 694 1353 τοίς
713 1323 785 1349 κατά
810 1322 922 1358 Πνεῦμα
939 1331 988 1358 νη-

206 1364 288 1395 πίοις·
303 1364 394 1395 αὐτοῖς
408 1365 465 1398 ιιὲν,
480 1364 574 1400 ὥσπερ
589 1365 654 1399 γοῦν
667 1366 854 1402 καὶπρότερον
868 1368 986 1402 είρηται,

207 1409 336 1444 μεγάλην·
346 1409 425 1442 δόξαν
445 1411 492 1437 καὶ
511 1411 622 1437 πλείονα
637 1412 686 1446 τὴν
702 1413 785 1446 τιμὴν
805 1412 850 1438 διὰ
863 1412 917 1438 τῶν
930 1413 987 1439 θλί-

204 1453 278 1487 ψεών
294 1462 323 1480 τε
351 1455 398 1481 καὶ
414 1456 587 1490 πειρασμῶν·
602 1456 634 1482 ὲκ
648 1457 750 1483 τούτων
764 1457 818 1491 γὰρ
837 1458 884 1484 καὶ
899 1458 929 1484 τὺ
945 1466 988 1484 τε-

205 1498 292 1531 λείους
304 1499 402 1531 αὖτοὺς
417 1500 539 1534 γίνεσθαι
553 1502 731 1537 περιγίνεται·
749 1503 838 1539 ἑαυτῷ
851 1504 880 1530 δὲ
896 1503 987 1531 πλείο-

1041 283 1072 306 ut
1088 279 1243 307 auferretur
1256 279 1309 315 ipsi
1328 280 1424 315 gloria.
1440 280 1505 307 Inde
1520 280 1566 308 ille
1583 280 1673 308 nudus
1685 285 1823 315 repertus,

1041 332 1119 352 suam
1137 325 1208 352 vidit
1231 325 1439 360 turpitudinem,
1457 326 1491 353 ad
1506 333 1588 360 quam
1609 330 1688 353 antea
1705 334 1760 354 non
1776 326 1825 354 ad-

1040 374 1169 402 venerat,
1186 373 1278 397 mente
1289 369 1391 404 quippe
1403 371 1621 405 contemplandis
1633 370 1730 398 formis
1741 371 1825 399 coele-

1041 415 1130 443 stibus
1144 423 1208 443 cum
1226 415 1408 443 delectatione
1427 415 1515 442 ailixa.
1532 416 1641 444 Etenim
1655 419 1718 451 post
1732 420 1824 443 trans-

1042 460 1212 495 gressionem
1238 461 1267 488 in
1295 465 1397 488 terram
1421 465 1566 496 vergentes
1587 465 1615 488 et
1636 461 1720 488 humo
1732 468 1824 496 pronae

1042 506 1154 533 fuerunt
1171 506 1231 541 ejus
1251 506 1447 541 cogitationes;
1469 511 1497 534 et
1513 507 1590 542 prior
1611 507 1656 534 illa
1669 507 1785 542 simplex
1796 511 1825 534 et

1041 552 1112 579 bona
1136 552 1315 587 intelligentia
1328 552 1489 580 notionibus
1503 552 1614 580 malitiae
1634 554 1743 581 carneis
1754 560 1823 580 con-

1041 602 1116 625 creta
1128 597 1188 624 fuit.
1200 597 1315 625 Clausus
1326 603 1417 630 autem
1425 598 1500 633 quod
1509 597 1610 626 dicitur
1618 598 1723 626 homini
1740 598 1836 635 fuisse

1042 642 1231 677 paradisus“,
1256 646 1285 669 et
1296 643 1422 670 ﬂammeo
1438 643 1540 676 gladio’,
1559 651 1592 672 ac
1612 644 1761 672 Cherubim
1784 643 1826 671 in-

1039 687 1176 723 junctum,
1193 691 1222 714 ut
1236 687 1342 722 ingredi
1358 688 1517 722 prohiberet
1537 689 1636 724 ipsum,
1657 689 1825 717 credendum

1041 733 1152 768 quidem
1164 738 1206 760 est
1216 741 1286 761 .vere
1297 733 1336 760 ita
1348 738 1376 760 et
1389 734 1557 762 sensibiliter
1572 739 1637 762 tunc
1649 734 1749 762 factum
1760 743 1767 768 ;
1783 742 1826 762 re-

1042 778 1147 812 peritur
1161 782 1252 806 autem
1269 778 1340 806 idem
1352 786 1451 806 arcana
1462 779 1570 807 ratione
1587 779 1614 806 in
1628 780 1752 814 qualibet
1765 780 1826 807 ani-

1042 830 1086 850 ma
1109 822 1179 850 ﬁeri.
1200 822 1327 857 Undique
1348 823 1421 850 enim
1441 823 1544 850 circum
1564 830 1612 850 cor
1635 823 1725 850 velum
1738 823 1826 858 quod-

1044 869 1105 896 dam
1119 870 1294 897 tenebrarum
1309 876 1460 904 oppansum
1472 873 1524 901 est,
1539 867 1641 901 fumus,
1652 869 1775 904 inquam,
1789 875 1823 896 ex

1041 916 1103 950 igne
1118 914 1249 942 mundani
1265 915 1388 949 spiritus,
1403 915 1450 949 qui
1466 922 1556 949 neque
1572 919 1690 942 mentem
1706 921 1824 941 conver-

1040 962 1095 990 sari
1124 968 1187 988 cum
1212 961 1268 988 Deo
1292 960 1374 993 sinit,
1402 969 1493 996 neque
1522 961 1641 988 animam
1670 960 1817 995 permittit,

1039 1011 1122 1042 prout
1149 996 1208 1041 ipsa
1240 1006 1339 1038 vellet,
1368 1013 1416 1034 aut
1444 1013 1535 1037 orare,
1561 1010 1609 1033 aut
1632 1005 1756 1037 credere,
1777 1008 1826 1032 aut

1039 1059 1131 1080 amare
1158 1051 1314 1080 Dominum.
1343 1051 1446 1078 [lorum
1478 1055 1570 1078 autem
1594 1051 1717 1078 omnium
1742 1056 1825 1084 expe-

1039 1098 1136 1125 rientia
1150 1097 1279 1132 magistra
1297 1100 1339 1124 est
1357 1097 1401 1129 iis,
1421 1097 1470 1132 qui
1492 1095 1652 1125 sincere‘se
1672 1096 1748 1131 ipsos
1769 1096 1824 1122 Do-

1039 1143 1114 1170 mino
1142 1143 1339 1174 crediderunt,
1365 1147 1423 1170 tum
1445 1143 1650 1178 perseverantia
1674 1142 1819 1172 orationis.

1039 1192 1097 1214 tum
1111 1187 1247 1214 constanti
1263 1186 1396 1215 adversus
1423 1187 1530 1214 hostem
1552 1191 1755 1222 oppugnantem
1774 1187 1824 1214 im-

1038 1237 1114 1266 petu.

1072 1277 1115 1304 VI.
1131 1277 1211 1312 Virga
1226 1281 1268 1305 est
1277 1278 1430 1313 disciplinae
1440 1281 1466 1305 et
1479 1277 1567 1304 lorum
1579 1277 1671 1312 plagas
1685 1277 1821 1313 iniligels,

1038 1322 1165 1356 princeps
1179 1322 1260 1357 hujus
1269 1323 1361 1350 saeculi
1376 1323 1497 1358 parvulis
1511 1323 1538 1350 in
1551 1323 1649 1358 spiritu
1662 1331 1670 1356 ;
1686 1323 1752 1358 ipsis
1762 1325 1823 1358 qui-

1038 1368 1111 1400 dem,
1127 1372 1157 1395 ut
1180 1369 1256 1404 prius
1271 1370 1354 1397 etiam
1369 1370 1473 1397 dictum
1498 1375 1550 1403 est,
1571 1378 1695 1405 magnam
1709 1371 1823 1406 gloriam

1037 1418 1066 1442 et
1077 1414 1306 1443 abundantiorem
1330 1416 1463 1444 honorem
1484 1424 1534 1451 per
1547 1417 1708 1445 alllictiones
1719 1421 1747 1445 et
1764 1422 1824 1445 ten—

1039 1461 1156 1488 lationes
1168 1468 1319 1496 procurans
1331 1470 1339 1494 ;
1357 1469 1390 1488 ex
1400 1462 1444 1488 his
1454 1461 1542 1492 enim,
1554 1466 1586 1488 ut
1599 1466 1627 1489 et
1641 1462 1691 1496 ipsi
1707 1462 1821 1496 perfecli

1037 1506 1163 1538 evadant,
1184 1507 1291 1540 oritur;
1312 1507 1365 1534 sibi
1387 1512 1479 1535 autem
1504 1508 1588 1535 miser
1613 1507 1665 1542 ipsi
1688 1508 1821 1543 majorem

205 1545 239 1571 νά
256 1553 286 1572 τε
313 1546 359 1572 καὶ
384 1546 535 1582 βαρυτέραν
556 1549 768 1581 κατασκευάζων
791 1550 840 1583 τὴν
865 1549 983 1577 κόλασιν.

1039 1552 1247 1587 gravioremque
1275 1560 1432 1588 praeparans
1460 1560 1577 1588 poenam.
1603 1553 1722 1581 Omnino
1746 1553 1821 1581 enim

206 1590 295 1622 ὀλως
309 1591 363 1627 γὰρ
382 1591 496 1627 μεγίστη
511 1600 553 1624 τις
575 1593 608 1619 δι’
628 1594 710 1620 αὑτοῦ
724 1595 906 1630 οἰκονομεῖται
918 1597 986 1622 οἰκο-

205 1637 304 1672 νομία,
329 1637 421 1669 καθὼς
443 1638 549 1673 εἴρηταί
565 1648 626 1666 που·
646 1640 787 1675 Συνεργεῖ
800 1641 833 1668 τὸ
853 1643 987 1676 πονηρὸν

205 1683 245 1716 τῷ
260 1683 359 1718 ἀγαθῷ
373 1684 540 1717 προαιρέσει
561 1686 597 1712 οὐ
609 1685 699 1719 καλῇ.
722 1687 787 1718 Ταῖς
802 1687 855 1722 γὰρ
872 1687 986 1721 ἀγαθαῖς

205 1730 251 1755 καὶ
275 1729 361 1764 καλὴν
385 1729 436 1764 τὴν
455 1730 615 1765 προαίρεσιν
631 1731 756 1766 ἐχούσαις
769 1733 878 1767 ψυχαῖς,
894 1733 988 1760 καὶτὰ

204 1775 333 1802 δοκοῦντα
352 1776 461 1810 λυπηρὰ
478 1777 517 1807 εις
538 1777 640 1811 ἀγαθὸν
659 1778 782 1814 τελευτᾷ·
801 1780 872 1806 καθὰ
886 1779 917 1815 δὴ
940 1780 986 1806 καὶ

205 1822 235 1848 τὸ
249 1821 288 1856 τῷ
309 1822 462 1857 Ἀποστόλῳ
478 1823 622 1858 εἰρημένον
646 1824 730 1850 ἐστίν·
755 1825 864 1859 "Brome
881 1825 914 1852 τὸ
926 1825 987 1858 τοῖς

204 1867 341 1902 ἀγαπῶσι
358 1867 411 1894 τὸν
434 1868 508 1895 Θεὸν
525 1868 622 1896 πάντα
635 1870 775 1905 συνεργεῖ
791 1872 835 1904 εὶς
859 1871 892 1898 τὸ
914 1871 986 1906 ἁγα-

205 1914 268 1940 θόν.

239 1958 342 1984 Τούτου
357 1957 451 1985 ἕνεκεν
464 1959 481 1994 ἠ
507 1958 558 1994 τῆς
571 1959 694 1991 παιδείας
709 1959 778 1996 αὕτη
795 1960 891 1996 ῥάϐδος
907 1962 987 1996 ἀφείο

204 2004 250 2039 θη,
276 2004 367 2039 φησὶν,
395 2005 439 2031 ενα
452 2005 485 2031 δι’
511 2005 595 2040 αὐτῆς
617 2006 655 2037 ὡς
678 2007 707 2033 ὲν
732 2007 838 2042 καμίνῳ
853 2008 938 2043 πυρὸς
953 2008 988 2034 τὰ

205 2049 288 2084 σκεύη
305 2051 474 2086 πυρούμενα,
489 2051 524 2078 τὰ
537 2051 587 2087 μὲν
599 2052 700 2087 δόκιμα
719 2053 889 2088 στερεώτερα
904 2057 985 2090 φανῇ·

203 2095 237 2121 τὰ
261 2095 288 2122 δὲ
301 2096 417 2130 ἀδόκιμα
436 2096 589 2132 εὔθραυστα
608 2098 674 2124 ὄντα
691 2098 815 2134 ἐλεγχθῇ,
831 2100 877 2126 τοῦ
902 2101 987 2136 πυρὸς

203 2141 252 2176 τὴν
266 2141 364 2168 καῦσιν
379 2142 428 2177 οὐχ
439 2142 635 2177 ὑπομείναντα·
649 2143 740 2176 δοῦλος
755 2145 783 2171 δὲ
796 2145 834 2171 ὢν
849 2142 925 2176 οὗτος
939 2145 987 2172 καὶ

204 2186 307 2219 κτίσμα
319 2187 488 2219 δεσποτικὸν,
504 2188 552 2223 οὐχ
569 2188 631 2214 ὅσον
643 2188 719 2224 αὺτῷ
730 2189 804 2216 δοκεῖ
817 2190 985 2225 ὲκπειράζει,

1037 1597 1154 1624 maxima
1173 1603 1202 1625 et
1223 1598 1293 1625 mira
1315 1598 1440 1633 quaedam
1463 1607 1514 1633 per
1532 1607 1596 1627 eum
1616 1597 1824 1627 administratur

1035 1641 1213 1676 dispensatio,
1237 1643 1313 1678 181
1342 1647 1424 1677 prout
1444 1643 1549 1670 dictum
1562 1644 1665 1671 alicubi
1687 1649 1729 1672 est
1746 1654 1753 1671 :
1771 1644 1822 1672 Co—

1036 1692 1160 1723 operatur
1174 1688 1275 1715 malum
1294 1689 1360 1715 bono
1374 1690 1518 1716 intentione
1535 1697 1587 1716 non
1610 1689 1678 1716 bona
1691 1690 1724 1717 ⁸¹.
1740 1690 1822 1717 Bonis

1036 1735 1172 1769 siquidem
1192 1739 1220 1762 et
1234 1734 1365 1762 laudabili
1387 1735 1543 1769 vigentibus
1562 1735 1702 1770 proposito
1716 1736 1821 1763 anima-

1037 1781 1099 1812 bus,
1128 1788 1189 1815 qum
1211 1780 1325 1807 molesta
1354 1779 1483 1806 videntur
1496 1781 1523 1807 in
1545 1780 1646 1808 bonum
1667 1780 1796 1808 desinunt
1814 1791 1820 1808 :

1036 1827 1109 1862 quod
1135 1828 1194 1862 ipse
1218 1833 1327 1860 quoque
1361 1826 1506 1853 afﬁrmavit
1527 1826 1676 1861 Apostolus
1694 1826 1735 1853 sic
1753 1827 1821 1854 scri-

1037 1873 1105 1901 bens
1132 1882 1140 1900 :
1170 1873 1342 1909 Diligentibus
1373 1874 1457 1901 Deum
1483 1873 1572 1899 omnia
1598 1877 1773 1907 cooperantur
1795 1873 1822 1899 in

1037 1919 1132 1945 bonum
1145 1919 1190 1945 ¹¹¹.

1074 1964 1130 1991 V'Il.
1154 1963 1242 1999 Hujus
1264 1964 1302 1991 rei
1326 1964 1413 1999 gratia
1437 1964 1498 1998 ista,
1519 1964 1554 1992 de
1575 1972 1631 2000 qua
1652 1963 1719 1997 dixi,
1745 1964 1820 1998 virga

1036 2009 1189 2044 disciplina;
1209 2009 1304 2037 saavire
1328 2010 1506 2045 permittitur,
1523 2015 1553 2038 ut
1570 2017 1619 2045 per
1631 2018 1692 2037 eam
1704 2009 1777 2038 velut
1792 2010 1821 2036 in

1036 2053 1148 2081 fornace
1175 2054 1246 2089 ignis
1266 2059 1381 2083 excocta
1404 2062 1483 2087 vasa,
1511 2063 1572 2090 quae
1598 2055 1709 2090 quidem
1737 2055 1821 2090 proba

1036 2104 1109 2132 sunt,
1125 2100 1292 2128 soliditatem
1303 2101 1505 2132 demonstrent;
1519 2108 1580 2135 qua:
1590 2108 1656 2128 vero
1668 2101 1755 2135 proba
1765 2108 1821 2129 non

1037 2148 1111 2176 sunt,
1131 2145 1288 2180 fragilitatis
1309 2150 1504 2180 coarguantur,
1527 2145 1598 2180 ignis
1618 2145 1744 2173 ardorem
1765 2154 1820 2174 non

1038 2189 1164 2216 ferentia.
1177 2190 1245 2217 Cum
1259 2190 1294 2218 sit
1306 2194 1397 2218 aulem
1408 2190 1534 2217 diabolus
1547 2198 1642 2218 servus
1653 2195 1681 2218 et
1695 2195 1821 2219 creatura

203 2232 264 2258 οὐδὲ
279 2232 393 2260 καθόσον
410 2233 492 2269 βούλῃ
502 2233 551 2265 τάς
563 2233 666 2268 θλίψεις
680 2235 788 2269 ἐπάγει·
806 2235 863 2262 ἀλλ’
876 2236 937 2262 ὅσον
953 2236 985 2271 δὴ

1038 2234 1100 2267 Dei,
1130 2235 1275 2269 imperium
1303 2235 1362 2270 ejus
1388 2235 1543 2262 absolutum
1570 2243 1736 2270 agnoscens,
1765 2244 1821 2263 non

203 2276 233 2302 τὸ
246 2277 410 2304 Δεστιοτικὸν
434 2278 575 2313 ἐπιτρέψει
591 2278 681 2314 νεῦμα
693 2279 738 2306 διὰ
752 2279 803 2314 τῆς
817 2281 986 2316 παραχωρή-

204 2325 282 2353 σεως·
302 2323 384 2354 αὐτὸς
408 2323 462 2358 γὰρ
490 2324 540 2350 σὺν
565 2324 693 2361 ἀκριϐείᾳ
715 2325 750 2352 τὰ
774 2326 884 2352 πάντων
897 2326 984 2359 εἰδὼς,

202 2367 299 2393 ὁπόσον
319 2368 377 2394 ἐστὶ
388 2368 504 2403 δύναμις
524 2369 642 2405 ἑκάστῳ,
662 2370 787 2398 τοσοῦτον
802 2371 875 2406 αὐτῷ
890 2372 936 2398 καὶ
954 2372 986 2398 τὸ

203 2410 323 2446 δοκίμιον
349 2412 500 2448 ὑποστῆναι
528 2416 698 2450 παραχωρεῖ,
722 2415 794 2442 καθά
817 2416 849 2451 δὴ
877 2417 925 2443 καὶ
947 2417 986 2453 τῷ

210 2456 362 2493 Ἀποστόλῳ
377 2458 467 2485 δοκεῐ·
490 2460 600 2492 Πιστὸς
618 2461 672 2496 γὰρ
694 2463 712 2488 ό
730 2462 812 2495 Θεὸς,
835 2463 930 2498 φησὶν,
952 2463 986 2496 ὃς

203 2503 259 2529 οὐκ
278 2502 362 2530 ἐάσει
388 2504 466 2538 ὑμᾶς
489 2505 687 2540 πειρασθῆναι
711 2508 788 2541 ὑπὲρ
809 2507 825 2534 ὃ
841 2508 983 2537 δύνασθε·

202 2547 283 2575 ἀλλὰ
294 2549 414 2582 ποιήσει
427 2550 488 2576 σὺν
501 2551 541 2583 τῷ
555 2551 708 2586 πειρασμῷ
718 2553 765 2579 καὶ
780 2552 836 2587 τὴν
849 2554 983 2588 ἑκϐασιν,

202 2593 255 2620 τοῦ
274 2593 423 2622 δύνασθαι
435 2597 622 2631 ὑπενεγκεῖν.

238 2725 279 2752 ll'.
301 2726 394 2760 Ζητῶν
405 2727 451 2753 καὶ
476 2727 582 2762 κρούων
607 2736 677 2754 κατα
689 2737 738 2763 την
749 2737 795 2755 του
812 2737 915 2765 Λυριου
930 2739 984 2764 φω-

203 2770 262 2806 νὴν,
277 2772 324 2797 καὶ
339 2771 422 2806 μέχρι
436 2772 530 2804 τέλους
545 2772 630 2811 αἰτῶν
653 2774 781 2809 τυγχάνει
798 2775 853 2801 τῶν
870 2776 988 2810 αἰτημά-

238 2857 259 2874 ⁸¹
279 2858 347 2886 Gen.
370 2866 410 2895 In,
431 2860 478 2889 2t.
504 2860 537 2899 _"
557 2863 636 2890 dom.
655 2863 774 2898 vnl,28.,
805 2863 838 2880 ’ν
859 2862 926 2891 ibid.
946 2861 990 2905 28.

1038 2282 1172 2313 quantum
1194 2279 1246 2314 ipsi
1267 2279 1334 2306 libet
1353 2283 1451 2311 tentat,
1488 2286 1539 2306 nec
1562 2287 1644 2315 quam
1670 2281 1769 2308 multas
1788 2288 1822 2308 ac

1038 2331 1137 2358 graves
1166 2324 1225 2351 vult
1257 2323 1418 2351 aﬂlictiones
1448 2324 1585 2356 immittit;
1612 2324 1659 2351 sed
1687 2330 1818 2359 quantum

1039 2369 1134 2396 herilis
1150 2374 1235 2396 nutus
1246 2369 1390 2404 permittit,
1404 2370 1584 2404 permissioue
1607 2370 1730 2397 limitatn.
1750 2370 1821 2398 Sane

1039 2412 1111 2440 Deus
1133 2413 1305 2441 exactissime
1328 2419 1462 2448 quantum
1481 2415 1508 2442 in
1526 2423 1689 2449 unoquoque
1701 2419 1743 2442 est
1756 2423 1820 2450 per-

1038 2458 1145 2490 videns,
1165 2458 1334 2493 exploratum
1359 2459 1452 2491 habet,
1477 2464 1608 2494 quantum
1632 2460 1731 2494 cuique
1755 2461 1821 2489 insit

1037 2503 1136 2530 virium
1146 2512 1153 2535 ;
1165 2507 1193 2530 et
1202 2503 1235 2530 ad
1243 2510 1307 2530 eum
1319 2503 1428 2530 modum
1440 2505 1627 2538 probationem
1641 2505 1666 2531 ei
1679 2505 1820 2533 admoveri

1037 2549 1187 2584 permittit;
1210 2549 1282 2577 sicut
1298 2549 1380 2576 etiam
1401 2550 1511 2577 videtur
1521 2551 1660 2585 Apostolo,
1678 2552 1742 2578 dum
1761 2553 1819 2581 ait:

1035 2593 1132 2620 Fidelis
1147 2593 1228 2626 Deus,
1243 2595 1287 2629 qui
1306 2602 1359 2621 mm
1380 2596 1507 2629 permittit
1522 2604 1566 2622 vos
1586 2598 1682 2624 tentari
1698 2605 1778 2632 supra
1791 2599 1819 2624 id

1035 2639 1103 2674 quod
1114 2641 1242 2674 potestis:
1257 2639 1301 2666 sed
1320 2640 1398 2674 faciet
1413 2641 1493 2666 etiam
1515 2649 1573 2667 cum
1593 2643 1734 2669 tentatione
1754 2651 1818 2676 pro-

1034 2690 1149 2717 ventum,
1165 2691 1192 2711 ut
1205 2686 1307 2720 possitis
1319 2686 1446 2712 sustinere
1453 2686 1487 2711 ⁸³ι

1070 2731 1135 2758 VIII.
1161 2731 1291 2763 Qumrens
1314 2736 1341 2758 et
1361 2731 1562 2767 pulsansjuxta
1580 2731 1686 2759 Domini
1710 2740 1816 2766 vocem,

1041 2780 1068 2803 et
1083 2784 1169 2811 usque
1190 2776 1223 2803 ad
1248 2776 1329 2804 tinem
1343 2781 1449 2811 petens,
1467 2778 1645 2813 consequitur
1660 2786 1721 2814 qua:
1734 2778 1816 2814 petit.

1042 2862 1088 2900 "_l
1105 2861 1211 2907 Con-.1,
1232 2861 1274 2889 i5.
1310 2904 1313 2906 η
