2075 3155
257 175 306 206 871

873 169 903 198 S.
924 165 1082 197 MACARII
1103 162 1263 194 IEGYPTII

1830 150 1884 181 872

256 231 374 259 Tantum
396 231 469 258 circa
489 230 542 258 hoc
565 236 621 256 suae
643 226 818 256 conscientiae
842 225 999 253 satisfacere
1019 223 1043 250 is

1112 229 1159 248 ων·
1182 222 1261 255 μόνον
1276 217 1362 252 ἐχέτω
1386 214 1543 250 παρρησίαν
1564 210 1654 244 οὗτος,
1670 210 1717 238 τοῦ
1730 209 1770 244 τῷ
1782 209 1821 244 νῷ
1835 210 1883 236 καὶ

256 281 345 309 curet,
362 281 393 305 ut
406 280 497 304 mente
510 280 539 303 et
551 275 645 310 lingua
669 274 857 301 indestnenter
878 275 994 306 quaerat,
1015 273 1043 296 et
1058 290 1063 295 .

256 331 390 358 corporeo
409 321 564 351 ministerio
578 321 679 348 enixim
695 319 850 351 incumbat;
866 325 917 345 nec
929 316 1043 344 saecula-

256 370 335 396 ribus
346 368 463 403 negotiis
476 367 642 402 implicetur,
657 373 726 394 neve
736 364 878 400 pravitatis
891 363 1044 390 delectetur

255 413 411 441 affectibus.
435 413 523 440 Verax
547 412 684 447 siquidem
709 416 751 439 est
775 411 823 445 qui
847 410 935 437 dixit:
962 409 1045 436 Omne

256 460 426 496 quodcunque
452 460 579 495 petieritis
604 467 644 485 me
671 459 698 484 in
725 458 860 489 oratione,
893 455 1044 486 credentes,

257 506 428 542 accipietis".
458 505 510 538 Qui
537 508 628 531 autem
655 503 768 530 dicunt:
798 503 932 537 Utcunque
956 501 1046 527 omnia

257 553 314 588 quis
334 551 444 586 eﬁ'ecerit
460 557 518 585 qua:
534 549 749 584 prwscribuntur,
764 551 943 582 exspectatam
958 548 1046 572 autem

257 598 373 632 gratiam
385 599 535 622 consecutus
544 603 596 621 non
606 595 693 629 fuerit,
707 592 774 628 quod
785 592 819 618 ad
828 599 942 627 pra'scns
955 590 1047 616 attinet

257 641 393 672 saeculum,
408 639 473 666 nihil
485 639 612 675 profecit;
629 638 700 665 male
712 641 740 664 et
753 636 877 664 sentiunt
890 639 918 662 et
931 635 1048 669 loquun-

260 692 315 719 tur,
333 686 488 720 divinisque
508 684 580 712 haud
596 691 716 718 congrue
727 681 887 716 Scripturis.
898 680 958 707 Non
974 677 1048 706 enim

260 731 395 767 injustitia
410 734 452 758 est
466 730 540 765 apud
553 730 651 761 Deum,
678 734 707 756 ut
729 728 773 760 iis,
799 734 860 762 quae
881 725 968 753 nostri
986 726 1050 751 sunt

261 777 343 805 oflicii
365 784 381 804 a
406 776 487 809 nobis
514 776 654 811 perfectis,
681 775 739 809 ipse
761 780 824 807 quae
846 779 957 799 suarum
986 774 1051 797 sum

260 822 393 857 partium,
410 821 540 856 negligat.
562 820 680 847 Tantum
701 826 775 846 cura:
789 817 839 844 tibi
862 816 909 848 sit,
929 819 959 842 ut
973 822 1052 850 repe-

261 866 333 893 riare
362 870 444 894 tunc.
473 864 584 902 quando
609 863 699 890 anima
726 866 773 889 tua
797 868 831 888 ex
855 860 908 888 hoc
935 859 1051 886 solvitur

263 918 399 945 corpore,
429 910 537 938 fortiter
568 909 730 941 decertans,
757 907 880 935 studiose
910 911 1052 941 satagens,

262 958 425 989 exspectans
438 954 659 989 promissionem,
676 959 866 988 perseverans,
884 949 1010 982 credens,
1027 950 1055 976 in

263 1000 432 1028 discretione
446 1007 590 1034 quaerens;
607 1002 638 1026 et
651 1006 702 1033 ego
717 997 767 1024 tibi
785 997 857 1028 dico,
875 990 933 1023 nec’
942 994 1056 1022 credere

264 1046 386 1076 dubites,
410 1053 472 1072 cum
490 1044 590 1080 gaudio
612 1043 712 1074 abibis,
734 1047 762 1070 et
778 1041 905 1069 ﬁduciam
930 1039 1055 1072 habebis,

264 1097 293 1120 et
310 1099 394 1127 regno
407 1092 544 1119 videberis
552 1092 661 1126 dignus.
674 1090 784 1121 Etenim
798 1089 860 1116 talis
872 1089 912 1123 (in
924 1087 1056 1115 tenuitate

265 1145 324 1164 utea
348 1144 397 1171 per
427 1137 507 1164 iidem
528 1140 556 1164 et
577 1136 650 1171 piam
673 1134 877 1165 conﬁdentiam,
896 1132 969 1166 aio),
985 1131 1055 1162 talis.

266 1184 389 1217 inquam,
400 1182 455 1216 jam
469 1182 526 1209 Deo
533 1180 729 1208 communicat.
741 1179 775 1207 Ut
789 1179 863 1206 enim
875 1198 884 1211 ,
901 1176 951 1209 Qui
964 1176 1057 1203 viderit

266 1229 401 1255 mulierem
425 1228 459 1254 ad
482 1226 717 1262 concupiscendum
742 1233 812 1256 eam,
830 1224 890 1258 jam
916 1223 1058 1250 moechatus

266 1279 304 1302 est
319 1282 378 1301 eam
391 1276 417 1300 in
434 1273 511 1300 corde
525 1281 572 1300 suo
581 1273 615 1304 ⁸⁵,
632 1271 684 1299 etsi
698 1271 811 1298 minime
827 1270 872 1296 hic
892 1268 977 1296 fuerit
997 1274 1058 1294 cor-

266 1329 334 1356 pore
347 1321 483 1355 pollutus,
499 1324 590 1347 tamen
601 1319 657 1354 jam
669 1317 799 1345 adulterii
812 1320 956 1352 reputatur
976 1322 1057 1342 reus:

267 1368 306 1394 sic
324 1367 371 1401 qui
388 1373 436 1393 cor
457 1366 569 1400 quidem
583 1373 662 1392 suum
680 1373 695 1391 ιι
708 1363 787 1391 malis
807 1363 916 1394 avertit,
933 1362 989 1389 Deo
1009 1369 1058 1388 au-

268 1418 323 1440 tem
349 1412 493 1440 adhaerens
514 1411 654 1439 desiderio
674 1415 702 1438 et
721 1409 909 1446 inquisitione,
934 1415 1061 1443 perseve-

269 1457 357 1484 rantia
382 1455 456 1491 apud
483 1456 581 1487 Deum,
602 1462 635 1482 ac
659 1454 792 1490 ﬂagrante
815 1454 844 1480 in
868 1453 916 1480 Dei
938 1459 1059 1479 amorem

269 1501 411 1536 proposito
436 1500 533 1531 animi,
560 1500 671 1536 jamjam
688 1499 767 1533 quasi
786 1498 923 1533 particeps
938 1497 987 1524 Dei
1001 1500 1059 1528 est;

1069 889 1090 916 Β

1093 267 1202 302 γλώττῃ
1217 262 1429 299 ἀπαραλείπτως
1444 260 1592 294 ἐπιζητεῖν,
1606 257 1653 284 καὶ
1666 255 1713 283 τοῦ
1729 257 1763 291 τῇ
1786 263 1883 289 σωμα-

1093 300 1157 348 τικῇ
1181 300 1338 346 λειτουργίᾳ
1353 303 1752 340 ἀνενδότωςιπροσκαρτερεῖν·
1773 301 1811 348 μὴ
1827 300 1885 348 rei;

1094 346 1236 395 XOG-t-thol';
1250 357 1411 392 πράγμασιν
1436 352 1651 389 ὲμπλεκόμενος,
1673 348 1741 395 μηδὲ
1759 347 1821 395 soi;
1835 346 1886 395 τῆς

1096 390 1196 435 κακίας
1214 390 1319 430 πάθεσιν
1331 390 1523 434 συνηδόμενος.
1543 394 1673 431 Ἀψευδὴς
1683 393 1737 428 γὰρ
1754 393 1768 419 ό
1784 390 1882 418 εἰπών·

1096 451 1138 477 ὅτι
1167 448 1233 477 Πᾶν
1253 448 1269 474 ὃ
1293 447 1347 474 ἐὰν
1377 442 1520 477 αίτήσητέ
1541 450 1578 477 με
1594 441 1628 467 ἐν
1643 437 1821 474 προσευχῇ,
1841 444 1888 463 m-

1096 497 1267 528 στεύοντες,
1280 494 1427 528 λήψεσθε.
1453 491 1484 517 υἱ
1511 490 1539 516 δὲ
1554 489 1690 522 λέγοντες,
1705 485 1768 514 Κᾶν
1789 484 1889 511 πάντα

1097 541 1234 577 ποιήσειέ
1247 550 1292 574 τις
1307 540 1343 567 τὰ
1355 535 1591 571 ὑποτεταγμένα,
1607 533 1793 568 παραμείνας
1802 530 1836 557 δὲ
1842 530 1888 577 μὴ

1098 575 1174 624 τύχῄ
1187 587 1242 621 τῆς
1254 586 1385 622 χάριτος,
1401 584 1476 611 κατὰ
1486 582 1539 609 τὸν
1549 580 1641 608 αἰῶνα
1656 578 1774 608 τοῦτον.
1798 575 1890 603 οὐδὲν

1099 622 1209 669 ῶκησω
1229 632 1323 664 κακῶς
1341 630 1428 658 οἴδασί
1441 637 1470 656 τε
1489 628 1535 655 καὶ
1544 627 1663 661 λέγουσι,
1675 626 1721 650 καὶ
1735 625 1794 654 ταῖς
1803 622 1890 653 θείαις

1099 667 1276 714 ἀσυμφώνως
1288 676 1422 711 Γραφαῖς.
1441 673 1478 700 οὐ
1493 672 1548 707 γάρ
1567 672 1642 698 ἐστιν
1655 669 1744 696 ἀδικία
1761 669 1836 703 παρὰ
1851 667 1890 714 τῷ

1100 713 1170 760 Θεῷ,
1185 725 1228 750 ἵνα
1241 722 1296 749 τῶν
1311 722 1377 756 ἡμῖν
1393 719 1571 754 καθηκόντων
1592 715 1829 750 κατορθωθέντων,
1841 713 1891 739 αὺ-

1100 758 1211 802 τδςντῶν
1223 768 1288 803 παρ’
1305 765 1394 800 ἑαυτῷ
1405 764 1564 800 ἀμελήσειε.
1582 762 1669 788 Μόνον
1681 759 1810 794 ἐπιμελὲς
1821 758 1892 785 ἔστω

1103 825 1143 842 σοι
1158 814 1304 850 εὑρεθῆναι
1317 812 1391 842 τότε.
1410 811 1453 837 ὅτε
1469 818 1515 836 σου
1530 810 1546 843 ὴ
1561 807 1634 843 ψυχὴ
1646 806 1695 834 τοῦ
1709 806 1801 833 ἀθλίου
1814 805 1892 831 τοῦδε

1102 862 1195 889 λύεται
1217 859 1353 894 σώματος,
1375 855 1586 891 ἀγωνιζόμενον,
1603 851 1762 884 σπεύδοντα,
1779 850 1894 886 προσδεο

1105 909 1218 944 χύμενον
1247 906 1297 941 τὴν
1326 901 1491 937 ἐπαγγελίαν
1507 921 1514 932 ,
1547 898 1802 935 προσκαρτεροῦντα
1816 916 1824 928 ,
1849 905 1894 922 πι-

1106 942 1245 983 στεύοντα,
1263 952 1293 978 ἐν
1308 950 1443 986 διακρίσει
1457 946 1600 984 ζητοῦντα·
1615 944 1692 978 κάγώ
1709 952 1750 971 σοι
1762 942 1834 976 λέγω
1846 942 1895 968 καὶ

1108 999 1144 1033 μὴ
1161 997 1282 1028 ἀπίστει,
1308 996 1378 1030 μετὰ
1398 994 1484 1029 χαρᾶς
1501 990 1649 1025 ἀπελεύσῃ,
1674 988 1720 1016 καὶ
1738 987 1894 1023 παρρησίαν

1105 1032 1186 1076 ἔξεις,
1204 1042 1273 1069 κατὰ
1285 1041 1335 1076 τῆς
1358 1038 1497 1075 βασιλείας
1511 1036 1620 1072 ὸφθήσῃ
1634 1035 1718 1067 ἄξιος.
1737 1034 1794 1061 Καὶ
1810 1032 1865 1068 γὰρ
1880 1033 1894 1058 ὀ

1105 1088 1234 1119 τοιοῦτος,
1263 1088 1292 1114 ὲν
1311 1085 1457 1120 λεπτότητι
1476 1083 1520 1110 διὰ
1534 1084 1584 1118 τῆς
1606 1081 1733 1111 πίστεως,
1752 1079 1833 1114 φημὶ,
1847 1079 1895 1104 καὶ

1106 1134 1154 1168 τῆς
1172 1131 1342 1168 προθυμίας,
1358 1129 1408 1164 ἤδη
1428 1129 1551 1155 κοινωνεί
1567 1126 1606 1161 τῷ
1620 1125 1689 1160 Θεῷ.
1710 1125 1753 1154 Ὠς
1775 1124 1839 1159 γὰρ,
1864 1123 1896 1149 'O

1104 1178 1232 1211 βλέπων
1249 1175 1377 1212 γυναῖκα
1391 1175 1465 1209 πρὸς
1478 1173 1511 1200 τὸ
1524 1171 1707 1207 ἐπιθυμῆσαι
1723 1170 1844 1203 ταύτης,
1861 1168 1897 1195 ἐν

1107 1224 1145 1259 τῇ
1156 1224 1264 1258 καρδίᾳ
1274 1223 1468 1258 μεμοίχευκε,
1484 1219 1574 1247 καίτοι
1589 1219 1659 1246 κατὰ
1673 1217 1753 1252 σῶμα
1765 1216 1803 1252 μὴ
1820 1224 1898 1251 μιανς

1109 1269 1166 1301 θεὶς
1179 1265 1268 1300 οὗτος,
1284 1268 1358 1302 ὅμως
1376 1266 1413 1298 ὼς
1429 1264 1578 1300 μοιχεύσας
1600 1263 1650 1298 ἠδη
1670 1262 1833 1296 λελόγισται·
1852 1260 1899 1287 οὔ·

1108 1324 1162 1346 τως
1177 1315 1192 1340 ὁ
1204 1314 1238 1340 τὰ
1253 1313 1359 1348 πονηρά
1377 1312 1427 1346 μὲν
1445 1311 1474 1338 ὲν
1488 1311 1521 1346 τῇ
1536 1309 1635 1345 καρδίᾳ
1649 1307 1848 1342 ἀποστραφεὶς,
1859 1306 1900 1337 τῷ

1109 1360 1138 1386 δὲ
1167 1359 1264 1394 Κυρίῳ
1288 1357 1461 1392 κολλώμενος
1476 1356 1553 1391 πόθῳ
1577 1355 1626 1382 καὶ
1640 1354 1798 1389 ἐκζητήσει.
1814 1361 1900 1387 προσ-

1110 1404 1202 1440 εδρείᾳ
1215 1413 1257 1436 τε,
1275 1404 1357 1438 φημὶ,
1372 1403 1419 1429 καὶ
1432 1401 1549 1436 θεοφιλεῖ
1563 1400 1692 1432 διαθέσει,
1709 1399 1835 1433 καθάπερ
1849 1398 1902 1433 ἠδη

1111 1450 1234 1476 κοινωνεί
1261 1448 1299 1484 τῷ
1321 1447 1391 1483 Θεῷ,
1419 1447 1466 1474 καὶ
1491 1446 1563 1481 μέγα
1589 1445 1674 1481 δῶρον
1703 1443 1801 1471 αὐτίκα
1826 1444 1904 1479 παρὰ

1111 1495 1179 1522 Θεοῦ
1192 1495 1248 1530 ἔχει
1276 1494 1343 1521 αὐτὸ
1367 1493 1458 1524 τοῦτο,
1473 1492 1504 1518 τὸ
1524 1492 1557 1527 τῇ
1580 1492 1646 1526 εὐχῇ
1663 1489 1857 1525 προσεδρεύειν
1869 1490 1903 1524 τῇ

270 1551 346 1574 certe
367 1553 495 1580 magnum
517 1545 620 1572 donum
639 1544 833 1577 statima,Deo
859 1543 952 1575 habet,
980 1542 1058 1569 istam

1113 1541 1202 1576 ἀγαθῇ
1222 1550 1253 1567 τε
1271 1540 1372 1576 σπουδῇ
1392 1540 1440 1566 καὶ
1454 1538 1576 1573 πολιτείᾳ
1590 1539 1624 1573 τῇ
1641 1536 1788 1572 φιλαρέτῳ.
1802 1536 1833 1562 El
1848 1536 1906 1570 γὰρ

271 1593 357 1628 ipsam
378 1591 544 1628 persistendi
560 1591 588 1618 in
605 1591 729 1618 oratione
748 1589 876 1624 gratiam.
900 1587 981 1615 simul
997 1595 1058 1614 cum

1115 1588 1161 1614 καὶ
1175 1586 1305 1621 ποτηρίου
1324 1585 1429 1620 ψυχροῦ
1445 1584 1518 1616 δόσις
1534 1584 1584 1610 οὐκ
1595 1582 1722 1617 ἄμισθος,
1746 1582 1822 1617 πόσῳ
1838 1581 1907 1616 μᾶλ-

271 1641 343 1667 bono
365 1638 468 1670 studio,
494 1642 522 1666 et
542 1636 752 1665 conversatione
767 1634 876 1662 virtutis
896 1638 1016 1661 amante.
1032 1633 1058 1660 Si

1116 1634 1162 1661 λον
1178 1635 1232 1665 τοῖς
1245 1633 1320 1668 αὑτῷ
1339 1632 1554 1667 προσανέχουσιν
1568 1630 1675 1665 ἡμέρας
1691 1637 1720 1656 τε
1735 1629 1782 1655 καὶ
1796 1628 1904 1661 νυκτὸς,

271 1685 345 1713 enim
369 1693 404 1712 ne
427 1683 522 1711 calicis
542 1682 654 1718 quidem
677 1681 783 1716 frigidae
803 1679 914 1708 donatio
935 1679 1058 1707 mercede

1118 1678 1255 1712 δεομένοις
1265 1677 1295 1703 τὸ
1310 1675 1477 1709 ὲπαγγελθὲν
1493 1675 1558 1706 Θεὸς
1568 1674 1698 1709 παρέξειι

272 1737 348 1760 caret
369 1740 434 1764 sua,
450 1736 555 1766 quanto
581 1729 667 1765 magis
682 1729 726 1761 iis,
751 1728 798 1763 qui
826 1727 873 1755 diu
899 1731 1039 1762 noctuque
1060 1727 1173 1755 intentis
1187 1726 1215 1753 in
1239 1725 1328 1760 ipsum
1343 1724 1431 1752 oculis
1445 1723 1479 1750 ab
1510 1730 1544 1750 co
1564 1722 1715 1757 postulant,
1739 1721 1907 1757 promissum

272 1780 345 1807 Deus
360 1778 495 1814 przebebit
507 1778 513 1804 i

308 1825 354 1852 ιχ.
375 1824 442 1856 Illis,
459 1823 506 1859 qui
522 1822 602 1850 anxio
615 1822 706 1850 animo
721 1824 870 1849 aestuantes
888 1821 998 1848 dicunt:
1024 1819 1066 1846 En

273 1870 321 1896 erit
346 1869 395 1896 illa
417 1876 536 1903 unquam
551 1868 615 1899 dies,
630 1875 682 1902 qua
699 1874 752 1893 non
766 1866 880 1893 sentiam
903 1865 1066 1892 aversionem

274 1917 358 1944 animi
374 1925 390 1942 α
411 1915 505 1949 fratre,
526 1919 572 1940 aut
594 1912 663 1940 alias
676 1912 786 1944 similes,
804 1920 918 1947 quarum
932 1912 995 1938 mihi
1007 1918 1066 1937 sum

274 1961 409 1992 conscius,
438 1968 534 1995 pravas
560 1959 725 1994 affectiones,
751 1966 817 1992 quas
841 1957 946 1992 quidem
970 1957 1066 1983 invitus

273 2008 379 2041 patior;
409 2006 467 2032 haec
492 2003 650 2039 reponenda
676 2006 764 2030 sunt:
795 2001 904 2028 Homini
927 2004 1066 2027 certamen

275 2051 454 2084 studiumque
481 2056 563 2075 omne
590 2048 618 2074 in
646 2047 698 2074 hoc
727 2054 788 2074 esse
813 2046 1009 2076 constitutum,
1037 2050 1067 2071 ut

275 2095 385 2122 diabolo
399 2099 426 2121 et
438 2093 530 2128 pravis
544 2092 757 2128 cogitationibus
778 2099 886 2126 semper
897 2090 1063 2118 obluctetur.

275 2141 361 2168 Vitari
379 2140 459 2174 182
476 2143 567 2166 autem
583 2146 638 2165 non
654 2145 744 2172 posse,
762 2137 828 2172 quin
845 2136 932 2171 caligo
954 2140 1066 2171 pertur—

276 2186 430 2216 bationum,
454 2188 483 2210 et
506 2191 580 2210 mors
599 2182 723 2209 insidens
742 2182 884 2216 sapientiae
898 2181 990 2208 carnis
1010 2188 1065 2207 nou

277 2231 431 2267 producant
448 2230 568 2257 fructum
583 2229 701 2263 aliquem
714 2227 824 2254 malitiae
834 2227 881 2254 vel
896 2227 1003 2254 occulte
1022 2226 1066 2254 vel

275 2278 376 2313 palam.
391 2276 427 2304 Ut
443 2275 516 2303 cnim
528 2274 628 2301 vulnus
641 2273 669 2300 in
682 2280 798 2308 corpore
811 2272 900 2307 quoad
914 2279 968 2299 non
987 2273 1068 2307 plane

276 2323 427 2350 obductum
449 2325 501 2352 est,
522 2319 614 2346 caveri
633 2318 738 2353 nequit.
763 2318 830 2352 quin
853 2318 952 2353 exiguo
971 2318 1067 2345 saltem

276 2369 368 2403 aliquo
389 2367 461 2394 tabis
479 2366 578 2393 ellluxu
605 2364 719 2391 madens
743 2363 870 2395 sordeat;
896 2363 1067 2397 quantalibet

276 2413 418 2449 diligentia
439 2417 563 2444 curetur,
579 2411 705 2445 nihilque
725 2410 868 2437 omittatur
883 2409 1025 2436 industriae
1039 2409 1068 2436 in

275 2461 317 2488 eis
339 2458 504 2486 adhibendis
524 2457 654 2484 remediis
675 2455 897 2491 adjuinentisquc
911 2455 1002 2482 omnis
1019 2462 1067 2490 ge-

277 2505 367 2536 neris;
384 2504 457 2532 idem
471 2511 537 2530 vero
558 2503 581 2530 si
598 2508 711 2537 prorsus
726 2501 889 2536 negligatur,
914 2501 1069 2534 corruptio-

276 2560 339 2580 nem
367 2551 506 2578 interdum
530 2549 736 2585 perniciemque
761 2547 810 2574 toti
834 2546 917 2574 infert
937 2546 1066 2581 corpori:

277 2598 360 2626 simili
374 2602 438 2632 puta
451 2597 533 2624 modo
550 2596 711 2623 allectiones
723 2601 834 2628 quoque
847 2593 954 2623 animm,
970 2597 1069 2620 utcun-

278 2651 331 2678 que
347 2643 431 2670 multa
446 2642 529 2670 fuerit
551 2641 674 2668 adhibita
689 2647 766 2671 cura,
783 2639 859 2666 intus
872 2643 961 2665 tamen
978 2638 1068 2666 adhuc

278 2690 342 2717 tabo
356 2697 406 2717 suo
421 2691 645 2722 corrumpuntur,
667 2685 776 2712 tandem
793 2690 884 2712 tamen
908 2684 1069 2712 assiduitate

278 2734 496 2769 diligentissima:
525 2732 694 2762 curationis,
727 2737 777 2764 per
804 2729 908 2757 Christi
939 2730 1068 2764 gratiam,

279 2781 401 2817 perfecte
423 2783 566 2807 sanantur.
590 2778 637 2804 Est
657 2783 731 2803 enim
747 2775 854 2803 occulta
871 2774 995 2809 qutedam
1008 2774 1068 2806 faex,

316 2882 338 2898 "'
355 2881 450 2909 Matth.
469 2889 524 2915 ξω,
542 2882 586 2908 22.
625 2881 647 2896 ⁸³
665 2879 760 2907 Matth.
780 2887 806 2912 ν,
825 2878 870 2905 28.
893 2915 896 2919 ἴ

1083 2195 1104 2223 D

1152 1816 1190 1842 6’.
1219 1814 1289 1850 Πρὸς
1314 1815 1377 1845 τοὺς
1403 1811 1600 1847 διαωροῦντάς
1623 1820 1707 1847 φησι,
1738 1814 1769 1840 Τί
1793 1814 1838 1841 ὅτι
1861 1816 1907 1849 μὴ

1117 1863 1230 1897 γίνεται
1246 1870 1290 1894 τις
1307 1860 1411 1896 ἡμέρα,
1427 1861 1461 1887 ἐν
1480 1858 1499 1897 ᾖ
1524 1861 1572 1888 καὶ
1593 1861 1636 1896 μὴ
1654 1861 1703 1888 διὰ
1721 1863 1833 1896 μίσους
1847 1862 1908 1897 ἔχω

1117 1909 1170 1935 τὸν
1199 1907 1344 1941 ἀδελφὸν,
1358 1906 1376 1940 ἢ
1398 1907 1447 1933 καὶ
1465 1907 1546 1934 ἄλλα
1566 1907 1633 1934 τινὰ
1654 1909 1771 1940 πονηρὰ
1790 1907 1909 1942 ἐμαυτῷ

1117 1952 1353 1985 συνεπίσταμαι,
1376 1950 1468 1985 ᾶιικαὶ
1485 1950 1590 1978 ἄκοντι
1610 1952 1766 1986 συμϐαίνει
1783 1961 1833 1986 μοι
1850 1952 1907 1978 πά-

1117 2005 1224 2032 σχειν;
1245 1997 1333 2023 ταῦτα
1357 1997 1479 2023 λακτέον·
1494 1997 1532 2028 ὡς
1557 1998 1570 2022 ό
1586 1997 1636 2031 μὲν
1657 1998 1732 2031 ἀγὼν
1747 1997 1819 2029 ἅπας
1832 2000 1878 2024 καὶ
1889 1999 1906 2032 ἡ

1117 2043 1219 2078 σπουδὴ
1239 2042 1277 2077 τῷ
1301 2042 1447 2077 ἀνθρώπῳ,
1461 2041 1531 2068 ὥστε
1547 2043 1595 2068 καὶ
1610 2042 1649 2076 τῷ
1664 2042 1774 2077 πονηρῷ
1791 2043 1909 2074 καὶτοῖς

1119 2089 1248 2124 πονηροῖς
1269 2088 1451 2115 ἀντιτίθεσθαι
1477 2088 1617 2123 λογισμοῖς
1638 2088 1682 2115 διὰ
1703 2089 1804 2119 παντὸς
1826 2089 1907 2116 ἔστω.

1126 2135 1278 2169 Ἀμήχανον
1301 2133 1339 2165 δὲ,
1364 2133 1407 2159 ἴνα
1424 2133 1455 2159 τὸ
1472 2133 1567 2164 σκότος
1585 2133 1639 2160 τῶν
1654 2133 1759 2164 παθῶν,
1775 2133 1823 2160 καὶ
1835 2135 1849 2160 ὁ
1864 2134 1908 2160 θά-

1120 2188 1199 2211 νατος
1215 2179 1263 2206 τοῦ
1275 2179 1459 2214 φρονήματςτ
1475 2179 1557 2213 φημὶ,
1572 2178 1622 2214 τῆς
1638 2178 1738 2214 σαρκὸς
1753 2179 1790 2214 μὴ
1807 2179 1910 2206 ἐπιδεί-

1120 2224 1234 2252 κνυσθαί
1247 2233 1305 2251 τινα
1321 2224 1430 2259 καρπδν
1451 2224 1516 2250 ἴδιον
1529 2223 1578 2259 τὴν
1598 2224 1698 2251 κακίαν
1711 2224 1769 2259 ἤτοι
1784 2233 1910 2259 κεκρυμ-

1122 2270 1212 2305 μένως
1227 2270 1244 2305 ἤ
1269 2270 1408 2305 φανερῶς.
1432 2270 1537 2305 Ὠσπερ
1558 2269 1613 2305 γάρ
1635 2278 1662 2296 τι
1684 2269 1797 2305 τραῦμα
1811 2271 1840 2296 ἐν
1857 2270 1911 2296 σώ-

1121 2324 1186 2350 ματι
1203 2315 1243 2348 ὃν,
1259 2315 1389 2342 ἀδύνατον
1413 2315 1466 2346 ἓως
1481 2315 1557 2342 οὔπω
1569 2315 1671 2342 τέλειον
1697 2315 1771 2351 ἰαθῇ,
1795 2315 1833 2347 ὼς
1848 2316 1910 2351 μηδ’

1120 2360 1203 2395 ὀλίγῳ
1216 2360 1270 2386 τινὶ
1286 2360 1324 2395 τῷ
1340 2360 1418 2396 ἰχῶρι
1439 2361 1536 2396 μυδᾷν·
1554 2361 1601 2387 καὶ
1619 2361 1705 2388 ταῦτα
1720 2361 1909 2396 θεραπευόμε-

1120 2407 1165 2433 νόν
1186 2415 1227 2437 τε,
1244 2407 1291 2433 καὶ
1309 2406 1422 2441 μηδενὸς
1448 2407 1502 2433 τῶν
1522 2407 1561 2438 είς
1576 2407 1735 2442 ἐπιμελείας
1752 2407 1849 2434 τούτου
1863 2406 1909 2434 λὸ-

1119 2461 1176 2487 γων
1192 2454 1316 2488 ἡκόντων
1337 2452 1547 2487 ἀπαξιούμενον·
1565 2453 1701 2488 ἀμεληθὲν
1716 2453 1745 2480 δὲ
1760 2453 1841 2488 σῆψιν
1851 2453 1908 2479 ἐστι

1119 2498 1142 2525 δ’
1157 2499 1201 2526 ὅτε
1217 2500 1265 2526 καὶ
1279 2498 1368 2534 λύμην
1382 2499 1421 2534 τῷ
1437 2499 1490 2535 ὅλῳ
1506 2499 1652 2534 ἐργάζεται
1670 2499 1788 2535 σώματιι
1802 2501 1848 2527 τὸν
1863 2500 1911 2527 αὗ-

1120 2545 1165 2571 τδν
1191 2544 1248 2571 οἵου
1272 2554 1317 2580 μοι
1343 2545 1442 2579 τρόπον
1462 2546 1509 2572 καὶ
1532 2546 1567 2572 τὰ
1586 2546 1636 2581 τῆς
1653 2545 1743 2581 ψυχῆς
1760 2545 1847 2581 πάθη,
1865 2547 1912 2573 καὶ

1121 2590 1221 2625 πολλῆς
1230 2591 1401 2618 ἀπολαύοντα
1408 2591 1458 2626 τῆς
1466 2591 1593 2625 σπουδῆς,
1606 2593 1681 2627 ὅμως
1689 2592 1763 2619 ἔνδον
1774 2593 1914 2628 σμύχοντα

1121 2637 1270 2672 ὲπιμένειψ
1288 2637 1357 2673 πλὴν
1377 2638 1444 2664 ἀλλὰ
1457 2637 1496 2673 τῷ
1512 2638 1664 2674 παραμόνῳ
1687 2637 1738 2672 τῆς
1755 2638 1916 2673 ἐπιμελείας

1121 2683 1167 2710 διὰ
1177 2683 1223 2710 τοῦ
1233 2682 1354 2718 Χριστοῦ
1362 2683 1472 2719 χάριτός
1480 2691 1509 2710 τε
1516 2684 1563 2710 καὶ
1573 2684 1733 2719 συνεργείας
1741 2683 1837 2718 ἐντελῆ
1845 2683 1916 2718 λαμ-

1123 2729 1199 2756 εάνει
1219 2729 1269 2764 τὴν
1287 2729 1369 2757 ἴασιν.
1389 2730 1471 2756 Ἔστι
1483 2730 1538 2764 γάρ
1554 2738 1596 2760 τις
1622 2729 1742 2765 κρυπτὸς
1759 2728 1855 2763 ῥύπος,
1870 2729 1917 2755 καὶ

1124 2775 1251 2810 περιττόν
1264 2783 1293 2801 τε
1309 2775 1404 2807 σκότος
1419 2775 1524 2808 παθῶν,
1547 2775 1561 2802 ὃ
1582 2775 1657 2811 παρὰ
1671 2775 1721 2810 τὴν
1731 2775 1855 2810 καθαρὰν
1867 2773 1914 2800 τοῦ
