2075 3155
197 171 250 204 873

636 166 750 206 LlBER
769 177 817 207 DE
835 177 1038 207 PATlENTIA
1057 178 1105 208 ET
1122 179 1382 212 DISCRETIONE.

1766 181 1817 213 874

197 227 341 263 ἀνθρώπου
368 227 449 263 φύσιν
474 229 518 257 διὰ
546 229 596 265 τῆς
617 230 665 257 τοῦ
687 231 771 267 ’Δδὰμ
795 232 974 268 παραϐάσεως

1028 236 1055 259 et
1066 234 1242 263 tenebrarum
1259 237 1416 265 redundans
1427 236 1524 265 omnia
1537 244 1571 264 ex
1584 235 1741 269 affectibus,
1755 244 1818 272 quae

197 273 344 309 παρεισέδυ
371 274 446 308 πάσῃ
471 276 505 311 τῇ
527 275 734 312 (λνθρωπότητι⁵
756 278 802 305 καὶ
817 279 895 306 τοῦτο
912 279 984 306 θολοῐ

197 319 245 346 καὶ
264 319 440 354 καταμιαίνει
466 321 514 348 καὶ
537 321 615 358 σῶμα
641 323 727 359 δήπου
745 324 791 351 καὶ
809 324 858 360 τὴν
881 325 980 360 ψυχήν.

204 364 275 392 Ἀλλ’
286 364 381 400 ὥσπερ
402 366 512 402 σίδηρος
527 368 698 403 πυρούμενός
712 377 742 395 τε
758 370 804 396 καὶ
819 371 983 405 τυπτόμενος

198 410 368 446 καθαίρεται’
390 412 406 447 ἢ
423 413 522 448 χρυσὸς
539 414 632 450 χαλκῷ
648 415 664 450 ἢ
681 416 729 442 καὶ
746 416 847 452 σιδήρῳ
861 425 982 452 συγκρα-

197 455 255 487 θεὶς
268 456 336 492 πυρὶ
350 456 494 492 διαιρεῖται
511 458 593 494 μόνῳ’
607 459 677 487 οὕτω
691 461 738 488 καὶ
752 462 768 497 ἡ
783 461 856 498 ψυχὴ
872 463 916 490 διὰ
927 463 983 491 τῶν

197 500 339 536 ἁχράντων
353 502 400 529 τοῦ
416 503 540 539 Σωτῆρος
558 504 653 532 παθῶν
666 505 705 541 τῷ
723 506 817 542 ἀγαθῷ
842 508 981 543 Πνεύματι

198 547 356 582 πυρουμένῃ
377 548 425 575 καὶ
441 549 607 585 τυπτομένη,
623 551 724 583 παντὸς
741 552 844 585 πάθους
866 555 913 581 καὶ
931 554 982 582 πά-

199 600 250 627 σης
266 592 458 629 ἐκκαθαίρεται
471 595 616 630 ἁμαρτίας.

233 680 261 709 l'.
279 681 384 717 Ὠσπερ
406 682 478 716 τινὲς
503 683 645 719 λαμπάδες
660 685 756 712 πολλαὶ
779 686 821 713 ἐνὶ
839 687 921 723 ἐλαίῳ
934 689 982 715 καὶ

199 726 238 753 ἐνὶ
254 726 416 761 ἀναφθεῖσαι
439 729 516 764 πυρὶ,
537 729 587 756 οὐκ
611 731 662 765 [σῳ
677 730 715 766 τῷ
742 731 831 767 μέτρῳ
853 733 982 766 πολλάκις

197 771 247 806 τὴν
260 771 308 798 τοῦ
330 773 417 807 πυρὸς
443 773 530 809 αὐγὴν
554 774 677 809 άφιᾶσινο
702 775 773 803 οὕτω
794 778 842 804 καὶ
854 777 888 804 τὰ
900 779 980 814 χαρί-

199 825 290 852 σματα
314 817 347 845 τὰ
372 819 405 845 ἐκ
430 818 565 854 διαφόρων
596 821 828 857 κατορθωμάτων,
854 823 982 860 διάφορον

196 863 252 898 ἔχει
269 863 316 890 καὶ
329 863 377 899 τὴν
394 864 481 900 αὐγὴν
494 865 540 892 τοῦ
554 866 657 900 ἀγαθοῦ
672 868 838 903 Πνεύματος·
855 869 871 905 ἢ
887 869 980 905 ὥσπερ

195 909 226 934 ὲν
248 909 323 935 πόλει
350 910 456 937 πολλῶν
476 911 570 943 ὄντων,
589 913 637 939 καὶ
651 913 702 949 τὴν
722 914 808 949 αὐτὴν
821 915 977 948 οἰκούντων,

195 954 234 980 ἑνί
248 963 278 981 τε
294 954 369 990 ἄρτῳ
382 956 428 982 καὶ
441 957 481 984 ἐν).
490 958 639 993 χρωμένων
659 958 746 992 ὕδατι,
772 960 797 987 oi
824 961 873 996 μὲν
887 962 978 990 αὐτῶν

193 999 299 1034 ἄνδρες,
312 1001 336 1027 ot
357 1001 385 1028 δὲ
407 1002 510 1036 νήπιοι,
527 1003 552 1029 οἱ
580 1004 609 1030 δὲ
634 1005 729 1037 παῖδές
755 1006 833 1037 εἰσιν,
848 1007 874 1034 οι
888 1007 916 1034 δὲ
931 1008 977 1042 γέ-

194 1053 301 1078 ροντες,
321 1046 367 1073 καὶ
393 1047 460 1074 πολὺ
488 1047 518 1074 τὸ
542 1049 731 1084 παραλλάττον
758 1052 788 1078 ὲν
810 1053 903 1085 αὐτοῖς
930 1054 977 1081 καὶ

192 1091 328 1126 διάφοροψ
342 1092 358 1127 ἢ
374 1091 469 1129 ὥσπερ
487 1095 559 1125 σῖτος
581 1096 610 1121 ὲν
627 1096 677 1131 μιᾷ
693 1097 739 1123 καὶ
760 1098 792 1132 τῇ
817 1099 885 1134 αὐτῇ
898 1099 976 1135 χώρᾳ

193 1139 426 1174 κατεσπαρμένος,
449 1139 594 1175 διαφόρους
602 1141 689 1176 δήπου
713 1143 760 1169 καὶ
774 1143 837 1175 τοὺς
856 1144 976 1180 στάχυας

192 1183 363 1210 ἀναδίδωσιν⁸
380 1185 408 1211 ὲν
423 1185 515 1220 μέντοι
529 1187 562 1221 τῇ
588 1187 657 1222 αὐτῇ
672 1187 728 1223 ἅλῳ
751 1189 908 1224 συνάγεται,
929 1191 975 1218 καὶ

191 1230 223 1264 τῇ
239 1229 307 1264 αὐτῇ
326 1230 452 1267 ἀποθήκῃ
468 1231 667 1258 ἐναποτίθεται·
683 1232 769 1265 οὕτως
790 1234 847 1261 οἴου
864 1244 909 1269 μοι
924 1236 975 1263 κάν

190 1276 223 1310 τῇ
239 1275 293 1302 τῶν
306 1276 410 1311 νεκρῶν
432 1276 578 1303 ἀναστάσει
600 1277 731 1312 διαφορὰν
756 1279 835 1315 δόξης
857 1280 910 1307 τῶν
929 1281 975 1308 ἀν-

192 1321 343 1358 ισταμένων
367 1322 538 1355 δοξάζεσθαι,
562 1323 610 1350 καὶ
626 1325 807 1360 γνωρίζεσθαι
833 1327 903 1354 κατὰ
924 1328 974 1364 τὴν

190 1368 267 1402 ἀξίαν
289 1369 344 1395 τῶν
370 1369 599 1404 κατορθωμάτων,
618 1370 688 1397 κατὰ
696 1371 752 1406 ,τὴν
766 1373 909 1407 μετουσίαν
925 1373 972 1401 τοῦ

190 1413 313 1441 ἐντεῦθεν
337 1414 388 1449 ἤδη
404 1415 573 1450 ἐνῳκηκότος
598 1416 690 1448 αὐτοῖς
712 1416 784 1443 θείου
803 1417 971 1452 Πνεύματος·

190 1459 235 1486 καὶ
258 1459 338 1486 τοῦτο
358 1456 427 1487 εἶναι
450 1460 490 1493 τὸ,
521 1461 631 1495 Ἀστὴρ
652 1461 778 1495 ἀστέρος
792 1463 922 1498 διαφέρει
938 1465 974 1491 ἐν

189 1503 276 1538 δόξῃ.

225 1589 274 1618 IA'.
306 1591 391 1618 Τοῦτο
417 1592 496 1626 μόνον
518 1592 588 1619 κατὰ
614 1593 732 1629 σπουδὴν
757 1594 841 1628 ἔστω,
866 1596 911 1623 ἵνα
931 1606 975 1629 τις

190 1637 331 1671 γεννηθεὶς
345 1637 384 1672 τῷ
397 1638 536 1673 Πνεύματι
554 1639 592 1673 τῷ
612 1639 683 1675 ἁγίῳ
700 1640 750 1675 τὴν
764 1640 866 1670 ἔνοικον
881 1643 976 1670 ἀπονία

189 1683 274 1716 ψηται
291 1683 438 1719 ἁμαρτίαν.
463 1684 517 1711 Καὶ
534 1685 588 1719 γὰρ
601 1684 629 1711 ἐν
648 1694 701 1712 τινι
724 1686 802 1722 μέρει
817 1688 865 1714 καὶ
883 1689 974 1725 ἐκείνη

190 1730 207 1764 ή
221 1729 266 1756 διὰ
279 1729 325 1756 τοῦ
342 1729 499 1766 Πνεύματος
513 1731 559 1758 τοῦ
584 1732 661 1766 ἁγίου
679 1732 814 1768 γέννησις,
829 1735 921 1762 εἰκόνα
932 1744 975 1762 τε-

190 1774 325 1809 λειότητος
348 1774 406 1810 ἔχει
424 1775 453 1802 ἐν
473 1784 503 1802 τε
526 1777 559 1811 τῇ
586 1778 677 1812 μορφῇ
697 1778 743 1804 καὶ
771 1780 828 1810 τοῖς
854 1780 974 1813 μέλεσιν·

189 1820 220 1846 οὐ
241 1821 332 1855 μέντοι
355 1821 479 1857 δυνάμει,
495 1821 511 1857 ἢ
529 1822 578 1856 νῷ,
601 1822 618 1858 ἢ
644 1823 764 1860 ἀνδρείᾳ·
785 1825 800 1850 ὁ
818 1825 879 1860 ’γὰρ
906 1827 976 1862 πρὸς

189 1864 273 1899 ἄνδρα
295 1865 398 1892 τέλειον
417 1866 463 1893 καὶ
487 1866 587 1902 μέτρον
614 1867 780 1902 ἀφικόμενος
799 1869 918 1904 ἡλικίας,
941 1872 975 1898 τὰ

189 1909 237 1935 τοῦ
249 1909 345 1945 νηπίου
361 1910 465 1945 πέφυκε
478 1912 637 1945 καταργεῖν·
653 1913 699 1939 καὶ
711 1913 788 1940 τοῦτό
804 1915 889 1949 ἐστιν,
907 1916 974 1952 ὅπερ

189 1954 203 1979 ό
224 1954 384 1986 Ἀπόστολος
404 1954 512 1989 ἔλεγεν·
537 1956 605 1983 Ehe
633 1955 768 1991 γλῶσσαι
791 1961 976 1995 καταργηθή-

188 2007 304 2032 σονται,
326 2000 385 2027 εἶτε
401 2001 584 2035 προφητεῖαι.
600 2001 705 2038 Ὥσπερ
727 2005 781 2039 γὰρ
802 2005 816 2030 ό
834 2005 914 2041 ἀνὴρι
922 2006 973 2043 ήδη

188 2045 343 2080 γενόμενος,
356 2045 416 2072 οὔτε
427 2047 531 2081 τροφὰς
541 2047 604 2074 οὕτε
620 2048 714 2082 λόγους
727 2050 790 2081 τοὺς
804 2043 879 2077 παιδὶ
891 2059 974 2087 προσ-

187 2091 304 2125 ήκοντας
326 2092 513 2127 καταδέχεται,
529 2093 587 2119 ἀλλ’
603 2094 795 2128 ἀναξιοπαθεϊ,
802 2096 868 2131 πρὸς
889 2097 970 2131 αὐτὰ,

187 2135 225 2167 ὡς
248 2137 344 2171 ἐτέρας
360 2137 410 2172 ’ήδη
431 2137 571 2173 διαγωγῆς
586 2139 693 2171 ὲπιὸάςο
710 2139 796 2172 οὕτως
811 2141 826 2167 ὁ
847 2141 914 2177 πρὸς
928 2151 972 2169 τε-

187 2181 295 2208 λείωσιν
311 2182 365 2209 τῶν
388 2183 573 2218 εὐαγγελικῶν
596 2185 718 2217 αὐξάνων
741 2187 970 2222 κατορθωμάτων,

1034 277 1061 304 in
1080 286 1175 312 Puram
1190 288 1206 309 a
1224 282 1360 317 principio
1382 282 1502 310 hominis
1524 285 1651 309 naturam
1672 281 1769 308 Adami
1787 289 1818 309 se

1032 326 1249 359 transgressione
1279 326 1430 354 insinuavit
1452 326 1486 360 εἰη
1517 326 1733 358 humanitatem;
1759 325 1819 353 haec

1032 370 1140 403 polluit,
1159 371 1217 398 haec
1235 372 1405 399 contaminat
1419 377 1473 399 tam
1488 379 1587 406 corpus
1596 371 1724 398 videlicet
1735 379 1817 406 quam

1032 415 1161 443 animam.
1176 416 1275 443 Verum
1291 421 1321 444 ut
1336 417 1438 445 ferrum
1453 417 1518 445 dum
1539 417 1653 452 ignitum
1672 415 1819 444 contundi-

1033 463 1087 493 tur,
1120 466 1306 497 expurgatur;
1340 467 1424 497 utque
1459 469 1555 490 aurum
1587 462 1651 489 aeris
1676 466 1724 489 aut
1751 461 1817 488 ferri

1032 505 1161 533 mistione
1187 505 1328 538 infectum,
1352 507 1407 542 igni
1431 507 1601 539 secernitur;
1629 506 1688 541 pari
1710 506 1817 534 ratione

1032 551 1123 578 anima
1150 559 1199 586 per
1220 552 1409 580 immaculatas
1433 553 1624 587 perpessiones
1652 552 1816 586 Salvatoris,

1032 596 1107 624 bono
1130 596 1234 632 Spiritu
1261 598 1356 633 ignita,
1375 602 1403 626 et
1417 606 1559 632 percussa,
1580 598 1614 625 ab
1636 599 1710 626 omni
1733 606 1817 634 pravo

1032 641 1131 670 aﬂ‘ectu
1145 648 1172 671 et
1184 648 1296 679 peccato
1305 648 1482 679 expurgatur.

1067 687 1101 714 X.
1127 687 1162 716 Ut
1178 688 1302 722 quaedam
1319 688 1459 723 lampades
1475 696 1530 716 uno
1551 689 1645 724 plures
1667 689 1740 720 oleo,
1761 697 1816 716 uno

1032 739 1154 759 accensa}
1177 732 1243 767 igni,
1269 732 1343 760 haud
1363 740 1457 767 parem
1478 738 1570 760 tamen
1591 741 1663 768 saepe
1688 735 1817 760 emittunt

1031 775 1183 811 fulgorem;
1207 778 1246 805 sic
1270 783 1298 805 et
1321 778 1484 806 charismata
1509 778 1537 805 in
1559 778 1677 806 diversis
1700 779 1734 805 ad
1755 787 1816 813 quae

1033 821 1180 849 habilitant
1209 822 1289 849 bonis
1314 822 1459 857 operibus,
1490 822 1663 850 diﬂ'erentem
1690 823 1816 850 evibrant

1032 867 1156 903 ejusdem
1177 867 1242 895 boni
1269 867 1386 902 Spiritus
1398 868 1582 903 splendorem.
1599 868 1652 895 Aut
1665 873 1694 895 ut
1707 869 1735 895 in
1750 868 1818 895 civi-

1032 917 1086 940 tate
1109 913 1210 940 multos
1230 913 1413 948 amplectente
1442 913 1533 945 cives,
1557 913 1620 940 licet
1642 914 1735 940 cuncti
1761 920 1816 940 uno

1028 966 1110 994 pane,
1129 966 1238 994 unoque
1252 963 1334 994 potus
1348 966 1447 994 genere
1464 962 1594 991 utantur;
1611 962 1702 985 tamen
1716 958 1814 985 horum

1028 1005 1074 1032 alii
1101 1005 1211 1041 quidem
1235 1005 1303 1036 viri,
1327 1005 1372 1032 alii
1397 1004 1520 1039 parvuli,
1544 1003 1624 1030 multi
1651 1003 1741 1038 pueri,
1767 1001 1814 1031 alii

1027 1061 1121 1087 senes;
1147 1054 1320 1088 multumque
1350 1051 1516 1079 discriminis
1544 1054 1573 1077 et
1599 1049 1761 1077 differentiae
1789 1049 1816 1076 in

1027 1098 1095 1134 ipsis
1115 1103 1177 1126 est:
1201 1098 1244 1126 vel
1268 1095 1499 1132 quemadmodum
1518 1095 1685 1122 frumentum
1710 1095 1738 1121 in
1760 1102 1815 1121 uno

1026 1148 1054 1172 et
1068 1143 1164 1171 eodem
1181 1143 1345 1170 seminatum
1360 1148 1436 1176 agro,
1452 1140 1575 1167 diversas
1590 1139 1679 1175 spicas
1694 1138 1813 1174 profert;

1027 1194 1117 1217 tamen
1137 1189 1296 1215 universum
1309 1186 1337 1213 in
1350 1185 1474 1213 eamdem
1488 1191 1541 1211 una
1553 1183 1696 1211 confertur
1710 1190 1814 1214 aream,

1026 1234 1054 1261 in
1080 1241 1166 1260 unum
1189 1232 1293 1268 pariter
1320 1229 1480 1258 reconditur
1502 1229 1651 1255 horreum:
1677 1227 1718 1254 sic
1739 1231 1768 1254 et
1785 1232 1813 1254 tu

1025 1278 1159 1309 existima,
1178 1284 1221 1303 me
1235 1279 1359 1306 auctore,
1375 1275 1403 1300 in
1417 1277 1589 1300 mortuorum
1599 1279 1708 1307 quoque
1722 1279 1814 1299 resur-

1025 1324 1146 1351 rectione
1158 1321 1340 1350 dill‘erentiam
1354 1320 1446 1355 gloria:
1460 1319 1527 1351 fore,
1542 1319 1585 1350 iis,
1596 1319 1644 1354 qui
1654 1322 1811 1353 resurgunt,

1025 1368 1184 1405 glorificatis
1216 1372 1245 1394 et
1273 1366 1425 1394 illustribus
1453 1372 1504 1400 pro
1530 1364 1664 1399 dignitate
1696 1372 1812 1399 operum

1024 1415 1176 1445 bonorum,
1203 1417 1231 1440 et
1256 1419 1306 1447 pro
1332 1410 1525 1438 communione
1551 1409 1732 1436 inhabitantis
1752 1410 1809 1444 jam

1025 1459 1126 1486 ibidem
1142 1459 1215 1493 ipsos
1231 1457 1316 1484 divini
1337 1455 1474 1491 Spiritus;
1490 1459 1518 1482 et
1531 1455 1603 1482 hanc
1622 1462 1682 1482 esse
1700 1459 1811 1481 senten-

1024 1506 1089 1533 tiam
1111 1505 1185 1532 illius
1203 1503 1269 1531 dicti
1290 1501 1434 1537 apostolici
1455 1510 1461 1528 :
1478 1500 1563 1528 Stella
1588 1501 1675 1536 differt
1696 1510 1712 1527 α
1733 1500 1812 1528 stella

1025 1552 1052 1578 in
1071 1550 1194 1577 claritate
1204 1550 1235 1576 “.

1062 1597 1108 1625 XI.
1134 1596 1226 1623 Solum
1250 1594 1380 1630 peculiari
1405 1594 1521 1629 quisque
1550 1593 1641 1621 studio
1669 1598 1757 1625 curet,
1782 1597 1814 1620 ut

1027 1645 1205 1677 regeneratus
1235 1641 1340 1676 Spiritu
1372 1643 1482 1672 sancto,
1517 1639 1676 1666 inhabitans
1698 1638 1725 1665 in
1751 1645 1813 1665 sese

1025 1691 1169 1722 peccatum
1200 1686 1351 1720 abstergat.
1383 1685 1493 1712 Etenim
1522 1684 1550 1711 in
1578 1688 1655 1718 parte
1684 1683 1812 1718 quadam,

1025 1732 1108 1759 etiam
1132 1731 1178 1758 illa
1200 1731 1260 1766 ipsa
1286 1738 1336 1765 per
1360 1734 1485 1757 sanetum
1510 1729 1641 1764 Spiritum
1672 1730 1814 1764 generatio

1026 1777 1171 1812 imaginem
1199 1775 1377 1811 perfectionis
1401 1775 1494 1807 habet,
1521 1779 1549 1802 et
1572 1775 1600 1801 in
1626 1773 1715 1801 forma
1736 1777 1764 1801 et
1786 1773 1815 1800 in

1026 1822 1171 1854 membris;
1194 1829 1249 1848 non
1260 1827 1356 1858 tamen
1372 1820 1486 1852 virtute,
1501 1823 1549 1846 aut
1568 1824 1670 1851 mente,
1682 1823 1730 1846 aut
1754 1819 1812 1846 for-

1026 1868 1154 1895 titudine.
1172 1867 1240 1894 Nam
1257 1866 1305 1901 qui
1328 1867 1354 1893 in
1375 1866 1466 1893 virum
1490 1865 1642 1900 perfectum
1659 1868 1688 1891 et
1701 1871 1812 1891 mensu-

1025 1920 1082 1940 ram
1106 1911 1232 1947 pervenit
1260 1911 1363 1943 aetatis,
1393 1919 1454 1945 quae
1476 1915 1554 1937 erant
1587 1910 1709 1944 parvuli,
1742 1910 1812 1938 solet

1024 1965 1169 1986 evacuare.
1192 1957 1226 1984 Et
1245 1957 1298 1984 hoc
1317 1961 1359 1984 est
1375 1956 1449 1992 quod
1471 1956 1619 1991 Apostolus
1642 1954 1731 1982 dixit:
1754 1954 1813 1982 Sive

1025 2004 1121 2038 linguae
1136 2003 1283 2033 cessabunt,
1303 2003 1356 2029 sive
1371 2002 1515 2037 prop/retia:
1525 2002 1558 2028 ⁸⁷.
1580 2001 1657 2029 Sicut
1674 2001 1748 2028 enim
1770 2001 1812 2027 vir

1021 2049 1077 2084 jam
1103 2048 1209 2080 factus,
1236 2055 1326 2082 neque
1351 2054 1428 2074 escas
1452 2055 1541 2082 neque
1564 2054 1705 2074 sermones
1727 2053 1813 2080 puero

1023 2094 1220 2121 convenientes
1243 2093 1374 2125 admittit,
1391 2093 1440 2120 sed
1458 2101 1489 2120 ea
1505 2097 1535 2119 ut
1549 2092 1602 2120 sibi
1615 2093 1743 2119 indec0ra
1761 2091 1812 2119 de-

1023 2140 1163 2176 dignatur,
1182 2145 1311 2176 tanquam
1331 2140 1379 2175 qui
1396 2139 1423 2167 in
1438 2140 1553 2166 alterum
1565 2139 1621 2174 jam
1634 2139 1696 2166 vitae
1711 2142 1812 2165 statum

1023 2186 1190 2222 profecerit;
1207 2187 1246 2214 sic
1264 2186 1311 2221 qui
1328 2186 1361 2219 ad
1373 2185 1571 2221 perfectionem
1590 2184 1812 2219 evangelicorum

185 2227 235 2261 τὴν
251 2227 403 2263 νηπιότητα
419 2229 466 2264 τὴν
480 2229 577 2256 ἑαυτοῦ
594 2230 661 2265 πρὸς
682 2231 731 2264 τὴν
749 2232 903 2266 τελειότητα
920 2242 970 2260 κα-

1026 2234 1123 2261 crescit
1147 2233 1315 2265 olliciorum,
1340 2232 1483 2260 infantiam
1517 2231 1656 2266 propriam
1685 2231 1718 2258 ad
1746 2238 1811 2265 per-

184 2275 328 2302 τασπάσει.
345 2275 410 2303 Ὅτε
439 2277 504 2311 γὰρ,
524 2278 606 2312 φησὶν
620 2299 627 2309 ,
651 2279 666 2304 ὁ
690 2278 760 2310 θεῖος
790 2279 968 2313 ’Δπόστολος,

185 2319 292 2354 γέγονα
308 2321 395 2356 ἀνὴρ,
407 2322 582 2357 κατήργησα
602 2323 638 2350 τὰ
655 2323 710 2350 τοῦ
723 2325 844 2358 νηπίου.

221 2366 270 2392 IB'.
284 2366 321 2392 Τὸ
338 2367 387 2401 μὲν
402 2368 471 2393 κατὰ
486 2367 598 2402 Πνεῦμα
611 2368 791 2403 γεννώμενον,
801 2370 893 2405 τρόπῳ
903 2370 968 2404 τινὶ,

185 2410 275 2442 καθὼς
292 2411 459 2446 ἐδείκνυμεν,
479 2412 581 2440 τέλειόν
600 2413 684 2440 ἐστιν.
701 2414 808 2450 Ὥσπερ
828 2415 874 2441 καὶ
893 2416 970 2442 τουτὶ

183 2455 213 2481 τδ
240 2456 336 2491 νήπιον
361 2457 462 2484 τέλειον
488 2455 558 2484 εἶναι
579 2458 712 2494 λέγομεν,
733 2460 763 2486 ὲν
786 2460 825 2495 τῷ
842 2460 877 2486 τὰ
896 2460 966 2496 μέρη

183 2503 273 2529 πάντα
287 2502 335 2537 τῆς
352 2502 477 2538 ὁλότητος
489 2503 652 2535 ἀποσώζειν.
669 2504 752 2531 Πάλιν
770 2505 784 2531 ὁ
804 2505 853 2539 μὲν
867 2505 968 2541 Κύριος

181 2548 242 2583 οὐχὶ
266 2548 378 2583 Πνεῦμα
405 2549 452 2575 xxi.
477 2549 558 2585 χάριν
576 2549 692 2582 δίδωσιν,
709 2550 752 2577 ἵνα
775 2559 816 2582 τις
832 2551 968 2587 περιπέσῃ

181 2595 243 2625 τατς
258 2594 416 2629 ἁμαρτίαις·
439 2595 515 2621 αὐτοὶ
534 2595 562 2621 δὲ
582 2595 688 2627 ἑαυτοῖς
705 2596 787 2623 αῐτιοι
804 2597 858 2624 τῶν
876 2597 968 2625 κακῶν

182 2641 206 2667 οἱ
229 2639 387 2674 ἅνθρωποι,
412 2641 445 2676 τῇ
471 2641 563 2676 χάριτι
589 2641 626 2676 μὴ
648 2642 827 2677 στοιχοῦντες,
850 2644 898 2671 καὶ
923 2644 967 2672 διὰ

181 2685 260 2713 τοῦτο
281 2688 339 2718 τοῖς
360 2687 456 2719 κακοῖς
472 2687 662 2721 ἁλισκόμενοι·
679 2689 788 2715 δύναται
815 2690 843 2716 δὲ
864 2691 913 2717 καὶ
938 2690 966 2724 ἐξ

184 2730 257 2756 ἰδίων
281 2730 444 2758 όλισθαίνειν
469 2732 516 2758 καὶ
543 2732 665 2766 φυσικῶν
690 2733 705 2759 ὁ
730 2733 871 2770 ἄνθρωπος
893 2735 967 2769 λογι-

182 2776 269 2811 σμῶν,
294 2776 414 2811 ἀμελῶν,
432 2777 449 2812 ἢ
467 2778 645 2813 καταφρονῶν
657 2799 663 2811 ,
683 2779 698 2814 ἢ
723 2779 770 2806 καὶ
790 2781 877 2815 οἰήσει
895 2780 967 2815 χρώ-

217 2875 238 2890 ⁶⁶
255 2874 342 2904 lCor.
359 2884 402 2909 xv,
418 2877 461 2904 4|.
500 2877 520 2894 ⁸⁷
537 2877 546 2904 1
565 2877 627 2905 Cor.
645 2886 700 2911 xm,
720 2878 745 2904 8.
794 2879 815 2894 ⁸⁸
831 2878 896 2906 ibid.
917 2878 962 2905 25.

1022 2279 1170 2307 lectionem
1194 2279 1295 2306 trahet.
1321 2277 1432 2310 Quando
1451 2278 1536 2309 enim,
1561 2277 1601 2304 ait
1616 2277 1726 2304 divinus
1740 2277 1812 2311 Apo-

1022 2326 1120 2357 stolus,
1131 2325 1217 2360 factus
1228 2333 1285 2351 sum
1298 2325 1347 2357 vir,
1365 2324 1488 2350 evacuavi
1503 2331 1562 2358 qua
1572 2326 1648 2349 erant
1663 2322 1808 2357 parvuli".

1056 2371 1114 2398 XII.
1133 2370 1212 2403 Quod
1234 2370 1344 2404 quidem
1363 2377 1412 2403 per
1429 2369 1562 2403 Spiritum
1579 2368 1710 2403 gignitur,
1726 2367 1809 2394 modo

1020 2416 1150 2451 quodam,
1170 2420 1200 2442 ut
1217 2414 1398 2446 ostendimus,
1415 2414 1565 2449 perfectum
1586 2418 1639 2440 est.
1665 2413 1743 2440 Sicut
1758 2414 1808 2440 ali-

1020 2469 1102 2496 quem
1125 2460 1290 2487 infantulum
1316 2464 1542 2491 recens‘natum,
1567 2467 1617 2486 suo
1642 2459 1723 2486 modo
1748 2466 1809 2487 esse

1021 2505 1172 2541 perfectum
1197 2505 1322 2534 dicimus.
1343 2511 1376 2531 eo
1394 2504 1467 2538 quod
1488 2508 1580 2538 partes
1597 2503 1697 2531 habeat
1712 2511 1809 2531 omnes

1022 2551 1133 2578 humani
1150 2551 1283 2586 corporis.
1305 2550 1411 2577 Rursus
1430 2550 1562 2577 Dominus
1584 2550 1695 2585 quidem
1718 2550 1808 2578 haud-

1021 2605 1156 2632 quaquam
1172 2597 1303 2631 Spiritum
1317 2601 1345 2623 et
1358 2596 1474 2631 gratiam
1485 2595 1541 2628 dat,
1563 2601 1593 2624 ut
1610 2597 1672 2631 quis
1685 2597 1765 2624 cadat
1780 2597 1807 2623 in

1023 2643 1102 2679 183
1126 2647 1252 2678 peccata;
1269 2642 1319 2677 ipsi
1332 2647 1424 2670 autem
1445 2642 1570 2670 homines
1586 2643 1637 2670 sibi
1652 2651 1733 2670 causa
1751 2651 1808 2669 ma-

1021 2690 1109 2717 lorum
1138 2692 1203 2716 sunt
1234 2688 1346 2716 ductum
1372 2688 1525 2717 abnuentes
1553 2689 1662 2724 gratire,
1691 2689 1807 2724 ideoque

1022 2734 1159 2770 illaqueati
1171 2734 1260 2762 malis.
1275 2735 1368 2762 Potest
1380 2739 1470 2761 autem
1483 2742 1516 2761 ex
1529 2735 1648 2769 propriis
1659 2735 1713 2761 labi
1724 2735 1807 2762 etiam

1022 2780 1193 2809 naturalibus
1219 2781 1300 2808 homo
1324 2780 1552 2816 cogitationibus,
1585 2780 1742 2816 negligens,
1764 2782 1807 2810 vel
