2075 3155
272 132 325 164 875

883 132 913 161 S.
933 129 1093 162 MACARII
1113 128 1272 159 IEGYPTII

1833 126 1887 160 876

271 190 460 218 contemnens,
475 189 523 214 aut
537 184 676 220 arroganti
692 189 772 213 utens
787 185 970 220 praefidentia;
989 183 1050 212 audi

1106 191 1196 218 μενος·
1211 184 1291 210 ἄκουε
1304 181 1358 218 γὰρ
1371 181 1399 209 τί
1413 190 1495 218 φησιν
1507 182 1522 210 δ
1538 181 1652 214 Παῦλος·
1669 181 1735 210 Ἵνα
1743 181 1786 217 μὴ
1798 183 1887 218 ὑπερ-

270 232 344 259 enim
358 231 424 266 quid
437 230 509 258 dicat
523 230 642 259 Paulus:
660 230 701 258 Ne
716 230 840 263 extollar,
852 231 930 257 datus
943 234 979 257 est
992 230 1056 256 mihi

268 277 393 304 stimulus
407 276 495 303 carnis
513 275 624 311 angelus
647 275 756 304 Satanae
764 277 797 304 “.
811 276 903 309 Vides,
927 279 956 303 ut
971 275 1054 303 etiam

271 323 317 357 qui
334 322 416 349 tantis
431 321 599 356 profectibus
613 321 648 349 ad
662 327 716 350 tam
730 321 874 349 sublimem
889 325 954 349 sunt
966 319 1054 348 evecti

269 367 379 394 virtutis
393 366 519 401 gradum,
542 367 698 394 securitatis
720 367 776 394 sint
798 366 892 402 indigi.
917 366 1054 393 Caeterum

269 411 323 438 nisi
342 411 388 438 det
407 411 580 439 occasionem
601 412 673 439 ultro
684 417 712 439 et
722 413 825 440 aditum
838 412 944 439 Satana:
960 412 1053 444 homo,

269 453 324 483 non
339 457 436 491 utique
451 465 500 492 per
513 458 567 484 vim
585 458 611 485 ei
625 457 823 486 dominabitur.
838 458 952 493 Propter
967 457 1052 492 quod,

269 510 357 537 neque
367 503 436 538 parti
448 503 561 535 Christi.
572 512 660 539 neque
669 504 819 532 adversarii
831 512 874 531 res
886 504 1052 538 imputatur:

269 548 316 576 sed
337 549 383 583 qui
397 549 490 583 gratia:
502 549 621 584 Spiritus
635 557 664 578 se
679 549 801 586 adjungit
815 556 902 584 usque
916 549 944 576 in
959 549 1052 582 ﬁnem,

268 594 355 628 partis
369 595 470 622 Christi
489 595 536 622 fit:
557 595 605 630 qui
622 603 688 623 vero
712 603 768 622 non
790 596 827 623 ita
849 603 879 622 se
901 595 994 626 habet.
1011 599 1054 622 ut-

268 647 376 674 cunque
387 639 491 674 Spiritu
503 644 661 675 generetur,
672 640 724 668 hoc
735 644 787 673 est,
797 640 904 668 etiamsi
917 640 1053 674 particeps

267 684 356 711 sancti
380 684 499 719 Spiritus
518 684 575 718 ﬁat,
592 684 620 712 in
640 692 691 712 suo
711 685 827 712 arbitrio
845 685 957 712 habebit
974 684 1052 719 sequi

267 729 435 756 voluntatem
450 729 567 757 Satanae.
582 730 645 758 Sive
659 730 734 757 enim
755 730 813 765 ipse
833 729 974 761 Dominus,
994 730 1052 757 sive

267 773 380 801 Satanas
407 782 456 809 per
479 774 534 801 vim
558 775 707 807 traherent,
729 783 784 803 non
806 779 880 802 esset
900 775 982 802 homo
999 774 1051 801 sibi

266 825 348 845 causa
363 819 414 853 ipsi
438 826 494 846 suae
513 820 597 846 sortis
618 820 694 848 malae
711 824 760 847 aut
777 820 866 851 bona,
887 819 1003 848 cadendi
1022 818 1050 845 in

265 862 428 897 gehennam,
445 868 491 890 aut
505 863 533 890 in
548 871 662 899 regnum
676 864 864 899 perveniendi.

301 907 372 935 Xlll.
391 908 514 940 Homini,
543 909 654 937 virtutis
665 910 800 943 studioso,
816 911 902 938 multa
920 918 986 938 cura
998 914 1053 938 sut-

264 953 401 988 agendum
423 958 475 986 est,
489 959 518 981 ut
542 954 708 982 discretione
728 956 839 991 polleat.
856 960 886 982 ut
901 963 955 990 quo
972 955 1052 983 diffe-

265 999 381 1026 rentiam
398 999 463 1027 boni
478 1005 505 1028 et
521 1002 586 1029 mali
608 1001 778 1036 exploratam
794 1001 902 1034 habeat,
922 1006 950 1029 et
963 1001 1052 1029 varias

263 1043 365 1071 diaboli
384 1046 528 1078 versutias,
551 1047 623 1074 soliti
635 1055 684 1081 per
695 1047 832 1081 speciosas
845 1047 1052 1081 imaginationes

263 1090 397 1123 plurimos
420 1096 595 1125 pervertere,
621 1091 765 1123 discutiat,
793 1096 876 1126 atque
905 1091 1049 1126 intelligat.

263 1135 406 1170 Siquidem
418 1136 445 1163 in
456 1136 530 1163 omni
541 1137 652 1172 negotio
663 1137 840 1165 utilissimum
852 1142 894 1164 est
908 1137 1048 1164 securitati

261 1181 417 1208 consulere.
441 1181 481 1208 Ne
498 1182 582 1216 igitur
601 1182 712 1210 levitate
730 1183 829 1211 mentis
850 1183 904 1210 cito
921 1187 947 1210 te
960 1183 1050 1218 ipsum

261 1226 352 1261 praebe
369 1226 512 1254 credulum
533 1227 718 1262 spiritualium
739 1232 905 1263 potestatum
926 1227 1050 1263 impulsi-

262 1270 322 1303 bus,
339 1271 373 1298 ad
395 1275 421 1299 te
442 1271 632 1306 decipiendum
647 1272 718 1300 forte
737 1273 922 1308 comparatis:
941 1273 1048 1300 etiamsi

260 1316 308 1350 qui
335 1316 486 1351 loquuntur
513 1317 640 1345 caelestes
666 1318 722 1346 sint
748 1319 860 1353 angeli:
881 1318 928 1346 sed
953 1323 995 1345 sta
1020 1319 1048 1345 in

261 1360 346 1395 gradu
378 1361 488 1394 tardus,
514 1362 634 1389 examini
661 1362 740 1390 istius
765 1363 874 1397 generis
899 1363 1048 1398 subjicicns

261 1407 451 1439 exactissimo;
482 1408 555 1442 quod
585 1407 688 1435 bonum
705 1412 748 1435 est
760 1408 943 1443 amplectens,
974 1409 1047 1443 quod

261 1452 373 1482 malum.
401 1453 538 1487 rejicieus.
565 1453 625 1480 Non
641 1454 715 1481 enim
738 1453 822 1488 ignoti
847 1458 911 1481 sunt
931 1454 1047 1482 allectus

261 1497 370 1531 gratim,
394 1504 465 1531 quos
481 1502 635 1532 peccatum,
656 1503 796 1533 utcunque
816 1499 881 1526 boni
900 1507 1046 1534 personam
1061 1518 1085 1550 ε

262 1542 414 1573 assimulet,
435 1550 490 1569 non
506 1547 595 1577 potest
611 1549 816 1577 repraesentare.
839 1545 905 1572 Nam
926 1546 988 1578 etsi,
1003 1554 1048 1573 se-

262 1586 382 1614 cundum
400 1587 572 1621 Apostolum,
596 1587 675 1615 Novit
689 1589 805 1616 Satanas
817 1590 1010 1626 transﬁgurare
1022 1599 1050 1618 se

262 1631 292 1658 in
317 1632 442 1667 angelum
467 1632 574 1666 lucis”,
604 1638 694 1661 tamen
720 1634 785 1662 licet
807 1636 928 1663 visiones
953 1636 1050 1664 oll'crat

262 1679 438 1714 splendidas,
462 1679 563 1707 bonam
587 1680 791 1715 operationem,
815 1686 846 1709 ut
867 1682 970 1710 dictum
997 1687 1048 1716 est,

262 1725 394 1752 exhibere
412 1733 468 1752 non
487 1725 604 1760 poterit;
616 1734 650 1753 ex
669 1734 723 1761 quo
739 1731 845 1754 certum
863 1728 923 1763 ejus
937 1728 1050 1756 exsistet

265 1769 411 1797 indicium.
423 1771 483 1798 Non
496 1771 569 1798 enim
582 1768 743 1800 charilatem
755 1773 782 1800 in
796 1773 880 1800 Deum
895 1778 941 1800 aut
954 1774 1048 1809 proxi-

262 1822 349 1848 mum,
371 1823 427 1843 non
447 1817 697 1850 mansuetudinem,
718 1826 772 1845 non
785 1818 980 1853 humilitatem,
994 1828 1049 1847 non

263 1860 405 1896 gaudium,
419 1869 473 1888 non
484 1870 589 1897 pacem,
605 1870 659 1890 non
677 1863 889 1892 refrenationem
902 1866 1049 1900 cogitatio-

262 1914 340 1939 num,
356 1915 412 1935 non
431 1908 527 1936 mundi
543 1909 646 1942 odium,
663 1917 717 1936 non
733 1911 854 1944 quietem
867 1911 1049 1946 spiritualem,

263 1959 318 1979 non
328 1951 496 1980 desiderium
508 1954 663 1981 ccelestium
675 1953 866 1990 operatiouum
875 1960 965 1990 potest
973 1956 1048 1990 dare,

263 2003 318 2023 non
330 1999 428 2031 pravos
441 1997 557 2026 allectus
577 2003 605 2026 ct
620 1999 774 2033 voluptates
788 2007 973 2034 compescere,
989 2009 1050 2036 qua:

262 2041 407 2069 manifesta
421 2047 486 2069 sunt
496 2050 581 2077 opera
594 2043 697 2078 gratize.
710 2044 776 2071 Nam
789 2053 795 2071 :
814 2044 925 2072 Fructus
937 2046 1049 2081 (inquit)

262 2085 376 2121 Spiritus
395 2092 467 2119 sunt,
486 2088 613 2120 cltaritas,
635 2089 774 2123 gaudium,
791 2091 885 2124 pax“,
899 2095 967 2124 etc.,
979 2099 1049 2126 quo-

263 2139 323 2159 rum
332 2131 392 2160 vice
400 2132 498 2160 fastum
508 2133 553 2161 ille
561 2133 653 2168 potius
661 2138 688 2161 et
697 2136 879 2170 arrogantiam
889 2137 1048 2172 ingenerare

1104 228 1227 262 αίρωμαι
1250 227 1338 261 ἐδόθη
1358 236 1409 262 μοι
1440 228 1563 262 σκόλοψ
1586 226 1624 262 τῇ
1645 227 1736 262 σαρκί
1761 227 1886 262 ἅγγελος

1105 275 1214 302 Σατᾶν.
1233 275 1324 309 Ὁρᾷς,
1342 274 1383 302 ὅτι
1403 275 1450 301 καὶ
1469 275 1494 301 οἱ
1512 274 1678 310 τηλικούτων
1687 273 1821 310 ἁψάμενοι
1838 274 1887 309 μέ-

1104 329 1176 356 τρων
1187 321 1303 352 ἐπιδεεῖς
1318 321 1386 348 εἰσιν
1399 319 1557 353 ἀσῳαλείας.
1571 319 1675 351 Ἄλλως
1693 328 1723 346 τε
1737 320 1784 346 καὶ
1803 320 1828 346 εί
1849 319 1886 354 μὴ

1104 367 1142 402 δῷ
1166 366 1302 401 πρόφασιν
1328 365 1368 401 τῷ
1389 365 1495 400 Σατανᾷ
1511 366 1526 393 ὁ
1546 365 1699 401 ἄνθρωπος,
1726 365 1757 392 οὐ
1775 365 1886 400 κυριεύ-

1105 420 1176 438 σειεν
1189 411 1222 438 ἂν
1238 410 1321 438 αὐτοῦ
1337 411 1392 446 βίᾳ·
1411 411 1486 446 παρὰ
1503 410 1592 442 τοῦτο,
1610 409 1672 436 οὔτε
1689 410 1728 446 τῷ
1748 410 1826 445 μέρει
1839 409 1885 436 τοῦ

1104 455 1233 492 Χριστοῦ,
1258 455 1319 482 οὔτε
1333 456 1379 482 τοῦ
1397 455 1584 490 ἀντικειμένου
1601 455 1630 482 τὸ
1649 456 1765 490 πρᾶγμα
1781 453 1885 489 λογίζε-

1103 510 1158 529 ται·
1180 502 1247 529 ἀλλὰ
1261 504 1295 538 τῇ
1319 502 1368 537 μὲν
1383 502 1473 537 χάριτι
1490 501 1536 529 τοῦ
1555 501 1712 536 Πνεύματος
1727 502 1885 537 προστεθεὶς

1104 548 1142 578 είς
1155 547 1241 579 τέλος,
1254 547 1304 582 τῆς
1320 547 1427 582 μερίδος
1446 547 1550 581 γίνεται
1560 547 1606 574 τοῦ
1621 547 1748 583 Χριστοῦ·
1766 548 1804 583 μὴ
1815 547 1885 574 οὕτω

1103 592 1132 620 δὲ
1149 593 1221 628 σχὼν
1232 613 1239 624 ,
1259 593 1310 620 κᾶν
1328 592 1466 627 Πνεύματι
1483 593 1620 628 γεννηθῇ,
1639 594 1669 620 τὸ
1696 593 1724 620 δέ
1742 595 1810 626 ἐστι,
1835 593 1885 619 κᾶν

1105 639 1217 674 μέτοχος
1242 639 1290 665 καὶ
1310 638 1358 665 τοῦ
1381 639 1459 672 ἁγίου
1488 639 1644 674 Πνεύματος
1666 638 1789 673 γένηται,
1820 639 1884 674 παρ’

1104 684 1200 711 ἑαυτοῦ
1221 684 1275 716 ἕξει
1288 703 1296 715 ,
1315 684 1346 711 τὸ
1367 684 1455 711 ὀπίσω
1478 684 1526 711 τοῦ
1547 684 1698 719 Θελήματος
1721 685 1884 720 πορευθῆναι

1102 729 1150 756 τοῦ
1165 730 1280 756 Σατανᾶ.
1305 730 1367 756 Ehe
1388 729 1441 764 γὰρ
1454 729 1534 760 αὐτὸς
1560 731 1574 757 ὁ
1597 729 1716 764 Κύριος,
1735 730 1791 756 είτε
1811 731 1857 756 καὶ
1869 730 1883 755 ὁ

1103 775 1224 806 Σατανᾶς
1238 775 1306 810 πρὸς
1324 773 1385 809 βίαν
1408 774 1569 808 ἐλάμϐανον,
1581 775 1630 801 οὐκ
1655 772 1688 810 ἧν
1713 775 1727 802 ὸ
1741 773 1883 810 ἄνθρωπος

1103 819 1190 855 ἑαυτῷ
1209 820 1304 851 αἴτιος,
1326 818 1388 846 οὕτε
1409 819 1450 851 είς
1471 819 1582 853 γέενναν
1598 820 1739 854 ἐμπεσεῖν,
1758 819 1819 846 οὔτε
1837 819 1884 854 βα-

1065 852 1089 883 Β
1105 852 1206 897 σιλείας
1219 865 1367 900 ἐπιτυχεῖν.

1139 912 1188 939 lI".
1205 910 1310 946 Πολλῆς
1335 910 1374 946 τῷ
1403 910 1539 947 φιλαρέτῳ
1569 911 1740 946 φροντιστέον
1763 910 1811 946 τῆς
1826 910 1883 937 δια-

1103 957 1230 992 κρίσεως,
1249 956 1320 984 ὥστε
1343 956 1393 992 τῆς
1418 956 1465 984 τοῦ
1487 956 1569 984 καλοῦ
1584 957 1631 984 καὶ
1650 956 1735 984 κακοῦ
1752 957 1882 992 διαφορᾶς

1103 1003 1286 1038 ἀπογνώμονα
1307 1000 1387 1035 εἶναι,
1407 1002 1454 1029 καὶ
1477 1002 1526 1034 τὰς
1549 1002 1674 1034 ποικίλας
1695 1002 1741 1029 τοῦ
1762 1002 1881 1037 πονηροῦ

1101 1048 1198 1082 τέχνας
1214 1047 1248 1074 δι’
1261 1047 1379 1081 εὐλόγων
1407 1047 1561 1082 φαντασιῶν
1583 1047 1710 1080 εἰωθότος
1734 1048 1798 1079 τοὺς
1817 1048 1883 1074 πολ·

1101 1093 1163 1125 λοὺς
1181 1092 1415 1128 παρακρούεσθαι,
1433 1093 1589 1128 βασανίζειν
1603 1094 1650 1120 καὶ
1665 1093 1794 1120 συνιέναι.
1810 1093 1883 1128 Πλὴν

1100 1139 1132 1165 τὺ
1146 1138 1276 1172 ἀσφαλὲς,
1297 1138 1365 1173 πρὸς
1387 1140 1476 1166 πάντα
1494 1138 1632 1170 λυσιτελές
1646 1147 1653 1154 ·
1667 1138 1704 1173 μὴ
1718 1138 1808 1164 τοίνυν
1822 1138 1883 1164 ὲλα-

1101 1185 1216 1218 φρότητι
1238 1183 1358 1214 διανοίας
1375 1183 1445 1218 ταχὺ
1461 1183 1573 1210 σεαυτὸν
1593 1183 1734 1217 ὲμπάρεχε
1749 1184 1808 1214 ταῖς
1828 1183 1882 1209 τῶν

1099 1227 1200 1262 νοερῶν
1220 1227 1391 1258 ἐπιστασίαις
1416 1227 1456 1259 εὶς
1481 1227 1590 1262 ἀπάτην
1603 1235 1650 1253 σου
1661 1235 1668 1242 ·
1685 1227 1737 1254 κᾶν
1761 1227 1839 1254 αὐτοὶ
1856 1227 1882 1253 οἱ

1099 1273 1219 1307 οὐράνιοι
1241 1272 1352 1307 ἄγγελοι
1370 1269 1452 1298 ὦσιν·
1476 1272 1543 1299 ἀλλὰ
1566 1273 1632 1307 μένε
1655 1273 1750 1308 βαρὺς,
1774 1273 1884 1308 βασάνῳ

1098 1319 1186 1345 ταῦτα
1200 1318 1287 1349 διδοὺς
1305 1317 1517 1352 ἐπιμελεστάτῃο
1533 1317 1563 1344 τὺ
1587 1317 1636 1352 μὲν
1664 1317 1745 1344 καλὸν
1769 1317 1884 1343 οἰκειού-

1101 1373 1192 1400 μενος,
1205 1364 1235 1390 τὸ
1247 1356 1419 1399 [δὲ]πονηῇιν
1429 1363 1618 1398 διωθούμενος.
1630 1363 1666 1390 Οὐ
1676 1363 1731 1398 γὰρ
1746 1363 1831 1398 ἄδηλα
1849 1363 1884 1388 τὰ

1098 1411 1149 1446 τῆς
1174 1411 1284 1446 χάριτος
1301 1410 1486 1446 ἐνεργήματα,
1498 1409 1569 1445 ἅπερ
1585 1410 1601 1445 ἡ
1616 1409 1748 1444 ἁμαρτία,
1778 1408 1832 1435 κᾶν
1852 1408 1884 1434 τὸ

1099 1456 1146 1483 τοῦ
1171 1455 1273 1490 ἀγαθοῦ
1299 1455 1445 1490 πρόσωπον
1468 1454 1659 1489 ὑποκρίνηται,
1682 1454 1832 1489 παρασχεῖν
1852 1453 1883 1479 οὖ

1099 1503 1250 1538 δεδύνηται.
1272 1502 1303 1528 Εἰ
1328 1501 1381 1536 γὰρ
1397 1501 1526 1528 καὶκατὰ
1538 1501 1584 1527 τδν
1599 1500 1770 1531 Ἀπόστολον,
1787 1498 1859 1526 οῐδεν
1869 1500 1884 1525 ὁ

1099 1549 1221 1578 Σατανᾶς
1235 1548 1274 1578 είς
1287 1547 1403 1581 ἄγγελον
1417 1546 1506 1581 φωτὸς
1519 1544 1818 1580 μετασχηματίζεσθαι,
1834 1544 1885 1579 χά-

1100 1603 1143 1630 ριν
1167 1593 1213 1620 τοῦ
1236 1592 1394 1626 ἀπατῆσαι·
1415 1591 1473 1618 ἀλλ’
1494 1588 1541 1618 οὖν
1558 1590 1608 1618 κᾶν
1623 1590 1733 1625 ὁράσεις
1754 1589 1885 1625 λαμπρὰς

1101 1639 1307 1676 περιόάλληται,
1321 1638 1426 1673 ἀγαθὴν
1443 1637 1594 1672 ἐνέργειαν,
1610 1633 1683 1674 ᾗπερ
1694 1636 1812 1671 εἴρηται,
1830 1644 1883 1662 πα-

1102 1684 1212 1719 ρασχεῖν
1239 1683 1269 1710 οὺ
1301 1681 1462 1716 δυνήσεται·
1482 1680 1517 1707 δι’
1541 1676 1571 1707 οῦ
1596 1680 1643 1707 καὶ
1664 1679 1694 1706 τὺ
1719 1679 1884 1714 παράσημον

1099 1729 1211 1765 ἀκριϐὲς
1236 1729 1352 1763 γίνεται.
1376 1728 1414 1754 Οὐ
1440 1727 1494 1763 γὰρ
1514 1727 1624 1762 ἀγάπην
1652 1727 1702 1763 τὴν
1731 1727 1770 1757 είς
1787 1724 1884 1760 Θεδνῆ

1100 1775 1226 1809 πλησίον,
1249 1774 1280 1800 οὺ
1309 1773 1460 1809 πραότητα,
1484 1772 1514 1798 οὔ
1541 1771 1715 1804 ταπείνωσιν,
1732 1770 1762 1796 οὗ
1785 1769 1883 1805 χαρὰν,

1099 1821 1150 1848 οὐκ
1171 1821 1294 1856 εἰρήνην,
1309 1819 1339 1846 οὐ
1354 1819 1401 1846 τοῦ
1426 1819 1531 1852 κόσμου
1550 1819 1640 1852 μίσος,
1660 1817 1710 1843 οὐκ
1732 1815 1885 1843 ἀνάπαυσιν

1100 1863 1298 1900 πνευματικὴν,
1315 1863 1365 1890 οὐκ
1382 1862 1529 1897 ἐπιθυμίαν
1544 1863 1598 1888 τῶν
1614 1861 1746 1895 οὐρανίων
1771 1861 1885 1895 ἐνεργη-

1102 1910 1195 1946 μάτων
1211 1910 1322 1936 δὺναται
1336 1908 1404 1943 (Η),
1425 1908 1455 1934 οὺ
1484 1907 1557 1940 πάθη
1573 1906 1620 1932 καὶ
1635 1904 1730 1941 ἡδονὰς
1744 1904 1885 1931 καταπαῦ-

1101 1964 1156 1986 σαι.
1174 1954 1246 1989 ἅπερ
1269 1953 1395 1989 φανερῶς
1420 1953 1472 1979 εἰσι
1494 1952 1544 1987 τῆς
1565 1952 1675 1987 χάριτος
1699 1950 1882 1986 ἐνεργήματα.

1105 2001 1137 2027 Ὃ
1153 2000 1207 2035 γγὶρ
1223 1999 1346 2033 καρπὸς,
1365 1997 1441 2033 φησι,
1458 1997 1511 2024 τοῦ
1531 1997 1703 2031 Πνεύματός
1715 1996 1801 2022 ἐστιν
1814 1994 1886 2029 dri—

1100 2053 1153 2079 πη.
1174 2045 1262 2079 καρὰ,
1279 2044 1394 2078 εἰρήνη,
1415 2043 1462 2070 καὶ
1490 2043 1525 2069 τὰ
1553 2042 1629 2077 ἑξῆς·
1654 2041 1724 2076 τάχα
1747 2041 1775 2067 δὲ
1801 2040 1886 2074 τύφον

1101 2092 1203 2127 μᾶλλον
1229 2081 1334 2122 ὲκεῗνος
1356 2088 1505 2124 ἐμποιῆσαι
1525 2089 1572 2114 καὶ
1584 2086 1808 2123 ὑψηλοφροσύνην
1825 2087 1885 2112 ἔπι-

1099 2136 1270 2173 τηδειότατός
1283 2144 1314 2162 τε
1329 2135 1376 2162 καὶ
1385 2134 1581 2166 δυνατώτατος.
1602 2133 1650 2160 Ἐκ
1664 2133 1729 2167 γοῦν
1742 2132 1792 2166 τῆς
1807 2133 1885 2166 ὲνερ-

263 2176 350 2204 multo
373 2178 531 2212 aptissimus
561 2178 733 2214 maximeque
759 2185 856 2215 potens
885 2182 978 2210 fuerit.
1007 2184 1046 2211 Ex

1100 2182 1176 2216 γείας
1189 2182 1250 2217 εἴσῃ
1262 2180 1293 2207 τὸ
1306 2180 1459 2215 ὲλλαμφθὲν
1472 2180 1500 2205 ὲν
1513 2180 1546 2214 τῇ
1556 2178 1629 2213 ψυχῇ
1646 2186 1692 2204 σου
1708 2177 1799 2212 νοερὸν
1814 2176 1883 2211 φῶς,

260 2223 422 2257 operatione
447 2223 531 2258 igitur
545 2224 699 2259 dignosces,
722 2225 804 2260 quale
830 2227 868 2254 sit
897 2228 970 2262 quod
995 2233 1048 2257 tuae

262 2268 333 2294 forte
347 2267 445 2295 anima;
464 2267 586 2295 illuxcrit
601 2268 785 2297 iutellectuale
804 2270 908 2304 lumen,
924 2277 1017 2300 utrum
1032 2281 1048 2301 a

260 2312 328 2344 Deo,
341 2321 376 2341 an
390 2321 405 2340 a
417 2313 516 2341 Satana
529 2313 565 2341 sit
578 2318 682 2342 ortum.
698 2314 769 2348 Quin
783 2320 811 2344 et
827 2316 879 2351 ipsi
901 2319 1009 2352 animae,
1024 2320 1047 2346 si

259 2363 370 2393 gustum
392 2358 427 2387 ad
448 2359 643 2387 discretionem
665 2368 720 2387 non
744 2359 872 2390 obtusum
893 2363 993 2398 habet;
1013 2365 1047 2392 ab

261 2404 320 2437 ipso
331 2404 423 2431 statim
441 2405 560 2439 primum
572 2405 688 2440 appulsu
702 2413 850 2442 sensuque,
863 2408 1006 2437 manifesta
1017 2417 1046 2437 se

260 2449 359 2484 prodet
371 2449 538 2478 differentia.
554 2450 589 2478 Ut
601 2451 674 2478 enim
689 2456 797 2479 acetum
809 2457 837 2480 et
847 2454 942 2481 vinum
955 2456 1044 2490 quoad

260 2497 401 2530 aspectum
431 2503 516 2524 unum
543 2496 672 2532 idemque
702 2503 780 2531 sunt;
807 2499 830 2526 si
860 2507 926 2527 vero
953 2501 1044 2537 lingua

259 2540 448 2575 explorentur,
460 2542 581 2576 palatum
592 2543 718 2577 protinus
732 2543 766 2570 de
787 2548 904 2579 utroque
922 2553 1044 2580 pronun-

226 2602 230 2603 ν
260 2587 309 2614 tiat
325 2587 391 2622 quid
409 2595 473 2615 vere
491 2587 540 2621 sit;
565 2588 602 2616 ita
616 2592 645 2615 et
659 2588 748 2615 anima
769 2597 802 2616 ex
818 2589 877 2624 ipso
893 2590 1044 2625 spiritualis

258 2632 434 2667 experientia:
450 2640 532 2660 sensu
547 2641 578 2660 ac
594 2634 701 2668 propria
714 2635 832 2668 quadam
849 2635 976 2664 facultate
994 2644 1043 2672 po-

259 2682 312 2705 test
327 2678 490 2713 dijudicare,
508 2686 569 2713 qua:
587 2679 651 2706 boni
666 2679 784 2713 Spiritus
793 2680 967 2715 charismata,
982 2690 1042 2718 qua:

257 2723 338 2751 alieni
351 2723 406 2751 sint
419 2724 616 2758 phantasmata.

294 2812 316 2828 "
333 2812 354 2839 ll
371 2812 433 2839 Cor.
457 2819 505 2844 xu,
529 2813 553 2839 7.
574 2813 595 2828 ⁹⁰
615 2813 637 2840 ll
656 2814 717 2842 Cor.
736 2822 772 2847 xl,
793 2815 832 2842 1.1.
871 2816 891 2831 οι
913 2816 970 2843 [ξυι⁵
991 2825 1016 2849 γ’
1036 2816 1080 2843 ~22.

1099 2228 1213 2263 πότερον
1227 2226 1275 2253 τοῦ
1290 2225 1367 2257 Θεοῦ,
1384 2225 1400 2260 ἢ
1415 2224 1463 2252 τοῦ
1489 2225 1597 2250 Σατανᾶ
1613 2224 1735 2257 πέφυκεν
1749 2223 1778 2249 δν
1790 2231 1798 2237 ·
1814 2222 1884 2256 πλὴν

1103 2274 1172 2302 ἀλλὰ
1185 2273 1232 2300 καὶ
1246 2272 1314 2308 αὐτῇ
1331 2273 1364 2306 τῇ
1379 2271 1463 2307 ψυχῇ,
1479 2271 1558 2305 εῑπερ
1575 2269 1693 2305 ἔρρωται
1714 2268 1749 2294 τὰ
1764 2267 1814 2302 τῆς
1826 2267 1884 2293 διατ

1098 2320 1226 2355 κρίσεως,
1250 2318 1331 2350 εὐθὺς
1345 2317 1400 2345 ἀπὸ
1414 2318 1463 2352 τῆς
1475 2316 1573 2351 νοερᾶς
1587 2315 1752 2349 αἰσθήσεως.
1768 2314 1836 2348 δῆλα
1847 2313 1881 2340 τὰ

1097 2367 1148 2400 τῆς
1163 2365 1295 2400 διαφορᾶς
1310 2364 1427 2399 γίνεται.
1443 2363 1548 2397 Ὥσπερ
1574 2361 1629 2396 γὰρ
1645 2361 1706 2394 ὅξος
1720 2361 1795 2394 οἴνῳ,
1812 2359 1884 2385 κατὰ

1098 2413 1147 2448 μὲν
1159 2412 1210 2447 τὴν
1228 2412 1323 2447 ὅρασιν
1336 2410 1376 2443 ἓν,
1393 2410 1425 2436 ἐκ
1440 2409 1469 2435 δὲ
1489 2408 1540 2443 τῆς
1561 2406 1632 2434 κατὰ
1655 2407 1705 2441 τὴν
1730 2405 1825 2440 γεῦσιν
1838 2406 1881 2431 αἰ-

1098 2458 1221 2492 σθήσεως
1242 2457 1257 2483 ὁ
1279 2455 1383 2491 λάρυγξ
1414 2453 1544 2489 ἑκατέρου
1561 2452 1650 2488 κρίνει
1663 2453 1693 2478 τὸ
1709 2452 1774 2478 [διον
1786 2459 1792 2465 ·
1810 2450 1881 2477 οὓτω

1096 2503 1128 2539 δὴ
1149 2503 1196 2529 καὶ
1216 2501 1290 2538 ψυχὴ
1314 2501 1345 2534 ὲξ
1371 2501 1455 2536 αὐτῆς
1482 2507 1514 2534 γε
1542 2499 1592 2534 τῆς
1607 2499 1703 2534 νοερᾶς
1720 2497 1882 2533 αίσῡήσεως,

1095 2549 1141 2575 λαὶ
1159 2548 1207 2583 τῆς
1225 2547 1365 2583 ἐνεργείας
1380 2545 1480 2580 δυνατὴ
1501 2544 1603 2580 κρίνειν
1619 2543 1654 2570 τά
1667 2552 1697 2570 τε
1722 2542 1769 2568 τοῦ
1793 2542 1883 2567 Πνεῦ-

1096 2602 1181 2629 ματος
1199 2593 1367 2630 χαρίσματα,
1396 2591 1444 2620 καλ¹
1473 2591 1507 2618 τὰ
1533 2589 1580 2617 τοῦ
1611 2588 1751 2624 ἀλλοτρίου
1779 2587 1883 2622 φαντά-

1094 2647 1197 2674 σματα.
