2075 3155
197 162 249 195 877

627 159 741 190 LIBER
759 157 809 188 DE
826 152 1020 187 PATIEN-TA
1040 151 1088 181 ET
1107 150 1372 181 DISCRETIONE.

1763 151 1816 182 87S

233 220 287 247 lA’.
301 219 362 255 Χρὴ
385 220 496 246 σκοπεῖν
514 216 563 246 καὶ
579 217 744 254 προὸλέπειν
757 217 855 252 ἄριστα
868 216 918 249 τὴν
931 213 982 248 ψυ-

1070 210 1139 237 XIV.
1156 209 1305 237 Attendere
1318 217 1350 238 ac
1361 209 1518 245 prospicere
1529 209 1738 244 diligentissime
1754 210 1815 238 ani-
1830 248 1837 251 _

198 268 260 303 χὴν,
288 267 397 302 μήποτε
416 266 449 302 δὴ
474 265 526 292 κᾶν
558 264 598 300 τῷ
623 263 784 300 βραχυτάτῳ
804 262 856 289 ὑπὸ
871 263 921 296 τῆς
934 260 981 287 τοῦ

199 310 390 345 ἀντικειμένου
416 309 473 345 ἀλῷ
502 309 654 344 δυνάμεως.
673 308 778 343 Ὥσπερ
790 307 844 342 γὰρ
856 306 914 338 ἐνὸς
932 305 981 341 μέ-

201 365 264 392 ρους
277 356 347 389 ζώου
364 355 459 390 παγίδι
488 355 647 390 ληφθέντος,
662 354 722 381 ὅλον
735 354 841 388 ἀνάγκη
855 352 981 387 κάμπτε-

201 403 274 435 σθαι,
301 403 348 429 καὶ
371 402 423 428 ὑπὸ
452 403 512 432 ταῖς
530 401 584 428 τῶν
605 400 777 436 θηρευόντων
801 399 893 434 χερσὶν
907 397 979 432 γίνε-

201 448 263 474 σθαι
273 455 281 463 ”
296 447 368 474 οὕτω
381 446 413 482 δὴ
429 447 476 473 καὶ
497 446 570 482 ψυχῇ
584 447 618 473 τὰ
632 446 712 480 ὅμοια
739 443 898 479 συμϐαίνειν
911 442 984 476 παρὰ

200 494 254 520 τῶν
276 493 381 528 ἐχθρῶν
408 492 497 519 εἴωθε.
526 493 582 519 Καὶ
605 491 684 518 τοῦτο
703 491 782 525 δῆλον
801 489 985 524 καθίστησινό

201 538 342 573 προφήτης
354 545 362 552 ·
379 537 493 571 Παγίδα
512 537 578 572 γὰρ,
609 535 703 570 φησὶν,
725 535 895 568 ἡτοίμασαν
923 531 984 565 τοῖς

201 582 276 609 ποσί
288 590 359 617 μου,
374 582 423 609 καὶ
440 581 636 616 κατέκαμψαν
649 581 706 615 τὴν
722 580 828 614 ψυχήν
837 587 908 614 μου.

238 626 288 654 IE’.
304 627 351 654 Δεῖ
363 627 409 654 τὸν
426 626 588 662 βουλόμενον
612 626 657 653 διὰ
679 626 729 660 τῆς
747 625 842 660 στενῆς
868 625 908 655 εἰς
935 623 985 657 τὴν

202 671 290 698 οἰκίαν
304 671 352 698 τοῦ
368 670 479 706 ἰσχυροῦ
505 666 645 702 είσελθεῐν,
660 671 708 696 καὶ
733 670 767 696 τὰ
790 668 874 703 σκεύη
901 667 984 694 αὑτοῦ

203 715 362 751 διαρπάσαι,
381 715 419 751 μὴ
445 715 564 742 εὖδοκεϊν
592 714 725 748 εὐπαθείᾳ
751 714 894 748 σώματος’
925 712 984 739 ἀλλ’

204 759 417 794 ἑνδυναμοῦσθαι
440 759 480 795 τῷ
502 759 599 795 ἀγαθῷ
629 759 780 794 Πνεύματι,
813 758 910 793 ἔχοντα
939 757 985 784 διὰ

206 807 316 842 μνήμης
339 807 383 833 τὸν
407 807 535 839 εἰπόντα,
554 806 595 833 ὅτι
625 806 705 840 Σὰρξ
724 806 772 832 καὶ
800 802 871 839 αἷμα
891 805 984 837 ,βασι-

203 850 292 877 λείαν
304 851 379 878 Θεοῦ
395 852 432 878 οὐ
447 851 722 885 κληρονομήσουσι.
745 850 807 882 Πῶς
829 850 857 876 δὲ
885 850 925 876 δεῖ
939 850 982 876 ὲν-

204 894 396 930 δυναμωθῆναι
424 895 576 930 πνεύματι;
601 895 640 930 τῷ
678 895 831 930 Ἀποστόλῳ
859 895 982 929 λέγοντι,

203 939 253 974 τὴν
281 940 376 974 σοφίαν
399 939 446 967 τοῦ
472 940 539 967 Θεοῦ
564 941 668 976 μωρίαν
688 941 744 971 τοῖς
765 940 918 975 ἀνθρώποις
940 941 984 967 λο-

203 985 338 1020 γίζεσθαι,
358 986 538 1021 προσεκτέον·
563 986 610 1013 καὶ
627 987 641 1012 ό
658 987 796 1021 προφήτες
811 987 839 1013 δέ
850 995 856 1002 ·
883 984 983 1017 Εἶδον,

204 1031 279 1064 φησὶ,
293 1031 347 1057 τὸν
365 1031 434 1058 my
445 1031 499 1059 τοῦ
510 1031 677 1065 ἀνθρώπου,
692 1032 739 1059 καὶ
752 1032 784 1058 τὸ
798 1030 877 1064 εἶδος
892 1031 984 1059 αὑτοῦ

202 1074 316 1110 ἄτιμον,
332 1075 474 1104 ἐκλεῖπον
487 1076 566 1111 παρὰ
591 1076 707 1109 πάντας
722 1076 793 1109 τοὺς
817 1076 902 1110 υίοὺς
926 1075 985 1103 τῶν

203 1119 376 1154 ἀνθρώπων.
392 1121 438 1148 Ast
452 1121 597 1157 τοιγαροῦν
616 1123 662 1149 τὸν
675 1122 836 1157 βουλόμενον
849 1122 905 1148 υἱὸν
916 1121 984 1148 Θεοῦ

202 1165 329 1198 γενέσθαι
354 1166 424 1193 κατὰ
443 1166 473 1193 τὸ
497 1166 593 1201 ὅμοιον
614 1167 814 1201 ταπεινωθῆναι
838 1167 983 1202 πρότερον,

202 1210 249 1236 καὶ
264 1210 355 1245 μωρὸν
368 1210 416 1237 καὶ
430 1210 526 1245 ἄτιμον
539 1210 714 1247 λογισθῆναι·
730 1211 768 1246 μὴ
778 1211 984 1247 ἀποστρέφοντα

202 1253 233 1280 τδ
245 1255 389 1289 πρόσωπον
403 1255 457 1283 ἀπὸ
473 1256 689 1292 ὲμπτυσμάτων.
705 1257 742 1292 μὴ
755 1256 844 1289 δόξαν,
864 1257 901 1292 μὴ
917 1257 984 1284 κάλ-

202 1298 246 1330 λος
257 1299 304 1326 τοῦ
321 1300 416 1332 αἰῶνος
431 1301 537 1333 τούτου,
552 1302 620 1337 μηδὲ
635 1301 753 1328 τοιοῦτον
774 1302 983 1336 μεταδιώκοντα,

203 1346 242 1380 μὴ
255 1345 351 1380 ἔχοντα
371 1346 422 1373 ποῦ
441 1346 492 1382 τὴν
512 1347 634 1382 κεφαλὴν
655 1347 806 1380 ἀνακλῖναι,
822 1347 985 1383 ὀνειδιζόμε-

202 1399 248 1418 νον
268 1391 316 1418 καὶ
338 1391 570 1428 ιξουθενούμενον,
586 1393 634 1420 καὶ
656 1393 765 1420 πάντων
787 1393 937 1428 παρόραμα
954 1402 984 1420 τε

203 1435 249 1462 καὶ
269 1436 458 1473 καταπάτημα
481 1437 666 1473 λογιζόμενον,
689 1438 892 1474 πολεμούμενον
914 1439 985 1474 ἀφα-

203 1481 255 1512 νῶς
265 1489 295 1508 τε
307 1482 355 1509 καὶ
371 1483 505 1518 φανερῶς,
523 1483 569 1510 καὶ
583 1485 615 1519 τῇ
629 1483 734 1520 διανοίᾳ
753 1485 982 1520 ἀντιμαχόμενον·

1033 263 1104 283 mam
1124 259 1244 295 oportet,
1260 263 1295 282 ne
1311 254 1420 290 quando
1434 255 1477 282 vel
1491 255 1603 281 minima
1625 254 1667 281 sui
1685 257 1762 288 parte
1782 255 1816 281 ab

1033 301 1187 329 adversaria
1200 305 1332 335 potestate
1343 300 1476 335 capiatur.
1489 299 1566 326 Sicut
1583 299 1657 326 enim
1671 299 1818 333 illaqueato

1033 347 1156 382 quolibet
1174 346 1300 374 animalis
1321 345 1456 377 membro,
1478 349 1565 372 totum
1588 344 1688 372 inflecti
1705 352 1818 371 necesse

1033 398 1085 425 est,
1107 392 1179 420 etin
1197 392 1358 420 venantium
1381 399 1480 418 manus
1497 391 1585 424 cadit;
1610 391 1649 418 sic
1672 395 1700 417 et
1722 390 1819 417 aninnc

1034 438 1134 466 similia
1153 437 1187 464 ab
1209 437 1335 464 hostibus
1350 436 1511 471 contingere
1527 436 1625 463 solent.
1641 435 1675 462 Et
1688 435 1740 462 hoc
1759 442 1818 461 ma-

1035 482 1133 511 nifeste
1161 482 1303 510 denuntiat
1323 481 1476 517 propheta:
1503 480 1654 516 Lagneum,
1680 479 1818 514 inquiens,

1037 529 1116 566 184
1141 533 1302 566 paraverunt
1328 527 1436 564 pedibus
1460 528 1540 561 meis,
1566 532 1590 554 et
1615 528 1819 554 incurvaueruut

1035 580 1154 605 animum
1170 586 1255 604 meum
1263 577 1296 605 ".

1070 624 1127 652 XV.
1146 623 1260 659 Oportet
1278 623 1415 651 volentem
1433 631 1483 659 per
1500 626 1645 658 angustum
1665 621 1767 648 aditum
1792 620 1819 646 in

1035 669 1147 697 domum
1170 668 1249 696 fortis
1273 668 1379 704 ingredi
1395 672 1423 695 et
1445 675 1508 695 vasa
1532 667 1592 702 ejus
1613 665 1744 700 diripere,
1764 672 1820 691 non

1037 715 1178 750 indulgere
1201 714 1307 742 deliciis
1329 713 1465 749 corp0ris,
1487 712 1535 740 sed
1552 711 1727 738 corroborari
1747 710 1819 736 bono

1035 761 1146 795 spiritu,
1168 767 1319 787 memorem
1333 760 1402 794 ejus,
1419 759 1466 794 qui
1482 758 1571 786 dixit:
1590 757 1659 785 Caro
1674 760 1698 783 et
1710 756 1819 791 sanguis

1036 814 1144 841 regnum
1172 804 1220 832 Dei
1245 813 1297 832 non
1314 804 1524 840 possidebunt”.
1548 803 1607 836 Quo
1626 807 1718 830 autem
1737 801 1819 829 modo

1037 853 1112 879 illum
1133 854 1242 886 oportet
1257 849 1430 877 corroborari
1443 849 1541 884 spiritu
1552 850 1565 876 ?
1577 849 1606 877 Si
1619 848 1742 876 attendat
1751 848 1810 882 Apo

1035 897 1105 925 stolo
1116 895 1237 924 dicenti:
1255 895 1301 922 Dei
1314 895 1472 928 sapientiam
1485 895 1603 929 reputari
1622 894 1655 920 ab
1667 894 1819 920 hominibus

1034 942 1218 971 stultitiam".
1249 941 1300 969 Cui
1331 940 1463 976 propheta
1489 939 1653 971 concinens,
1677 939 1740 966 ait:
1763 937 1820 964 Vidi

1033 988 1129 1015 Filium
1142 987 1254 1014 hominis
1263 991 1286 1012 et
1299 985 1395 1021 species
1403 985 1460 1020 ejus
1471 985 1629 1012 inhonorata
1643 983 1714 1018 infra
1731 990 1819 1008 omnes

1034 1034 1103 1070 ﬁlios
1130 1032 1308 1060 hominum“.
1332 1030 1448 1066 Oportet
1477 1030 1559 1065 igitur
1584 1036 1658 1061 eum,
1687 1028 1734 1063 qui
1761 1028 1820 1054 vult

1036 1080 1108 1106 [ilius
1123 1078 1172 1106 Dei
1195 1077 1265 1111 lieri,
1280 1077 1358 1112 prius
1369 1075 1495 1103 similiter
1506 1074 1656 1107 humiliari,
1669 1077 1697 1101 et
1706 1074 1819 1101 stultum

1035 1124 1236 1160 ignobilemque
1257 1122 1395 1158 reputari;
1419 1128 1474 1148 non
1492 1123 1664 1152 avertentem
1688 1119 1784 1146 faciem
1804 1127 1819 1146 a

1035 1171 1133 1205 sputis,
1149 1177 1200 1197 nec
1216 1169 1330 1204 gloriam
1342 1175 1394 1195 nec
1407 1167 1534 1195 decorem
1548 1165 1645 1193 mundi
1663 1165 1755 1199 hujus,
1772 1169 1820 1191 aut

1035 1215 1138 1251 aliquid
1163 1214 1251 1242 simile
1276 1217 1506 1249 prosequentem;
1530 1219 1585 1238 non
1610 1211 1756 1238 habentem
1773 1210 1819 1237 ubi

1034 1265 1117 1296 caput
1140 1260 1269 1292 reclinet;
1296 1258 1453 1294 opprobriis
1476 1258 1616 1289 obrutum,
1644 1256 1724 1284 nihili
1740 1256 1819 1282 habi-

1035 1311 1107 1340 tum,
1135 1313 1185 1341 pro
1208 1304 1367 1340 despicabili
1391 1308 1420 1331 et
1447 1303 1529 1338 digno
1553 1302 1600 1337 qui
1627 1301 1662 1329 ab
1692 1301 1821 1329 omnibus

1034 1346 1235 1382 conculcetur,'
1253 1352 1424 1384 reputatum;
1448 1351 1634 1383 oppugnatum
1657 1347 1766 1374 occulte
1788 1354 1821 1373 ac

1034 1397 1133 1432 palam,
1150 1401 1178 1423 et
1191 1399 1283 1423 mente
1297 1395 1495 1428 reluctantem;
1513 1399 1541 1421 et
1555 1397 1620 1421 tunc
1636 1393 1693 1428 ipse
1710 1393 1758 1421 Dei
1774 1393 1820 1420 Fi-

1034 1442 1100 1475 lius;
1121 1441 1189 1477 ipse,
1211 1440 1332 1476 inquam,
1349 1439 1396 1475 qui
1416 1439 1502 1467 dixit:
1520 1439 1674 1466 Inlaabitabo
1690 1443 1713 1465 et
1727 1438 1821 1465 ambu-

1036 1488 1094 1515 labo
1109 1489 1136 1515 in
1149 1487 1218 1514 vobis
1227 1487 1262 1520 ",
1277 1486 1451 1514 manifestum
1468 1492 1497 1512 se
1511 1484 1644 1519 praebebit
1659 1484 1718 1519 ejus
1732 1483 1820 1516 cordi,

203 1527 250 1554 καὶ
271 1527 332 1554 τότε
347 1529 427 1563 abab;
451 1530 465 1557 6
486 1529 532 1556 τοῦ
555 1530 623 1557 Θεοῦ
643 1531 715 1564 Υἱὸς,
731 1531 810 1564 αὐτός
827 1540 858 1566 γε
879 1533 978 1559 εἰπών·

1035 1537 1060 1560 et
1076 1532 1135 1568 ipse
1154 1532 1268 1568 accipiet
1293 1531 1423 1559 virtutem
1444 1535 1472 1557 et
1488 1530 1573 1557 robur
1587 1529 1621 1556 ad
1637 1529 1816 1556 vinciendum

209 1572 371 1607 Ἐνοικήσω
390 1573 438 1601 καὶ
457 1575 688 1610 ὲμπεριπατήσω
708 1577 743 1604 ἐν
760 1578 843 1614 ὑμῖν,
862 1579 987 1615 ἐμφανὴς

204 1617 280 1645 ἔσται
303 1620 336 1654 τῇ
362 1619 445 1646 αὐτοῦ
471 1621 579 1657 καρδία,
595 1621 642 1648 καὶ
665 1621 782 1657 λήψεται
807 1623 925 1659 δύναμιν
940 1625 987 1651 καὶ

206 1663 293 1698 ἰσχὺν,
307 1665 378 1692 ὥστε
402 1664 540 1700 δεσμῶσαι
563 1667 611 1694 τὸν
639 1668 759 1703 ἰσχυρὸν,
776 1669 822 1695 καὶ
841 1669 875 1696 τὰ
899 1669 985 1704 σκεύη

205 1709 287 1736 αὑτοῦ
307 1709 474 1745 διαρπάσαι·
491 1711 537 1738 ἐπὶ
559 1712 659 1739 ἀσπίδα
684 1721 714 1739 τε
744 1714 791 1740 καὶ
819 1713 985 1749 βασιλίσκον,

260 1754 352 1782 ἐπάνω
365 1755 502 1791 σκορπίων
516 1756 563 1783 καὶ
578 1757 666 1792 ὄφεων
676 1757 814 1793 ἐπιϐῆναι.
872 1780 878 1785 .

240 1801 299 1833 lq'.
317 1800 354 1827 οὐ
379 1801 476 1836 μικρὸς
495 1802 559 1836 ἡμῖν
576 1803 650 1836 ἀγὼν
672 1803 826 1839 πρόκειται,
842 1803 1002 1840 διαρρῆξαι.

203 1844 249 1872 τδν
273 1845 397 1874 θάνατον.
412 1847 480 1882 Φησὶ
495 1847 559 1883 γὰρ,
581 1847 618 1875 Ἠ
627 1849 771 1880 ,βασιλεία
785 1849 838 1876 τοῦ
854 1850 926 1878 Θεοῦ
939 1851 987 1878 ἐν-

204 1889 257 1922 τὸς
280 1889 364 1924 ὑμῶν
390 1891 485 1919 ἐστιν.
505 1892 668 1927 Εὑρίσκεται
683 1893 711 1919 δὲ
737 1893 838 1929 τρόπον
861 1895 923 1922 τινὰ
939 1896 986 1922 καὶ

203 1933 284 1965 αὐτὸς
299 1934 337 1961 ὢν
357 1935 433 1967 ἐντὸς
446 1937 460 1963 ό
477 1936 603 1972 πολεμῶν
620 1938 693 1972 ἡμᾶς
706 1939 752 1965 καὶ
767 1939 986 1975 αἱχμαλωτίζω.

204 1979 249 2015 Μὴ
269 1978 316 2007 οὖν
338 1980 463 2008 ὲνδιδότω
484 1982 617 2017 μηδαμῶς
631 1984 648 2019 ή
665 1983 748 2020 ψυχὴ,
765 1985 817 2017 ἓως
839 1985 872 2012 ἂν
889 1986 986 2022 νεκρὸν

204 2025 263 2061 Θείη
287 2026 332 2053 τὸν
353 2027 456 2061 ταύτην
478 2028 712 2063 αὶχμαλωτίζοντα
723 2038 731 2045 ·
744 2030 791 2057 καὶ
801 2031 861 2058 τότε
875 2031 986 2066 διαφεύ-

203 2070 278 2104 ξιςαι
301 2071 381 2108 ὀδύνη
405 2074 480 2100 πᾶσα
506 2074 553 2100 καὶ
571 2074 642 2110 λύπη
659 2076 706 2102 καὶ
719 2076 881 2111 στεναγμὸς,
897 2077 941 2103 διὰ
955 2077 985 2104 τὸ

204 2117 321 2152 ῥαγῆναι
334 2117 405 2153 ὕδωρ
423 2119 453 2145 ὲν
468 2120 503 2154 γῇ
519 2119 634 2156 διψώσῃ,
647 2121 695 2148 καὶ
707 2121 833 2155 γενέσθαι
856 2123 906 2158 τὴν
919 2123 984 2159 ἔρη-

203 2171 253 2198 μον
265 2163 306 2195 είς
317 2163 418 2199 πλῆθος
432 2165 546 2193 ὑδάτων.

1038 1579 1137 1606 fortem
1159 1583 1187 1606 et
1205 1585 1269 1605 vasa
1283 1578 1342 1613 ejus
1355 1575 1529 1612 diripienda;
1545 1575 1611 1611 quin
1627 1579 1654 1603 et
1671 1575 1704 1604 ad
1724 1575 1821 1603 ambu-

1038 1624 1149 1652 landum
1172 1631 1255 1660 super
1276 1623 1399 1658 aspidem
1409 1627 1438 1650 et
1453 1621 1653 1654 basiliscum",
1673 1626 1701 1649 et
1716 1621 1749 1649 ad
1769 1619 1824 1649 cal-

1039 1670 1156 1698 candum
1171 1676 1254 1705 supra
1271 1669 1430 1704 scorpiones
1439 1671 1468 1696 et
1481 1671 1624 1703 serpentes
1631 1667 1665 1694 “.

1074 1805 1142 1834 XVI.
1167 1805 1226 1832 Non
1249 1812 1362 1840 parvum
1385 1803 1465 1831 nobis
1489 1808 1628 1831 certamen
1651 1803 1822 1838 propositum

1038 1856 1090 1882 est,
1107 1852 1172 1878 dum
1187 1850 1379 1886 perfringenda
1389 1855 1431 1877 est
1445 1857 1528 1876 mors.
1541 1848 1667 1875 Aitenim
1681 1856 1687 1874 :
1703 1847 1823 1883 Regnum

1038 1896 1087 1923 Dei
1100 1897 1170 1924 intra
1188 1904 1231 1923 vos
1253 1900 1290 1922 est
1301 1896 1341 1928 ";
1356 1895 1393 1921 ita
1408 1894 1544 1928 reperitur
1561 1901 1670 1928 quoque
1686 1892 1756 1920 intra
1772 1900 1823 1919 nos

1039 1940 1120 1967 modo
1137 1939 1266 1975 quodam,
1281 1938 1390 1974 quinos
1404 1938 1546 1973 impugnat
1558 1942 1586 1964 et
1601 1937 1723 1972 captivos
1734 1937 1820 1964 ducit.

1038 1985 1077 2012 Ne
1100 1984 1183 2020 igitur
1197 1985 1318 2012 remittat
1335 1987 1463 2011 conatum
1477 1983 1577 2015 anima,
1593 1981 1682 2017 quoad
1698 1982 1820 2009 occisum

1037 2035 1101 2058 ante
1123 2038 1153 2058 se
1166 2030 1293 2058 straverit
1306 2030 1490 2065 captivantem
1508 2036 1547 2056 se.
1566 2028 1600 2056 Et
1620 2032 1686 2056 tunc
1701 2028 1823 2064 aufugiet

1037 2075 1115 2103 dolor
1132 2075 1222 2103 omnis
1240 2079 1268 2102 et
1282 2082 1384 2102 mceror
1399 2078 1427 2102 et
1442 2074 1572 2110 gemitus,
1588 2081 1622 2101 eo
1635 2073 1709 2108 quod
1722 2081 1822 2109 erupe-

1038 2122 1074 2150 rit
1087 2129 1156 2156 aqua
1171 2121 1198 2148 in
1212 2125 1285 2149 terra
1299 2120 1413 2153 sitienti.
1439 2125 1468 2148 et
1490 2120 1630 2148 desertum
1648 2121 1751 2156 stagnis
1765 2120 1822 2156 jam

1036 2175 1168 2203 aquarum
1185 2168 1333 2195 inundetur
1340 2167 1361 2194 ί.

238 2209 286 2237 ΙΖ’.
304 2210 385 2246 Ψυχὴ
414 2210 549 2246 ἁλώσιμος
572 2212 671 2248 ἀκηδίᾳ
695 2212 775 2248 δῆλός
806 2213 864 2240 ἐστι
903 2215 984 2241 κατά-

1073 2214 1153 2242 XVII.
1166 2214 1232 2247 Quae
1242 2213 1321 2240 facile
1333 2212 1438 2239 incuria
1448 2211 1555 2247 capitur
1566 2211 1667 2243 anima,
1681 2211 1824 2239 manifeste

203 2265 298 2292 σχετος
317 2254 385 2283 οὖσα
405 2257 453 2283 καὶ
471 2258 602 2293 ἀπιστίᾳ·
620 2258 667 2285 καὶ
678 2259 722 2285 διά
738 2259 816 2286 τοῦτο
833 2261 940 2296 ἡμέραν
956 2261 985 2293 ἐξ

202 2302 317 2338 ἡμέρας
330 2302 520 2338 ὑπερὸιὸἀζει,
535 2303 581 2330 τὸν
598 2303 677 2338 λόγον
703 2304 734 2330 οὐ
752 2304 883 2340 δεχομένη
897 2313 904 2321 ο
920 2307 986 2332 ἀνα-

203 2349 299 2383 πτεροῖ
321 2348 350 2375 δὲ
370 2349 470 2384 ἑαυτὴν
488 2349 534 2376 καὶ
550 2349 666 2385 ὀνείροις
688 2350 829 2383 πολλάκις,
844 2351 890 2377 τὸν
911 2351 986 2384 ἐντὸς

205 2394 242 2428 μὴ
259 2394 427 2421 κατανοοῦσα
440 2395 568 2430 πόλεμον,
583 2397 631 2422 ἅτε
648 2396 737 2431 οίήσει
762 2396 967 2432 κατειλημμένη
977 2405 984 2413 ο

202 2439 220 2473 ἡ
234 2437 262 2465 δὲ
275 2439 362 2474 οἴησις
385 2439 509 2476 πύρωσις
525 2440 582 2466 ἐστι
606 2440 656 2475 τῆς
669 2440 768 2476 ψυχῆς,
791 2441 908 2476 οὐδαμοῦ
932 2441 986 2476 ἀφ-

203 2484 275 2512 ιεῖσα
286 2484 335 2520 τὴν
347 2485 447 2521 ὶαυτῆς
461 2485 602 2513 ἀσθένειαν
619 2486 777 2520 ἐπιγνῶναι.

238 2579 291 2606 lﬂ’.
309 2573 415 2614 ’Ὥσπερ
439 2579 539 2615 βρέφος
561 2579 684 2613 νεογενὲς
699 2579 792 2606 εἰκόνα
811 2588 858 2606 του
880 2580 984 2608 τελείου

202 2624 329 2657 διασώζει
347 2625 454 2660 ἀνδρὸς,
471 2625 543 2652 οὓτω
557 2625 589 2659 δὴ
615 2625 747 2660 καὶψυχὴ
770 2625 850 2653 εἰκών
869 2626 912 2658 τίς
928 2627 986 2653 ἐστι

200 2670 248 2696 τοῦ
263 2670 445 2705 πεποιηκότος
457 2671 543 2705 αὐτὴν
571 2670 650 2697 Θεοῦ.
671 2671 715 2702 Ὠς
738 2669 785 2697 οὖν
807 2672 854 2698 καὶ
880 2672 986 2698 παιδίον

203 2716 274 2743 κατά
290 2715 372 2751 μέρος
387 2716 437 2751 μὲν
449 2715 632 2752 αὐξανόμενον
645 2717 677 2742 ὲκ
692 2716 793 2752 μέρους
808 2717 986 2751 ἐπιγινώσκει

238 2804 261 2820 ⁹¹
279 2805 380 2833 Jcrcm.
404 2814 480 2838 xvnt,
499 2806 542 2833 22.
595 2807 618 2822 ’³
635 2807 645 2834 1
665 2807 728 2833 Cor.
750 2815 793 2839 xv,
815 2808 858 2835 50.

203 2847 275 2875 xm,
297 2841 338 2868 l2.
375 2842 396 2858 ³⁷
418 2842 487 2869 Psai.
509 2849 551 2874 xc,
575 2842 614 2869 l5.
652 2841 676 2858 ³⁸
697 2843 762 2870 Luc.
782 2851 807 2875 χ,
832 2843 872 2870 i9.

910 2807 933 2824 ”
950 2808 960 2834 l
975 2807 1039 2835 Cor.
1055 2815 1075 2839 ι,
1091 2807 1136 2833 25.

911 2843 933 2859 η
951 2843 1017 2870 Luc.
1040 2851 1102 2876 xm,
1118 2842 1162 2869 2|.
1203 2842 1210 2857 ⁸
1234 2841 1284 2868 lsa.
1310 2848 1388 2872 xxxv,
1411 2841 1439 2873 t5,
1460 2840 1485 2866 7.

1036 2263 1181 2291 monstrat,
1203 2258 1398 2286 incredulitate
1413 2265 1442 2285 se
1455 2257 1541 2285 fuisse
1556 2262 1682 2292 captam:
1704 2264 1738 2284 ac
1758 2264 1823 2291 pro-

1035 2310 1130 2340 pterea
1145 2305 1218 2331 diem
1238 2312 1271 2331 ex
1290 2303 1335 2331 die
1356 2304 1454 2338 ignave
1473 2302 1607 2330 morando
1621 2302 1746 2333 traxisse,
1761 2309 1824 2328 ver-

1035 2350 1102 2377 bum
1127 2349 1222 2376 salutis
1248 2356 1302 2376 non
1331 2348 1522 2383 accipientem.
1551 2347 1627 2374 Alias
1650 2351 1741 2385 autem
1769 2345 1820 2373 sibi

1036 2395 1114 2430 ﬁngit
1130 2394 1258 2422 inanibus
1270 2400 1341 2428 szepe
1357 2393 1471 2420 somniis
1483 2396 1510 2420 et
1528 2399 1584 2419 non
1599 2391 1822 2418 animadverteris

1037 2441 1197 2469 intestinum
1216 2441 1336 2473 bellum;
1363 2444 1469 2474 utpote,
1483 2447 1552 2466 vana
1562 2439 1605 2466 sui
1617 2443 1695 2473 capta
1712 2439 1821 2470 fiducia,

1036 2496 1097 2524 quae
1115 2487 1223 2516 caecitas
1244 2487 1342 2515 anima:
1361 2491 1413 2518 est,
1433 2494 1487 2514 non
1508 2486 1602 2513 sinens
1618 2486 1690 2513 illam
1706 2485 1823 2521 propria:

1039 2535 1177 2564 consciam
1193 2533 1361 2561 infirmitatis
1378 2540 1448 2560 esse.

1074 2581 1166 2609 XVlll.
1181 2580 1259 2608 Sicut
1273 2579 1362 2607 infans
1375 2584 1470 2606 recens
1481 2582 1561 2605 natus
1576 2577 1690 2605 formam
1705 2575 1821 2611 perfecti

1039 2632 1131 2656 servat
1145 2627 1209 2659 viri,
1227 2626 1263 2653 ita
1281 2629 1309 2652 et
1327 2624 1417 2652 anima
1441 2623 1530 2658 imago
1554 2622 1677 2658 quzedam
1701 2626 1743 2649 est
1760 2622 1820 2655 Dei,

1038 2673 1086 2707 qui
1098 2671 1162 2699 fecit
1174 2671 1269 2706 ipsam.
1285 2669 1320 2698 Ut
1335 2669 1417 2704 igitur
1429 2667 1530 2696 sensim
1546 2675 1615 2703 puer
1630 2671 1657 2694 et
1667 2674 1715 2702 per
1730 2671 1822 2702 partes

1039 2725 1180 2749 crescens,
1197 2716 1294 2751 incipit
1311 2723 1345 2743 ex
1366 2718 1443 2750 parte
1463 2719 1568 2749 patrem
1589 2719 1754 2748 agnoscere;
1773 2711 1821 2740 ubi

1191 2807 1214 2823 ’⁵
1234 2806 1285 2833 lsa.
1307 2813 1362 2836 un.
1379 2805 1406 2831 2.
1457 2804 1480 2820 ⁹⁶
1502 2803 1524 2831 ll
1547 2802 1610 2831 Cor.
1630 2810 1667 2834 vt.
1688 2802 1737 2835 l2;
1751 2801 1818 2830 Leu.
