2075 3155
239 145 292 177 883

852 146 883 175 s.
902 145 1061 193 maca-nn
1080 145 1241 176 somn

1813 148 1865 181 884

239 207 348 234 cunque
371 206 456 234 porro
478 198 626 226 securitate
642 199 717 226 omni
734 198 884 234 perducere
909 198 944 226 ad
963 204 1114 226 extremam
1144 204 1245 227 metam
1271 208 1383 228 cursum
1405 201 1480 229 hunc
1501 202 1609 237 volunt,
1625 202 1711 231 arium
1729 209 1865 234 amOrem,

237 246 319 272 aliam
337 244 498 272 charitatem
512 244 617 272 caelesti
631 245 783 273 admiscere
799 245 836 272 illi
849 253 1020 280 nequaquam
1033 245 1189 274 sustinentJ

275 289 358 317 XXII.
380 290 413 317 Ut
428 297 524 324 magna
545 297 658 324 prorsus
685 295 713 317 et
734 290 928 318 inenarrabilia
952 291 1022 317 bona

1109 291 1174 318 KB’.
1190 291 1295 328 Ὥσπερ
1312 291 1418 327 μεγάλα
1441 293 1542 330 δηλαδὴ
1564 294 1612 322 καὶ
1625 295 1811 330 ἁνεκδιήγητα
1827 295 1862 322 τὰ

239 340 306 362 sunt
317 343 376 370 quae
388 335 460 362 Deus
474 335 614 369 promisit;
630 336 667 362 ita
684 336 778 363 multis
792 336 824 362 ad
843 343 938 362 eorum
952 343 1026 363 asse-

241 380 379 407 cutionem
399 388 468 418 opus
487 380 627 408 laboribus
639 385 666 408 et
691 381 890 408 certaminibus
904 385 962 413 est;
980 381 1026 408 iis-

242 433 294 460 que
308 433 369 453 cum
395 433 444 460 spe
466 433 497 452 ac
508 426 561 453 fide
578 426 700 454 toleratis
713 431 742 453 et
760 426 905 461 susceptis.
922 426 980 452 Iloc
992 433 1025 452 ex

242 470 286 497 his
307 469 408 497 Christi
424 471 517 498 verbis
537 476 634 505 patet:
654 471 705 504 Qui
724 471 778 498 vult
798 475 854 506 post
865 479 905 498 me
926 471 1024 504 venire,

241 515 349 549 abneget
359 516 524 551 semetipsum
535 520 559 542 et
571 516 647 543 tollat
670 525 771 543 trucem
781 525 857 544 suam
868 520 892 543 et
901 520 1026 551 sequatur

241 568 281 586 me
297 561 317 586 ’.
335 560 368 587 Et
383 569 479 588 rursus
493 569 499 587 :
514 561 571 587 Nisi
586 562 643 596 quis
658 562 741 588 oderit
752 566 856 596 patrem
870 566 893 588 et
902 565 1024 594 matrem,

240 610 266 632 et
278 606 373 640 fratres
383 612 406 633 et
417 615 519 634 sorores
533 610 556 633 et
568 606 651 640 ﬁlios;
668 607 752 634 adhuc
764 611 852 634 autem
865 611 889 633 et
907 608 1025 634 animum

238 660 337 685 suam;
357 661 408 679 non
425 657 509 688 potest
531 660 604 679 metu
621 660 676 678 esse
692 652 834 688 discipulus
852 652 883 678 ".
899 652 1025 687 Plerique

239 702 331 724 autem
346 697 488 724 hominum
505 697 544 723 sic
560 696 635 723 stulti
647 701 721 729 sunt,
737 701 767 724 ut
786 704 900 731 regnum
913 695 1024 731 quidem

238 743 372 777 consequi
395 743 492 776 velint,
512 748 542 771 et
562 749 671 771 aeternae
693 743 883 770 liaercditatem
904 743 976 774 vitte,
992 750 1025 770 ac

238 787 350 815 Christo
374 788 402 815 in
425 795 512 816 aevum
541 796 621 817 omne
635 797 815 824 conregnare;
830 789 857 815 id
877 789 949 823 quod
964 797 1024 816 ma-

239 841 321 868 gnum
336 837 389 865 est,
410 838 439 861 et
455 842 565 861 omnem
594 835 787 870 cogitationem
814 839 940 869 superat;
958 842 1023 869 pro-

240 878 308 912 priis
325 884 415 905 tamen
441 878 619 914 obsequendo
644 879 846 912 voluntatibus;
867 879 890 906 si
907 887 961 906 non
973 887 1024 914 po-

243 924 297 950 tius
314 923 363 956 illi,
381 924 429 958 qui
454 932 524 952 vana
549 925 601 952 ista
623 929 651 952 et
679 925 822 952 manifeste
848 925 929 952 noxia
958 925 1024 960 ipsis

240 968 367 1003 inspirat.

275 1013 369 1040 XXIII.
384 1014 477 1048 Usque
495 1015 529 1042 ad
550 1015 631 1042 finem
648 1023 759 1043 cursum
786 1014 919 1043 inoﬂcnse
932 1016 1024 1051 perfeo

240 1063 342 1090 rentes.
356 1059 384 1086 hi
403 1065 477 1091 sunt,
493 1060 540 1094 qui
556 1061 652 1088 mundi
668 1069 763 1088 omnes
779 1061 943 1096 cupiditates
955 1065 983 1088 et
996 1069 1025 1089 se

240 1104 324 1139 ipsos,
349 1106 634 1141 transgressionesque
661 1107 721 1142 ejus
746 1115 778 1134 ac
806 1107 970 1142 voluptates,
997 1111 1025 1135 et

240 1150 314 1178 circa
334 1151 410 1178 illum
424 1152 620 1186 occupationes
633 1153 745 1179 omnino
758 1153 821 1180 odio
840 1153 951 1180 habent.
967 1153 1026 1181 Hoc

239 1197 312 1223 enim
324 1202 365 1224 est
383 1197 519 1233 abnegare
535 1206 563 1225 se
577 1198 677 1233 ipsum.
700 1198 788 1231 Quare
798 1199 909 1234 propria
927 1199 1027 1226 volun-

241 1247 296 1269 tate
309 1243 499 1278 unusquisque
514 1252 598 1279 regno
613 1244 733 1279 ejicitur,
747 1252 780 1272 eo
793 1245 867 1280 quod
882 1245 1026 1280 haudqua-

240 1295 322 1322 quam
338 1296 371 1314 ex
386 1288 502 1315 veritate
516 1289 624 1315 labores
640 1288 732 1323 eligat,
748 1294 776 1316 ct
795 1296 824 1316 se
838 1289 928 1323 ipsum
941 1288 1027 1315 abne—

239 1335 284 1366 get
300 1339 307 1358 :
323 1332 454 1358 nimirum
470 1333 565 1359 volens
594 1333 630 1359 ita
657 1333 705 1360 Dei
726 1333 812 1360 amori
831 1341 862 1360 ac
889 1333 1026 1360 desiderio

239 1377 357 1409 servire,
381 1381 412 1404 ut
440 1377 520 1404 simul
547 1378 678 1405 delectari
694 1386 802 1413 quoque
814 1378 900 1413 possit
914 1378 1028 1413 quibus-

240 1422 302 1449 dam
320 1423 403 1457 hujus
418 1423 513 1450 mundi
532 1424 625 1456 rebus,
639 1432 690 1451 nec
704 1428 790 1451 totum
802 1432 913 1451 necesse
928 1424 963 1451 sit
977 1424 1027 1451 im-

239 1471 333 1501 petum
346 1468 464 1502 propriae
489 1469 639 1496 voluntatis
655 1469 709 1496 Deo
725 1468 843 1496 tradere.
857 1469 916 1497 Uno
935 1473 1026 1496 autem

240 1513 366 1547 exemplo
380 1513 566 1540 declarabitur
579 1513 606 1540 id
615 1514 688 1548 quod
699 1514 727 1541 in
741 1514 867 1541 manibus
882 1514 1025 1541 habemus.

241 1557 406 1584 Discernens
422 1565 522 1592 nempe
534 1557 668 1586 discernit
685 1560 884 1594 unusquisque.
898 1567 949 1587 nec
960 1560 1027 1588 latet

242 1601 342 1636 ipsum,
369 1603 469 1629 malum
492 1611 552 1630 esse
581 1603 633 1630 hoc
649 1604 682 1630 ad
697 1604 770 1639 quod
798 1603 869 1632 forte
890 1605 1024 1640 agendum
1038 1622 1061 1652 α

241 1647 406 1682 propendet.
420 1649 542 1676 Primum
558 1649 669 1683 quidem
690 1649 764 1676 intus
778 1649 806 1677 in
826 1649 909 1677 corde
930 1650 1025 1678 obser-

242 1699 322 1721 vatur
336 1694 517 1729 ambiguitas;
534 1694 625 1721 bilanx
640 1702 707 1722 vero
732 1703 794 1722 cum
811 1696 876 1731 jugo
894 1703 1026 1731 suspensa

242 1739 271 1766 in
289 1739 383 1766 intima
401 1739 443 1766 sui
459 1739 547 1774 ipsius
565 1740 745 1773 conscientia,
761 1741 849 1775 palam
874 1749 975 1776 anceps
997 1742 1026 1769 in

241 1784 387 1816 utrumvis,
403 1785 449 1812 Dei
462 1785 568 1812 scilicet
585 1789 632 1812 aut
648 1785 742 1812 mundi
755 1793 877 1814 amorem
894 1786 1026 1821 impetum

241 1829 317 1856 intus
336 1829 402 1857 facit
419 1837 426 1856 ε
446 1835 474 1857 et
493 1835 558 1857 tunc
572 1831 644 1858 circa
655 1831 790 1858 exteriora
801 1831 902 1866 prodit.
918 1832 1027 1859 Discer-

242 1883 312 1902 neus
341 1876 414 1902 enim
445 1877 492 1909 (ut
519 1876 623 1903 dictum
651 1877 708 1912 est)
739 1877 872 1904 discernit
897 1877 1025 1912 quisque.

243 1920 368 1955 Exempli
385 1928 476 1953 causa,
494 1922 630 1957 quispiam
648 1923 718 1950 forte
732 1931 794 1950 cum
810 1923 894 1951 fratre
910 1928 1026 1951 conten-

240 1965 321 1998 dens,
334 1966 450 1994 dissidet
462 1974 476 1993 a
491 1975 520 1994 se
534 1967 603 2002 ipso.
622 1967 659 1995 Ac
669 1969 758 2003 primo
772 1969 886 2003 opponit
900 1979 904 1995 :
918 1969 1027 1996 Dicam-

241 2012 298 2038 ne?
315 2019 349 2038 an
366 2020 420 2039 non
436 2012 542 2039 dicam?
553 2021 718 2048 reponamne
729 2022 789 2048 quae
808 2014 976 2041 ulciscantur
992 2015 1026 2041 il-

241 2055 296 2082 lata
315 2056 392 2090 187
408 2056 474 2083 mihi
487 2057 604 2091 probra?
614 2058 660 2085 sed
679 2059 769 2093 potius
780 2059 878 2086 silebo.
889 2059 1027 2086 Tenemus

241 2099 291 2127 Dei
305 2101 445 2133 mandata;
461 2107 590 2129 caeterum
608 2103 646 2130 ita
660 2108 689 2130 ut
701 2104 819 2138 propria:
837 2111 947 2139 quoque
960 2111 1027 2131 cura

240 2144 364 2179 gloriolae
385 2153 439 2172 non
453 2147 621 2181 negligatur;
637 2147 705 2174 adeo
721 2148 766 2174 vix
787 2147 923 2182 quispiam
943 2149 1023 2183 plene

241 2197 275 2216 ac
286 2189 406 2224 perfecte
430 2191 550 2218 animum
567 2192 684 2224 induxit,
704 2200 818 2227 prorsus
841 2193 868 2219 in
898 2193 1027 2220 omnibus

241 2234 380 2268 abnegarc
390 2241 430 2262 se.
444 2234 472 2261 Si
483 2242 547 2269 ergo
557 2235 600 2262 vel
609 2235 722 2262 minimo
734 2242 873 2263 momento
884 2236 946 2263 lanx
956 2237 1025 2263 ami-

1079 336 1154 370 παρὰ
1162 337 1208 363 τοῦ
1225 337 1291 364 Θεοῦ
1302 338 1495 374 ἐπηγγελμένα
1511 339 1666 374 πεφύκασιν
1681 340 1782 375 ἀγαθὰ,
1793 340 1864 367 οὕτω

1079 382 1125 408 καὶ
1139 382 1242 408 πολλῶν
1259 382 1343 410 δεῖται
1355 383 1442 411 πόνων
1458 393 1487 410 τε
1512 386 1561 411 καὶ
1584 385 1700 420 ἀγώνων
1723 386 1778 412 τῶν
1803 385 1863 420 μετ’

1079 426 1182 457 ἐλπίδος
1193 428 1239 453 καὶ
1249 428 1367 459 πίστεως
1377 437 1384 444 ·
1395 429 1442 455 καὶ
1455 429 1533 464 δῆλον
1541 430 1677 457 ὲντεῦθενυ
1685 430 1721 456 El
1732 439 1775 463 τις
1784 431 1864 457 θέλει

1078 472 1174 498 ὀπίσω
1197 481 1258 507 μου
1283 473 1392 505 ἐλθεῖν,
1417 475 1643 509 ἀπαρνησάσθω
1666 475 1786 509 ἑαυτὸν,
1812 475 1862 504 καί

1077 516 1175 550 ἀράτω
1193 517 1246 544 τὸν
1264 519 1396 552 σταυρὸν
1404 519 1508 553 αὐτοῦ,
1524 519 1573 546 καὶ
1593 520 1792 548 ἀκολουθείτω
1800 530 1861 555 μοι.

1077 561 1134 587 Καὶ
1149 561 1243 588 πάλιν
1267 563 1329 590 Εὰν
1345 563 1387 598 μή
1402 572 1448 598 τις
1470 564 1589 600 μισήσῃ
1609 565 1723 600 πατέρα
1747 566 1796 593 καί
1807 575 1863 601 μη-

1077 605 1157 640 τέρα,
1173 606 1221 633 καί
1232 606 1392 642 ἀδελφοὺς.
1423 610 1472 636 καὶ
1486 609 1622 644 γυναῖκα,
1636 611 1686 638 καὶ
1703 611 1803 643 τέκνα,
1817 612 1861 638 ἔτι

1078 650 1112 678 δέ
1127 651 1179 678 καὶ
1188 651 1244 686 τὴν
1255 652 1364 680 ἑαυτοῦ
1378 654 1493 689 ψυχὴν,
1507 656 1543 682 οὐ
1563 655 1690 683 δύναται
1701 665 1761 691 μου
1785 655 1862 684 εἶναι

1074 697 1221 731 μαθητής.
1241 698 1271 724 οι
1282 698 1403 725 πλεῖστοι
1413 699 1441 725 δὲ
1456 699 1510 726 τῶν
1517 700 1668 735 ἀνθρώπων
1681 700 1767 732 οὕτως
1786 702 1861 736 ἔχου.

1078 749 1120 768 σιν
1135 742 1266 777 ἀνοήτως,
1283 743 1321 775 ὡς
1335 743 1385 778 τῆς
1404 743 1542 779 βασιλείας
1553 745 1692 780 ἐπιτυχεῖν
1708 745 1860 779 βούλεσθαι,

1077 786 1125 813 καὶ
1139 787 1188 822 τῆς
1207 787 1315 814 αἰωνίου
1327 788 1528 823 κληρονομῆσαι
1543 789 1626 822 ζωῆς,
1638 789 1685 816 καὶ
1699 790 1808 825 Χριστῷ
1816 790 1861 821 διὰ

1076 831 1170 862 τέλους
1187 832 1411 866 συμϐασιλεῦσαι,
1430 834 1461 860 τὺ
1479 835 1549 868 μέγα
1565 834 1643 861 τοῦτο
1670 836 1718 862 καὶ
1732 836 1800 870 ὑπὲρ
1817 835 1861 862 ἐν·

1077 881 1168 902 νοιαν⁸
1183 877 1239 907 τοῖς
1265 876 1340 909 ἰδίοις
1356 877 1384 904 δὲ
1411 876 1511 909 ζῶντες
1524 878 1669 913 θελήματι,
1696 879 1744 906 καὶ
1756 879 1861 912 τούτοις

1077 918 1285 951 ἀκολουθοῦντες
1294 927 1302 934 ·
1323 921 1422 955 μᾶλλον
1435 921 1462 948 δὲ
1477 922 1516 957 τῷ
1529 922 1698 958 ένσπείροντι
1709 923 1744 950 τὰ
1758 924 1862 959 μάταια

1041 961 1062 990 Β
1074 964 1172 997 ταῦτα,
1185 965 1233 991 καὶ
1246 966 1370 1000 φανερῶς
1387 965 1516 1002 βλαϐερά.

1112 1010 1177 1039 K1".
1194 1007 1274 1037 Οὗτοί
1295 1011 1364 1038 είσιν
1377 1012 1401 1038 oi
1419 1013 1500 1048 μέχρι
1516 1013 1612 1046 τέλους
1623 1014 1743 1042 ἄπτωτοι
1756 1015 1861 1051 διερχό-

1077 1062 1162 1089 μενοι,
1177 1055 1200 1082 οί
1215 1055 1264 1087 τὰς
1274 1056 1321 1082 τοῦ
1337 1056 1440 1091 κόσμου
1461 1058 1551 1089 πάσας
1565 1057 1723 1093 ἐπιθυμίας,
1735 1060 1780 1086 καὶ
1796 1060 1862 1087 ἑαυ-

1076 1101 1149 1132 τοὺς,
1161 1100 1342 1135 μεθορισμούς
1351 1110 1381 1128 τε
1393 1102 1488 1129 τούτου
1499 1103 1546 1130 καὶ
1557 1103 1664 1139 ἡδονὰς,
1676 1105 1722 1131 καὶ
1735 1105 1783 1136 τὰς
1794 1106 1862 1140 πρὸς

1075 1145 1157 1172 αὑτὸν
1184 1146 1313 1181 ἀσχολίας
1327 1146 1356 1173 τδ
1373 1148 1503 1183 παράπαν
1518 1150 1684 1184 μισήσαντες
1694 1158 1701 1165 ·
1718 1149 1798 1177 τοῦτο
1808 1151 1862 1185 γάρ

1076 1191 1179 1217 ἔστιτὸ
1197 1192 1404 1227 ἀπαρνήσασθαι
1425 1192 1531 1220 ἑαυτόν.
1545 1193 1626 1220 Ὥστε
1652 1194 1709 1228 [δίῳ
1729 1194 1862 1230 θελήματι

1076 1235 1191 1266 ἕκαστος
1204 1236 1254 1270 τῆς
1272 1235 1407 1271 βασιλείας
1424 1237 1586 1265 ἐκϐάλλεται
1597 1245 1604 1254 ⁸
1621 1237 1661 1272 τῷ
1691 1239 1728 1274 μὴ
1744 1239 1774 1271 ἐξ
1798 1239 1864 1274 ἁλη-

1076 1280 1151 1312 θείας
1162 1280 1269 1308 ἑλέσθαι
1277 1282 1339 1313 τοὺς
1355 1282 1463 1314 πόνους.
1474 1283 1521 1309 καὶ
1530 1283 1626 1310 ἑαυτὸν
1638 1284 1862 1319 ἀπαρνήσασθαι,

1075 1326 1144 1353 ἀλλὰ
1158 1327 1259 1354 ἐθέλειν
1269 1327 1309 1354 ἔτι
1321 1328 1391 1363 πρδς
1402 1328 1499 1363 ἐκείνῳ
1512 1328 1550 1364 τῷ
1557 1328 1642 1365 θεῖκῷ
1649 1329 1732 1365 πόθῳ,
1749 1330 1796 1357 καί
1807 1339 1863 1357 τισι

1075 1371 1123 1399 τοῦ
1140 1373 1236 1404 αἰῶνος
1253 1373 1348 1400 τούτου
1377 1374 1554 1410 συνήδεσθαι·
1584 1375 1631 1402 καὶ
1648 1375 1685 1411 μὴ
1709 1376 1758 1410 τὴν
1775 1376 1863 1412 ῥοπὴν

1076 1417 1139 1453 ὃλην
1153 1418 1199 1446 τοῦ
1217 1419 1282 1446 ἰδίου
1306 1419 1458 1455 θελήματος
1474 1419 1513 1456 τῷ
1529 1420 1590 1456 Θεῷ
1622 1421 1733 1449 διδόναι.
1749 1423 1789 1448 Δι’
1803 1422 1864 1454 ἑνὸς

1075 1464 1104 1491 δὲ
1119 1465 1316 1499 ὑποδείγματος
1333 1465 1477 1501 γνώρισμα
1501 1466 1579 1493 ἔσται
1604 1466 1643 1502 τῷ
1668 1468 1737 1502 μετὰ
1757 1468 1860 1502 χεῖρας.

1076 1508 1225 1543 Διακρίνων
1238 1509 1287 1543 μὲν
1299 1508 1354 1544 γὰρ
1364 1509 1498 1544 διακρίνει
1507 1511 1634 1544 ἕκαστος,
1649 1511 1697 1538 καὶ
1706 1511 1736 1537 οὺ
1751 1511 1864 1547 λέληθεν

1076 1554 1167 1586 αὑτὸν,
1184 1555 1224 1581 ὅτι
1244 1553 1345 1582 ἄτοπον
1356 1555 1415 1582 τόδε
1426 1555 1508 1591 τυχὸν
1519 1556 1588 1592 ὅπερ
1601 1555 1728 1591 ὥρμηται
1739 1557 1861 1591 ποιῆσαι.

1076 1600 1188 1636 Πρῶτον
1210 1600 1259 1636 μὲν
1272 1600 1327 1636 γὰρ
1343 1601 1407 1628 εῐσω
1434 1601 1504 1628 κατὰ
1520 1601 1570 1637 τὴν
1585 1601 1698 1636 καρδίαν
1712 1601 1862 1636 ἐπισημαί-

1077 1654 1152 1673 νεται
1178 1646 1370 1682 ἠὰμφισσλίω
1387 1647 1404 1682 ἡ
1424 1646 1531 1682 στάθμη
1555 1647 1584 1674 δὲ
1610 1648 1659 1674 καὶ
1680 1648 1694 1674 ό
1719 1647 1799 1681 ζυγὸς
1822 1647 1863 1682 τῷ

1076 1689 1173 1717 ἑαυτοῦ
1188 1691 1329 1724 συνειδότι,
1341 1691 1460 1726 φανερὰν
1474 1691 1606 1728 πρότερον
1621 1692 1671 1727 τῆς
1682 1701 1713 1719 τε
1726 1692 1772 1719 τοῦ
1781 1692 1861 1725 Θεοῦ,

1076 1737 1123 1764 καὶ
1136 1737 1184 1771 τῆς
1198 1737 1245 1763 τοῦ
1275 1737 1380 1772 κόσμου
1395 1738 1506 1774 ἀγάπης
1518 1737 1568 1773 τὴν
1589 1738 1676 1774 ῥοπὴν
1691 1738 1763 1765 ἔνδον
1778 1740 1860 1771 ποιεῖ,

1075 1781 1122 1807 καὶ
1138 1781 1198 1807 τότε
1218 1781 1282 1816 περὶ¹
1301 1781 1336 1808 τὰ
1362 1781 1415 1815 ἔξω
1429 1782 1547 1817 πρόεισι.
1568 1783 1719 1818 Διακρίνων
1742 1783 1807 1817 γὰρ,
1824 1783 1863 1815 ὡς

1077 1825 1196 1861 εἴρηται,
1211 1825 1342 1861 διακρίνει
1354 1825 1470 1858 ἕκαστος
1480 1835 1488 1842 ·
1503 1824 1559 1853 οἷον
1578 1827 1691 1862 εἰτύχοι
1706 1826 1745 1862 τῷ
1756 1826 1864 1861 ἀδελφῷ

1076 1871 1337 1906 διαπληκτιζόμενος
1351 1872 1490 1904 στασιάζει
1502 1872 1570 1908 πρὸς
1582 1872 1687 1904 ἑαυτὸν,
1699 1872 1807 1908 πρῶτον
1816 1872 1863 1899 καὶ

1075 1917 1258 1952 ἁντιτίθησιν·
1275 1917 1365 1950 Εἴπως
1393 1917 1462 1944 ἀλλὰ
1481 1917 1519 1952 μὴ
1543 1917 1631 1944 arnor
1649 1917 1863 1952 ἁντιφθὲγξομαι

1076 1962 1144 1998 πρὸς
1157 1962 1235 1990 ταυτί
1260 1971 1305 1998 μοι
1327 1964 1364 1990 τὰ
1379 1963 1562 1998 ἐπενεχθέντα
1580 1964 1686 1999 όνείδη;
1707 1963 1776 1990 ἀλλὰ
1801 1972 1864 1990 σιω-

1077 2009 1198 2043 πήσομαι
1215 2008 1314 2043 μᾶλλον
1325 2016 1332 2023 ·
1345 2007 1444 2043 ἔχομεν
1461 2008 1509 2035 καὶ
1521 2009 1575 2036 τῶν
1590 2009 1658 2035 Θεοῦ
1672 2008 1787 2036 έντολῶν
1803 2009 1842 2045 (I)
1854 2017 1862 2025 ·

1077 2052 1146 2088 πλὴν
1169 2052 1238 2078 ἀλλὰ.
1260 2052 1371 2087 καὶτῆς
1391 2053 1459 2084 ίδίας
1475 2053 1554 2089 δόξης
1582 2054 1633 2081 οὐκ
1660 2054 1863 2089 ἀπερχομένης,

1077 2097 1138 2124 οὐδὲ
1147 2098 1321 2124 παντάπασιν
1332 2098 1427 2125 ἑαυτὸν
1446 2098 1573 2134 ἐλόμενος
1597 2091 1818 2135 ὰπαρνήσασθαιῖ
1833 2100 1865 2127 Εἰ

1077 2141 1124 2170 οὗν
1137 2144 1185 2170 καὶ
1197 2143 1294 2179 μικρὸν
1309 2144 1327 2179 ἡ
1342 2144 1412 2179 ῥοπὴ
1424 2145 1474 2180 τῆς
1484 2145 1531 2171 τοῦ
1543 2145 1646 2180 κόσμου
1672 2145 1765 2180 φιλίας
1779 2145 1823 2171 τὸν
1835 2146 1866 2172 ἐν

1077 2189 1110 2224 τῇ
1125 2189 1221 2224 καρδίᾳ
1235 2188 1317 2222 ζυγὸν
1340 2189 1543 2222 καθελκύσειεν,
1566 2190 1647 2222 εὐθὺς
1658 2191 1672 2216 ό
1687 2191 1806 2226 πονηρὸς
1816 2190 1864 2217 λό⁹

1077 2241 1124 2267 γος
1135 2234 1257 2268 πρόεισιν
1270 2233 1333 2268 ἄχρι
1343 2234 1455 2261 καὶτῶν
1473 2234 1586 2270 χειλέων
1595 2243 1602 2250 ⁸
1612 2233 1662 2261 εἶθ’
1675 2231 1764 2267 οὗτος,
1775 2235 1866 2262 ὡσπε-

240 2279 314 2306 citiaa
335 2280 479 2307 mundanae
497 2281 593 2316 jugum
616 2286 724 2309 statera:
745 2281 773 2309 in
795 2282 879 2309 corde
901 2283 1025 2315 traxerit,

1079 2280 1121 2314 pel.
1135 2279 1210 2310 τόξον
1227 2279 1413 2314 ὲντεινόμενος
1437 2280 1451 2306 ὸ
1478 2279 1540 2311 νοῦς
1570 2279 1686 2312 ἔνδοθεν,
1715 2280 1866 2315 βάλλειτῖιν

240 2325 333 2352 statim
344 2325 444 2353 malum
460 2327 574 2353 verbum
586 2327 642 2355 exit
655 2335 743 2362 usque
767 2328 800 2354 ad
815 2327 908 2361 labra;
924 2327 1024 2355 deinde

241 2377 330 2403 mens,
349 2375 477 2406 tanquam
495 2380 589 2400 arcum
611 2373 686 2400 intus
703 2372 828 2406 tendens,
844 2374 981 2409 jaculatur
997 2375 1025 2400 in

241 2416 397 2450 proximum
414 2426 462 2453 per
476 2418 606 2454 linguam.
619 2419 742 2454 Iurgium
767 2419 831 2447 inde
853 2419 1027 2454 progreditur

243 2469 331 2496 usque
341 2462 375 2489 ad
388 2470 495 2496 manus,
509 2464 646 2491 interdum
659 2469 687 2491 et
697 2465 828 2497 vulnera;
846 2465 912 2500 quin
927 2465 961 2491 ad
972 2472 1026 2492 caa-

242 2507 305 2534 dem
321 2516 516 2544 nonnunquam
533 2510 619 2544 ipsam
644 2511 701 2537 rixa
723 2511 857 2545 pervenit.
872 2511 912 2538 Ex
924 2518 979 2545 quo
993 2510 1028 2537 Ii-

242 2555 287 2577 cct
302 2552 466 2586 perspicere,
481 2553 553 2580 unde
577 2554 660 2581 ducto
684 2554 821 2588 principio
836 2554 865 2580 in
892 2557 1026 2588 quantum

242 2596 356 2623 sceleris
381 2598 545 2631 processerit
568 2598 660 2626 brevis
685 2599 729 2626 ille
750 2603 840 2625 motus
863 2599 970 2625 animm.
994 2598 1028 2625 Et

243 2649 278 2670 ex
297 2642 349 2670 hoc
373 2644 498 2679 exemplo
522 2649 630 2679 reputa,
647 2645 687 2671 sic
713 2644 748 2671 ad
776 2644 899 2680 singulos
915 2643 1029 2672 evenire

281 2712 291 2728 '
311 2713 406 2741 Matth;
424 2721 479 2747 xw,
494 2714 539 2742 24.
579 2715 600 2731 ¹⁰
613 2715 681 2742 Luc.
694 2723 749 2748 xw,
765 2715 810 2743 26.

1071 2325 1183 2360 πλησίον
1196 2325 1239 2352 διὰ
1259 2326 1308 2361 τῆς
1320 2325 1452 2360 γλώττης,
1467 2326 1514 2352 καὶ
1529 2326 1610 2361 μέχρι
1623 2326 1732 2362 χειρῶν,
1763 2325 1820 2352 ἐστι
1841 2327 1866 2353 δ’

1073 2372 1118 2398 ὅτε
1135 2370 1183 2397 καὶ
1197 2371 1376 2406 τραυμάτων,
1393 2371 1460 2398 ἀλλὰ
1471 2370 1518 2398 καὶ
1533 2371 1615 2398 αὑτοῦ
1632 2371 1725 2405 φόνου,
1737 2371 1767 2397 τὺ
1781 2372 1865 2397 κακὸν

1073 2416 1206 2451 πρόεισιν.
1227 2416 1336 2449 Ἔξεστι
1346 2417 1436 2443 τοίνυν
1447 2417 1493 2444 καὶ
1508 2417 1708 2453 παραθεωρεῖν,
1723 2417 1786 2443 ὅθεν
1812 2417 1866 2452 ἀρε

1074 2463 1190 2497 ξάμενον
1200 2459 1257 2490 οἷον
1271 2462 1376 2498 προέϐη
1391 2462 1478 2489 δεινοῦ
1491 2463 1522 2489 τδ
1545 2462 1632 2497 βραχὺ
1655 2462 1733 2488 τοῦτο
1759 2462 1864 2496 κίνημα

1074 2508 1123 2543 τῆς
1137 2508 1235 2543 ψυχῆς.
1248 2508 1326 2535 Οὕτω
1341 2508 1394 2534 νόει
1419 2516 1475 2542 μοι,
1503 2508 1550 2534 καὶ
1569 2508 1608 2539 είς
1625 2507 1654 2534 ἓν
1669 2507 1783 2534 ἱκαστον
1796 2516 1866 2541 συμ-

1080 2553 1182 2579 ϐαίνειν
1205 2552 1358 2587 ἁμάρτημά
1387 2560 1417 2579 τε
1434 2553 1481 2579 καὶ
1504 2552 1684 2587 ἐπιτήδευμα,
1698 2552 1748 2587 τῆς
1765 2552 1865 2583 κακίας

1081 2598 1278 2633 κολακευοὺσης
1303 2606 1332 2624 τε
1349 2598 1396 2624 καὶ
1423 2598 1635 2633 περισαινούσης
1649 2598 1680 2624 τὸ
1696 2597 1802 2631 θέλημα
1815 2597 1866 2631 τῆς

1080 2643 1168 2680 ψυχῆς
1189 2643 1348 2679 ἐπιθυμίαις
1374 2645 1518 2679 κοσμικαῖς
1546 2644 1593 2670 καὶ
1609 2643 1710 2679 σαρκός
1734 2643 1843 2678 ἡδοναῖς
1856 2650 1864 2657 ⁸

285 2789 329 2827 (l)_
340 2790 469 2827 ἐχομεν,
487 2799 515 2817 κ.
530 2799 556 2817 τ.
568 2790 605 2826 λ.]
627 2791 707 2819 Forte
729 2790 781 2827 leg.
799 2790 893 2827 ἔχομαι
909 2792 954 2820 καὶ
971 2791 1024 2818 τῶν

1076 2792 1113 2819 εοῦ
1129 2789 1261 2824 ἐντολῶν;
1292 2790 1372 2826 πλὴν,
1390 2799 1417 2818 κ.
1439 2799 1464 2818 τ.
1481 2791 1507 2818 λ.
1524 2789 1697 2818 Adhazrebouc
1713 2790 1793 2817 etiam
1807 2787 1856 2814 Dei

249 2825 402 2852 mandatu?
415 2826 451 2852 sic
467 2830 554 2852 tamen
569 2825 608 2859 ut,
621 2832 674 2853 etc.
