2075 3155
224 157 278 194 885

649 162 765 194 LIBER
784 163 833 194 DE
851 163 1054 195 PATIENTIA
1070 164 1121 201 ΕΤ
1141 163 1403 196 DiSCRETIONE.

1803 162 1857 194 886

225 216 313 248 οὕτως
322 216 505 252 ἀπαρτίζεται
520 217 639 253 μοιχεία,
647 218 718 246 οὕτω
733 219 830 255 κλοπὴ,
846 219 1016 246 οὖτωπλεον-

1069 221 1162 256 lapsus
1174 221 1202 248 in
1217 225 1328 256 peccata
1341 221 1384 249 vel
1404 227 1489 256 prava
1508 219 1616 253 studia;
1634 219 1738 248 malitia
1752 219 1856 255 ubique

225 262 296 296 εξία,
318 262 389 290 οὕτω
407 264 454 291 καὶ
467 264 617 298 κενοδοξία,
639 265 713 292 οὓτω
728 266 776 293 καὶ
789 266 845 292 πᾶν
864 266 953 293 ὁτιοῦν
966 274 1014 292 πο-

225 309 318 346 νηρόν.

1067 266 1273 294 adulationibus
1288 266 1454 301 quibusdam
1471 267 1670 301 blanditiisque
1697 266 1854 300 pelliciente

1067 312 1236 339 voluntatem
1247 312 1346 339 animae
1360 312 1387 340 in
1398 312 1563 347 cupiditates
1576 312 1740 339 mundanas.
1753 316 1781 338 et
1793 319 1856 338 car-

226 358 271 385 nis
286 358 449 394 voluptates.
471 360 517 388 Sic
529 364 706 396 perpetratur
729 361 910 395 adulterium,
927 361 968 389 sic
978 361 1094 395 furtum,
1108 362 1149 389 sic
1165 361 1291 395 avaritia,
1307 361 1348 389 sic
1371 369 1441 389 vana
1462 361 1603 397 gloriatio;
1630 361 1671 388 sic
1687 368 1768 388 omne
1780 360 1855 388 aliud

225 406 347 441 cujusvis
361 408 470 442 generis
479 410 592 437 malum.

262 452 326 480 ΚΝ.
341 453 396 480 Καὶ
410 454 481 481 αὑτά
509 454 544 482 τὰ
556 454 626 481 καλὰ
650 455 781 488 πολλάκις
809 455 1014 491 ἐπιτηδεύματα

226 498 270 525 διὰ
292 499 376 534 κενὴν
399 499 479 534 δόξαν
505 501 688 528 ἐπιτελεῖται·
704 501 774 537 ὅπερ
796 501 853 528 ῐσον
867 502 969 536 κλοπῆς
984 511 1014 530 τε

227 545 274 571 καὶ
287 544 412 580 ἀκηδίας,
424 546 471 572 καὶ
485 546 540 573 τῶν
556 546 644 574 ἄλλων
658 547 785 582 μεγάλων
806 547 1014 582 ἁμαρτημάτων

225 589 265 625 τῷ
280 590 340 626 Θεῷ
352 590 485 626 κρίνεται.
508 591 539 619 '0
553 592 626 625 Θεὸς
649 592 715 628 γὰρ,
732 593 824 628 φησὶν,
843 593 1014 627 διεσκόρπι-

226 644 283 663 σεν
306 636 382 665 ὀστᾶ
407 637 681 672 ἀνθρωπαρέσκων·
695 638 766 665 ὥστε
793 639 842 666 καὶ
866 638 901 666 δι’
923 639 1014 666 αὐτῶν

226 684 281 710 τῶν
305 684 396 712 καλῶν
418 685 613 720 ὑπηρετεῖσθαι
636 686 684 713 καὶ
704 686 906 721 θεραπεύεσθαι
934 686 949 713 ὁ
971 687 1017 721 ὲχ-

227 729 291 765 θρὸς
300 729 434 765 βούλεται,
445 730 582 765 ἀπατηλὸς
592 731 630 758 ὢν
641 732 755 764 ἐκεῖνος,
766 732 816 759 καὶ
824 732 956 765 ποικίλος,
968 731 1018 758 καὶ

227 775 343 807 σκολιός.

263 823 327 852 κε’.
336 823 426 860 Ὅπερ
437 833 479 856 τις
492 824 605 860 ἐφίλησε
621 824 669 852 τοῦ
685 825 819 861 παρόντος
833 826 938 862 κόσμου
951 825 1017 853 τού-

1101 456 1196 484 XXIV.
1213 456 1273 492 Ipsa
1287 463 1399 492 quoque
1416 463 1466 492 per
1489 463 1518 484 se
1535 456 1683 483 laudabilia
1698 455 1734 483 ob
1755 463 1854 484 vanam

1067 510 1138 537 sape
1162 503 1278 538 gloriam
1301 510 1386 538 opera
1401 502 1567 530 efﬁciuntur.
1585 502 1663 535 Quod
1680 502 1791 537 quidem
1806 510 1856 537 par

1066 548 1151 581 furto,
1168 549 1285 581 inertiae,
1309 549 1471 584 magnisque
1489 548 1551 575 aliis
1565 548 1685 583 peccatis
1707 555 1722 575 a
1739 549 1796 576 Deo
1808 549 1855 584 ju-

1067 595 1196 623 dicatur:
1214 595 1285 623 Deus
1307 596 1377 622 enim
1389 596 1439 631 (ait
1453 594 1552 629 David)
1570 595 1708 630 dissipavit
1728 603 1787 622 ossa
1810 603 1856 622 eo-

1069 650 1140 674 rum,
1155 643 1199 677 qui
1210 642 1357 669 hominibus
1372 641 1477 677 placent
1491 642 1523 668 ¹¹.
1536 641 1630 675 Itaque
1647 641 1793 676 vectigales
1801 641 1855 669 sibi

1066 687 1158 716 facere
1178 688 1306 720 virtutes,
1333 688 1467 715 tributum
1484 695 1500 714 e
1521 687 1604 714 bonis
1619 687 1750 722 operibus
1765 689 1856 715 cultus

1066 733 1248 768 obsequiique
1265 738 1378 768 captans
1391 733 1497 768 pr0prii
1517 733 1606 760 hostis
1631 737 1726 760 noster
1746 733 1855 769 satagit,

1066 785 1206 808 veterator
1219 780 1266 808 ille
1279 784 1420 810 versutus.
1435 780 1528 807 varius
1543 784 1572 807 et
1585 787 1696 814 pravus.

1104 826 1186 854 XXV.
1204 826 1293 859 Quam
1309 826 1401 861 quivis
1414 833 1448 853 ex
1462 825 1557 852 mundi
1569 825 1652 867 hujus
1668 825 1751 852 rebus
1769 828 1852 856 amat.

226 878 284 902 του,
299 869 347 898 καὶ
364 870 475 905 βαρύνει
488 870 521 906 δὴ
533 871 582 906 τὴν
609 871 714 898 ἐκείνου
726 872 858 903 διάνοιαν,
874 874 923 899 καὶ
933 873 1015 900 οἱονεὶ

1069 881 1098 900 ea
1109 876 1205 908 gravat
1219 872 1294 899 illius
1306 875 1437 904 mentem,
1448 875 1477 898 et
1487 871 1564 906 quasi
1585 871 1713 898 deorsum
1730 871 1813 898 trahit
1823 879 1855 898 ac

226 915 302 942 κάτω
316 914 455 947 καθέλκει,
465 915 514 942 καὶ
528 916 643 943 συνωθεῖ
656 917 705 944 καὶ
715 917 854 952 ἀνακύψαι
863 917 948 953 αὐτὴν
966 919 1018 945 οὐκ

227 959 329 995 ἀνίησι.
345 960 405 987 Τῶν
415 960 469 996 γὰρ
476 960 606 988 τοιούτων
619 962 650 989 τὸ
664 962 796 997 στάομιόν
806 972 837 990 τε
845 964 893 990 καὶ
905 964 922 999 ή
932 964 1016 1000 ῥοπὴ,

227 1005 312 1032 καὶτὸ
325 1004 417 1040 ζύγιον
424 1006 472 1033 τοῦ
482 1006 634 1042 θελήματος
644 1008 695 1042 τῆς
704 1008 818 1044 καρδίας
829 1008 923 1046 ὥσπερ
933 1010 1016 1045 ἑξήρ-

227 1059 317 1085 τηται,
334 1051 381 1079 καὶ
392 1051 507 1087 βάσανος
514 1051 704 1087 ἔνθενγίνεται
714 1054 794 1081 παντὶ
806 1054 846 1090 τῷ
855 1055 1018 1091 ἀνθρωπείῳ

227 1097 312 1131 γένει,
331 1097 391 1133 ἦτοι
404 1098 458 1125 τῶν
475 1099 504 1125 ὲν
515 1098 628 1125 πόλεσιν
638 1099 786 1126 οἰκούντων
798 1100 982 1136 Χριστιανῶν,
999 1101 1017 1137 ἢ

227 1143 281 1170 τῶν
300 1144 330 1170 ὲν
343 1143 430 1179 ὄρεσι,
444 1144 498 1171 τῶν
509 1146 539 1171 ὲν
555 1146 660 1179 μοναῖς,
680 1145 696 1180 ἦ
718 1146 746 1173 ὲν
761 1147 868 1181 ἀγροῖς.
883 1146 900 1181 ἢ
913 1148 942 1173 ὲν
955 1148 1018 1182 ἐρη-

229 1189 316 1223 μίαις,
340 1189 381 1216 ὅτι
396 1189 466 1217 ἑκών
481 1199 525 1222 τις
542 1190 737 1226 δελεαζόμενος
756 1191 801 1225 ὑφ’
823 1188 909 1227 οὗπερ
933 1191 1017 1226 φιλεῖ,

227 1233 306 1270 δῆλός
328 1235 402 1262 ἐστιν
414 1234 492 1262 οὔπω
505 1235 555 1271 τὴν
572 1236 684 1272 ἀγάπην
698 1236 781 1263 αὐτοῦ
799 1236 865 1272 ὅλην
878 1237 1019 1272 παραδοὺς

227 1279 266 1315 τῷ
276 1280 345 1315 Θεῷ.
358 1278 432 1314 Οἷον,
449 1281 578 1317 ἠγάπησε
594 1290 647 1313 τις,
662 1282 687 1308 εί
702 1281 790 1317 τύχοι,
805 1283 941 1317 κτήματα,
952 1291 1018 1317 χρυ-

229 1325 286 1353 σίον
295 1326 384 1360 ἄλλος,
397 1327 490 1362 ἕτερος
510 1328 544 1363 τῇ
559 1328 659 1363 γαστρὶ
668 1327 814 1360 δουλεύειν,
825 1328 842 1363 ἢ
861 1327 1018 1363 ἐπιθυμίαις

227 1370 287 1403 ταῖς
305 1371 356 1407 τῆς
372 1372 476 1408 σαρκὸς
486 1372 661 1408 χαρίζεσθαι,
673 1373 753 1404 ἀλλος
769 1373 865 1407 σοφίαν
876 1373 963 1407 λόγων
972 1373 1019 1400 διὰ

228 1416 307 1450 δόξαν
325 1417 456 1454 ἐπίκηρον
466 1426 474 1434 '
485 1419 499 1445 ό
513 1418 563 1453 μὲν
579 1418 677 1454 ἀρχὴν,
697 1418 711 1445 ὁ
722 1418 751 1445 δὲ
764 1418 814 1450 τὰς
830 1418 860 1450 ἐξ
871 1417 1020 1453 ἀνθρώπων

227 1463 320 1498 τιμὰς,
337 1463 422 1498 ὀργὴν
439 1463 518 1496 ἀλλος
533 1464 581 1491 καὶ
597 1464 693 1499 μῆνιν·
711 1463 742 1490 τὸ
759 1464 813 1499 γὰρ
833 1463 941 1490 ἔκδοτον
955 1464 1021 1490 ἐαυ-

228 1510 273 1536 τὸν
289 1511 440 1545 παρασχεῖν
451 1509 490 1545 τῷ
504 1510 590 1544 φίλων
609 1509 684 1545 αὐτῷ
696 1510 836 1544 φαίνεται·
851 1509 943 1544 ἕτερος
959 1511 1021 1544 ὁμι-

229 1554 288 1587 λίας
295 1555 325 1588 ἐς
334 1555 411 1582 οὐδὲν
425 1555 495 1582 δέον.
509 1555 605 1587 ’Δλλος
622 1555 716 1587 ἀπλῶς
725 1555 756 1582 τὸ
767 1555 962 1591 μεθορίζεσθαι
973 1575 981 1589 ,
998 1555 1015 1591 ἡ
1032 1546 1054 1574 C

229 1599 319 1634 λόγοις
332 1600 476 1636 προσέχειν
492 1601 598 1636 ἀργοῖς,
608 1601 625 1636 ἦ
641 1601 672 1627 τὸ
688 1600 850 1633 διδάσκαλος
870 1598 952 1634 εῖναι,
969 1601 1017 1627 καὶ

229 1646 308 1675 τοῦτο
321 1647 365 1675 διὰ
381 1647 460 1681 δόξαν
474 1647 523 1683 τὴν
535 1647 566 1680 ἐξ
575 1647 726 1682 ἀνθρώπων
737 1655 744 1662 ·
760 1648 809 1674 καὶ
819 1649 834 1674 ό
846 1647 895 1682 μὲν
909 1648 1016 1683 χαυνὼ-

233 1701 274 1720 σει
299 1694 348 1720 καὶ
377 1693 494 1730 ἀμελείᾳ
509 1693 686 1728 πρόσκειται·
702 1694 717 1720 ὀ
738 1692 767 1719 δὲ
781 1692 897 1728 ἱματίων
911 1693 1018 1720 καλλω-

230 1740 341 1774 πισμοῐς
356 1739 465 1774 ἥδεται·
490 1737 568 1771 οὗτος
593 1739 688 1774 ὕπνῳ,
719 1739 822 1770 ἐκεῖνος
839 1738 1017 1774 εὐτραπελίᾳ,

231 1785 279 1811 καὶ
292 1784 372 1816 ἄλλος
388 1784 480 1820 μικρῷ
493 1785 571 1820 τινιῆ
589 1784 701 1820 μεγάλῳ
725 1783 774 1810 τοῦ
791 1784 895 1820 κόσμου
916 1784 1020 1811 δέδεται

231 1831 279 1857 καὶ
305 1831 461 1866 κατέχεται,
479 1831 527 1858 καὶ
541 1831 592 1858 οὐκ
612 1831 719 1858 ἀνίεται
736 1830 894 1864 ἀνακύψαι·
913 1831 981 1865 πρὸς
1006 1830 1021 1858 δ

232 1876 285 1912 γὰρ
293 1876 377 1909 πάθος
391 1876 422 1903 οὐ
431 1876 596 1912 διαμάχεταί
608 1884 650 1908 τις
662 1875 805 1910 γενναίως,
814 1876 875 1903 οὐδὲ
887 1875 1020 1903 ἀντικαθ-

234 1923 339 1949 ίσταται
368 1922 465 1958 ὲκείνῳ
486 1922 605 1954 πάντως,
630 1922 678 1948 καὶ
687 1921 797 1956 ἥδεται·
819 1922 931 1948 κάκεῖνο
947 1921 1020 1948 καθ-

233 1969 311 1996 έλκον
330 1968 413 1996 αὑτὸν
432 1968 480 1994 καὶ
490 1967 604 2002 κατέχον
615 1967 699 1994 οἱονεὶ
718 1966 817 2002 δεσμός
842 1975 895 1999 τις,
912 1967 959 1994 καὶ
974 1966 1022 1993 κύ-

234 2023 293 2050 φων
304 2014 355 2049 τῆς
364 2013 484 2044 διανοίας
494 2012 578 2040 αὑτοῦ
593 2013 698 2047 γίνεται
705 2012 753 2040 τοῦ
767 2013 804 2048 μὴ
820 2012 889 2048 πρὸς
901 2013 947 2040 τὸν
956 2012 1022 2039 Θεὸν

234 2062 428 2099 ἀναφέρεσθαι,
446 2061 507 2097 μηδ’
519 2060 594 2096 αὺτῴ
611 2061 684 2096 μόνῳ
699 2059 852 2094 λατρεύειν.
869 2059 950 2094 Ψυχὴ
968 2058 1023 2094 γὰρ

235 2109 252 2144 ἡ
263 2108 371 2143 ἀληθῶς
384 2108 453 2143 πρὸς
464 2107 567 2143 Κύριον
576 2107 626 2141 τὴν
634 2107 722 2142 ὁρμὴν
734 2104 922 2137 ἀπευθύνασα,
933 2105 1023 2132 πᾶσαν

235 2154 310 2190 αὐτῷ
328 2154 377 2189 τὴν
391 2153 486 2188 ἔφεσιν
499 2152 653 2188 ἐπιτρέπει,
669 2152 739 2187 αὺτή
769 2160 799 2178 σε
826 2151 927 2186 ἑαυτῆς
941 2149 1023 2185 ἐξαρ-

235 2209 280 2233 νος
292 2201 409 2234 γίνεται,
430 2199 479 2226 καὶ
497 2199 544 2226 τοῦ
562 2199 627 2226 ίδίου
642 2197 702 2230 vobs
722 2199 780 2229 τοῖς
798 2197 949 2233 θελήμασιν
974 2195 1025 2223 οὐκ

235 2245 350 2272 ἀκολουθ
355 2246 389 2272 εἴ.

1066 919 1202 950 detrudit,
1214 922 1378 952 vertereque
1394 924 1505 944 sursum
1516 917 1610 944 oculos
1618 924 1673 944 non
1688 917 1764 944 sinit.
1776 917 1855 951 Apud

1068 965 1136 992 tales
1148 965 1221 992 enim
1238 968 1340 992 statera
1355 967 1384 992 et
1394 971 1496 998 anceps
1510 967 1691 995 momentum,
1704 963 1856 998 iugumque

1067 1009 1176 1038 arbitrii
1193 1009 1286 1037 cordis
1301 1008 1380 1044 quasi
1397 1008 1534 1035 sublatum
1548 1012 1609 1039 est;
1624 1014 1794 1041 examenque
1815 1007 1855 1034 sic

1067 1055 1099 1083 fit
1119 1055 1267 1090 explorans
1290 1054 1404 1082 intimos
1425 1060 1524 1080 sensus
1545 1052 1753 1087 omnisgeneris
1767 1051 1843 1078 homi

1068 1107 1146 1131 num.
1160 1107 1210 1127 seu
1223 1099 1251 1126 in
1263 1098 1381 1126 urbibus
1395 1097 1555 1133 degentium
1563 1097 1794 1130 Christianorum,
1807 1104 1854 1124 seu

1068 1146 1095 1173 in
1116 1146 1268 1179 montibus,
1278 1154 1327 1174 seu
1344 1145 1372 1173 in
1384 1145 1577 1177 monasteriis;
1592 1144 1650 1171 sive
1663 1143 1690 1170 in
1703 1143 1785 1178 agris,
1797 1144 1855 1171 sive

1069 1192 1098 1219 in
1113 1192 1319 1220 solitudinibus.
1334 1191 1611 1227 Deprehenditurque
1629 1197 1663 1216 ex
1675 1196 1710 1216 eo
1724 1189 1798 1223 quod
1809 1196 1858 1215 voc

1071 1239 1132 1266 lens
1140 1238 1203 1274 quis
1213 1238 1349 1266 alliciatur
1359 1238 1394 1265 ab
1402 1245 1434 1265 ea
1445 1244 1486 1270 re,
1496 1242 1667 1271 quaacunque
1682 1234 1790 1262 tandem
1803 1238 1854 1266 est,

1071 1292 1152 1320 quam
1168 1288 1252 1316 amat.
1266 1282 1389 1311 nondum
1416 1289 1496 1311 suum
1525 1289 1635 1309 omnem
1655 1288 1776 1308 amorem
1799 1281 1857 1308 1)εο

1068 1330 1216 1357 addixisse.
1234 1329 1357 1364 Exempli
1372 1328 1472 1364 gratia,
1486 1327 1576 1362 diligit
1585 1327 1648 1362 quis
1660 1327 1730 1353 forte
1747 1333 1857 1361 posses-

1069 1375 1172 1407 siones,
1190 1375 1262 1402 alius
1275 1383 1386 1406 aurum,
1408 1375 1480 1401 alius
1498 1377 1572 1401 amat
1584 1372 1674 1400 ventri
1696 1372 1809 1403 servire,
1829 1376 1858 1398 et

1070 1419 1214 1455 indulgere
1238 1419 1472 1454 concupiscentiis
1483 1418 1588 1450 carnis;
1606 1417 1676 1444 alius
1694 1417 1857 1451 sapientiam

1070 1469 1142 1493 amat
1163 1468 1277 1500 propter
1297 1465 1414 1500 gloriam
1435 1464 1578 1499 fragilem;
1599 1470 1654 1490 non
1673 1470 1754 1490 nemo
1771 1462 1859 1490 ambit

1070 1510 1280 1546 praefecturam;
1307 1511 1377 1538 alter
1395 1510 1515 1537 honores
1539 1509 1574 1536 ab
1596 1507 1772 1540 hominibus;
1793 1507 1859 1535 huic

1069 1557 1159 1592 placet
1168 1556 1208 1584 ira
1223 1556 1328 1588 ell'erri.
1346 1559 1375 1584 et
1389 1556 1533 1588 bile;nam
1548 1554 1711 1589 impendere
1725 1561 1754 1581 se
1768 1554 1858 1588 ipsum

1068 1602 1164 1630 amicis
1180 1601 1365 1633 vindicandis,
1377 1601 1438 1629 laus
1451 1601 1504 1636 ipsi
1518 1599 1627 1628 videtur
1642 1608 1648 1627 :
1670 1599 1717 1626 alii
1729 1598 1860 1634 jucunda;

1068 1652 1134 1676 sunt
1158 1648 1394 1676 confabulationes
1408 1647 1502 1675 facetaa
1527 1646 1562 1674 de
1580 1645 1661 1682 nugis
1679 1645 1857 1673 scurrilibus.

1068 1694 1220 1728 Quemdam
1234 1694 1323 1722 soluta
1332 1693 1444 1721 licentia
1459 1693 1533 1720 ultra
1543 1692 1636 1720 decori
1647 1691 1782 1718 terminos
1794 1697 1859 1718 eva-

1069 1739 1165 1775 gandi;
1179 1745 1228 1768 aut
1245 1740 1337 1767 verbis
1347 1739 1444 1767 otiosis
1457 1738 1612 1770 attendere,
1627 1742 1675 1764 aut
1697 1737 1858 1772 magistrum

1070 1793 1150 1819 esse;
1165 1791 1194 1813 et
1205 1785 1258 1812 hoe
1271 1784 1438 1820 aucupandze
1447 1791 1528 1811 causa
1538 1783 1573 1810 ab
1581 1783 1740 1810 hominibus
1756 1782 1857 1815 glorizr.

1069 1828 1109 1855 Ac
1124 1827 1224 1862 aliquis
1243 1826 1356 1861 quidem
1371 1826 1399 1853 in
1415 1830 1554 1860 torporem
1565 1829 1593 1851 et
1601 1824 1795 1859 negligentiam
1812 1823 1862 1849 in-

1070 1873 1186 1901 cumbit.
1201 1873 1248 1900 Est
1258 1879 1340 1907 quem
1351 1871 1471 1899 delectet
1484 1874 1598 1897 ornatus
1615 1877 1648 1897 ac
1668 1868 1799 1904 splendor
1813 1875 1861 1895 ve-

1071 1919 1165 1946 stium.
1178 1917 1230 1946 Hic
1251 1925 1358 1949 somno,
1375 1917 1421 1944 ille
1441 1915 1582 1943 dicacitati
1600 1915 1773 1947 facetiarum,
1790 1914 1862 1940 alius

1071 1970 1163 1998 parvae
1184 1961 1304 1997 cuipiam
1319 1965 1368 1988 aut
1381 1968 1485 1996 magna:
1499 1959 1699 1987 mundanarum
1712 1965 1804 1986 rerum
1820 1957 1861 1984 af-

1072 2009 1146 2037 fectu
1160 2009 1267 2037 deﬁxus
1289 2008 1390 2040 haeret;
1409 2007 1447 2034 ita
1459 2010 1490 2034 ut
1505 2013 1537 2034 ea
1548 2004 1626 2040 quasi
1643 2004 1754 2031 vinctus
1766 2007 1861 2030 tenea-

1073 2060 1128 2086 tur.
1143 2062 1195 2082 nec
1208 2054 1295 2089 possit
1305 2059 1416 2081 sursum
1427 2052 1569 2087 aspicere;
1583 2057 1667 2085 quam
1677 2048 1751 2076 enim
1762 2048 1865 2082 aliquis
1903 2062 1909 2074 ι

1073 2100 1158 2128 animi
1175 2100 1218 2128 sui
1231 2107 1342 2134 pravam
1362 2097 1536 2126 affectionem
1555 2103 1611 2123 non
1630 2097 1771 2130 oppugnat
1793 2093 1864 2120 acri-
1898 2126 1902 2132 ν

1075 2152 1127 2178 ter.
1143 2146 1243 2181 cuique
1257 2153 1313 2172 non
1337 2143 1450 2172 obsistit
1463 2149 1608 2178 generose,
1623 2148 1655 2168 ea
1667 2140 1776 2168 tandem
1789 2138 1863 2166 dele-

1075 2197 1177 2226 ctatur,
1192 2197 1221 2220 et
1231 2197 1298 2220 tunc
1309 2191 1356 2219 illa
1368 2190 1453 2218 trahit
1467 2189 1557 2225 ipsum
1568 2195 1602 2216 ac
1611 2187 1727 2218 detinet,
1738 2189 1766 2213 et
1777 2192 1866 2212 uncus

1041 2226 1064 2255 θ
1076 2239 1152 2266 velut
1162 2238 1275 2274 quidam
1291 2237 1402 2265 collaris
1414 2237 1475 2272 ejus
1483 2235 1583 2263 mentis
1593 2235 1633 2267 fit,
1647 2233 1775 2260 de0rsum
1791 2231 1864 2258 illam

237 2293 384 2320 incurvans
409 2295 508 2327 negato
528 2290 568 2318 illi
590 2293 720 2326 suspectu
733 2288 767 2316 ad
780 2288 868 2316 Deum
891 2287 998 2320 libero;
1014 2294 1065 2314 nec
1080 2285 1244 2321 permittens
1259 2284 1298 2312 illi
1311 2283 1362 2311 soli
1377 2283 1492 2310 servire.
1506 2281 1603 2309 Anima
1620 2279 1706 2310 enim,
1722 2285 1782 2327 quae
1801 2281 1865 2302 vero

236 2339 270 2366 ad
289 2339 435 2367 Dominum
447 2323 588 2374 impetum
603 2323 683 2366 suum
698 2336 803 2371 dirigit,
820 2342 900 2363 omne
916 2333 957 2361 illi
973 2341 1054 2361 suum
1069 2331 1237 2360 desiderium
1250 2330 1396 2366 permittit,
1412 2329 1524 2364 ipsaque
1536 2328 1565 2355 in
1584 2325 1712 2354 omnibus
1726 2331 1759 2374 se
1769 2323 1855 2357 ipsam

236 2386 363 2422 abnegat,
378 2385 551 2421 propriaeque
562 2384 664 2412 mentis
677 2381 902 2411 inclinationibus
912 2379 986 2407 haud
999 2378 1174 2414 obsequitur.

273 2434 317 2460 ΚΖ
327 2454 335 2462 .
356 2432 498 2460 Διδακτέον
524 2432 557 2458 ὲκ
567 2430 801 2466 παραδείγματος,
817 2428 875 2458 πῶς
888 2426 1023 2462 θελήματι

239 2478 297 2514 ἰδίῳ
313 2478 518 2512 παραπόλλυται
533 2477 687 2512 ἄνθρωπος.
703 2475 754 2502 Διά
763 2474 818 2510 γὰρ
834 2473 945 2507 ἀγάπην
953 2471 1025 2503 τινὸς

237 2524 291 2551 τῶν
308 2524 355 2551 τοῦ
372 2523 474 2558 κόσμου
486 2523 515 2550 ἓν
525 2531 555 2550 τε
572 2523 640 2558 πυρὶ
654 2521 780 2557 βάλλεται
799 2520 847 2547 καὶ
858 2521 887 2547 ἐν
899 2518 1024 2554 θαλάσσῃ

239 2568 388 2604 βυθίζεται,
401 2568 448 2595 καὶ
463 2567 636 2603 αιχμαλωσίᾳ
655 2565 752 2594 ἑαυτὸν
767 2564 934 2600 ὲμπαρέχει·
957 2563 1025 2590 ὑπο-

237 2615 337 2641 κείσθω
352 2614 418 2649 γὰρ,
435 2610 509 2640 οἶκόν
524 2621 596 2644 τινος
606 2612 623 2647 ἦ
639 2612 734 2646 ἀγρὸν,
759 2610 830 2638 οὕτω
841 2609 959 2645 συμδάν,
975 2616 1026 2636 κα-

236 2658 458 2695 ταπίμπρασθαι.
482 2659 512 2685 '0
535 2658 624 2685 τοίνυν
639 2656 735 2684 ἑαυτὸν
763 2656 916 2691 περισῶσαι
934 2654 1027 2690 βουλό-

241 2713 330 2739 μενος,
342 2705 380 2736 ὼς
391 2704 439 2732 τοῦ
449 2703 616 2740 ἐμπρησμοῦ
632 2702 741 2738 ᾔσθετο,
757 2702 860 2737 γυμνὸς
869 2701 1025 2735 ἐκπέφευγε

242 2751 348 2778 πάντων
361 2751 515 2785 ἀμελήσας,
529 2750 576 2778 καὶ
590 2750 640 2785 τῆς
658 2747 758 2776 ἑαυτοῦ
778 2747 862 2783 μόνης
874 2746 962 2782 ψυχῆς
978 2753 1027 2780 γε·

277 2863 296 2879 "
312 2862 410 2891 Psalm.
423 2871 467 2897 ut,
478 2863 505 2891 6.

1110 2423 1206 2452 XXVI.
1222 2422 1380 2450 Docendum
1404 2421 1433 2448 in
1458 2418 1594 2454 exemplo,
1607 2415 1745 2452 quomodo
1760 2414 1816 2446 flat,
1830 2417 1860 2440 ut

1076 2473 1174 2506 pereat
1185 2469 1278 2500 homo,
1293 2475 1328 2495 eo
1344 2467 1417 2502 quod
1429 2465 1546 2501 propria:
1556 2463 1704 2491 obsecutus
1718 2459 1802 2488 fuerit
1816 2467 1865 2486 vo-

1077 2515 1194 2548 luntati;
1209 2518 1322 2549 propter
1341 2512 1416 2540 enim
1430 2511 1560 2538 all‘ectum
1579 2508 1613 2536 ad
1625 2506 1729 2542 aliquid
1741 2514 1774 2533 ex
1787 2513 1866 2532 ruun-

1077 2560 1158 2588 danis
1173 2558 1308 2594 contingit
1318 2565 1382 2586 eum
1397 2560 1444 2584 aut
1458 2556 1486 2583 in
1502 2555 1593 2590 ignem
1609 2552 1784 2588 eonjici,,aut
1795 2550 1864 2577 mari

1079 2606 1212 2641 demergi,
1231 2605 1313 2640 188
1337 2608 1384 2631 aut
1410 2603 1437 2630 in
1454 2601 1642 2636 captivitatem
1657 2607 1686 2626 se
1703 2597 1792 2632 ipsqu
1810 2601 1867 2625 tra-

1080 2653 1157 2680 dere.
1173 2652 1305 2683 Ponatur,
1317 2650 1430 2678 domum
1442 2652 1490 2675 aut
1505 2647 1597 2674 villam
1617 2652 1680 2673 casu
1699 2643 1813 2672 fortuito
1827 2642 1869 2668 iu~

1079 2697 1224 2727 ﬂammari.
1239 2695 1291 2730 Qui
1301 2703 1368 2731 ergo
1382 2694 1465 2722 saluti
1484 2692 1629 2721 consulere
1646 2690 1764 2726 propria:
1777 2688 1870 2716 deeru-

1079 2745 1130 2779 vit,
1153 2742 1287 2779 neglectis
1310 2741 1402 2770 statim
1424 2739 1554 2768 omnibus
1576 2737 1694 2773 aufugit,
1721 2735 1799 2772 quasi
1817 2732 1868 2770 qui
