2075 3155
217 161 269 192 887

852 165 881 195 S.
903 165 1063 195 M-ACARII
1083 165 1244 195 lEGYPTll

1795 163 1848 196 888

218 216 378 245 incendium
397 217 453 252 jam
474 217 585 250 sentiat,
595 225 652 245 sure
664 217 746 245 unice
760 218 823 246 vitae
839 226 933 246 curam
947 226 1006 246 ser-

1058 219 1180 254 νόμενος.
1198 220 1311 253 Ἕτερος
1321 216 1362 254 ,ξδέ
1375 219 1415 251 εἰς
1431 219 1493 246 νοῠν
1509 219 1584 255 αὐτῷ
1601 219 1714 247 ἐπελθὸν
1725 219 1772 246 καί
1786 227 1847 246 τινα

218 263 314 291 vandaa
330 264 445 291 habens.
462 264 539 290 Alius
552 268 644 290 autem
655 272 748 292 amore
762 265 905 300 cujusdam
923 265 1006 296 vasis,

219 312 249 334 ut
266 308 293 335 id
310 307 424 335 flamma:
437 308 609 336 subtractum
629 317 723 336 secum
743 310 849 342 efferat,
866 315 1005 343 moratur;

219 352 302 388 inque
316 354 366 380 ista
382 361 458 380 mora
476 357 504 381 et
524 359 624 382 conatu
641 355 848 382 circumventus
869 363 883 381 ει
903 364 1008 391 praeva-

218 397 292 425 lente
310 398 430 432 undique
440 399 502 433 igne
519 400 669 434 corripitur
684 404 712 427 et
725 400 910 427 comburitur.
926 401 1008 428 Vides

219 448 249 470 ut
263 445 374 478 propria
392 445 534 472 voluntate
550 451 579 472 et
592 453 687 473 amore
700 445 853 481 cuiuspiam
873 450 1009 481 tempora-

218 488 253 515 lis
265 489 316 521 rei,
332 497 414 524 quam
435 496 536 525 praeter
551 499 592 523 se,
617 491 672 518 imo
694 499 777 526 super
788 499 818 519 se
840 499 874 519 ac
891 492 1008 520 salutem

218 541 295 561 suam
305 535 415 563 videtur
426 536 553 572 diligere,
567 537 628 564 talis
637 537 754 564 flammis
763 537 928 565 absumitur.
941 538 1008 566 Aliis

218 588 315 607 rursus
330 581 356 608 in
369 582 542 617 naufragium
559 583 757 611 incidentibus.
774 583 797 610 is
813 583 925 618 quidem
948 584 1008 611 illo-

218 633 280 652 rum
290 625 338 660 qui
355 634 466 654 servare
477 635 506 654 se
516 627 616 662 ipsum,
627 632 760 662 quantum
780 633 880 662 potest,
894 630 1007 657 omnino

217 671 373 702 constituit,
394 673 502 700 cunctis
514 673 657 702 confestim
674 675 798 702 vestibus
810 675 935 711 abiectis,
953 685 1008 704 nu-

218 716 283 743 dum
303 724 332 744 se
347 718 374 744 in
387 725 486 752 aquam
498 719 592 752 mittit,
605 725 632 746 et
643 719 695 748 hac
711 722 816 748 ratione
830 725 918 755 potest
929 730 1007 750 suam

217 770 381 790 conservare
400 765 496 792 vitam.
521 767 557 792 At
584 766 721 801 quispiam
745 775 779 794 ex
802 768 872 800 istis,
903 773 1006 796 vestem

217 815 381 836 conservare
408 809 534 844 cupiens,
550 811 716 839 absorbetur
738 812 877 845 fluctibus,
895 818 1007 848 propter

216 854 271 881 vile
288 854 405 887 lucrum,
420 848 437 881 ό
452 855 606 882 miseriam!
622 864 651 884 se
662 857 750 891 ipsum
767 858 896 892 perdens.
910 859 1007 894 Finga-

218 903 262 926 tur
279 900 390 930 iterum.
404 900 540 935 judicium
566 902 682 936 perferri
706 903 869 938 irruptionis
888 905 1006 938 hostilis,

216 948 244 971 et
256 945 402 979 quemdam
420 946 512 974 statim
529 955 544 973 a
562 948 673 982 cognito
687 949 810 983 periculo
822 950 906 984 pedes
921 951 948 977 in
964 950 1008 978 fu-

216 997 277 1023 gam
288 998 370 1024 quam
386 996 477 1026 potest
492 992 693 1020 velocissimam
710 994 788 1026 dare,
802 1002 930 1022 securum
943 996 1009 1023 reli-

216 1042 346 1069 quorum,
369 1042 467 1071 praeter
491 1046 532 1070 se,
555 1039 689 1066 oumium.
706 1040 741 1067 At
759 1041 842 1068 alium
858 1050 912 1068 non
933 1042 1010 1077 prius

216 1081 287 1107 velle
311 1081 416 1116 fugere,
434 1091 516 1117 quam
539 1086 687 1119 pecuniam
706 1093 801 1113 secum
819 1087 942 1120 auferat;
960 1087 1009 1115 sed

217 1124 291 1152 hunc
308 1131 481 1155 cunctantem
491 1129 598 1157 hostilis
610 1139 708 1158 manus
716 1133 914 1166 superveniens
927 1141 1004 1160 com-

216 1172 374 1205 prehendit.
390 1173 482 1206 Vides,
498 1175 639 1203 voluntate
657 1177 739 1204 istius
757 1178 881 1212 propria,
893 1183 922 1206 et
937 1187 1003 1214 pro-

1058 265 1113 291 τῶν
1127 265 1231 292 σκευῶν
1244 265 1358 297 ἐξελεῖν,
1368 265 1514 300 ὑπέμεινεν
1530 265 1595 302 ἆραι
1605 274 1612 282 '
1623 266 1672 293 καὶ
1681 265 1719 298 ὡς
1735 266 1765 293 ἐν
1773 265 1848 300 αὐτῷ

1058 310 1207 346 λαμϐάνειν
1224 310 1305 342 αὐτὸς
1319 308 1363 346 ἢν,
1379 312 1593 347 κατακρατῆσαν
1614 312 1665 348 ἤδη
1690 312 1742 346 τῆς
1757 311 1848 342 οἰκίας

1058 355 1089 381 τὸ
1103 354 1160 390 πῦρ
1185 355 1233 381 καὶ
1246 355 1328 382 αὐτὸν
1344 355 1475 382 συνέλαϐε
1497 356 1546 383 καὶ
1571 357 1750 384 κατέκαυσεν.
1766 355 1849 391 Ὁρᾷς

1059 401 1133 431 ὅπως
1154 399 1211 435 ἰδίῳ
1224 399 1369 435 θελήματι,
1387 400 1463 436 φιλίᾳ
1486 402 1560 433 τινος
1575 402 1632 429 τῶν
1646 402 1821 437 προσκαίρων
1833 401 1849 426 ὃ

1059 446 1125 480 παρ’
1140 446 1236 472 ἐαυτὸν
1258 446 1384 480 φαίνεται
1398 447 1559 482 ἀγαπήσας,
1588 447 1629 484 τῷ
1651 448 1719 483 πυρὶ
1736 455 1849 482 παραπ-

1058 491 1152 519 ώλετο.
1174 492 1290 527 Ἐτέρων
1304 492 1385 518 πάλιν
1406 493 1526 528 ναυαγίῳ
1541 493 1754 529 περιπεσόντων,
1769 495 1782 520 ὁ
1799 493 1849 528 μὲν

1060 537 1157 569 σώζειν
1186 537 1282 564 ἑαυτὸν
1297 537 1469 572 βουλόμενος,
1493 538 1641 565 ἀποδύεται
1669 539 1718 565 καὶ
1746 537 1849 572 γυμνὸς

1058 585 1114 615 τοῖς
1133 583 1228 610 ὕδασιν
1243 584 1404 617 ἐπαφίεται-
1428 584 1476 610 καὶ
1493 583 1565 610 οὕτω
1577 583 1688 611 δυνατὸν
1703 583 1778 618 αὐτῷ
1805 583 1850 617 γί-

1058 637 1134 656 νεται
1162 628 1212 664 τὴν
1227 629 1295 656 ἰδίαν
1319 629 1471 664 περισῶσαι
1499 629 1601 664 ψυχήν.
1625 628 1654 655 '0
1671 629 1699 655 δὲ
1725 629 1772 655 καὶ
1791 628 1847 655 τῶν

1058 675 1214 710 ἐνδυμάτων
1228 675 1409 702 ωνδιασῶσαί
1421 683 1484 702 τινα
1496 675 1626 710 θελήσας,
1640 673 1694 701 ὗπδ
1716 674 1770 700 τῶν
1783 674 1848 700 ὑδά-

1058 731 1112 749 των
1127 721 1343 756 κατεσαπτίσθη,
1363 722 1412 748 καὶ
1432 721 1477 748 διὰ
1493 721 1580 756 βραχύ
1596 730 1623 748 τι
1637 721 1743 756 κέρδος,
1761 720 1785 747 ὣ
1798 720 1848 754 τῆς

1059 767 1218 803 συμφορᾶςί
1242 766 1289 793 καὶ
1314 767 1411 793 ἐαυτὸν
1441 766 1644 794 συναπώλεσεν.
1683 766 1738 793 Καὶ
1766 765 1848 793 πάλιν

1058 812 1214 840 ὑποκείσθω
1226 813 1274 840 καὶ
1282 812 1387 848 ἐχθρῶν
1404 821 1464 839 τινα
1479 812 1572 847 ἔφοδον
1587 810 1788 848 παρηγγέλθαι.
1801 811 1849 838 καὶ

1057 858 1088 885 τὸ
1109 859 1158 893 μὲν
1174 859 1232 892 ἅμα
1247 866 1277 884 τε
1294 857 1419 890 ἀκοῦσαι,
1439 858 1519 889 εὐθὺς
1531 859 1569 890 ὡς
1583 855 1638 893 εἶχε
1653 857 1743 884 ποδῶν
1762 857 1847 891 ἐκφυ-

1059 904 1129 938 γεῖν,
1147 903 1184 938 μὴ
1196 903 1316 938 μελῆσαν
1331 902 1406 938 αὐτῷ
1418 903 1472 929 τῶν
1489 903 1603 938 μηδενός
1613 910 1620 917 ο
1643 902 1689 929 τὸν
1705 902 1734 928 δὲ
1757 902 1848 928 διαπι-

1059 949 1206 984 στήσαντα,
1223 950 1248 975 εἰ
1269 949 1318 975 καὶ
1338 948 1393 975 τῶν
1406 948 1578 984 πραγμάτων
1599 949 1661 975 τινὰ
1681 947 1848 982 βουληθέντα

1059 995 1266 1031 συνεκκομίσαι,
1279 994 1339 1023 εἶτα
1355 995 1580 1031 ἐφυστερήσαντα
1596 993 1783 1029 συλληφθῆναι
1797 1001 1848 1019 κα-

1057 1041 1230 1068 ταλασόντων
1246 1040 1300 1066 τῶν
1314 1040 1461 1076 πολεμίων.
1481 1039 1564 1076 Ὀρᾷς
1579 1040 1620 1066 ὅτι
1638 1039 1774 1075 θελήματι
1805 1047 1848 1070 τις

1059 1087 1116 1122 ἰδίῳ
1129 1086 1162 1113 δι’
1173 1085 1314 1120 ἀμέλειαν,
1330 1086 1378 1112 καὶ
1390 1086 1421 1112 τὸ
1443 1084 1636 1121 προσηλῶσθαι
1661 1093 1716 1112 τισι
1733 1085 1787 1111 τῶν
1798 1084 1847 1111 τοῦ

1058 1134 1171 1168 κόσμου,
1189 1133 1238 1167 τήν
1249 1140 1280 1158 τε
1301 1130 1348 1158 τοῦ
1361 1131 1489 1167 σώματος
1503 1132 1552 1158 καὶ
1571 1132 1620 1167 τὴν
1634 1132 1685 1167 τῆς
1698 1131 1789 1166 ψυχῆς
1795 1131 1848 1157 ἀπ-

1057 1179 1155 1206 ώλειαν
1171 1178 1311 1213 ὑπομένει.

217 1222 278 1252 pter
307 1217 492 1246 adluesionem
516 1220 598 1248 nimis
620 1221 759 1250 addictam
779 1223 890 1250 cuidam
915 1224 1116 1252 mundanarum
1138 1231 1244 1257 rerum,
1275 1223 1377 1251 misere
1396 1222 1475 1250 illum
1503 1226 1533 1250 et
1561 1221 1686 1257 corporis
1705 1225 1734 1248 et
1749 1220 1849 1248 anima:

217 1263 423 1297 irreparabilem
440 1265 534 1293 subire
549 1267 694 1301 jacturam.

252 1310 357 1338 XXVII.
375 1312 458 1340 Pauci
481 1314 604 1348 profecto
626 1320 701 1348 sunt,
727 1316 774 1351 qui
800 1317 949 1352 perfectam
970 1318 1004 1345 ad

217 1355 304 1382 Deum
325 1357 487 1385 charilatem
515 1359 650 1394 habeant;
670 1362 717 1396 qui
739 1370 837 1390 omnes
850 1364 1006 1398 voluptates

218 1402 314 1429 mundi
325 1408 353 1430 et
364 1411 461 1432 omnes
479 1406 646 1440 cupiditates
663 1409 742 1436 nihili
756 1409 876 1442 ducant;
890 1411 938 1445 qui
958 1411 1007 1438 de-

217 1447 302 1482 nique
323 1456 419 1477 omnes
443 1451 555 1486 maligni
575 1454 740 1482 tentationes
755 1455 870 1490 patienti
882 1456 1005 1491 longani-

1091 1318 1155 1344 KZ'.
1174 1317 1276 1350 ὐλίγοι
1293 1317 1343 1351 μὲν
1373 1315 1495 1351 ἀτεχνῶς
1517 1317 1541 1342 οἰ
1568 1315 1676 1342 τελείαν
1700 1317 1751 1343 τὴν
1778 1316 1849 1353 πρὸς

1055 1363 1122 1391 Θεὸν
1135 1363 1245 1397 ἀγάπην
1260 1361 1438 1397 κτησάμενοι,
1459 1362 1550 1393 πάσας
1562 1370 1592 1388 τε
1607 1361 1704 1398 ἡδονὰς
1731 1361 1778 1389 τοῦ
1799 1363 1848 1390 κό-

1057 1417 1138 1444 σμου,
1152 1408 1200 1435 καὶ
1219 1408 1268 1440 τὰς
1283 1407 1432 1443 ἐπιθυμίας
1447 1407 1477 1434 τὺ
1502 1407 1587 1442 μηθὲν
1605 1407 1785 1442 λογιζόμενοι,
1802 1409 1849 1435 καὶ

1054 1456 1117 1487 τοὺς
1127 1455 1175 1482 τοῦ
1185 1453 1304 1490 πονηροῦ
1321 1454 1491 1490 πειρασμοὺς
1507 1454 1636 1490 φέροντες
1650 1455 1847 1490 μακροθύμως.

218 1493 313 1521 mitate
324 1496 478 1529 perferant.
495 1497 633 1525 Caeterum
657 1507 713 1527 non
732 1500 768 1528 ob
787 1501 840 1528 hoc
853 1501 1004 1536 desperan-

1058 1501 1129 1535 Πλὴν
1142 1500 1173 1527 οὐ
1195 1500 1271 1535 παρά
1285 1499 1364 1526 τοῦτο
1377 1499 1577 1534 ἀπογνωστὼν,
1598 1499 1660 1526 οὒδέ
1674 1500 1723 1534 τῆς
1740 1499 1848 1535 ἀγᾶθῆς

218 1538 301 1572 dum;
327 1547 417 1575 neque
440 1541 511 1569 bona
527 1551 590 1578 spes
601 1545 762 1580 negligenda
780 1552 833 1574 est.
851 1547 910 1575 Etsi
930 1547 1005 1575 enim

218 1585 312 1612 multae
337 1593 421 1614 naves
450 1587 624 1624 naufragium
651 1591 805 1625 patiantur;
832 1597 896 1620 sunt
916 1597 1006 1621 tamen

219 1630 333 1658 omnino
351 1638 405 1658 non
419 1639 528 1666 paucae,
540 1641 601 1667 quae
616 1633 691 1661 felici
708 1636 821 1670 trajectu
836 1641 946 1671 portum
967 1641 1008 1665 te-

219 1679 296 1703 nent.
313 1675 462 1710 Propterea
479 1677 532 1705 ﬁde
545 1679 626 1706 nobis
646 1679 782 1715 inprimis
796 1689 880 1716 opus;
898 1684 1007 1717 patien-

220 1722 312 1755 tiaque
325 1725 353 1748 et
369 1723 541 1756 attentione;
554 1731 688 1759 generoso
707 1733 817 1761 quoque
837 1727 864 1754 in
881 1728 1008 1755 certami-

220 1766 302 1793 nibus
315 1767 425 1799 animo;
447 1775 479 1795 ac
496 1773 630 1804 praeterea
651 1769 723 1798 fame
744 1779 776 1798 ac
798 1772 843 1800 siti
865 1772 1006 1806 bonitatis,

220 1811 302 1838 simul
327 1819 391 1839 cum
412 1814 499 1841 multa
516 1815 663 1849 prudentia
679 1820 708 1844 et
728 1817 913 1852 discretione;
941 1820 1008 1854 quin

220 1863 249 1886 et
269 1860 419 1888 acrimonia
436 1865 465 1889 et
487 1862 657 1897 impudentia
677 1864 704 1891 in
725 1867 853 1900 petendo.
868 1867 935 1894 Nam
951 1868 1010 1902 ple-

220 1905 300 1940 rique
317 1906 470 1939 hominum,
487 1913 516 1935 ut
527 1909 657 1942 diximus,
671 1910 731 1938 sine
743 1912 837 1939 labore
853 1920 884 1940 ac
907 1913 1009 1941 sudore

221 1953 353 1987 consequi
371 1960 487 1988 regnum
502 1955 636 1982 cmlorum
652 1957 768 1984 volunt:
784 1961 812 1984 et
823 1963 931 1986 sanctos
945 1959 1009 1993 qui-

221 1997 284 2026 dem
304 1998 378 2026 viros
390 1999 485 2026 felices
499 2002 649 2035 praedicant
664 2012 670 2030 :
685 2003 874 2039 honoremque
887 2005 1009 2039 ipsorum

221 2052 254 2071 ac
279 2044 447 2072 charismata
476 2048 692 2081 concupiscunt;
720 2049 829 2083 parium
858 2058 926 2077 vero
946 2058 1010 2077 cum

222 2092 290 2125 ipsis
301 2090 521 2123 tribulationum,
533 2093 659 2120 laborum
679 2099 707 2121 et
724 2095 881 2129 passionum
899 2104 1011 2124 consor-

222 2141 263 2165 tes
281 2137 340 2165 fieri
350 2143 479 2166 renuunt.
496 2139 548 2166 Sed
565 2139 638 2166 istud
651 2147 757 2172 omnes,
765 2144 793 2167 et
810 2141 969 2169 meretrices
982 2146 1011 2170 et

222 2183 365 2217 publicani
381 2183 508 2218 cup'iunt.
527 2185 608 2219 Atqui
633 2189 748 2220 propter
777 2186 830 2213 hoc
846 2187 1010 2215 tentationes

222 2229 370 2263 propositae
383 2234 447 2256 sunt
461 2230 692 2264 etprobationes;
708 2235 739 2257 ut
754 2238 801 2265 per
812 2239 859 2258 eas
867 2237 1005 2267 appareat,

222 2275 334 2309 quinam
350 2283 414 2303 vere
441 2284 522 2303 suum
540 2276 663 2310 ipsorum
680 2277 826 2304 Dominum
837 2276 963 2312 diligant,
980 2282 1009 2305 et

222 2326 253 2348 ut
269 2321 297 2348 hi
306 2322 380 2357 ju,ste
393 2326 599 2358 consequantur
616 2323 728 2350 caeleste
739 2331 866 2359 regnum.

256 2368 375 2396 XXVlll.
400 2368 614 2401 AlIlictionibus,
629 2369 815 2404 passionibus,
829 2370 960 2406 patientia
981 2374 1009 2397 et

222 2413 276 2442 fide
291 2413 466 2441 absconditas
483 2421 544 2442 esse
559 2415 757 2449 promissiones
774 2421 850 2450 puta,
867 2416 1010 2450 ipsamque

222 2459 346 2494 gloriam,
364 2466 396 2485 ac
406 2458 543 2486 bonorum
563 2458 716 2486 cmicstium
732 2459 902 2487 fruitionem.
915 2460 1008 2493 Quan-

222 2504 370 2539 doquidem
380 2508 409 2531 et
418 2504 522 2539 jactum
540 2503 567 2531 in
581 2508 682 2531 terram
700 2505 830 2532 fruzuenti
845 2513 970 2540 granum,
981 2509 1010 2533 et

222 2550 336 2577 insitum
357 2550 465 2577 arboris
481 2551 633 2583 surculum,
654 2558 765 2578 necesse
782 2555 824 2578 est
838 2555 1008 2585 putrescere,

221 2600 250 2623 et
267 2595 449 2630 ignominiose
473 2595 631 2629 procidere;
649 2600 677 2622 et
691 2596 731 2623 sic
745 2595 857 2622 demum
878 2596 1011 2631 multipli-

222 2648 282 2668 cem
309 2641 477 2668 ornatissimi
491 2641 534 2668 sui
563 2641 717 2668 indumenti
730 2641 849 2668 fructum
875 2642 1008 2676 recipere.

222 2686 280 2714 Nisi
302 2687 375 2714 enim
399 2693 449 2721 per
469 2686 544 2713 illam
568 2686 755 2721 putredinein,
778 2695 827 2721 per
850 2687 910 2714 illas
935 2688 1010 2714 velut.

222 2731 387 2766 ignominias
407 2732 577 2763 transierint,
588 2740 728 2766 nunquam
743 2740 806 2759 eum
820 2733 946 2760 ultimum
963 2733 1012 2761 de-

222 2785 325 2810 corem,
339 2786 479 2812 nunquam
490 2778 645 2813 speciosam
658 2778 731 2804 illam
744 2786 872 2813 pompam
888 2779 940 2806 sibi
953 2779 1007 2806 eir-

222 2822 394 2854 cumdarent,
407 2831 461 2857 qua
472 2831 502 2850 sc
518 2827 669 2850 ostentant.
690 2823 720 2850 ln
746 2824 798 2852 hac
816 2825 929 2859 quidem
948 2833 1012 2852 scn-

224 2868 309 2896 tcntia
334 2869 478 2903 Apostolus
499 2875 541 2896 est
568 2877 573 2894 :
598 2868 649 2895 Pvr
677 2869 773 2896 multas
800 2870 884 2904 enim,
905 2871 1005 2906 inquit,

1057 1548 1164 1579 ἐλπίδος
1175 1546 1338 1582 ἀμελητέον.
1349 1545 1409 1573 Κᾶν
1423 1545 1478 1581 γὰρ
1490 1546 1576 1574 πολλὰ
1589 1547 1647 1574 ιτῶν
1669 1546 1770 1574 πλοίων
1780 1547 1848 1574 ὐπο-

1059 1595 1126 1629 μένῃ
1140 1594 1285 1627 ναυάγιον
1301 1592 1357 1619 ἀλλ’
1371 1593 1425 1619 εἰσί
1443 1592 1553 1624 πάντως
1568 1592 1586 1619 ἃ
1601 1593 1648 1619 καὶ
1665 1593 1848 1628 διαπερῶντα,

1057 1639 1104 1667 τοῦ
1119 1639 1228 1674 λιμένος
1240 1638 1467 1674 ἐπιλαμϐάνεται.
1485 1638 1534 1665 Διὰ
1549 1638 1628 1665 τοῦτο
1652 1639 1770 1670 πίστεως
1783 1639 1850 1673 ἡμῖν

1058 1684 1143 1719 πολλὴ
1155 1684 1246 1720 χρεία,
1257 1683 1399 1718 ὑπομονῆς
1407 1691 1436 1710 τε
1449 1684 1496 1710 καὶ
1508 1683 1647 1718 προσοχῆς
1659 1684 1708 1710 καὶ
1718 1684 1831 1717 ἀγώνων
1839 1692 1848 1700 ’

1058 1731 1128 1766 πρὸς
1141 1731 1170 1757 δὲ
1180 1730 1276 1765 πείνης
1286 1738 1317 1756 τε
1328 1730 1375 1756 καὶ
1388 1729 1468 1765 δίψης
1481 1729 1528 1756 τοῦ
1544 1729 1660 1764 ἀγαθοῦ,
1691 1730 1763 1757 κατὰ
1785 1731 1850 1757 πολ-

1058 1777 1108 1813 λὴν
1122 1777 1230 1803 σύνεσιν
1246 1776 1292 1802 καὶ
1305 1776 1441 1812 διάκρισιν
1450 1785 1456 1791 ·
1468 1776 1499 1802 οὺ
1518 1776 1571 1811 μὴν
1583 1776 1650 1803 ἀλλὰ
1664 1776 1711 1803 καὶ
1721 1776 1850 1811 ὀξύτητός

1059 1831 1089 1849 τε
1112 1822 1159 1848 καὶ
1175 1821 1313 1853 ἀναιδείας
1339 1822 1405 1857 περὶ
1418 1821 1467 1856 τὴν
1490 1822 1609 1855 αίτησιν.
1625 1822 1656 1848 οι
1672 1822 1727 1856 γὰρ
1741 1821 1850 1853 πλείους

1059 1867 1113 1894 τῶν
1134 1866 1297 1902 ἀνθρώπων,
1319 1865 1415 1902 ὥσπερ
1428 1865 1599 1901 προέφημεν,
1629 1867 1762 1901 καμάτων
1785 1866 1849 1893 ἄνευ

1060 1913 1107 1940 καὶ
1121 1912 1241 1947 ἰδρώτων
1257 1912 1307 1946 τῆς
1323 1911 1462 1946 βασιλείας
1472 1911 1612 1947 ἐπιτυχεῖν
1625 1911 1784 1946 βούλονται·
1801 1913 1850 1938 καὶ

1060 1960 1122 1990 τοὺς
1136 1959 1185 1994 μέν
1196 1957 1290 1992 ἁγίους
1307 1957 1505 1992 μακαρίζουσιν
1519 1957 1630 1992 ἄνδρας,
1648 1957 1696 1983 καὶ
1707 1959 1756 1992 τῆς
1767 1957 1852 1991 τιμῆς

1060 2003 1150 2030 αὐτῶν
1165 2001 1276 2029 καὶτῶν
1290 2002 1468 2036 χαρισμάτων
1486 2000 1663 2035 ἐπιθυμοῦσι,
1680 2000 1734 2027 τῶν
1748 2000 1812 2026 ἴσων
1822 2000 1851 2026 δὲ

1061 2049 1176 2084 θλίψεων
1200 2049 1304 2081 αὐτοῖς,
1315 2048 1370 2074 τῶν
1390 2048 1480 2074 πόνων
1498 2055 1528 2074 τε
1552 2047 1600 2074 καὶ
1616 2047 1672 2073 τῶν
1679 2046 1852 2082 παθημάτων

1060 2095 1091 2121 οὐ
1103 2094 1242 2130 βούλονται
1258 2094 1407 2120 κοινωνεῖν.
1421 2093 1522 2120 Τούτου
1537 2093 1564 2119 δὲ
1579 2093 1689 2126 πάντες,
1709 2095 1757 2119 καὶ
1785 2093 1853 2127 πόρ-

1061 2140 1157 2166 ναικαὶ
1162 2139 1275 2166 τελῶναι
1287 2138 1334 2165 καὶ
1344 2139 1397 2170 πᾶς
1404 2147 1446 2169 τις
1455 2137 1504 2164 ἀνθ
1509 2137 1607 2173 ρώπων
1623 2137 1702 2164 ἐπιθυ
1706 2139 1762 2172 μεῐ.
1772 2137 1852 2164 Ἀλλὰ

1059 2186 1103 2212 διὰ
1124 2185 1203 2212 τοῦτο
1212 2184 1361 2219 πειρασμοὶ
1373 2183 1530 2219 πρόκεινται
1553 2185 1600 2210 καὶ
1621 2183 1789 2218 δοκιμασίαι,
1809 2184 1852 2210 ἵνα

1059 2232 1133 2266 δῆλοι
1147 2231 1290 2265 γένωνται,
1308 2229 1380 2261 τίνες
1401 2229 1426 2256 οἵ
1444 2228 1511 2264 πρὸς
1529 2229 1659 2263 ἀλήθειαν
1678 2229 1724 2256 τὸν
1747 2229 1852 2256 ἑαυτῶν

1058 2277 1205 2311 ἠγάπησαν
1229 2275 1383 2309 Δεσπότην·
1406 2274 1455 2301 καὶ
1483 2272 1692 2306 δικαίως-οὖτοι
1718 2275 1768 2310 τῆς
1796 2275 1851 2302 τῶν

1059 2321 1191 2356 οὐρανίων
1203 2320 1351 2354 ἐπιτύχωσι
1366 2319 1514 2355 βασιλείας.

1096 2366 1164 2393 KH’.
1174 2367 1240 2397 Ταῖς
1257 2366 1373 2400 θλίψεσι,
1391 2366 1439 2393 καὶ
1458 2367 1514 2398 τοῖς
1527 2365 1680 2402 παθήμασι,
1698 2367 1731 2401 τῇ
1751 2367 1852 2402 ὑπομο-

1059 2414 1092 2449 νῇ
1104 2421 1134 2440 τε
1148 2412 1196 2440 καὶ
1205 2412 1294 2439 πίστει
1307 2411 1493 2447 ἐγηκρὺφθαι
1507 2412 1601 2447 νόμιζε
1610 2412 1659 2445 τὰς
1673 2413 1850 2447 ἐπαγγελίας,

1060 2460 1144 2494 αὑτήν
1156 2467 1187 2486 τε
1199 2459 1232 2495 τὴ
1243 2458 1347 2491 νδόξαν.
1356 2458 1405 2494 τὴν
1418 2459 1471 2486 τῶν
1484 2459 1616 2495 οὐρανίων
1629 2459 1738 2493 ἀγαθῶν
1748 2459 1850 2494 ἀπόλη-

1059 2505 1120 2541 ψιν·
1136 2505 1196 2531 ἐπεὶ
1207 2504 1305 2531 καὶτὸν
1318 2505 1496 2540 ῥιπτούμενον
1511 2507 1544 2541 τῇ
1558 2507 1593 2541 γῇ
1609 2507 1692 2538 σῖτον,
1714 2506 1730 2541 ἦ
1747 2506 1793 2532 καὶ
1819 2505 1851 2532 τὸ

1059 2551 1167 2586 δένδρον
1181 2551 1253 2586 φημί
1265 2550 1296 2577 τὸ
1305 2550 1556 2586 ἐγκεντριζόμενον,
1570 2551 1677 2586 ἀνάγκη
1693 2551 1774 2586 σήψει
1785 2551 1853 2586 προσ

1059 2606 1138 2632 τερον
1152 2597 1200 2624 καὶ
1212 2597 1308 2632 ἀτιμίᾳ
1334 2598 1494 2623 ὑποπεσεῖν·
1514 2598 1562 2623 κα)⁸
1589 2597 1660 2623 οὕτω
1680 2596 1728 2623 τοῦ
1749 2598 1851 2632 εὐπρε-

1061 2642 1130 2674 ποῦς
1141 2641 1225 2668 αὐτοῦ
1241 2642 1392 2677 ἐνδύματος
1401 2641 1448 2668 τὸν
1458 2642 1657 2669 πολλαπλάσιον
1667 2642 1773 2677 καρπὸν
1783 2643 1852 2668 ἀπο-

1060 2687 1162 2714 λαϐεῖν.
1178 2687 1210 2713 Εἰ
1222 2686 1260 2722 μὴ
1273 2687 1328 2722 γὰρ
1343 2687 1386 2713 διὰ
1397 2687 1446 2721 τῆς
1466 2687 1574 2722 σήψεως
1590 2687 1702 2722 ταύτης,
1718 2687 1852 2714 κάκείνων

1060 2733 1114 2759 τῶν
1125 2732 1220 2767 ὥσπερ
1236 2732 1343 2767 ἀτίμων
1373 2732 1488 2759 διελθεῖν
1506 2733 1597 2764 αὐτοῖς
1611 2733 1734 2767 γέγονεν,
1753 2734 1803 2760 οὐκ
1818 2734 1852 2760 ἂν

1061 2778 1111 2813 τὴν
1121 2779 1241 2812 ἐσχάτην
1253 2778 1432 2813 εὐπρέπειαν,
1453 2778 1501 2804 καὶ
1510 2779 1541 2805 τὸ
1550 2779 1600 2813 τῆς
1613 2779 1677 2810 θέας
1688 2779 1852 2810 κάλλος-πε-

1063 2823 1244 2859 ριεϐάλλοντο.
1261 2823 1346 2850 Τοῦτο
1359 2823 1387 2850 δὲ
1403 2825 1449 2850 καὶ
1462 2823 1501 2859 τῷ
1523 2824 1677 2858 Ἀποστόλῳ
1699 2824 1787 2850 δοκεῖ·
1800 2823 1855 2851 Διὰ

1061 2868 1185 2896 πολλῶν
1199 2868 1262 2904 γὰρ,
1275 2869 1351 2904 φησί,
1366 2869 1500 2902 θλίψεων
1517 2869 1564 2896 δεῖ
1572 2869 1649 2904 ἡμᾶς
1665 2870 1707 2902 εἰς
1721 2869 1777 2904 τὴν
1795 2870 1852 2901 βαρ
