2075 3155
195 171 248 203 889

197 227 316 253 σιλειαν
329 222 383 250 τοῦ
396 222 471 251 Θεοῦ
485 222 649 250 είσελθεῑν·
666 223 713 250 καὶ
724 224 738 249 ὁ
747 223 850 258 Κῦριος
861 231 869 240 ο
887 222 985 257 Ἐντῆ
1000 227 1024 254 Α

196 268 336 305 ὑπομονῇ
358 269 442 303 ὑμῶν
462 268 613 301 κτήσεσθε
623 268 677 302 τὰς
687 269 789 304 ψυχὰς
810 269 911 304 ὑμῶν·
929 269 988 302 καὶ,

202 314 254 341 Ἐν
273 312 313 346 τῷ
323 314 427 347 κόσμῳ
440 313 547 347 θλίψιν
558 313 653 346 ἕξετε.

235 359 300 386 ΚΘ¹.
319 358 455 390 Ἕκαστος
469 358 548 394 ὑμῶν
567 359 684 395 ὅσονπερ
703 359 737 386 ἂν
756 360 939 396 καταξιωθείη
954 362 988 396 τῇ

201 413 231 431 τε
245 403 335 431 ¹πίστει
361 404 409 431 καὶ
432 405 465 439 τῇ
493 405 593 440 σπουδῇ
617 405 731 441 μέτοχος
757 406 836 440 ἁγίου
863 406 989 441 γενέσθαι

202 449 371 485 Πνεύματος,
393 449 522 476 τοσοῦτον
541 449 650 485 ἐκείνης
664 452 714 485 τῆς
732 451 838 486 ἡμέρας
860 451 986 486 δοξασθή·

200 504 276 522 σεται
289 494 372 522 αὑτοῦ
391 495 438 521 καὶ
456 495 486 522 τὸ
502 495 590 531 σῶμα.
610 497 642 522 Ὀ
659 497 713 531 γὰρ
733 496 779 524 νῦν
796 497 870 524 ἔνδον
887 497 990 531 ἀπεθη-

201 541 313 576 σαύρισε
328 542 360 576 τῇ
381 541 466 576 ψυχῇ,
483 541 543 568 τότε
570 541 618 569 καὶ
641 542 719 573 ἐκτὸς
742 543 788 569 ἐπὶ
801 543 848 570 τοῦ
865 543 990 578 σώματος

200 587 460 622 ἀποκαλυφθήσεται
474 594 480 601 ·
495 587 543 614 καὶ
561 588 591 614 τὸ
605 589 779 624 παράδειγμά
790 598 873 624 φησιν
890 591 922 616 ἐκ
936 590 990 616 τῶν

200 631 326 666 δένδρων.
343 631 485 666 Χειμῶνος
499 633 553 668 γὰρ
571 633 761 668 παρελθόντος,
778 634 826 661 καὶ
841 633 916 670 ἡλίου
927 643 991 668 φαι-

201 677 328 713 δρότερόν
341 685 370 703 τε
385 677 432 703 καὶ
446 677 629 713 ἀκμαιότερον
640 678 855 713 ἐπιλάμψαντος,
870 679 908 709 ὡς
920 679 989 711 δέον,

203 721 250 749 καὶ
267 721 375 757 ἀνέμων
388 722 622 756 ἐπιπνευσάντων,
635 723 736 750 ἔσωθεν
751 724 842 751 ἐκεῖνα
858 724 929 759 φύει,
945 725 991 750 καὶ

204 767 241 799 ὡς
255 767 404 802 ἐνδύματα,
420 767 505 802 φύλλα
520 768 567 795 καὶ
586 768 621 795 τὰ
634 769 714 804 ἄνθη,
730 770 851 802 καὶτοὺς
869 770 992 805 καρποὺς

205 812 407 849 περιϐάλλεται.
425 813 627 850 Παραπλησίως
640 815 667 841 δὲ
683 815 786 842 καὶτοῦ
798 816 896 851 χόρτου
911 816 992 848 ἄνθος

203 859 263 886 κατ’
278 859 366 885 ἐκεῖνο
381 858 478 894 καιροῦ
492 859 546 886 τῶν
561 860 668 887 κόλπων
691 861 742 895 τῆς
758 861 810 896 γῆς
827 861 991 894 ἀναδίδοται,

203 906 252 931 καὶ
275 905 405 931 σκέπεται
429 904 534 937 τούτοις
553 905 590 940 γῆ
603 914 611 922 ·
638 906 686 933 καὶ
706 906 743 938 ὡς
763 907 905 942 ὲμπρεπὲς
922 907 993 934 αὐτὰ
1009 903 1030 929 Β

203 950 376 985 περιϐόλαιον
397 949 587 986 ἀμφιέννυται.
612 952 666 978 Καὶ
679 953 733 988 γὰρ
752 952 991 987 ὲνδοξασθήσονται

203 995 237 1021 δι’
249 995 330 1021 αὐτοῦ
345 995 391 1022 τοῦ
412 996 468 1022 ἀπό
486 1003 517 1030 γε
531 995 579 1022 τοῦ
596 995 644 1023 νῦν
659 996 859 1032 ἐνυπάρχοντος
871 997 992 1033 ἁῤῥήτου

205 1041 303 1076 mag,
318 1041 368 1068 εἰτ’
384 1041 429 1068 οὖν
454 1041 492 1077 (2)
515 1043 564 1078 τῆς
582 1042 628 1069 τοῦ
653 1042 812 1077 Πνεύματος
833 1043 992 1079 δυνάμεως·

205 1089 274 1122 ὅπερ
289 1087 337 1114 καὶ
357 1087 419 1114 τότε
434 1087 512 1114 ἔσται
526 1087 617 1119 αὐτοῖς
631 1087 745 1123 ἔνδυμα,
773 1088 885 1124 βρῶσις,
904 1089 993 1122 πόσις,

205 1132 401 1168 ἀγαλλιασμὸς,
419 1133 502 1169 χαρὰ,
521 1133 630 1170 είρήνη,
651 1134 700 1161 καὶ
727 1134 757 1161 τὸ
774 1135 837 1167 πᾶν,
851 1134 908 1170 ζωὴ
929 1134 994 1161 αίώ-
1008 1148 1015 1152 -

205 1187 272 1211 νιος.

247 1274 268 1289 ¹¹
282 1273 342 1301 Act.
357 1282 409 1306 xlv,
428 1273 473 1301 2i.
513 1275 534 1290 "
553 1274 619 1302 Luc.
635 1283 691 1308 nl,
704 1276 731 1303 9.

245 1352 283 1387 ('2)
302 1351 357 1379 Εἶτ’
378 1349 447 1389 οὗν.]
476 1352 503 1380 ld
529 1361 595 1381 vero
625 1353 653 1380 in
673 1352 773 1380 mendo
800 1351 901 1379 cubare
918 1351 1036 1380 videtur.

691 169 808 199 LIBER
827 168 876 199 DE
896 169 1138 200 ELEVATIONE
1156 169 1312 200 MENTIS.

1034 319 1149 353 uestras.
1167 315 1219 342 Ειτ
1236 315 1268 342 1η
1283 316 1379 342 mundo
1396 314 1592 342 tribulationem
1609 313 1733 340 habebitis

1774 164 1829 197 890

1038 224 1223 252 tribulatione;
1233 228 1334 260 oportet
1345 233 1391 251 nos
1408 225 1512 251 intrare
1520 224 1547 250 in
1565 230 1674 258 regnum
1688 221 1737 248 Dei
1749 223 1780 248 ".
1798 221 1832 248 Et

1038 270 1172 298 Dominus
1191 279 1198 296 :
1227 271 1259 298 In
1276 271 1405 306 patientia
1430 275 1518 297 ucstra
1542 269 1704 305 possidebitis
1727 269 1832 295 animas

1077 360 1368 395 189XXIX.Quanta
1377 360 1566 394 unusquisque
1574 365 1696 386 vestrum
1707 358 1760 386 lide
1770 357 1834 385 dili-

1039 407 1186 442 gentiaque
1199 406 1298 442 dignus
1309 406 1392 433 fuerit
1409 406 1520 433 habitus
1532 405 1619 433 sancti
1636 405 1695 432 fieri
1708 405 1828 439 Spiritus

1041 451 1191 486 particeps,
1209 455 1285 478 tanta
1301 450 1354 486 ipsi
1373 458 1502 478 mensura
1525 451 1619 486 gloriae
1640 450 1781 485 continget
1803 449 1831 476 in

1041 498 1086 525 illa
1102 497 1316 525 resurrectionis
1342 497 1387 524 die
1402 505 1503 532 corpus
1517 497 1577 532 ejus
1599 496 1736 524 coronari.
1754 495 1832 528 Quod

1040 543 1114 571 enim
1127 551 1202 570 nunc
1223 543 1333 579 collegit
1349 543 1377 570 in
1395 543 1497 575 anima,
1510 547 1575 569 tunc
1590 541 1713 569 exterius
1728 541 1833 568 revela-

1043 595 1099 617 tum
1113 589 1257 625 apparebit
1273 589 1301 616 in
1316 597 1446 623 corpore;
1462 588 1540 622 cujus
1561 587 1639 622 quasi
1660 587 1834 621 experimen-

1042 640 1100 663 tum
1117 640 1165 662 aut
1175 635 1331 670 exemplum
1353 634 1410 670 spei
1428 641 1528 668 capere
1543 633 1609 659 licet
1620 639 1654 659 ex
1675 631 1832 658 arboribus.

1041 681 1137 708 Hieme
1152 680 1289 715 siquidem
1304 680 1357 714 iam
1374 682 1522 710 transacta,
1536 682 1564 705 et
1585 676 1704 704 laetiores
1718 675 1833 703 calidio-

1042 733 1142 760 resque
1154 725 1255 760 passim
1273 724 1449 752 diﬂ‘uudente
1468 723 1561 750 radios
1577 722 1650 753 sole;
1667 728 1709 751 ac,
1722 727 1771 754 pro
1785 719 1836 746 mi-

1043 770 1106 798 tiori
1129 770 1256 798 videlicet
1288 774 1452 805 tempestate
1474 768 1550 800 anni,
1577 766 1667 794 ventis
1691 765 1834 798 ﬂantibus,

1043 815 1159 842 trudunt
1186 815 1239 842 illa:
1262 814 1336 842 foras
1359 814 1424 841 folia
1451 819 1478 842 et
1501 813 1584 840 ﬂores
1599 816 1627 839 et
1658 811 1765 839 fructus
1790 810 1834 837 in-

1043 864 1147 896 duunt;
1157 862 1283 890 similiter
1291 866 1319 889 et
1332 861 1382 889 llos
1395 861 1460 889 [teni
1472 869 1521 896 per
1531 860 1603 887 idem
1620 864 1728 894 tempus
1743 866 1759 885 e
1772 858 1835 885 sinu

1046 910 1154 938 telluris
1179 908 1326 944 germinat,
1344 908 1500 943 tegiturque
1529 907 1582 934 illis
1607 910 1691 938 terra,
1708 909 1737 932 et
1751 903 1836 931 veluti

1046 956 1148 984 decoro
1163 955 1249 990 pallio
1266 954 1395 981 amicitur
1411 963 1417 981 :
1436 953 1469 981 ad
1499 953 1574 980 hunc
1592 952 1705 979 modum
1731 955 1759 978 et
1773 958 1837 978 cor-

1046 1009 1114 1037 pora
1133 1005 1291 1029 sanctorum
1320 1004 1386 1027 tunc
1409 998 1605 1034 splendebunt,
1625 997 1699 1024 foras
1724 996 1835 1023 demum

1046 1052 1209 1083 erumpente
1232 1048 1295 1074 luce
1311 1047 1367 1078 illa,
1382 1054 1444 1081 qua:
1466 1047 1493 1074 in
1517 1046 1584 1080 ipsis
1605 1049 1666 1072 erat
1683 1043 1837 1076 inetIabili;

1045 1094 1176 1121 virtutem
1196 1093 1259 1120 dico
1273 1097 1302 1120 et
1321 1092 1436 1128 gratiam
1447 1092 1576 1127 spiritus;
1592 1099 1654 1125 qua:
1680 1094 1746 1117 tunc
1771 1089 1840 1124 ipsis

1046 1139 1100 1167 erit
1124 1140 1227 1172 vestis,
1257 1147 1338 1171 esca,
1370 1143 1469 1173 potus,
1497 1136 1660 1169 exsultatio,
1686 1135 1838 1171 gaudium.

1047 1193 1099 1220 pax
1118 1195 1124 1212 :
1142 1189 1171 1212 et
1200 1189 1231 1212 ut
1258 1184 1344 1212 verbo
1375 1188 1475 1212 cuncta
1498 1190 1554 1210 uno
1579 1181 1758 1217 complectar,
1783 1181 1839 1208 vita

1046 1236 1160 1258 aeterna.
1737 1230 1744 1236 ‘

1284 1448 1391 1453 ___
1413 1445 1832 1465 __________.=

460 1542 902 1611 ΜΑΚΑΡΙΟΥ
961 1542 1134 1609 ΤΟΥ
1195 1540 1605 1610 ΜΕΓΑΛΟΥ

644 1665 775 1708 ΠΕΡΙ
810 1663 1074 1708 ΥΨΩΣΕΩΣ
1112 1662 1226 1706 ΤΟΥ
1262 1664 1412 1706 ΝΟοΣ

966 1753 1086 1780 ΛΟΓΟΣ.

541 1913 1046 1994 MACARII
1143 1912 1519 1990 MAGNI

609 2070 689 2122 DE
745 2067 1157 2122 ELEVATIONE

1214 2066 1461 2119 MENTIS
1496 2098 1499 2102 -

971 2172 1074 2199 LIBER

255 2323 293 2349 A'.
314 2321 417 2356 Μωσῆς
438 2321 453 2347 ό
473 2320 608 2356 μακάριος
632 2318 755 2352 ὑπέδειξε
781 2317 867 2345 τύπον
892 2317 937 2344 διὰ
959 2318 1008 2352 τῆς
1021 2320 1043 2351 ρ

219 2368 266 2395 τοῦ
283 2367 430 2403 προσώπου
448 2365 530 2394 αὑτοῦ
547 2364 755 2400 ὲπιλαμπούσης
777 2363 824 2391 τοῦ
847 2363 1009 2398 Πνεύματος

220 2413 308 2448 δόξης,
325 2410 342 2450 ᾖ
355 2412 443 2444 οὐδεὶς
459 2411 611 2447 ἀνθρώπων
625 2410 748 2438 ἀτενίσαι
762 2409 884 2441 ἐδύνατο,
905 2408 965 2440 πῶς
981 2409 1010 2435 ὲν

219 2458 254 2492 τῇ
269 2456 324 2483 τῶν
344 2456 455 2483 δικαίων
470 2455 619 2482 ἀναστάσει
633 2455 669 2481 τὰ
683 2454 798 2490 σώματα
813 2454 1011 2488 δοξασθήσεται

219 2502 274 2529 τῶν
297 2502 383 2536 ἁγίων
393 2509 400 2518 ·
424 2502 458 2537 ἥν
471 2501 551 2533 δόξαν
564 2501 618 2528 ἀπὸ
632 2499 679 2527 τοῦ
695 2500 743 2526 νῦν
767 2501 797 2526 ἐν
813 2499 852 2534 τῷ
876 2499 941 2526 εἴσω
962 2500 1012 2526 ἀν-

221 2549 322 2585 θρώπῳ
344 2549 374 2575 αἱ
396 2548 490 2575 πισταὶ
503 2547 558 2574 τῶν
575 2546 660 2581 ἁγίων
677 2546 749 2581 ἔχειν
763 2545 952 2578 καταξιοῦνται
964 2544 1012 2579 ψυ-

219 2598 284 2634 χαίο
308 2596 403 2632 Ἡμεῖς
416 2595 482 2632 γὰρ,
508 2595 601 2630 φησὶν,
623 2592 896 2628 ἀνακεκαλυμμένῳ
919 2599 1013 2626 προσ-

219 2645 298 2678 ώπῳ,
319 2642 459 2670 τουτέστιν
475 2642 504 2668 ὲν
526 2642 565 2676 τῷ
593 2642 648 2667 ἔσω
671 2639 817 2675 ἀνθρώπῳ,
837 2639 894 2672 τὴν
919 2638 1015 2670 δόξαν

220 2690 331 2723 Κυρίου
344 2687 605 2722 κατοπτριζόμεθα,
619 2687 663 2719 είς
674 2685 731 2719 τὴν
743 2685 841 2719 αὐτὴν
852 2685 954 2711 είκόνα
960 2692 1014 2718 με·

222 2735 457 2769 ταμορφούμενοι
473 2733 533 2762 ἀπὸ
554 2732 647 2766 δόξης
664 2733 707 2764 εὶς
719 2731 822 2763 δόξαν.
837 2730 906 2766 Περὶ
919 2730 1014 2757 τούτου

225 2779 379 2814 γιγραπται
392 2779 483 2812 πάλιν,
502 2778 708 2814 τεσσαράκοντα
725 2776 825 2808 νύκτας
845 2775 892 2802 καὶ
909 2776 1016 2812 ἡμέρας

264 2868 303 2893 "l
317 2868 379 2895 Cor.
394 2876 431 2902 Ill,
452 2869 492 2896 18.
533 2869 553 2885 ¹¹
566 2867 651 2895 Exod.
667 2875 738 2899 μιν,
757 2867 796 2898 18;
813 2874 901 2899 nxn',
914 2866 956 2892 '.'.8.

1095 2317 1116 2344 l.
1135 2317 1235 2344 Beatus
1263 2317 1352 2344 Moses
1373 2315 1548 2344 subostendit
1582 2315 1709 2345 formam.
1732 2322 1782 2349 per
1807 2321 1852 2342 re-

1060 2362 1250 2397 splendentem
1277 2362 1304 2388 in
1328 2361 1393 2399 _ejus
1416 2362 1492 2388 vultu
1521 2361 1642 2396 Spiritus
1671 2360 1796 2396 gloriam,
1824 2361 1852 2387 in

1060 2416 1142 2444 quam
1156 2408 1249 2435 nullus
1258 2407 1400 2435 hominum
1411 2412 1503 2442 posset
1516 2406 1670 2438 intendere,
1683 2407 1744 2443 ejus
1758 2407 1853 2441 glorim

1061 2462 1116 2489 qua
1147 2453 1175 2480 in
1210 2454 1348 2489 justorum
1380 2453 1584 2481 resurrectione
1625 2453 1863 2488 gloriﬁcabuntur_

1062 2510 1178 2537 corpora
1199 2506 1356 2529 sanctorum
1376 2510 1383 2528 :
1399 2510 1453 2536 qua
1470 2501 1556 2537 gloria
1570 2501 1668 2529 exboc
1687 2505 1811 2535 tempore
1825 2501 1854 2527 in

1065 2547 1190 2575 interiori
1200 2547 1311 2574 homine
1321 2551 1479 2574 sanctorum
1492 2547 1589 2574 animae
1601 2546 1688 2582 (ligna:
1706 2546 1852 2573 habentur.

1062 2593 1116 2621 Nos
1127 2593 1211 2625 enim,
1226 2593 1264 2620 ait
1274 2592 1428 2627 Apostolus,
1445 2592 1562 2619 revelata
1576 2592 1652 2627 facie,
1667 2592 1719 2619 hoc
1728 2596 1771 2619 est
1783 2591 1855 2618 inte-

1063 2639 1130 2666 riori
1141 2639 1264 2671 homine,
1277 2638 1390 2673 gloriam
1402 2637 1505 2664 Domini
1513 2637 1689 2672 speculantes,
1700 2638 1728 2664 in
1736 2637 1855 2663 canitiem

1064 2684 1207 2720 imaginem
1231 2683 1417 2718 (Μηδίου-ηιαιὶ
1437 2692 1453 2710 a
1474 2682 1597 2709 claritate
1613 2683 1640 2709 in
1659 2682 1809 2709 claritatem
1823 2682 1855 2708 ιθ.

1065 2729 1145 2757 Circa
1169 2729 1223 2756 hoc
1243 2729 1377 2764 scriptum
1401 2732 1443 2756 est
1477 2736 1574 2755 rursus
1591 2737 1598 2755 :
1614 2728 1717 2755 Mosem
1734 2727 1857 2762 quadra—

1067 2775 1141 2811 ginta
1157 2774 1286 2803 noctibus
1301 2779 1329 2803 et
1344 2774 1458 2802 totidem
1469 2773 1568 2801 diebus
1579 2774 1611 2806 ",
1623 2781 1674 2802 nec
1687 2773 1742 2802 cibi
1757 2773 1857 2802 memi-
