2075 3155
246 172 297 206 8‘31

869 171 900 200 S.
921 169 1081 200 MACARII
1101 169 1262 200 )EGYPTII

1826 171 1880 203 892

246 229 321 258 nisse
336 237 388 258 nec
398 233 490 265 potus,
505 227 578 264 quod
598 227 726 254 humanae
740 228 845 252 naturae
862 223 973 251 modum
986 231 1033 250 cx-

1087 223 1138 255 τὰς
1165 225 1226 256 [σας
1247 224 1284 261 μὴ
1299 223 1402 260 τροφῆς
1419 223 1582 259 μνησθῆναι,
1610 223 1649 260 μὴ
1672 224 1787 258 πόσεως,
1809 227 1879 261 ὅπερ

245 274 342 303 cedit:
364 275 417 302 nisi
435 273 584 308 spiritualis
613 271 753 307 impertita
777 270 828 306 ipsi
853 277 916 297 esca
937 269 1030 296 fuerit.

244 320 357 354 Qualem
373 319 501 347 videlicet
521 319 579 354 jam
595 325 672 346 nunc
696 320 798 345 sancta:
821 315 920 344 animm
940 313 1032 350 perci-

245 365 325 400 piunt
337 372 370 392 ex
384 363 493 399 spiritu.

275 455 311 482 .ll.
331 454 448 482 Claritas
466 461 519 489 qua
542 453 598 489 jam
614 452 679 480 hinc
701 455 859 479 sanctorum
887 449 1032 477 abundant

243 500 349 531 anime,
366 499 412 526 illa
426 499 484 534 ipsa
500 502 575 533 reget
597 502 626 525 et
642 496 754 524 amiciet
774 495 848 522 nuda
869 501 986 530 corpora
1003 495 1032 522 in

243 547 460 579 resurrectione,
478 555 510 575 ac
530 551 608 581 rapta
625 546 652 573 in
672 546 758 574 caelos
779 544 904 576 auferet;
923 547 951 570 et
967 547 1033 569 tunc

244 593 283 620 illi
311 600 427 627 corpore
445 592 548 627 pariter
563 597 592 619 ct
615 592 706 619 anima
726 591 754 618 in
776 591 823 617 Dei
848 596 932 624 regno
950 586 1031 615 simul

243 642 377 674 perpetuo
391 638 575 673 requiescent.
589 637 723 665 Adamum
735 636 838 671 quippe
852 641 951 662 creans
961 633 1033 660 Deus

242 684 301 711 alas
318 684 369 718 ipsi
382 691 538 718 corporeas,
561 683 636 710 velut
659 682 768 712 avibus,
783 688 838 708 non
855 679 971 711 indidit;
987 681 1032 704 ut-

243 735 307 765 pote
314 731 359 758 cui
370 730 426 757 alas
435 729 604 764 spirituales,
612 728 714 763 quibus
730 731 793 762 post
800 725 1033 754 resurrectionem

244 776 427 807 attolleretur,
445 780 474 802 ct
496 779 591 809 raptus
614 781 779 809 quocunque
801 772 884 799 vellet
908 770 1032 806 spiritus,

243 821 333 848 libere
346 820 475 852 ferretur,
493 819 559 846 dare
575 819 627 853 ipsi
645 819 817 846 decreverat.
834 816 887 844 llas
903 815 1033 851 spiritua-

243 866 283 894 les
299 867 365 897 alas.
386 870 544 892 sanctorum
567 864 712 892 animabus
723 865 778 898 jam
798 867 864 890 tunc
882 861 976 889 datum
990 863 1033 888 est

1086 269 1137 296 οὐκ
1149 269 1325 305 ἀνθρωπίνης
1341 269 1448 304 φύσεως
1463 269 1552 304 ἔργον,
1567 269 1590 295 εί
1609 269 1647 304 μή
1664 277 1689 296 τι
1705 270 1760 305 ἄρα
1774 272 1880 307 τροφῆς

1086 314 1224 342 ἐκοινώνει
1237 315 1424 351 πνευματικῆς
1433 323 1440 330 ·
1462 312 1554 350 ἧσπερ
1565 315 1598 350 δὴ
1609 315 1656 342 καὶ
1667 315 1754 351 αὐτῆς
1765 316 1820 342 ἀπὸ
1832 318 1880 344 τοῦ

1085 361 1134 389 νῦν
1147 362 1175 389 αἱ
1192 362 1268 397 ἆγιαι
1283 362 1369 398 ψυχαὶ
1382 361 1635 398 μεταλαμϐάνουσιν
1645 362 1677 389 ὲκ
1693 363 1741 389 τοῦ
1758 363 1881 397 πνεύμα-

1086 416 1144 438 τος.

1121 452 1160 480 Β’.
1178 453 1234 489 Τὴν
1249 452 1328 487 δόξαν
1347 453 1382 490 ἥν
1397 453 1523 481 ἐντεῦθεν
1549 453 1578 481 al
1604 453 1661 480 τῶν
1684 453 1770 488 ἁγίων
1795 455 1881 482 πλου-

1085 498 1163 526 τοῦσι
1179 499 1274 534 ψυχαὶ,
1294 499 1387 535 ἐκείνη
1399 499 1516 535 καλύψει
1529 499 1575 526 καὶ
1588 498 1722 535 ἁμφιάσει
1739 499 1772 526 τὰ
1787 500 1880 535 γυμνά

1088 546 1203 583 σώματα
1219 548 1250 574 ἂν
1262 548 1295 583 τῇ
1310 548 1468 581 ἀναστάσει,
1486 548 1534 575 καὶ
1548 548 1588 580 είς
1603 548 1736 582 οὐρανοὺς
1752 548 1880 584 ἀνάρπα-

1087 601 1136 620 οτα
1156 593 1280 629 ποιήσει’
1303 594 1351 620 καὶ
1374 595 1434 621 τότε
1458 593 1550 621 λοιπὸν
1567 593 1676 629 σώματι
1700 593 1748 620 καὶ
1762 593 1835 630 ψυχῇ
1852 595 1881 621 ὲν

1086 640 1120 674 τῇ
1136 638 1260 675 βασιλείᾳ.
1274 638 1343 666 Θεοῦ
1358 639 1417 674 ἅμα
1432 640 1572 680 διηνεκῶς
1595 640 1811 668 ἀναπαύσονται.
1828 641 1881 668 Τὸν

1087 684 1142 720 γὰρ
1163 685 1249 720 Ἀδὰμ
1264 686 1360 717 κτίσας
1373 687 1386 712 ό
1399 686 1465 718 Θεὸς
1481 687 1620 722 πτέρυγας
1631 687 1707 723 αὐτῷ
1721 689 1881 723 σωματικὰς

1086 730 1123 762 ὡς
1138 731 1194 762 τοῖς
1206 732 1340 763 πετεινοῖς
1351 731 1401 758 οὐκ
1411 731 1550 768 ἐνέθηκεν,
1564 733 1612 760 ἅτε
1628 733 1677 765 τὰς
1693 733 1740 760 τοῦ
1755 733 1881 768 Πνεῦμα-

1086 786 1132 810 τος
1147 778 1216 805 κατὰ
1231 779 1281 815 τὴν
1301 778 1450 807 ἀνάστασιν
1471 780 1600 816 παρέξειν
1615 780 1690 815 αὐτῷ
1704 781 1819 816 μέλλων,
1837 781 1881 808 ἴνα

1087 823 1251 858 κουφίζηται
1274 824 1308 851 δι’
1323 823 1415 852 αὐτῶν
1439 825 1488 852 καὶ
1513 825 1671 861 ἁρπάζηται
1686 826 1753 852 ὅπου
1771 826 1880 858 πάντως

1087 870 1118 896 τὸ
1131 870 1243 905 Πνεῦμα
1258 871 1385 906 βούληται
1396 880 1403 887 ·
1415 870 1517 903 ταύτας
1529 871 1557 899 δὲ
1571 873 1623 904 τάς
1631 872 1729 907 νοητὰς
1744 872 1882 908 πτέρυγας

243 913 354 944 habere.
368 921 428 948 quae
441 914 475 941 ad
489 914 630 941 emlestem
641 913 714 948 ipsas
726 911 895 939 transferunt
907 916 1030 937 sensum.

1085 917 1145 947 ταῖς
1159 917 1213 943 τῶν
1228 905 1313 951 άγίων
1325 905 1424 953 ψυχαῖς
1437 918 1493 946 ἀπὸ
1504 917 1550 944 τοῦ
1564 918 1613 945 νῦν
1628 905 1732 945 δέδοται
1749 905 1840 954 ἔχειν..
1850 919 1880 946 αἶ

242 958 461 987 Christianorum
478 960 551 987 enim
569 960 650 991 alius,
669 966 751 994 quam
766 963 928 986 cmterorum
946 963 1029 982 orna-

243 1007 300 1035 tus,
315 1004 368 1030 alia
386 1004 557 1033 indumenta.
572 1012 667 1032 mensa
681 1004 744 1035 alia,
762 1007 790 1030 et
803 1002 854 1030 alia
868 1001 962 1028 fruitio
976 1004 1029 1032 est,

243 1049 465 1084 quandoquidem
478 1058 493 1077 e
510 1050 587 1078 caelis
602 1054 750 1077 venturum
763 1048 904 1077 Christum
917 1047 1028 1077 scimus,

243 1094 437 1122 suscitaturum
457 1095 538 1131 190
554 1103 612 1128 eos,
628 1095 674 1130 qui
694 1103 727 1122 ex
739 1094 812 1121 omni
833 1101 890 1121 aevo
909 1092 1030 1120 dormie-

243 1142 328 1171 runt;
346 1140 577 1174 quemadmodum
598 1148 682 1168 sacra:
702 1140 852 1175 Scriptura:
869 1138 988 1166 docent:
1003 1137 1032 1164 in

242 1180 312 1210 duas
324 1189 416 1225 partes
430 1184 535 1212 dividet
545 1185 578 1218 “,
594 1189 622 1212 et
633 1192 694 1219 qua
707 1187 873 1219 sequuntur.

276 1275 321 1303 Ill.
334 1275 440 1309 Quibus
450 1284 523 1305 curm
537 1281 580 1305 est
593 1276 758 1305 Christianae
772 1276 835 1303 vita:
847 1274 934 1303 ollicia
947 1281 1031 1310 quam

241 1321 346 1356 optime
375 1323 468 1349 omnia
494 1322 629 1358 exsequi,
653 1330 702 1350 eos
728 1326 791 1349 ante
818 1321 928 1357 quidvis
955 1320 1030 1347 aliud

242 1371 360 1401 oportet,
378 1368 464 1402 partis
480 1368 587 1401 animae,
598 1376 680 1403 quam
696 1368 867 1403 superiorem
881 1371 909 1394 et
923 1366 1030 1401 prmdo-

244 1413 394 1440 minantem
405 1417 520 1447 Vocant,
537 1414 729 1442 intellectualis
743 1413 871 1441 videlicet
881 1420 913 1440 ac
925 1412 1032 1440 discre-

245 1456 317 1489 tivze,
345 1458 503 1494 diligentem
532 1460 635 1487 habere
667 1459 823 1492 rationem;
846 1463 877 1486 ut
902 1461 1030 1485 accurate

242 1502 308 1529 boni
325 1503 444 1538 malique
461 1504 608 1533 discrimen
629 1505 772 1537 facientes,
790 1512 842 1532 nec
854 1512 916 1539 quae
932 1507 1031 1539 praeter

243 1551 370 1575 naturam
384 1549 498 1578 invecta:
509 1555 574 1577 sunt
583 1550 759 1585 cupiditates.
767 1554 872 1576 naturae
883 1555 959 1583 pura:
969 1554 1029 1575 esse

239 1594 406 1629 iudicantes,
417 1595 581 1623 inoﬂ‘ensum
597 1582 659 1623 vita:
669 1603 781 1622 cursum
795 1582 924 1624 habeant,
934 1597 1029 1628 utpote
1044 1582 1066 1611 ο

244 1642 290 1677 qui
303 1641 480 1669 discretionis
498 1642 583 1669 veluti
599 1642 680 1669 oculo
697 1645 827 1670 utantur;
843 1644 872 1668 et.
888 1640 934 1675 qui
949 1648 964 1667 a
982 1639 1034 1666 fal-

245 1689 322 1716 laciis
335 1689 478 1724 pravitatis
495 1689 585 1716 securi
605 1696 665 1716 esse
682 1687 798 1723 possint.
820 1688 868 1715 Est
893 1687 967 1715 enim
983 1694 1033 1714 vo-

244 1735 336 1762 luntas
369 1734 477 1766 animat,
497 1735 621 1762 membra
649 1734 773 1769 corporis
803 1742 818 1761 a
843 1741 914 1761 noxa
938 1742 1034 1761 erran-

245 1780 313 1807 tium
334 1788 464 1808 sensuum
491 1780 651 1815 incorrupta
663 1780 784 1813 servari;
809 1787 894 1814 seque
909 1780 995 1815 ipsam
1017 1787 1032 1806 a

243 1826 338 1853 mundi
353 1827 560 1854 avocationibus
578 1834 691 1854 arcere:
705 1826 899 1862 custodireque
908 1834 956 1853 cor
965 1833 999 1853 ne
1007 1825 1035 1853 in

244 1873 376 1899 mundum
394 1873 524 1900 extendat
536 1873 661 1900 membra
675 1881 787 1900 suarum
811 1872 1009 1908 cogitationum
1025 1880 1032 1903 ;

243 1918 290 1945 sed
304 1927 335 1946 ca
347 1919 456 1954 colligat
476 1923 504 1946 et
528 1919 712 1954 undecunque
733 1919 860 1946 restricta
880 1919 1032 1949 contineat.

243 1964 278 1991 ab
299 1965 394 1991 humili
422 1973 487 1992 cura
504 1969 532 1992 et
553 1965 694 2000 voluptate
724 1971 866 1991 coercens.
885 1964 1033 1991 Enimvero

243 2009 291 2039 ubi
313 2010 446 2037 Dominus
468 2010 588 2045 aliquem
613 2009 639 2037 id
668 2009 764 2037 sedulo
775 2013 900 2044 agentem
911 2008 1032 2040 viderit,

243 2056 294 2087 sic,
311 2055 434 2090 inquam.
455 2060 602 2088 attentum,
628 2061 792 2090 semperque
813 2062 876 2082 cum
902 2057 977 2081 metu
1001 2061 1034 2080 ac

244 2106 364 2129 tremore
390 2101 495 2128 servire
521 2101 573 2136 ipsi
599 2106 736 2136 paratum,
764 2103 893 2135 suggeret
922 2099 974 2135 ipsi
999 2099 1034 2126 ad

244 2147 375 2174 ulteriora
398 2147 493 2182 gratiae
518 2147 662 2175 auxilium.
675 2147 766 2180 Quare
789 2154 857 2174 vero
872 2147 945 2174 Deus
961 2146 1034 2173 ultro

244 2199 274 2219 se
291 2192 394 2219 mundo
412 2192 586 2220 tradentibus
602 2197 631 2219 et
646 2193 808 2228 |voluptates
820 2191 989 2220 sectantibus
1004 2191 1032 2218 id

244 2237 364 2265 faceret?

278 2283 322 2311 IV.
336 2284 490 2311 Prudentes
516 2283 570 2311 illae
589 2284 722 2320 virgines,
740 2290 801 2319 quae
822 2283 998 2318 peregrinum
1016 2290 1031 2310 a

244 2338 293 2358 sua
306 2330 427 2365 ipsarum
443 2335 541 2358 natura
559 2330 650 2357 oleum
668 2329 752 2365 (quod
771 2332 814 2357 est
829 2328 948 2364 Spiritus
972 2335 1034 2363 gra-

245 2376 292 2411 tia)
307 2377 334 2403 in
359 2376 432 2403 vasis
451 2375 543 2403 cordis
564 2379 814 2411 praesumpserant,
839 2379 990 2409 potuerunt
1004 2374 1032 2401 in

244 2423 393 2450 thalamum
411 2422 492 2449 simul
509 2422 611 2449 intrare
628 2430 691 2450 cum
706 2428 818 2456 sponso.
831 2420 898 2448 Alia:
912 2428 978 2448 vero
992 2420 1033 2448 fa-

243 2473 298 2497 tua:
315 2473 343 2496 et
359 2469 446 2501 malae,
455 2476 488 2496 ea
500 2468 552 2495 sibi
574 2468 699 2496 suﬂiccre
712 2468 924 2501 ducentes,qua:
936 2471 1035 2493 natura

244 2514 312 2550 ipsis
327 2515 521 2550 suppeditabat
537 2523 597 2546 sua,
618 2515 707 2550 iisque
731 2519 876 2550 propterea
889 2517 1036 2545 contentae,

245 2561 319 2588 omni
343 2561 530 2588 sollicitudine
545 2560 650 2588 omissa
663 2561 769 2595 supinm
786 2559 930 2588 securitati
945 2567 974 2586 se
988 2559 1037 2586 de-

245 2607 355 2638 derunt,
380 2613 471 2641 neque
486 2606 560 2641 quod
575 2606 740 2639 debuerant,
755 2606 921 2633 studuerunt
942 2605 1033 2632 oleum

244 2653 318 2680 istud
330 2652 431 2680 laetitiae
442 2652 470 2679 in
479 2651 553 2679 vasis
563 2651 654 2679 cordis
664 2652 786 2686 ipsarum
796 2658 975 2686 praesumere:
985 2650 1034 2678 sed

244 2699 321 2726 velut
334 2699 546 2726 obdormierunt
560 2705 612 2734 per
635 2697 770 2724 incuriam
793 2702 987 2732 torporemque
1001 2704 1033 2724 ac

244 2744 437 2772 conﬁdentiam
450 2743 565 2779 iustitia:
575 2742 703 2778 propria.
719 2741 760 2770 0b
772 2743 846 2778 quod
858 2744 933 2779 regni
946 2742 1034 2771 thala-

246 2798 307 2818 mus
332 2789 398 2825 ipsis
421 2790 550 2818 occlusus
570 2793 623 2818 est.
649 2787 911 2817 Mauifestuuictiitn
933 2794 1004 2823 erat,
1018 2796 1033 2816 a

284 2879 306 2896 ¹⁶
318 2879 413 2908 Matth.
426 2888 488 2916 xxv,
500 2881 546 2910 52.

1082 963 1151 998 πρδς
1167 964 1197 990 τὸ
1213 963 1337 1000 οὐράνιον
1357 964 1443 996 αὑτὰς
1465 964 1638 999 μεθορίξουσι
1661 963 1800 999 φρόνημα.
1814 965 1881 1000 Χρι-

1083 1010 1198 1036 στιανῶν
1222 1011 1276 1045 γὰρ
1291 1011 1392 1046 κόσμος
1415 1010 1504 1043 ἄλλος,
1521 1012 1569 1037 καὶ
1585 1010 1654 1038 ἄλλα
1667 1009 1816 1045 ἐνδύματα.
1832 1011 1880 1037 καὶ

1081 1056 1208 1092 τράπεζα
1223 1056 1302 1091 άλλη,
1320 1057 1367 1084 καὶ
1384 1057 1452 1092 άλλη
1465 1057 1626 1088 ἀπόλαυσις.
1646 1057 1723 1082 Ἐπεὶ
1736 1057 1784 1083 καὶ
1795 1056 1879 1090 οὐρα-

1084 1102 1162 1129 νόθεν
1178 1102 1338 1129 ἐλεύσεσθαι
1356 1102 1401 1129 τὸν
1418 1103 1536 1137 Χριστὸν
1548 1102 1660 1137 οἴδαμεν
1675 1101 1827 1136 ἀναστῆσαί
1848 1110 1880 1127 τε

1082 1147 1146 1178 τοὺς
1165 1147 1198 1173 ἐκ
1217 1147 1264 1174 τοῦ
1289 1148 1390 1179 παντὸς
1403 1147 1732 1183 αῐῶνοςκεκοιμημένους,
1746 1146 1836 1179 καθὼς
1851 1147 1880 1173 αἱ

1082 1192 1152 1219 θεῖαι
1165 1193 1284 1228 Γραφαὶ,
1304 1194 1351 1220 καὶ
1370 1195 1411 1226 εἰς
1435 1193 1481 1220 δύο
1501 1194 1612 1226 τούτους
1632 1192 1753 1220 διελόντα
1785 1192 1857 1228 μέρη
1870 1211 1879 1223 .

1083 1239 1130 1266 καὶ
1142 1239 1177 1266 τὰ
1191 1239 1264 1274 ἑξῆς.

1118 1286 1156 1314 Γ’.
1170 1282 1219 1317 Οἷς
1234 1286 1311 1322 μέλει
1323 1286 1369 1312 τὸν
1382 1285 1429 1312 τοῦ
1445 1285 1610 1322 Χριστιανοῦ
1625 1284 1682 1320 βίον
1696 1284 1734 1317 ὼς
1746 1283 1880 1311 κάλλιστα

1084 1331 1246 1368 κατορθοῦν,
1260 1332 1365 1364 τούτοις
1386 1331 1434 1358 καὶ
1455 1331 1591 1368 προσήκει
1605 1330 1817 1367 προηγουμένως
1830 1329 1881 1356 τοῦ

1085 1378 1256 1414 διανοητικοῦ
1276 1387 1307 1405 τε
1324 1378 1372 1405 καὶ
1389 1377 1560 1412 διακριτικοῦ
1581 1377 1628 1404 καὶ
1643 1375 1811 1413 ἡγεμονικοῦ
1827 1375 1878 1410 μέ-

1083 1433 1148 1460 ρους
1162 1423 1212 1459 τῆς
1221 1423 1310 1458 ψυχῆς
1320 1422 1364 1450 διὰ
1379 1423 1470 1458 πάσης
1481 1422 1669 1458 ἐπιμελεῖσθαι
1683 1421 1732 1456 τῆς
1745 1419 1876 1454 σπουδῆς·

1086 1471 1130 1496 ἴνα
1145 1470 1195 1505 τὴν
1209 1470 1256 1496 τοῦ
1280 1469 1364 1497 καλοῦ
1379 1478 1410 1496 τε
1433 1470 1481 1496 καὶ
1503 1469 1590 1496 κακοῦ
1604 1469 1740 1505 διάκρισιν
1756 1465 1879 1502 ὰκριόώ-

1082 1524 1190 1549 σαντες,
1209 1515 1256 1543 καὶ
1269 1515 1288 1543 ἃ
1304 1516 1381 1551 παρὰ.
1401 1515 1482 1550 φύσιν
1495 1514 1646 1550 ὲπεισήχθη
1662 1513 1735 1548 πάθη
1752 1513 1803 1547 τῆς
1825 1521 1876 1539 κα-

1083 1561 1170 1598 θαρᾶς
1181 1561 1379 1596 ἀποκρίναντες
1390 1560 1508 1596 φύσεως,
1519 1560 1703 1595 ἀπροσκόπως
1715 1559 1765 1594 ζῇν
1775 1558 1876 1593 ἔχοιεν,

1084 1606 1266 1642 ὼςόφθαλμῷ
1288 1607 1328 1642 τῷ
1354 1607 1403 1642 τῆς
1429 1606 1592 1642 διακρίσεως
1616 1605 1691 1640 μέλει
1710 1606 1876 1641 χριομένοις.

1085 1653 1133 1680 καὶ
1155 1652 1295 1680 ἀσύνθετοι
1311 1652 1379 1687 πρὸς
1402 1652 1452 1683 τὰς
1472 1652 1523 1686 τῆς
1543 1651 1642 1683 κακίας
1660 1651 1788 1687 ἀφορμὰς
1803 1649 1874 1678 εἶναι

1084 1697 1241 1731 δυνάμενοι.
1264 1697 1343 1723 Ἔστι
1358 1695 1413 1731 γὰρ
1433 1696 1541 1732 θέλημα
1555 1697 1588 1732 τῇ
1608 1696 1681 1732 ψυχῇ
1695 1696 1729 1723 τὰ
1743 1697 1812 1732 μέλη
1826 1697 1874 1723 τοῦ

1087 1742 1213 1778 σώματος
1226 1743 1276 1778 τῆς
1291 1742 1345 1769 τῶν
1356 1743 1510 1777 αἰσθήσεων
1527 1742 1630 1778 βλάϐης
1642 1743 1764 1778 άχραντα
1776 1751 1877 1778 συντη-

1087 1790 1154 1825 ρεῖν,
1169 1788 1297 1825 άπιῖρξαε
1313 1798 1342 1815 τε
1356 1789 1456 1824 ἑαυτὴν
1470 1788 1526 1815 τῶν
1550 1788 1597 1815 τοῦ
1614 1789 1718 1823 κόσμου
1739 1798 1876 1825 περισπα-

1087 1833 1174 1868 σμῶν,
1190 1833 1238 1860 καὶ
1250 1832 1367 1867 φυλάξαι
1380 1832 1430 1867 τὴν
1445 1832 1569 1868 καρδίαν,
1579 1831 1626 1858 τοῦ
1640 1832 1677 1867 μὴ
1692 1832 1826 1865 ὲεαπλοῦν
1836 1832 1876 1868 τῷ

1085 1879 1180 1915 κόσμῳ
1193 1879 1226 1906 τὰ
1240 1879 1308 1914 μέλη
1323 1878 1378 1905 τῶν
1389 1879 1474 1913 αὐτῆς
1485 1878 1634 1914 λογισμῶν,
1647 1878 1715 1905 ἀλλὰ
1732 1879 1876 1914 περισφίγ-

1085 1935 1144 1960 γειν
1159 1926 1229 1952 αὐτὰ
1252 1925 1385 1951 πάντοθεν
1404 1925 1452 1951 καὶ
1467 1924 1589 1958 συνέχειν
1605 1923 1775 1959 χαμαιζήλου
1796 1924 1875 1959 μερί-

1087 1980 1156 2007 μνης
1175 1970 1223 1997 καὶ
1245 1969 1353 2005 ἡδονῆς.
1374 1969 1500 1996 Ἐπειδὰν
1517 1967 1563 1996 οὖν
1589 1970 1604 1995 ὁ
1627 1968 1730 2005 Κύριος
1749 1969 1793 2005 ῐδῃ
1813 1970 1875 1996 τινὶ

1084 2018 1171 2054 ταύτῃ
1181 2018 1318 2051 διάγοντα,
1335 2017 1381 2043 καὶ
1396 2016 1482 2048 οὕτως
1500 2016 1595 2043 ἑαυτὸν
1608 2015 1784 2052 ἀκριϐοῦντα,
1799 2015 1875 2050 φόϐῳ

1072 2069 1114 2091 ’τε
1133 2064 1181 2092 καὶ
1195 2063 1289 2099 τρόμῳ
1303 2063 1439 2090 δουλεύειν
1455 2062 1529 2098 αὐτῷ
1551 2062 1729 2098 προθέμενον,
1746 2062 1875 2098 ὲπορέγει

1084 2111 1132 2138 καὶ
1151 2111 1200 2146 τὴν
1213 2111 1245 2137 ὲκ
1268 2111 1318 2145 τῆς
1337 2108 1420 2136 αὑτοῦ
1438 2109 1550 2144 χάριτος
1564 2109 1735 2144 ἐπιχωρίαν.
1754 2109 1832 2135 Ἐπεὶ
1845 2109 1873 2135 τί

1084 2158 1221 2191 ποιήσειεν
1236 2157 1250 2183 ὁ
1261 2156 1329 2187 Θεὸς
1347 2155 1487 2191 τῷξὲκοντὶ
1501 2155 1539 2190 τῷ
1554 2155 1650 2191 κόσμῳ
1660 2155 1756 2182 ἑαυτὸν
1773 2155 1877 2190 ὲκπαρο

1084 2203 1198 2239 έχοντα,
1223 2202 1271 2230 καὶ
1296 2201 1384 2229 ὀπίσω
1404 2201 1459 2228 τῶν
1490 2200 1594 2237 ἡδονῶν
1614 2201 1697 2228 αὐτοῦ
1722 2201 1875 2237 πορευόμε-

1045 2250 1073 2280 D
1085 2257 1147 2283 vov;

1120 2296 1158 2322 Δ’.
1175 2295 1209 2321 Αἱ
1225 2293 1345 2329 νήψασαι
1357 2293 1439 2321 πέντε
1453 2294 1582 2329 παρθένοι
1597 2293 1710 2324 ἐκεῖναι,
1731 2293 1778 2320 καὶ
1790 2293 1820 2320 τδ
1833 2292 1877 2325 ξέ-

1085 2350 1130 2369 νον
1144 2342 1193 2377 τῆς
1204 2341 1308 2368 ἑαυτῶν
1321 2340 1428 2375 φύσεως
1440 2339 1529 2366 ἔλαιον
1542 2341 1571 2367 ὲν
1581 2341 1638 2372 τοῖς
1651 2339 1774 2374 ἀγγείοις
1788 2348 1877 2374 παρα-

1086 2386 1219 2414 λαϐοῦσαι
1235 2387 1284 2422 τῆς
1301 2387 1427 2422 καρδίας,
1449 2386 1528 2413 τοῦτο
1544 2386 1573 2413 δὲ
1591 2387 1607 2421 ἡ
1630 2385 1710 2421 χάρις
1731 2386 1778 2412 τοῦ
1794 2385 1877 2412 Πνεύ-

1089 2442 1183 2469 ματος,
1202 2433 1370 2467 ἐδυνήθησαν
1384 2433 1424 2464 εἰς
1437 2432 1484 2459 τὸν
1498 2431 1629 2467 νυμφῶνα
1645 2432 1825 2458 συνεισελθεῖν
1838 2431 1878 2466 τῷ

1088 2478 1208 2513 νυμφίῳ.
1223 2478 1256 2504 Ai
1279 2478 1359 2505 ἄλλαι
1375 2477 1404 2504 δὲ
1422 2478 1452 2504 αἱ
1478 2477 1580 2513 μωραὶ,
1599 2478 1627 2505 αί
1647 2477 1743 2508 κακαὶ,
1767 2478 1800 2512 τῇ
1823 2477 1878 2513 ἰδίᾳ

1088 2523 1167 2559 φύσει
1181 2522 1403 2558 ὲναπομεὶνασαι.
1421 2523 1471 2549 οὐκ
1491 2522 1603 2558 ἐνηψαν,
1618 2522 1679 2548 οὐδὲ
1698 2522 1769 2549 κατὰ
1792 2531 1877 2549 σπου-

1085 2569 1134 2604 δῆς
1148 2569 1226 2603 ἔσχον
1240 2568 1270 2594 τὸ
1284 2567 1384 2594 τοιόνδε
1401 2567 1451 2601 τῆς
1466 2567 1653 2602 ἀγαλλιάσεως
1668 2567 1758 2594 ἔλαιον
1772 2567 1812 2599 είς
1827 2568 1876 2600 τὰς

1086 2615 1190 2642 ἑαυτῶν
1201 2614 1314 2650 καρδίας
1329 2614 1497 2649 παραλαὸεἴν
1507 2622 1514 2629 ⁸
1531 2614 1589 2641 ἀλλ’
1601 2614 1682 2641 οἱονεὶ
1694 2614 1876 2648 ἀφύπνωσαν,

1086 2662 1119 2688 δι’
1132 2661 1262 2696 ἀμέλειάν
1277 2669 1307 2688 τε
1323 2660 1369 2687 καὶ
1388 2661 1550 2696 χαυνότητα,
1567 2661 1614 2688 καὶ
1630 2661 1802 2696 δικαιοσύνης
1816 2662 1877 2696 οἴη-

1088 2715 1147 2735 σιν·
1166 2707 1230 2742 παρ’
1246 2707 1261 2733 ὃ
1284 2707 1331 2734 καὶ
1353 2707 1367 2733 ὸ
1389 2706 1503 2741 νυμφὼν
1525 2707 1621 2738 αὑταῖς
1640 2705 1807 2742 ἀπεκλείσθη
1827 2709 1877 2741 τῆς

1088 2752 1237 2789 βασιλείας.
1258 2752 1342 2787 Δῆλον
1361 2753 1416 2787 γὰρ
1439 2752 1480 2778 ὅτι
1500 2751 1592 2787 δεσμῷ
1618 2761 1670 2778 τινι
1697 2751 1744 2778 τοῦ
1771 2752 1875 2786 κόσμιυ

1088 2799 1136 2827 καὶ
1161 2798 1238 2834 φιλία
1259 2798 1388 2833 γεγόνασι
1413 2797 1557 2834 καθεκταὶ,
1580 2798 1674 2826 καθότι
1690 2798 1741 2834 τὴν
1764 2797 1876 2833 ἀγάπην
