2075 3155
215 180 268 212 893

710 180 828 210 LIBER
847 179 896 210 DE
915 179 1154 210 ELEVATIONE
1173 180 1326 212 MENTIS.

1786 183 1840 215 894

215 235 306 263 αὐτῶν
330 233 435 270 ἐντελῆ,
461 233 509 260 καλ
533 233 578 260 τὸν
611 233 700 269 ἔρωτα
726 234 765 269 τῷ
791 233 945 269 ἐπουρανίῳ
966 232 1003 268 μὴ

1056 232 1178 267 partibus
1189 241 1236 261 eas
1247 234 1344 261 mundi
1360 239 1444 267 stare,
1453 235 1492 263 illi
1511 235 1614 263 delian
1628 236 1746 271 quodam
1759 239 1838 272 quasi

216 281 353 315 παρέσχον
373 279 483 314 νυμφίῳ
496 287 503 294 ⁸
523 279 570 305 καὶ
583 280 637 314 γὰρ
651 279 679 306 at
690 278 720 305 τὸ
739 279 814 312 ξένον
832 279 882 313 τῆς
895 279 1002 313 φύσεως

215 326 261 352 τὸν
273 324 409 360 ἀγιασμδν
421 324 515 350 τοῦτον
530 323 661 358 ζητοῦσαι
673 323 758 359 ψυχαὶ
773 324 819 351 τοῦ
832 324 1000 358 Πνεῦματος,

216 372 280 406 ὃλην
307 371 358 406 τὴν
385 370 495 404 ἀγάπην
523 369 613 396 αὐτῶν
634 369 799 403 ἐξάπτουσαι
816 369 856 405 τῷ
879 370 1000 405 Χριστῷ,

216 417 275 443 ἐκεῖ
299 414 506 450 περιπατοῦσιν,
523 415 582 441 ἐκεῖ
604 413 739 449 εὖχονται.
761 415 820 441 ἐκεῖ
839 415 1001 449 λογίζονται,

216 463 275 489 ἐκεῖ
287 460 430 497 μελετῶσι,
446 460 554 486 πάντων
564 460 722 486 άποστᾶσαι
733 460 786 486 τῶν
797 459 893 487 ἄλλων.
903 460 936 488 Δί
947 461 1002 497 γὰρ

215 507 298 533 πέντε
313 506 362 540 τῆς
375 505 466 540 ψυχῆς
476 504 627 539 αἰσθήσεις,
644 504 761 538 σύνεσις,
772 505 882 539 γνῶσις.
895 505 1003 541 διάκρι-

217 560 270 583 σις,
285 551 421 586 ὑπομονὴ,
442 550 526 583 ἔλεος,
547 549 581 577 ἂν
604 551 654 584 τὴν
674 550 778 577 ἄνωθεν
799 551 878 586 χάριν
893 552 940 578 καὶ
956 552 1003 579 τὸν

217 596 354 631 ἁγιασμὸν
368 595 416 623 τοῦ
430 595 587 630 Πνεύματος
609 595 750 628 δέξωνται,
764 597 811 622 καὶ
826 596 953 631 φρόνιμοι
969 598 1002 632 τῇ

215 641 331 677 ἀληθείᾳ
356 640 486 676 παρθένοι
501 640 627 667 ἔσονται·
654 641 679 667 εί
697 640 726 667 δὲ
748 642 782 676 τῇ
802 641 881 676 φύσει
898 642 1003 668 ἑαυτῶν

215 686 463 721 ἐγκαταληφθεῖεν,
492 685 582 720 μωραὶ
607 684 647 720 τῷ
670 685 728 712 ὄντι
747 685 929 720 εὑρίσκονται,
955 686 1003 712 καὶ

180 762 185 766 ,
215 734 297 760 τέκνα
311 732 388 759 οὖσαι
401 731 449 758 τοῦ
464 731 566 767 κόσμου
577 731 740 759 δείκνυνται.

252 863 288 889 E'.
304 862 409 896 Ὠσπερ
433 860 512 895 ξένην
525 860 575 895 τῆς
597 859 705 894 φύσεως
728 859 807 895 ήμῶν
833 859 882 896 τὴν
903 859 1002 886 κακίαν

1055 278 1183 306 amicitiae
1196 280 1317 313 vinculo,
1331 289 1392 315 quae
1408 281 1461 308 fuit
1481 289 1562 309 causa
1579 290 1628 310 cur
1644 287 1731 310 totum
1749 288 1777 310 et
1797 284 1838 310 in-

1055 327 1163 358 tegrum
1179 331 1300 351 amorem
1321 332 1401 352 suum
1428 333 1536 353 sacrare
1559 334 1660 361 sponso
1676 326 1703 353 in
1719 327 1838 354 solidum

1055 369 1240 403 nequiverint.
1256 369 1309 396 Sed
1327 370 1378 397 illa:
1389 372 1564 406 peregrinum
1577 379 1591 399 a
1604 377 1701 399 natura
1717 373 1838 407 ipsarum

1056 413 1171 447 bonum,
1201 415 1456 449 sanctificationem,
1473 416 1595 451 inquam,
1620 417 1740 452 Spiritus
1766 425 1839 452 quae-

1056 462 1159 490 rentes,
1173 463 1257 486 totam
1272 467 1349 486 suam
1374 460 1484 487 Christo
1500 460 1644 488 afﬁxerunt
1666 462 1837 495 charitatetn,

1057 502 1096 530 ibi
1116 510 1325 537 conversantur,
1344 506 1494 538 ambulant,
1508 510 1609 538 orant;
1623 507 1659 534 ibi
1673 507 1839 534 ratiocinan-

1056 552 1116 582 tur;
1130 549 1167 576 ibi
1181 551 1359 583 meditantur,
1376 552 1410 579 ab
1425 551 1487 579 aliis
1503 553 1631 580 omnibus
1647 561 1758 581 aversae.
1771 555 1838 581 Nam

1055 593 1178 628 quinque
1196 595 1293 623 anima:
1308 604 1414 629 sensus,
1427 597 1474 632 qui
1487 602 1551 625 sunt
1567 607 1573 624 :
1587 599 1743 633 prudentia,
1757 600 1838 627 intel-

1055 640 1176 676 ligentia,
1187 642 1327 676 discretio,
1342 644 1475 678 patientia
1495 649 1523 672 et.
1536 645 1736 676 misericordia,
1752 644 1775 671 si
1790 643 1844 671 su-'

1055 693 1140 720 perne
1150 687 1264 722 gratiam
1284 694 1311 716 et
1331 689 1576 717 sanctiﬁcationem
1590 689 1711 724 Spiritus
1724 697 1838 724 accepe-

1056 729 1121 762 rint,
1136 731 1201 758 ﬁent
1225 732 1347 768 virgines
1373 741 1437 761 vere
1460 735 1609 769 prudentes
1625 743 1632 761 :
1647 735 1670 761 si
1696 738 1786 761 autem
1810 734 1837 760 in

1055 780 1152 803 natura
1163 777 1283 812 ipsarum
1296 779 1495 814 relinquantur,
1509 780 1591 807 fatuae
1601 780 1745 807 verissime
1762 788 1839 814 repe-

1055 821 1181 855 riuntur;
1197 828 1225 850 et
1239 825 1338 852 merito
1349 831 1530 853 accensentur
1550 825 1612 853 ﬁliis
1628 826 1710 861 hujus
1733 826 1837 853 saeculi.

1092 867 1123 894 V.
1141 867 1225 895 Sicuti
1240 869 1375 903 hospitem
1394 876 1500 898 natura:
1515 876 1615 898 nostra:
1630 871 1771 901 malitiam.
1788 879 1840 905 per

218 908 312 939 οὖσαν,
324 908 368 934 διὰ
377 907 405 933 δὲ
417 907 467 942 τῆς
477 905 658 942 παραϐάσεως
669 905 716 932 τοῦ
732 904 840 940 πρώτου
858 905 1004 941 παρεισδῦ-

1056 911 1134 946 primi
1159 915 1404 948 transgressionem
1419 916 1538 943 hominis
1558 917 1586 943 in
1600 924 1651 943 nos
1662 918 1776 951 per'egre
1795 917 1838 943 in-

219 962 270 980 σαν
283 953 427 988 ἀνθρώπου
450 951 663 986 κατεδεξάμεθα,
679 950 760 985 φύσιν
776 952 843 986 ἡμῖν
862 950 901 986 τῷ
915 951 1004 986 χρόνῳ

218 998 372 1031 καθαπερεὶ
386 996 571 1031 γεννωμένην.
588 995 667 1022 Οὕτω
686 996 718 1032 δὴ
738 996 785 1023 καὶ
800 995 845 1023 διὰ
864 996 912 1022 τοῦ
927 996 1002 1029 ξένου

217 1045 311 1070 τούτου
324 1044 374 1078 τῆς
390 1042 526 1077 ἡμετέρας
542 1042 659 1076 φύσεως,
673 1042 722 1077 τῆς
733 1042 905 1077 ἐπουρανίου,
919 1043 1002 1078 φημὶ,

216 1090 265 1117 τοῦ
293 1089 451 1124 Πνεύματος
481 1088 596 1124 δωρεᾶς,
624 1088 894 1124 ἁποσκορακισθῆναι
924 1090 1004 1116 πάλιν

217 1135 301 1171 αὐτὴν
325 1135 376 1169 τῆς
397 1134 534 1170 ἡμετέρας
554 1134 687 1170 προσήκει
702 1134 820 1168 φύσεως,
835 1135 882 1161 καὶ
897 1136 937 1166 είς
953 1135 1003 1171 τὴν

218 1180 334 1215 ἀρχαίαν
348 1180 421 1214 ἡμᾶς
446 1178 633 1213 καθαριότητα
657 1179 835 1213 καταστῆναι.
859 1179 904 1210 Ὠς
924 1181 948 1206 εί
965 1180 1004 1215 μὴ

217 1226 297 1252 τοῦτο
312 1226 345 1261 τῇ
361 1225 446 1261 πολλῇ
462 1224 553 1260 δεήσει
565 1224 613 1250 καὶ
630 1223 731 1256 πίστει,
745 1225 876 1260 προσοχῇ,
890 1226 937 1252 καὶ¹
951 1225 1003 1252 τῶν

217 1269 264 1297 τοῦ
291 1270 393 1306 κόσμου
418 1269 576 1304 ἀποστροφῇ
604 1269 721 1303 γένοιτο,
746 1270 793 1296 καὶ
815 1271 832 1304 ἡ
862 1270 1004 1304 μιανθεῖσα

218 1318 285 1352 πρὸς
300 1318 348 1352 τῆς
365 1317 463 1348 κακίας
479 1315 560 1351 φύσις
574 1316 665 1351 ἡμῶν,
677 1316 730 1342 ὑπὸ
747 1317 796 1351 τῆς
812 1317 920 1352 ἀγάπης
934 1317 1004 1344 ὲκεί-

218 1372 278 1398 νης,
293 1363 354 1398 ἥτις
373 1363 388 1389 ό
404 1362 505 1398 Κύριός
520 1363 606 1395 ἐστιν,
624 1361 779 1396 ἁγιασθείη.
802 1362 850 1389 καὶ
867 1362 945 1398 μέχρι
960 1363 1004 1389 τέ-

218 1408 280 1439 λους
296 1408 415 1434 άπτωτοι
433 1406 617 1442 διαμείνωμεν
639 1406 694 1433 τῶν
707 1406 823 1433 ἐντολῶν
846 1407 929 1434 αὑτοῦ
950 1407 1004 1434 τῶν

220 1452 300 1479 θείων
325 1451 570 1487 μεταποιούμενοι,
600 1451 650 1486 τῆς
677 1451 838 1487 ἐπουρανίου
865 1452 1004 1487 βασιλείας

220 1497 359 1531 ἐπιτυχεῖν
373 1497 403 1523 οὐ
419 1495 570 1531 δυνάμεθα.

255 1541 300 1576 (τ’.
317 1541 423 1569 Λεπτόν
446 1550 508 1569 τινα
530 1541 576 1568 καὶ
592 1541 675 1577 βαθὺν
700 1541 778 1576 λόγον
794 1543 864 1570 κατὰ
885 1543 920 1570 τὰ
943 1543 1004 1579 ἐμοὶ

219 1575 330 1618 δυνατὰ,
356 1586 470 1613 διελθεῖν
495 1575 636 1622 βούλομαι.
658 1575 847 1622 Σωματοποιεῖ
872 1575 967 1615 ἑαυτὸν
990 1575 1038 1615 6C

220 1635 333 1670 ἄπειρος
350 1633 396 1660 καὶ
410 1633 555 1668 ἀσώματος
567 1633 668 1669 Κύριος
681 1634 725 1661 διὰ
742 1636 913 1670 χρηστότητα
925 1636 1004 1662 ἄπει-

221 1688 279 1714 ρον,
295 1680 343 1705 καὶ
368 1678 524 1714 σμικρύνει,
548 1679 585 1709 ὡς
611 1679 643 1706 ἄν
663 1688 705 1711 τις
728 1680 806 1714 φαίη,
820 1681 834 1706 ό
850 1679 936 1715 μέγας
959 1680 1006 1706 καὶ

221 1725 392 1758 ὑπερούσιος,
412 1724 460 1750 τοῦ
486 1724 632 1759 δυνηθῆναι
653 1726 708 1756 τοῖς
728 1727 829 1761 νοεροτς
847 1726 929 1752 αὑτοῦ
949 1726 1006 1752 κτίο

221 1777 303 1805 σμασι
314 1769 500 1805 συγκραθῆιιαι
508 1769 615 1805 ψυχαῖς,
624 1769 720 1803 ἁγίων,
728 1770 809 1804 φημὶ,
819 1771 865 1797 καὶ
871 1770 1004 1804 ἀγγέλων,

221 1814 264 1841 ἵνα
280 1814 393 1841 δυναταὶ
413 1814 534 1849 γένοιντο
556 1815 603 1841 καὶ
617 1811 697 1841 αὗται
717 1815 788 1849 ζωῆς
804 1815 938 1842 ἀθανάτου
955 1817 1004 1851 τῆς

221 1860 303 1887 αὐτοῦ
319 1860 445 1896 θεότητος
465 1861 624 1895 μετασχεῖν·
651 1860 713 1886 ἐπεὶ
735 1861 783 1887 καὶ
798 1860 913 1887 ἕκαστον
937 1861 1007 1888 κατὰ

221 1906 270 1941 τὴν
288 1905 355 1933 ἰδίαν
369 1906 460 1940 φύσιν,
479 1905 559 1942 σῶμά
577 1906 661 1939 ἐστιν,
677 1907 691 1932 ὁ
708 1905 833 1940 ἄγγελος,
852 1907 869 1941 ἡ
889 1906 973 1942 ψυχὴ,
992 1908 1006 1932 ό

221 1951 335 1986 δαίμων.
352 1951 411 1977 Κᾶν
430 1951 484 1986 γὰρ
500 1951 586 1978 λεπτὰ
601 1949 666 1984 εἷεν,
680 1951 739 1978 ἀλλ’
754 1952 829 1986 ὅμως
844 1952 873 1978 ἐν
888 1951 1006 1979 ὑποστά-

222 2005 263 2024 σει
278 1997 433 2033 χαρακτῆρι
444 2005 484 2030 τε,
498 1997 546 2024 καὶ
559 1997 642 2024 εικόνι
651 1996 722 2024 κατὰ
734 1997 783 2033 τὴν
797 1996 948 2034 λεπτότητα
958 1998 1007 2033 τῆς

221 2043 325 2070 ἑαυτῶν
345 2044 463 2078 φύσεως,
488 2041 568 2078 σῶμα
590 2043 718 2078 τυγχάνει
737 2042 845 2070 λεπτόν.
859 2043 964 2079 Ὥσπερ
978 2045 1007 2070 ὲν

220 2088 368 2116 ὑποστάσει
381 2088 456 2115 τουτὶ
468 2088 498 2115 τὸ
510 2087 590 2124 σῶμα
601 2088 672 2123 παχύ
684 2089 754 2120 ἐστι,
769 2088 841 2116 οὕτω
849 2090 896 2116 καὶ
907 2090 924 2126 ἡ
935 2089 1008 2126 ψυχὴ

222 2135 302 2169 σῶμα
317 2132 384 2161 οὖσα
398 2133 495 2160 λεπτὸν
513 2133 658 2169 περιέὸαλε
675 2134 722 2160 καὶ
736 2134 878 2161 ἐνεδύσατο
893 2135 927 2161 τὰ
939 2135 1006 2170 μέλη

219 2180 296 2207 τοῦδε
314 2180 361 2206 τοῦ
383 2179 520 2214 σώματος.
538 2178 702 2214 Περιέϐαλλε
727 2179 781 2215 γὰρ
805 2180 851 2206 τὸν
870 2180 1008 2215 ὀφθαλμὸν

1054 962 1156 985 trusam
1171 959 1333 987 admisimus
1346 969 1352 992 ;
1368 969 1467 988 novam
1480 962 1557 996 quasi
1574 967 1700 989 naturam
1717 962 1744 988 in
1757 961 1838 988 nobis

1053 1010 1130 1030 mora
1146 1007 1173 1030 et
1188 1011 1239 1030 usu
1266 1005 1339 1039 longi
1355 1006 1487 1040 temporis
1500 1011 1654 1041 operatam;
1671 1007 1707 1033 ita
1722 1014 1770 1040 per
1787 1006 1838 1032 ho-

1053 1057 1118 1085 spes
1138 1058 1247 1086 quoque
1268 1051 1341 1079 istud
1360 1058 1460 1080 nostrae
1480 1057 1584 1081 naturze
1604 1053 1706 1080 bonum
1725 1053 1838 1087 (donum

1054 1096 1116 1124 dico
1131 1096 1251 1131 Spiritus
1275 1097 1404 1132 caelestis)
1423 1098 1523 1132 ejicere
1535 1098 1655 1126 vicissim
1678 1097 1808 1125 convenit
1822 1105 1838 1124 e

1061 1145 1154 1168 nostra
1176 1146 1273 1169 natura
1292 1147 1397 1176 pestem
1421 1143 1505 1174 illam,
1519 1147 1548 1170 et
1563 1143 1591 1170 in
1611 1143 1766 1178 primaevam
1788 1149 1839 1169 nos

1060 1186 1207 1213 restituere
1216 1187 1374 1221 puritatem.
1390 1187 1498 1214 Etenim
1508 1187 1559 1214 nisi
1576 1188 1661 1214 multa
1673 1187 1795 1214 oratione
1810 1191 1839 1214 et

1054 1230 1118 1264 ﬁde,
1142 1232 1226 1258 multa
1238 1233 1399 1265 attentione,
1409 1237 1437 1259 et
1447 1233 1558 1260 a-rebus
1572 1233 1667 1260 mundi
1683 1233 1836 1263 aversione.

1054 1283 1265 1310 consequamur,
1288 1281 1318 1303 ut
1348 1278 1452 1312 polluta
1477 1277 1645 1305 immistione
1663 1278 1773 1305 malitize
1788 1285 1838 1304 na—

1055 1324 1117 1347 tura
1131 1325 1235 1353 nostra,
1247 1321 1282 1348 ab
1297 1321 1342 1349 illa
1352 1322 1497 1354 charitate,
1510 1331 1571 1358 quae
1584 1324 1656 1351 Deus
1671 1328 1724 1355 est,
1736 1323 1838 1350 sancti-

1055 1365 1169 1400 ﬁcetur;
1187 1371 1215 1393 et
1228 1367 1262 1393 ad
1278 1367 1358 1395 tinem
1377 1375 1464 1401 usque
1479 1367 1539 1394 sine
1555 1367 1659 1395 offensa
1676 1375 1838 1402 permanse-

1055 1411 1143 1439 rimus
1157 1412 1185 1439 in
1202 1412 1282 1447 plena
1294 1417 1322 1440 et
1335 1417 1430 1440 exacta
1452 1412 1609 1439 divinorum
1627 1413 1687 1448 ejus
1711 1412 1840 1438 observa-

1054 1457 1128 1484 tione
1153 1457 1356 1491 mandatorum,
1378 1457 1499 1485 coelestis
1516 1457 1593 1493 regni
1615 1462 1755 1492 compotes
1778 1465 1840 1484 esse

1054 1510 1109 1530 non
1125 1503 1285 1538 poterimus.

1091 1550 1168 1585 191
1196 1549 1388 1578 VLSubtilem
1415 1542 1562 1585 quamdam
1587 1550 1840 1585 abstrusioremque

1055 1596 1218 1630 doctrinam,
1228 1600 1310 1631 prout
1325 1600 1578 1631 potero,exponere
1594 1596 1638 1623 hic
1653 1596 1724 1623 volo.
1734 1596 1764 1623 In
1778 1605 1841 1624 cor-

1055 1649 1107 1676 pus
1122 1642 1323 1676 quodammodo
1342 1650 1371 1669 se
1391 1642 1480 1676 ipsum
1506 1640 1681 1668 transformat
1693 1640 1843 1667 immensus

1054 1692 1082 1715 ct
1104 1687 1284 1722 incorporeus
1304 1688 1448 1719 Dominus,
1463 1694 1513 1721 per
1538 1686 1736 1721 benignitatem
1751 1685 1843 1712 iniiini-

1057 1737 1132 1763 tam;
1147 1736 1176 1759 ct
1189 1732 1301 1765 minuit,
1317 1740 1497 1767 parvumque.
1515 1735 1545 1758 ut
1562 1731 1603 1758 sic
1618 1731 1718 1763 dicam,
1731 1734 1843 1758 contra-

1056 1777 1125 1804 hens
1140 1785 1168 1804 se
1182 1777 1257 1809 facit,
1275 1778 1369 1812 ingens
1388 1777 1432 1804 ille
1447 1776 1729 1811 supersubstantialis,
1746 1779 1776 1802 ut
1793 1776 1833 1803 sic
1886 1801 1889 1802 ,

1055 1821 1143 1856 possit
1174 1829 1236 1849 cum
1262 1821 1495 1849 intellectualibus
1522 1820 1580 1847 suis
1605 1820 1738 1847 creaturis
1764 1822 1842 1855 quasi

1056 1868 1220 1895 coalescere.
1237 1867 1349 1894 Animas
1367 1871 1524 1894 sanctorum
1539 1866 1611 1898 dico,
1627 1870 1656 1892 et
1670 1865 1792 1900 angelos,
1812 1872 1843 1895 ut

1057 1914 1096 1941 sic
1110 1914 1152 1941 ita:
1169 1917 1305 1940 creatura:
1320 1913 1426 1947 possint
1449 1913 1511 1940 vita:
1531 1914 1703 1947 immortalis,
1717 1923 1771 1949 qua
1783 1915 1841 1949 ipsa

1056 1959 1116 1993 ejus
1131 1957 1261 1985 divinitas
1271 1957 1383 1990 fruitur,
1397 1958 1545 1993 participes
1557 1958 1781 1992 eﬂici.Quoniam
1792 1959 1842 1986 ho-

1057 2010 1117 2029 rutn
1137 2001 1265 2037 quodque
1278 2001 1429 2029 secundum
1447 2002 1583 2037 propriam
1601 2006 1726 2030 naturam
1742 2010 1842 2038 corpus

1057 2051 1115 2080 est;
1133 2055 1244 2082 corpus,
1260 2047 1382 2083 inquam,
1395 2052 1459 2075 sunt
1473 2053 1501 2075 et
1516 2048 1638 2083 angelus,
1651 2053 1679 2076 et
1698 2048 1799 2082 anima,
1814 2053 1842 2076 et

1057 2093 1173 2120 damon.
1189 2093 1247 2121 Etsi
1263 2093 1337 2120 enim
1353 2101 1398 2121 res
1411 2097 1508 2121 tenues
1522 2094 1693 2129 subtilesque
1706 2098 1780 2126 sunt,
1800 2099 1842 2121 ta-

1057 2148 1120 2167 men
1134 2141 1161 2167 in
1172 2140 1321 2175 hypostasi,
1333 2140 1500 2172 charactere,
1515 2147 1547 2167 ac
1559 2140 1646 2167 forma
1659 2139 1788 2175 propriis,
1800 2147 1843 2167 se-

1057 2186 1177 2213 cundum
1202 2185 1365 2213 tenuitatem
1390 2189 1497 2212 naturae
1512 2185 1634 2220 ipsorum
1655 2192 1756 2220 corpus
1777 2191 1842 2213 sunt

220 2227 254 2253 δι¹
269 2225 355 2261 οὗπερ
380 2225 445 2260 γοῦν
468 2225 515 2252 καὶ
539 2225 606 2261 ὁρᾷ·
633 2224 795 2258 περιέῦαλλε
814 2225 845 2251 τὸ
866 2223 911 2257 οὖς
929 2225 1005 2252 τοῦτο

1060 2234 1142 2258 tenue
1154 2239 1162 2263 ;
1176 2231 1249 2258 sicut
1263 2231 1290 2258 in
1306 2238 1355 2257 sua
1370 2230 1509 2265 hypostasi
1524 2237 1625 2265 corpus
1639 2230 1690 2257 hoc
1703 2235 1840 2262 nostrum,

220 2272 263 2308 δὴ,
279 2273 313 2299 δι’
326 2268 357 2299 οὗ
368 2271 415 2298 καὶ
429 2270 536 2297 ἀκούει·
550 2270 598 2304 τὴν
613 2271 701 2305 χεῖρα,
710 2269 759 2305 τὴν
774 2271 845 2305 ῥῖνα,
857 2271 904 2296 καὶ
918 2270 1004 2303 ἁπαξ-

221 2318 314 2349 απλῶς
339 2318 388 2344 ὅλα
407 2317 442 2344 τὰ
470 2316 540 2351 μέλη
557 2316 604 2342 τοῦ
628 2316 754 2351 σώματος
779 2316 938 2351 περιέϐαλλε
961 2318 1008 2344 καὶ

224 2361 377 2398 συνεκράθη
392 2361 463 2392 ὅλοις
475 2361 566 2393 αὐτοῖς
581 2360 691 2396 ἡψυχὴ,
707 2361 741 2387 δι’
753 2358 784 2388 οὗ
798 2362 845 2388 καὶ
856 2362 943 2389 πάντα
958 2363 1008 2390 ὅσα

221 2407 254 2442 δὴ
268 2406 308 2441 τῷ
331 2406 380 2441 βιῳ
402 2405 580 2441 ἐνστρέφεται
601 2406 804 2441 ἐπιτηδεύματα
828 2406 939 2433 διανύει.
956 2407 1008 2434 Τδν

222 2451 270 2480 οὖν
285 2452 366 2479 αὐτὸν
379 2452 488 2487 τρόπον,
507 2450 555 2477 καὶ
568 2451 584 2486 ἡ
599 2450 732 2486 ἁλάλητός
748 2459 777 2477 τε
791 2451 839 2477 καὶ
851 2451 1009 2488 ἀνεννόητος

221 2499 270 2526 τοῦ
291 2498 409 2534 Χριστοῦ
433 2497 586 2533 χρηστότης
602 2497 747 2532 σμικρύνει
764 2498 811 2523 καὶ
828 2499 1010 2532 σωματοποιεϊ

222 2545 335 2580 ἑαυτὴν,
358 2543 406 2570 καὶ
421 2543 603 2578 συγκιρνᾶται
624 2542 671 2568 καὶ
685 2541 885 2577 περιλαμϐάνει
899 2542 949 2574 τὰς
964 2552 1009 2569 πι-

223 2590 290 2622 στὰς
315 2589 363 2616 καὶ
388 2588 468 2623 φίλας
495 2586 577 2614 αὐτοῦ
600 2587 699 2622 ψυχὰς,
723 2588 770 2614 καὶ
789 2588 833 2621 εἰς
855 2587 889 2615 ἓν
906 2587 1010 2620 αὑταῖς

222 2636 341 2671 πνεῦμα
364 2635 488 2670 γίνεται,
508 2633 579 2660 κατὰ
593 2633 624 2659 τὺ
639 2633 728 2667 λόγιον
749 2633 868 2666 Παύλου,
884 2633 956 2669 ψυχὴ
970 2635 1009 2665 εἰς

222 2681 322 2716 ψυχὴν,
337 2680 375 2712 ὡς
390 2680 485 2715 φάναι,
498 2678 546 2705 καὶ
558 2678 703 2710 ὑπόστασις
714 2678 780 2712 γοῦν
794 2680 833 2710 εἰς
848 2679 1006 2712 ὑπόστασιν,

224 2726 261 2757 ὡς
278 2726 310 2752 ἂν
323 2727 356 2761 τῇ
371 2724 460 2760 τοιᾷδε
478 2724 551 2760 ψυχῇ
569 2725 598 2750 ἐν
611 2724 643 2758 τῇ
662 2723 744 2750 αὑτοῦ
761 2723 868 2759 θεότητι
882 2723 963 2759 ξῆσαί
978 2733 1007 2750 τε

225 2768 345 2804 ὑπάρξῃ,
362 2769 410 2795 καὶ
428 2768 562 2795 ἀθανάτου
581 2766 655 2802 ζωῆς
673 2767 825 2801 ἐφικέσθαι,
847 2769 893 2794 καὶ
912 2769 1008 2804 ἡδονῆς

227 2813 366 2848 ἀφθάρτου
380 2813 428 2841 καὶ
446 2814 565 2850 ἀρρήτου
579 2812 657 2849 δόξης
676 2814 894 2850 κατατρυφῆσαι.

264 2870 299 2896 "l
315 2870 377 2897 Cor.
389 2879 425 2903 tv,
443 2872 484 2898 l7.

1059 2283 1182 2303 crassum
1197 2283 1297 2310 corpus
1311 2280 1370 2308 est;
1389 2276 1481 2311 itaque
1505 2275 1595 2302 anima
1612 2282 1712 2309 corpus
1728 2283 1789 2302 cum
1805 2275 1841 2302 sit

1058 2321 1138 2348 exilis
1156 2321 1307 2353 tenuitatis,
1320 2320 1473 2348 circumdat
1488 2320 1540 2347 sibi
1555 2324 1638 2354 atque
1654 2320 1744 2347 induit
1757 2328 1842 2347 mem-

1059 2365 1109 2393 bra
1136 2366 1217 2401 hujus
1241 2366 1375 2401 corporis,
1398 2366 1488 2393 induit
1516 2373 1616 2401 nempe
1650 2366 1771 2398 oculum,
1792 2373 1842 2400 per

1059 2420 1141 2447 quem
1156 2411 1242 2444 videt,
1262 2419 1367 2444 aurem,
1383 2420 1432 2446 per
1443 2419 1525 2447 quam
1544 2412 1637 2444 audit,
1655 2419 1776 2442 manum,
1793 2419 1841 2438 na-

1060 2463 1123 2488 res;
1137 2463 1192 2482 uno
1208 2455 1305 2488 verbo,
1318 2460 1416 2483 cuncta
1442 2455 1566 2490 corporis
1583 2455 1705 2482 membra
1721 2455 1842 2482 circum-

1057 2500 1135 2534 ponit
1156 2500 1221 2531 sibi,
1236 2507 1355 2534 cumque
1367 2499 1422 2527 illis
1441 2502 1551 2534 penitus
1562 2500 1766 2532 eommiscetur,
1780 2508 1843 2536 per-

1058 2551 1111 2579 que
1122 2545 1299 2572 hmccunctas
1311 2544 1467 2571 functiones
1486 2544 1612 2571 humana:
1623 2545 1842 2571 conversationis

1057 2591 1226 2625 exsequitur.
1239 2590 1279 2617 Ad
1301 2590 1416 2617 similem
1429 2590 1512 2625 igitur
1520 2589 1632 2617 modum
1654 2589 1802 2617 ineffabilis
1815 2594 1842 2616 ot

1058 2634 1345 2670 incomprehensibilis
1369 2634 1472 2662 Christi
1500 2634 1610 2661 bonitas
1640 2635 1779 2662 contrahit
1811 2641 1843 2661 ac

1059 2688 1171 2715 parvam
1198 2680 1264 2707 facit
1282 2687 1315 2707 ac
1336 2679 1414 2714 quasi
1433 2679 1461 2707 in
1476 2687 1578 2714 corpus
1603 2679 1680 2715 ﬁngit
1696 2687 1726 2707 se
1739 2680 1842 2715 ipsam;

1061 2729 1142 2760 atque
1154 2732 1183 2752 se
1201 2725 1357 2752 immiscens
1381 2725 1555 2759 amplectitur
1568 2725 1663 2753 ﬁdeles
1689 2729 1718 2753 et
1742 2726 1844 2753 amicas

1062 2770 1115 2797 sibi
1128 2770 1242 2803 animas,
1259 2775 1287 2797 et
1301 2778 1370 2796 unus
1391 2778 1450 2797 cum
1471 2771 1533 2805 ipsis
1560 2770 1590 2804 ﬁt
1609 2771 1733 2805 spiritus,
1749 2779 1846 2798 smun-

1062 2815 1127 2844 tlum
1139 2815 1280 2843 oraculum
1294 2815 1397 2844 Pauli"
1408 2824 1415 2850 ς
1425 2817 1516 2844 anima
1529 2816 1557 2844 in
1568 2817 1697 2852 animam,
1709 2823 1737 2846 ut
1749 2817 1788 2845 sic
1802 2818 1844 2844 di-
