2075 3155
267 154 321 188 895

883 156 912 185 S.
934 154 1092 185 MACARII
1113 154 1272 184 (EGYPTII

1832 153 1885 184 896

267 215 356 243 catur.
380 216 408 239 et
430 211 568 247 hypostasi
596 211 623 238 in
638 211 804 246 hypostasim
816 210 894 245 quasi
909 210 1089 238 coalescente.
1103 209 1140 237 Ut
1154 218 1204 245 per
1218 211 1270 238 hoc
1300 210 1346 238 tali
1366 209 1465 237 anima:
1482 211 1509 238 in
1530 210 1616 245 ipsius
1636 209 1780 237 divinitate
1794 217 1886 236 vivere

267 257 419 292 contingat,
446 262 475 285 et
502 257 534 284 ad
559 257 740 284 immortalem
757 257 839 284 vitam
860 257 968 285 tandem
990 256 1145 292 pervenire,
1174 257 1369 292 voluptathue
1406 257 1580 292 incorrupta,
1605 260 1634 284 et
1650 254 1785 283 ineﬂabili
1799 255 1886 290 gloria

267 304 396 338 gaudere.

306 361 359 389 νη.
378 361 435 388 Tali
448 360 546 391 animm
562 361 706 393 Dominus,
729 361 838 397 quoties
853 360 964 396 quidem
981 360 1049 391 vult,

1138 357 1176 384 Z'.
1192 357 1231 392 Τῇ
1246 344 1360 393 τοιαύτῃ
1378 357 1461 392 ψυχῇ,
1487 356 1580 392 φησιν,
1608 356 1623 383 ὸ
1639 357 1749 392 Κύριος,
1775 357 1819 384 ὅτε
1837 357 1888 392 μὲν

268 406 297 433 fit
312 406 392 441 ignis,
405 414 570 434 consumens
583 407 717 442 quidquid
738 409 764 434 in
778 415 809 435 ea
826 414 939 442 pravum
955 413 986 433 ac
1000 406 1051 432 ali-

267 451 339 478 unde
355 451 493 479 invectum
508 458 550 479 est
560 461 567 485 ;
579 453 650 480 sicut
664 453 701 480 ait
717 453 849 487 propheta
863 461 868 478 :
884 452 952 478 Deus
964 456 1052 477 noster

266 497 334 532 ignis
354 505 506 524 consumens
524 502 561 524 est
571 498 603 524 ⁸⁸.
622 498 696 526 Alias
719 499 808 525 eidem
825 498 922 524 animze
937 497 965 523 {lt
980 496 1051 523 inef-

265 542 356 569 fabilis
367 542 445 576 quies
459 551 465 568 τ
479 543 626 576 aliquando
640 543 769 578 gaudium
796 548 824 570 et
854 551 916 577 pax,
933 542 1052 569 circum-

265 586 370 618 lovens,
387 591 414 614 et
439 587 559 621 undique
583 593 751 622 amplectens
766 588 863 622 ipsam.
879 588 995 614 Tantum
1014 594 1049 613 ne

266 632 388 659 desimus
414 633 517 659 nostris
536 633 669 667 partibus,
696 639 725 660 ut
751 634 826 660 illum
855 640 990 662 amemus.
1008 632 1046 659 illi

266 677 452 712 gratiﬁcemur
469 678 593 705 moribus
619 679 722 713 probis.
748 679 810 706 Hmc
830 679 877 713 qui
898 677 1048 713 praestabit,

267 723 326 757 ipso
344 730 424 749 sensu
451 723 608 758 perspiciet.
631 724 700 751 inire
720 732 749 751 se
772 725 827 759 jam
849 724 1049 758 possessionem

266 767 486 794 inenarrabilium
514 768 660 799 bonorum,
675 777 735 803 qua:
759 770 857 796 oculus
885 777 940 795 non
969 767 1047 799 vidit,

264 822 340 841 auris
354 823 408 842 non
425 815 530 842 audivit
555 820 584 842 et
604 816 631 843 in
649 824 697 843 cor
717 816 837 843 hominis
851 824 904 843 non
921 815 1052 843 ascende-

266 865 330 886 runt
342 869 348 892 ;
361 868 410 894 per
421 868 481 895 qua:
494 861 613 896 Spiritus
623 862 731 888 Domini
748 861 777 888 lit
791 862 900 889 nuncin
916 862 1050 896 requiem,

265 911 339 930 nunc
350 903 376 930 in
388 904 648 935 exsultationem,et
664 905 832 939 voluptatem
850 910 878 931 et
889 906 972 932 vitam
990 907 1051 940 ejus

268 949 366 975 anima:
394 956 454 982 qua:
469 956 498 975 se
517 949 564 975 illo
584 949 693 984 dignam
714 950 876 977 ostenderit.
892 950 1051 984 lneorporat

263 994 337 1021 enim
351 1002 380 1021 se
393 994 482 1028 ipsum
502 995 574 1022 sicut
587 996 614 1022 in
627 1002 719 1022 escam
731 995 913 1029 spiritualem,
929 996 966 1022 ita
981 1000 1009 1023 et
1023 996 1049 1023 in

1103 403 1228 438 βούλεται
1243 402 1298 437 πῦρ
1309 403 1426 436 γίνεται,
1445 404 1500 429 πᾶν
1519 403 1620 437 φαῦλον
1637 403 1724 439 αὐτῆς
1740 404 1785 430 καὶ
1795 404 1889 430 ἐπείσ-

1101 457 1184 476 ακτον
1199 448 1335 475 διακαῖον·
1354 447 1448 482 ὥσπερ
1465 448 1512 475 καὶ
1535 449 1549 474 ὁ
1571 449 1714 484 προφήτης
1735 449 1833 483 φησιν·
1854 451 1888 475 '0

1102 495 1175 527 Θεὸς
1194 494 1278 529 ἡμῶν
1290 494 1349 527 πῦρ
1364 494 1599 522 καταναλίσκον.
1613 495 1679 521 Ὅτε
1693 494 1721 521 δὲ
1736 494 1888 526 ἀνάπαυσις

1102 541 1232 576 ἀρῤητος,
1257 541 1301 567 ὅτε
1321 541 1349 568 δὲ
1371 540 1442 576 χαρὰ
1457 543 1505 567 καὶ
1527 541 1632 576 εἰρήνη,
1648 540 1824 575 περιθάλπων
1841 541 1888 567 καὶ

1102 587 1272 621 περιϐάλλων
1289 586 1384 621 αὐτήν.
1402 587 1489 612 Μόνον
1512 586 1542 619 ἐν
1562 586 1663 622 σπουδῇ
1689 586 1780 612 θετέον
1801 586 1888 620 φιλεῖν

1102 632 1183 658 αὐτὸν
1208 631 1256 658 καὶ
1283 632 1443 667 χαρίζεσθαι
1464 632 1575 666 τρόποις
1600 632 1721 665 ἀγαθοῖς,
1747 633 1794 659 καὶ
1816 633 1885 668 αὐτῇ

1102 678 1195 713 πείρα,
1218 677 1286 712 αὐτῇ
1314 677 1436 712 αἰσθήσει
1464 677 1557 711 Mrs-rat
1583 677 1721 712 ἁψάμενος
1745 678 1886 713 ἀλαλήτων

1102 723 1223 757 ἀγαθῶν,
1244 722 1262 748 ἃ
1275 722 1414 756 ὀφθαλμὸς
1429 722 1479 748 οὐκ
1495 722 1560 753 εἶδε,
1579 723 1626 748 καὶ
1647 722 1694 754 οὓς
1708 723 1757 749 οὐκ
1774 723 1885 758 ἡκουσε,

1102 770 1149 796 καὶ
1163 768 1210 794 ἐπὶ
1225 768 1339 802 καρδίαν
1349 767 1492 802 ἀνθρώπου
1505 769 1554 795 οὐκ
1567 768 1661 803 ἀνέϐη,
1674 769 1723 795 ὅσα
1735 768 1763 795 τὸ
1775 769 1885 803 Πνεῦμα

1102 814 1205 849 Κυρίου
1228 813 1344 847 γίνεται,
1359 813 1437 839 τοῦτο
1462 813 1511 848 μὲν
1528 815 1567 845 είς
1588 814 1750 846 ἀνάπαυσιν,
1767 814 1844 841 τοῦτο
1862 814 1885 840 δ’

1101 860 1138 891 εἰς
1155 859 1312 892 ἀγαλλίασιν
1327 859 1374 885 καὶ
1386 859 1502 894 τρυφὴν,
1515 860 1561 885 καὶ
1576 859 1648 894 ζωὴν
1663 860 1712 894 τῆς
1726 860 1803 892 ἀξίας
1814 860 1886 886 ἐκεί-

1101 914 1146 931 νου
1169 905 1348 940 δεικνυμένης
1374 905 1472 940 ψυχῆς.
1500 905 1688 941 Σωματοποιεῖ
1711 906 1765 941 γὰρ
1792 904 1887 931 ἑαυτὸν

1102 951 1244 986 ὦσπερείς
1258 951 1359 986 βρῶσιν
1373 951 1571 987 πνευματικὴν,
1586 951 1656 978 οὓτω
1670 952 1716 978 καὶ
1733 953 1772 983 είς
1785 951 1887 986 ἔνδυμά

1101 1005 1131 1022 τε
1158 997 1205 1023 καὶ
1225 997 1311 1032 κάλλη
1339 997 1537 1032 άνεκδιήγητα,
1567 997 1599 1023 ἵν’
1615 997 1784 1032 εὐφροσύνης
1815 997 1887 1023 οῦτω

264 1039 454 1067 indumentum
481 1044 509 1066 et
529 1045 656 1067 ornatum
678 1039 871 1067 inenarrabilis
882 1040 1047 1075 splendoris,

1099 1041 1230 1076 πληρώσῃ
1243 1041 1432 1076 πνευματικῆς
1442 1050 1449 1057 ·
1469 1042 1541 1075 Ἐγὼ
1551 1041 1604 1076 γάρ
1617 1042 1685 1076 ειμι,
1698 1042 1790 1076 φησὶν,
1807 1043 1823 1068 ὀ
1836 1041 1888 1076 ἆρ-

264 1085 346 1112 utsic
356 1092 416 1112 eam
436 1084 572 1119 spirituali
589 1084 683 1111 laetitia
697 1085 820 1119 impleat.
835 1085 892 1121 Ego
903 1086 987 1118 enim,
998 1086 1049 1117 ait.

263 1129 340 1164 panis
354 1129 413 1155 vita:
422 1129 519 1155 tum".
534 1128 567 1155 Et
583 1135 590 1154 :
610 1127 661 1160 Qui
675 1128 766 1155 biberit
780 1137 811 1155 ex
824 1137 893 1162 aqua
910 1138 990 1164 quam
1004 1137 1050 1164 ego

262 1174 329 1201 dabo
341 1174 374 1205 ei,
386 1173 432 1207 ﬁet
446 1174 473 1200 in
482 1181 512 1200 eo
522 1172 582 1206 [om
604 1180 682 1208 aqua
698 1173 817 1201 salientis
829 1174 857 1200 in
871 1175 953 1201 vitam
971 1179 1049 1202 a-ter-

265 1220 368 1246 nam".

298 1272 416 1300 Vlll.lta
434 1273 534 1307 cuique
560 1272 733 1300 sacerdotum
755 1276 784 1299 et
795 1277 953 1300 sanctorum
977 1273 1050 1301 Deus

261 1317 399 1351 apparuit.
424 1321 454 1344 ut
476 1321 503 1344 et
521 1317 573 1351 ipsi
598 1317 651 1344 fuit
675 1317 730 1345 Deo
752 1318 883 1353 placitum
900 1322 928 1346 et
943 1319 1048 1346 videnti

261 1361 329 1388 utile
342 1369 348 1386 :
365 1361 443 1388 aliter
456 1361 623 1394 Ahrahamo,
641 1362 721 1389 aliter
732 1362 837 1394 lsaaco.
848 1363 928 1390 aliter
939 1371 1049 1398 quoque

261 1406 374 1439 Jacobo,
392 1407 461 1438 Noe,
476 1408 593 1440 Danieli,
619 1408 697 1440 Mosi,
719 1408 826 1440 Davidi,
849 1414 877 1436 et
900 1410 1049 1444 unicuique

261 1452 468 1486 prophetarum,
496 1452 624 1479 minuens
652 1456 681 1480 et
707 1452 734 1479 in
765 1460 866 1487 corpus
890 1452 994 1488 ﬁngens
1019 1462 1049 1481 se

262 1497 364 1531 ipsum,
387 1497 460 1523 sicut
485 1496 588 1524 dictum
611 1501 664 1529 est,
681 1498 932 1533 transﬁguransque
949 1505 988 1529 se,
1017 1506 1050 1526 ac

261 1541 349 1569 forma
365 1542 467 1569 visibili
488 1547 627 1576 assumpta
645 1542 808 1569 intuendum
823 1550 853 1569 se
868 1542 993 1577 praebens
1005 1542 1048 1569 di-

261 1587 410 1622 ligentibus
426 1588 536 1622 ipsum;
550 1595 603 1614 non
615 1594 735 1623 quantus
745 1593 795 1620 est,
813 1596 875 1615 cum
891 1589 928 1616 sit
945 1588 1049 1615 incom-

261 1633 474 1668 prehensibilis;
497 1633 544 1661 sed
566 1637 699 1668 quantum
726 1633 765 1660 illi
792 1641 890 1668 capere
909 1638 1046 1668 possunt;

260 1682 374 1714 propter
402 1677 519 1704 multum
544 1683 573 1705 et
605 1677 921 1712 incomprehensibilem,
941 1685 997 1713 quo
1019 1678 1047 1706 in

260 1725 336 1761 ipsos
347 1724 446 1758 fertur,
460 1731 593 1751 amorem.

294 1788 342 1817 1X.
356 1788 455 1816 Anima
477 1787 526 1815 Dei
552 1787 710 1822 dignatione
734 1791 892 1821 consecuta,
909 1793 940 1815 ut
963 1788 1048 1815 virtu-

260 1839 314 1862 tem
330 1834 403 1861 illam
421 1841 455 1861 ex
475 1833 541 1865 alto,
559 1833 738 1868 divinumque
761 1833 837 1860 illum
860 1833 950 1868 ignem
974 1833 1047 1860 intra

259 1888 288 1908 se
303 1879 484 1907 domesticum
500 1878 615 1911 habeat;
629 1878 674 1905 illa
686 1878 888 1913 supercmlestis
903 1878 967 1906 boni
984 1878 1047 1913 Spi-

259 1926 330 1954 ritus
346 1925 425 1960 qnasi
441 1929 600 1953 concretam
619 1924 677 1952 suis
697 1924 783 1959 ipsius
808 1925 940 1952 membris
957 1923 1047 1952 chari-

258 1977 341 2000 tatem
353 1972 432 2007 192
448 1971 586 2003 obtinens,
598 1971 672 1998 omni
685 1971 809 2006 profecto
823 1971 954 1998 mundani
970 1978 1046 1997 amo-

258 2019 297 2046 ris
313 2018 459 2053 expeditur
481 2024 565 2048 nexu,
577 2020 604 2044 et
618 2015 730 2043 vinculo
746 2015 857 2043 malitiae
871 2015 997 2043 solvitur.
1011 2016 1047 2044 Ut

258 2066 333 2093 enim
343 2064 458 2096 ferrum,
474 2062 628 2097 plumbum,
638 2070 747 2094 aurum,
765 2066 908 2098 argentum
922 2062 1046 2096 conjecta

258 2109 286 2138 in
300 2109 391 2144 ignem
404 2108 566 2140 solvuntur;
587 2107 764 2141 ipsorumque
783 2107 940 2134 inﬂexibilis
964 2112 1046 2134 antea

256 2158 286 2183 et
295 2154 329 2182 ad
341 2158 443 2181 tactum
455 2152 586 2179 resistens
593 2151 716 2179 soliditas
730 2152 757 2178 in
772 2152 884 2179 ﬂuidam
900 2152 1043 2180 mollitiem

257 2205 394 2233 mutatur;
408 2200 444 2227 ita
457 2202 487 2225 ut
505 2198 627 2233 quandiu
642 2199 669 2226 in
687 2199 748 2233 igne
763 2203 894 2233 perstant,
910 2198 992 2231 ﬂuxa,
1012 2198 1046 2226 li.

256 2245 351 2282 quida,
375 2245 495 2272 resoluta
517 2248 667 2271 cernantur
688 2247 716 2271 et
731 2244 796 2276 sint,
811 2244 950 2279 rigiditate
967 2252 1045 2279 pror-

255 2299 303 2320 sus
320 2291 444 2325 deposita
462 2289 593 2320 naturali.
605 2288 641 2315 ob
653 2289 768 2317 ﬂamma:
784 2290 838 2316 vim
856 2298 863 2317 :
881 2290 921 2317 sic
933 2294 960 2317 et
983 2290 1044 2317 ani-

256 2345 300 2364 ma
315 2345 376 2372 qua:
394 2335 620 2370 supercmlestem
632 2335 709 2362 illum
725 2335 851 2370 concepit
872 2336 964 2370 ignem
989 2335 1044 2370 spi-

256 2385 363 2414 ritualis
377 2384 530 2415 charitatis,
544 2390 655 2410 omnem
669 2390 684 2409 a
713 2389 742 2409 se
761 2381 888 2409 affectum
912 2381 1043 2409 mundani
1061 2390 1083 2418 υ

1101 1095 1153 1119 τος
1167 1086 1220 1121 τῆς
1235 1087 1326 1122 ζωῆς·
1342 1088 1399 1120 καὶ,
1424 1087 1455 1113 '0
1467 1088 1562 1114 πίνων
1585 1087 1620 1114 ἐκ
1639 1087 1693 1114 τοῦ
1717 1087 1826 1120 ὕδατος
1849 1084 1887 1114 οὗ

1099 1131 1157 1166 ἐγὼ
1181 1132 1268 1159 δώσω
1290 1132 1380 1165 αὐτῷ,
1399 1133 1557 1167 γενήσεται
1575 1132 1655 1165 αὐτῷ
1674 1132 1755 1168 πηγὴ
1777 1132 1888 1166 ὕδατος

1101 1177 1272 1212 ἁλλομένου
1285 1179 1328 1210 είς
1342 1177 1419 1211 ζωὴν
1434 1178 1566 1205 αἰώνιον.

1135 1271 1177 1299 H'.
1196 1271 1284 1304 Οὕτω,
1301 1272 1377 1307 φησι,
1393 1271 1439 1298 καὶ
1454 1271 1562 1307 ἑκάστῳ
1577 1272 1615 1307 τῷ
1631 1272 1724 1308 ἱερέων
1740 1274 1788 1300 καὶ
1800 1273 1887 1308 ἁγίων

1099 1318 1113 1344 ὁ
1130 1317 1195 1348 Θεὸς
1209 1316 1298 1352 ὤφθη,
1325 1318 1364 1348 ὡς
1382 1317 1460 1352 αὑτῷ
1472 1317 1578 1352 θέλημα
1597 1317 1643 1345 καὶ
1667 1318 1706 1352 τῷ
1724 1318 1822 1354 ὸρῶντι
1841 1319 1888 1344 λυ-

1101 1363 1215 1394 σιτελὲς,
1238 1360 1303 1394 οἷον,
1327 1363 1415 1395 ἄλλως
1441 1363 1480 1398 τῷ
1501 1363 1636 1399 Ἀϐραὰμ,
1664 1365 1711 1390 καὶ
1737 1364 1824 1396 ἄλλως
1847 1365 1888 1401 τῷ

1106 1408 1208 1440 Ἰσαὰκ,
1223 1409 1262 1444 τῷ
1287 1409 1386 1436 Ἰακὼϐ
1402 1409 1499 1440 ἄλλως,
1512 1409 1551 1444 τῷ
1569 1408 1643 1441 Νῶε,
1662 1409 1700 1444 τῷ
1723 1410 1832 1444 Δανιὴλ,
1848 1410 1888 1444 τῷ

1099 1454 1203 1486 Μωσεῖ,
1220 1455 1259 1490 τῷ
1274 1455 1368 1487 Δαϐὶδ,
1384 1455 1432 1481 καὶ
1448 1455 1556 1488 ἑκάστῳ
1578 1455 1632 1481 τῶν
1648 1455 1806 1490 προφητῶν,
1825 1464 1887 1490 σμι-

1099 1497 1206 1532 κρὺνων
1230 1498 1327 1525 ἑαυτὸν
1348 1498 1394 1525 καὶ
1423 1499 1631 1534 σωματοποιῶν,
1655 1499 1750 1534 ὥσπερ
1764 1501 1883 1535 εἴρηται,

1100 1543 1360 1578 μεταμορφούμενός
1376 1552 1404 1570 τε
1422 1545 1468 1570 καὶ
1483 1544 1676 1579 ὀπτανόμενος,
1692 1545 1797 1576 τούτοις
1815 1546 1885 1579 ἀγα‹

1099 1588 1186 1616 πῶσιν
1198 1588 1289 1621 αὑτὸν,
1300 1589 1330 1615 οὐ
1345 1589 1460 1616 καθόσον
1470 1589 1551 1620 αὑτός
1563 1591 1636 1616 ἐστιν
1645 1589 1796 1625 (ἀχώρητος
1809 1590 1887 1624 γὰρ),

1098 1634 1167 1661 ἀλλά
1186 1634 1256 1661 κατά
1271 1635 1320 1669 τὴν
1338 1635 1449 1662 ἐκείνων
1466 1635 1586 1670 χώρησίν
1599 1643 1629 1661 τε
1645 1636 1692 1661 καὶ
1703 1636 1829 1671 δύναμιν,
1842 1636 1887 1662 διὰ

1099 1679 1147 1715 τὴν
1170 1679 1270 1715 πολλὴν
1288 1680 1334 1707 καὶ
1350 1680 1530 1716 ἀπερινόητον
1553 1681 1587 1716 ἦν
1613 1681 1693 1716 ἔσχεν
1716 1682 1756 1713 εἰς
1787 1682 1886 1713 αὐτοὺς

1061 1720 1081 1748 C
1098 1726 1218 1761 ἀγάπην.

1132 1782 1170 1810 Θ’.
1184 1781 1265 1817 Ψυχὴ
1280 1781 1478 1814 καταξιωθεῖσα
1491 1782 1540 1818 τὴν
1550 1783 1579 1816 ἐξ
1593 1782 1676 1818 ὕψους
1688 1785 1885 1812 εἰσοικίσασθαι

1097 1827 1221 1863 δύναμιν,
1239 1830 1285 1856 καὶ
1298 1829 1329 1855 τὸ
1345 1828 1401 1864 πῦρ
1416 1829 1503 1856 ἐκεῖνο
1517 1830 1548 1856 τὸ
1563 1830 1644 1862 θεῖον,
1668 1831 1716 1857 καὶ
1731 1831 1780 1866 τὴν
1801 1833 1883 1858 ἐπου-

1099 1871 1190 1906 ράνιον
1206 1871 1252 1898 τοῦ
1270 1872 1372 1907 ἀγαθοῦ
1390 1873 1546 1908 Πνεῦματος
1563 1874 1675 1909 ἀγάπην
1693 1875 1884 1911 συγκεκραμέ-

1097 1925 1146 1951 νην
1172 1917 1272 1952 ἔχουσα
1295 1919 1351 1950 τοῖς
1376 1918 1474 1945 ἑαυτοῦ
1501 1919 1605 1954 μέλεσι,
1633 1921 1723 1955 πάσης
1749 1921 1884 1956 κοσμικῆς

1097 1963 1208 1998 ἀγάπης
1222 1964 1343 1999 ἀτεχνῶς
1355 1964 1458 1997 λύεται,
1472 1965 1520 1992 καὶ
1535 1965 1637 1999 δεσμοῦ
1652 1966 1752 1998 κακίας
1765 1967 1881 1993 ἀνίεται.

1098 2010 1204 2045 Ὠσπερ
1218 2011 1272 2046 γὰρ
1290 2011 1398 2046 σίδηρος
1414 2012 1430 2047 ἥ
1452 2012 1592 2047 μόλυϐδος,
1607 2014 1707 2049 χρυσός
1724 2022 1753 2040 τε
1768 2015 1816 2041 καὶ
1834 2014 1884 2049 ἄρ-

1096 2064 1179 2090 γυρος
1194 2057 1261 2091 πυρὶ
1271 2056 1456 2092 παραϐληθε¹ις
1468 2057 1571 2090 λύεται,
1587 2058 1633 2085 καὶ
1648 2059 1698 2094 τῆς
1714 2059 1821 2094 φύσεως
1834 2059 1884 2087 αὐ-

1095 2103 1142 2129 τοῦ
1159 2102 1190 2129 τὸ
1205 2102 1350 2129 ἀντίτυπον
1363 2103 1403 2134 είς
1416 2103 1575 2138 ἁπαλότητα
1593 2104 1765 2139 μεταϐάλλει,
1784 2105 1812 2131 ὲν
1828 2106 1884 2140 ὅσῳ

1096 2157 1125 2174 τε
1138 2148 1176 2183 τῷ
1190 2148 1258 2184 πυρὶ
1276 2148 1374 2182 ὁμιλεῖ,
1387 2148 1486 2184 χαῦνός
1496 2149 1554 2175 ἐστι
1573 2149 1620 2176 καὶ
1635 2150 1756 2183 ἔκλυτος,
1771 2151 1818 2177 καὶ
1833 2151 1883 2186 τὴν

1096 2190 1215 2226 φυσικὴν
1228 2191 1425 2227 ἀποϐεϐληκὼς
1440 2193 1602 2220 ἀντιτυπίαν
1614 2194 1657 2221 διὰ
1669 2195 1717 2230 τὴν
1731 2195 1778 2222 τοῦ
1797 2196 1882 2231 πυρὸς

1095 2236 1210 2271 δύναμιν
1221 2244 1228 2251 '
1242 2236 1313 2264 οὕτω
1333 2239 1379 2265 καὶ
1389 2238 1462 2273 ψυχὴ
1479 2238 1510 2265 τὸ
1524 2240 1684 2274 ἐπουράνιον
1701 2241 1788 2267 ἐκεῖνο
1803 2241 1883 2273 δεξαο

1097 2282 1165 2318 μένη
1180 2282 1236 2318 πῦρ
1251 2283 1300 2318 τῆς
1315 2283 1425 2318 ἀγάπης
1441 2283 1489 2310 τοῦ
1505 2284 1673 2320 Πνεύματος,
1692 2286 1783 2322 πάσης
1798 2295 1883 2320 προσ-

1096 2328 1212 2360 παθείας
1231 2329 1278 2355 τοῦ
1299 2329 1432 2364 κοσμικοῦ
1448 2324 1748 2367 Πνεύματοξὲκχωρεῖ,
1764 2333 1811 2358 καὶ
1828 2332 1882 2358 τῶν

1096 2373 1202 2407 δεσμῶν
1214 2373 1323 2408 ἀφίεται
1336 2376 1385 2410 τῆς
1395 2375 1503 2408 κακίας,
1517 2375 1546 2409 ἐξ
1558 2376 1642 2411 αὐτῆς
1654 2385 1683 2403 τε
1698 2377 1748 2412 τῆς
1764 2377 1881 2412 φυσικῆς

254 2431 368 2466 spiritus
384 2429 479 2464 procul
495 2429 588 2462 habet,
609 2427 784 2462 vinculisque
807 2427 919 2454 malitia:
936 2427 1045 2454 cunctis

1099 2420 1280 2456 σκληρότητος
1301 2421 1463 2455 μεταϐάλλει
1476 2422 1526 2457 τῆς
1538 2423 1685 2457 ἁμαρτίας,
1705 2423 1792 2457 μικρὰ
1811 2423 1880 2449 πάν-

254 2465 420 2507 εἰεοινὶιυη
435 2478 463 2501 et
477 2482 511 2500 ex
524 2473 583 2508 ipsa
594 2481 623 2500 se
634 2473 740 2500 relaxat
750 2472 931 2500 emnllescens
941 2471 1044 2499 duritie

1099 2474 1127 2491 ra.
1144 2465 1305 2501 λογιζομένη
1326 2467 1372 2492 καὶ
1388 2467 1568 2502 ἀτιμάζουσα.
1586 2468 1659 2503 Φημὶ
1674 2468 1697 2495 δ’
1712 2469 1755 2496 ὃτι
1775 2469 1827 2496 κᾶν
1840 2478 1882 2497 τι-

254 2520 374 2556 peceati;
389 2527 471 2554 parva
485 2518 575 2546 omnia
586 2517 725 2545 mundana
741 2510 883 2552 reputans,
893 2521 921 2544 et
934 2521 964 2544 ut
978 2517 1044 2544 vilia

1099 2522 1137 2541 vac
1150 2514 1220 2549 αὐτῇ
1242 2512 1295 2540 εἷεν
1307 2514 1416 2549 ἀδελφοὶ
1434 2516 1494 2541 κατ’
1508 2516 1596 2551 ἄκραν
1618 2515 1784 2551 φιλούμενοι,
1811 2518 1880 2552 πρὸς

254 2570 443 2594 contemnens.
464 2563 539 2590 lianc
554 2563 597 2590 aio
610 2562 738 2597 equidem
751 2563 793 2590 vel
806 2563 828 2589 si
842 2562 974 2597 quosdam
985 2562 1043 2589 fra-

1099 2560 1120 2586 Ξέ
1133 2560 1241 2594 ἐκείνην
1258 2560 1326 2595 αὐτῇ
1342 2561 1552 2595 παραποδίζοιεν
1565 2562 1615 2596 τὴν
1632 2563 1752 2597 ἀγάπην,
1769 2563 1815 2589 καὶ
1830 2564 1881 2590 αύ-

255 2615 311 2638 tres
332 2609 442 2640 habeat,
462 2607 512 2642 ipsi
529 2607 726 2640 charissimos;
751 2607 925 2642 senseritque
937 2606 1041 2641 aliquid

1099 2605 1157 2636 τοὺς
1177 2605 1210 2632 ἂν
1233 2605 1466 2641 ἀποστέρξοιεν,ή
1488 2607 1527 2642 τῷ
1547 2606 1659 2642 τοιούτῳ
1675 2607 1756 2642 ἔρωτι
1780 2607 1882 2634 ἁλοῦσα

253 2653 442 2690 impedimenti
463 2653 537 2687 ipsos
554 2651 674 2687 obiicere
688 2651 821 2679 exercitio
836 2659 893 2678 suae
906 2651 933 2678 in
955 2652 1041 2678 Deum

1099 2650 1179 2686 1ιιυχὴ.
1206 2651 1236 2677 Εἰ
1261 2651 1316 2687 γὰρ
1341 2652 1476 2687 σαρκικῆς
1496 2652 1637 2684 κοινωνίας
1661 2653 1755 2689 ἀγάπη
1779 2653 1879 2688 γάμου,

254 2699 407 2731 charitatis,
423 2697 510 2726 amori
533 2697 667 2731 ipsorum,
686 2697 814 2724 nuntium
830 2698 967 2732 extemplo
981 2705 1041 2724 esse

1099 2695 1199 2730 πατρός
1219 2704 1248 2721 τε
1268 2695 1316 2722 καὶ
1333 2697 1451 2732 μητέρος
1473 2697 1521 2723 καὶ
1538 2696 1661 2731 ἀδελφῶν
1675 2697 1809 2732 διίστησι·
1829 2697 1881 2724 κᾶν

254 2745 441 2773 remissuram.
459 2742 487 2770 Si
500 2742 574 2769 enim
588 2749 666 2769 amor
680 2750 744 2778 erga
761 2742 872 2778 nuptias
894 2742 930 2770 ob
944 2750 1041 2770 carna-

1099 2750 1136 2773 τις
1149 2741 1212 2777 φιλῇ
1230 2750 1289 2768 τινα
1300 2742 1411 2776 τούτων,
1429 2742 1458 2776 ἐξ
1474 2742 1605 2778 ἐπιπολῆς
1620 2743 1701 2778 φιλεῖ,
1714 2743 1763 2778 τὴν
1781 2742 1808 2769 δὲ
1820 2743 1879 2771 διά-

289 2844 311 2860 "
324 2845 401 2871 Deut.
415 2853 451 2878 iv,
467 2845 512 2878 2:5;
536 2844 620 2872 llcbr.
636 2853 683 2878 χιι,
696 2844 742 2874 9.9.
764 2842 802 2882 j'
814 2843 892 2871 Joan.
909 2849 946 2875 vt,
964 2841 1008 2870 5|.
1047 2843 1069 2859 '°
1079 2842 1145 2870 ibid.
1165 2843 1207 2870 Η.
