2075 3155
208 150 260 182 897
713 157 828 188 LIBER
848 158 897 188 DE
915 158 1153 192 ELEVATIONE
1174 163 1328 195 MENTIS.
1783 168 1834 200 899

207 205 283 232 θεσιν
296 204 362 240 ὃλην
381 207 490 234 καὶτὸν
515 207 596 235 πόθον
620 210 688 246 πρὸς
709 211 760 246 τήν
786 215 986 250 συνῳκισμένηι

1046 217 1100 245 lem
1115 219 1339 254 conjunctionem
1352 219 1443 253 initas,
1457 227 1473 248 a
1491 223 1579 256 patre,
1603 225 1692 250 matre
1705 227 1733 250 et
1744 223 1835 252 fratri-

205 250 280 286 αὐτῷ
295 252 423 279 τέταχεν
438 254 462 280 εί
477 255 492 290 ή
513 255 563 290 τῆς
578 257 678 291 σαρκὸς
694 258 770 292 φιλία
783 259 854 286 οὕτω
870 260 928 287 λύει
943 262 986 289 πά-

1047 262 1100 290 bus
1113 250 1256 299 disiungit,
1265 270 1295 292 ut
1308 265 1330 292 si
1348 266 1410 300 quis
1423 250 1523 293 h'oru-m
1536 250 1656 302 aliquem
1670 272 1754 300 amet,
1768 268 1837 296 levi-

207 304 255 328 cm;
265 296 348 331 ἄλλης
363 297 410 324 τοῦ
425 298 528 333 κόσμου
547 300 648 334 φιλίας,
671 303 752 338 σχολῇ
769 303 795 338 γ’
810 303 844 330 ἂν
857 305 883 331 οι
899 306 986 341 ἐκείνη

1050 312 1091 334 ter
1109 313 1137 336 et
1151 309 1342 344 superficiarie
1369 315 1443 338 amet
1459 320 1466 344 ;
1490 319 1600 339 omnem
1618 320 1684 340 vero
1706 313 1834 341 aﬂ‘ectum

206 341 244 375 τῷ
268 342 368 368 ἀπαθεῖ
391 342 537 378 βληθέντες
563 345 644 381 ἔρωτι
670 348 724 375 τινὶ
745 348 799 376 τῶν
821 349 868 377 τοῦ
893 350 986 386 κόσμοι

1049 353 1144 386 animi,
1155 359 1240 382 omne‘
1252 355 1420 383 desiderium
1440 356 1474 383 ad
1486 357 1689 385 cohabitantem
1702 358 1753 393 ipsi
1767 367 1835 387 con-

216 387 343 415 καθεκτοὶ
354 389 484 422 γένοιντο.

1046 398 1139 434 jugem
1151 398 1260 427 affixum
1276 400 1392 433 habeat;
1412 405 1494 436 atque
1509 402 1532 429 si
1542 402 1661 430 carnalis
1675 401 1832 438 hujusmodi

209 434 332 462 amicitia
355 443 465 464 omnem
488 437 568 465 aliam
599 441 691 468 carnis
719 442 867 470 amicitiam
880 443 1045 479 disrumpat,
1060 453 1095 473 an
1109 453 1192 482 segne
1210 447 1297 475 otium
1312 448 1366 476 erit
1381 448 1519 477 desiderio
1536 449 1751 484 perturbationis
1772 457 1831 477 om-

205 481 249 514 nis
264 482 380 511 immuni
393 485 536 519 permissis
549 494 671 516 amorem
684 489 804 525 aliquem
825 492 921 519 mundi
938 501 993 520 non
1009 493 1158 522 cohibendi
1172 495 1185 522 ’ί

239 526 268 555 ι’.
288 528 414 564 Χρηστδς
429 529 467 557 ὣν
485 531 675 568 φιλάνθρωπος
686 532 790 568 ὁθεδς,
804 537 991 573 μακροθύμως

204 572 270 608 ἔχει,
293 575 340 601 καὶ
364 575 448 608 πολύς
472 577 546 604 ἐστιν
569 579 712 615 ἀναμένων
733 581 783 617 τὴν
804 583 920 610 ἑκάστου
934 572 993 612 τῶν

205 618 416 654 ἁμαρτανόντων
442 623 588 657 μετάνοιαν
599 633 607 641 ι
628 626 724 662 ἑορτὴν
740 627 868 663 οὐρανίαν
882 629 993 665 τιθέμε-

205 673 249 696 νος
263 664 314 700 τὴν
329 666 376 692 τοῦ
393 667 615 703 μεταμελομένου
628 670 796 707 ἐπιστροφήν
806 680 813 688 ⁸
835 673 918 708 Χαρὰ
928 664 993 710 γάρ,

206 709 289 743 φησὶν
302 710 393 742 αὐτὸς,
405 710 441 737 ἐν
452 710 492 744 τῷ
509 713 626 746 οὐρανῷ
646 715 757 749 γίνεται
769 716 817 743 ἐπὶ
837 716 883 744 ἐνὶ
899 709 991 752 ἁμαρ-

203 754 287 786 τωλῷ
310 755 518 788 μετανοοῦντι.
533 757 564 784 Et
586 758 615 784 δέ
635 767 677 790 τις
691 760 740 795 τὴν
757 762 928 797 χρηστότητα
945 763 990 789 αὑ-

201 799 250 834 τὴν
269 801 315 826 καὶ
339 801 532 837 μακροθυμίαν
556 803 638 838 ὁρῶν,
659 805 707 832 καὶ
722 807 763 833 ὅτι
782 807 819 843 μή
844 809 901 840 τοῖς
918 809 990 836 κατὰ

202 847 286 881 μέρος
309 847 507 882 ἁμαρτήμασιν
530 850 725 886 ἐπεξέρχεται,
751 853 801 889 τήν
825 854 988 889 μετάνοιαν,

1079 539 1114 566 Χ.
1133 539 1272 576 Benignus
1288 546 1316 570 et
1326 542 1469 570 hominum
1487 550 1581 570 amans
1591 543 1673 576 Deus,
1686 543 1771 571 multa
1786 550 1827 577 pa-

1042 585 1141 614 tientia
1150 592 1291 622 exspectat
1303 590 1438 624 cujusque
1446 590 1620 624 peccantium
1630 589 1831 624 paenitentiam.

1046 631 1075 658 in
1089 631 1188 659 festum
1213 633 1324 661 caeleste
1341 634 1489 662 instituens
1508 634 1696 669 resipiscentis
1716 642 1832 662 conver-

1043 676 1150 704 sionem
1167 686 1174 704 :
1190 678 1324 706 Gaudium
1337 680 1423 712 enim,
1442 680 1481 707 ait
1495 680 1564 715 ipse,
1576 683 1614 706 est
1630 681 1659 707 in
1672 679 1736 706 caelo
1751 687 1831 714 super

1044 728 1096 748 uno
1113 727 1250 756 peccatore
1269 724 1452 759 pauitantia»;
1472 724 1606 759 agente“.
1628 723 1657 751 Si
1681 731 1747 751 vero
1767 723 1832 759 quis

1043 765 1114 794 hanc
1127 768 1350 797 animadvertens
1367 770 1415 797 Dei
1428 770 1578 797 bonitatem
1593 774 1622 798 et
1637 770 1831 805 longanimita-

1043 814 1109 844 tem,
1127 820 1181 847 qua
1193 813 1245 841 sibi
1263 818 1426 848 temperata
1438 814 1552 850 singulis
1567 814 1693 849 protinus
1707 814 1832 842 crimini-

1043 855 1095 884 bus
1114 857 1291 891 ulciscendis,
1304 863 1477 894 exspectans,
1498 864 1530 887 ut
1545 859 1675 892 diximus,
1694 860 1832 895 paeniten-

204 890 299 928 ὥσπερ
329 892 445 928 ἔφημεν,
472 894 658 930 ἐκδεχόμενος,
693 898 908 935 κατολιγωρήσει
941 901 986 936 τῆς

1043 901 1127 935 tiam,
1151 903 1272 939 negligat
1285 890 1511 940 praeceptum-et
1528 905 1577 933 Dei
1603 890 1765 940 bonitatem,
1779 913 1830 941 pro

203 936 324 972 ἐντολῆς,
347 938 396 965 καὶ
417 939 467 974 τὴν
483 940 667 976 χρηστότητα,
683 941 752 976 φεῦι
770 943 897 979 ἀφορμὴν
913 944 990 980 σχοίη

201 982 271 1018 πρὸς
302 984 524 1019 καταφρόνησιν,
558 986 710 1023 ἁμάρτημα
737 989 785 1014 ἐπὶ
813 989 992 1025 ἁμαρτήματι

200 1029 367 1063 προστιθεὶς,
384 1030 430 1056 καὶ
444 1031 647 1067 προσκὼμματι
662 1033 839 1069 πρόσκωμμα
854 1035 992 1062 ἐποικοδο-

201 1074 270 1109 μῶν,
282 1075 419 1111 ρᾳθυμίαν
430 1086 459 1103 τε
471 1079 614 1106 συνάπτων
623 1080 657 1115 τῇ
670 1079 801 1117 ῥᾳθυμίᾳ,
816 1081 916 1117 πληροῖ
927 1082 991 1115 τοὺς

199 1119 255 1146 τῶν
270 1121 415 1157 ἁμαρτιῶν
430 1123 520 1158 ὄρους,
541 1125 589 1151 καὶ
610 1125 725 1161 τοιούτῳ
738 1126 832 1153 λοιπὸν
849 1127 990 1155 ἁλίσκεται

199 1167 414 1202 παραπτώματι,
435 1169 465 1201 ἐξ
475 1166 506 1196 οὗ
524 1171 624 1205 μηκέτι
638 1171 725 1207 παρὸν
742 1173 817 1207 αὐτῷ
832 1173 989 1210 άνακτήσα‹

200 1212 280 1239 σθαι·
295 1213 352 1240 ἀλλ’
368 1214 397 1246 ἐς
415 1215 504 1250 μάτην
519 1215 569 1252 τὴν
585 1217 730 1253 συντριϐήν
745 1218 876 1251 ὑποστὰς,
888 1219 937 1246 καὶ
950 1220 989 1256 τῷ

200 1258 313 1294 πονηρῷ
329 1259 371 1290 εἰς
387 1260 464 1292 τέλος
488 1262 686 1296 συγχωρηθεὶς,
712 1263 871 1291 ἀπόλλυται.
896 1265 989 1298 Οὕτως

199 1304 246 1330 ἐπὶ
261 1304 386 1339 Σοδόμων
400 1306 512 1339 γέγονεν
522 1314 530 1322 ·
551 1307 759 1344 ἀποπλήσαντε;
773 1310 828 1346 γὰρ
844 1311 891 1337 καὶ
906 1312 989 1348 ὑπερ-

199 1347 297 1380 ϐάντες
320 1349 384 1381 τοὺς
404 1349 459 1376 τῶν
480 1350 621 1386 ἁμαρτιῶν
647 1352 736 1388 ὄρους,
764 1354 826 1380 ἐπεὶ
841 1355 935 1390 μηδὲν,
950 1347 988 1388 ὥς

199 1394 296 1427 εἰπεῖν,
312 1393 438 1430 ζώπυρον
459 1397 605 1430 μετανοίας
628 1398 719 1430 αὐτοῖς
736 1399 898 1437 ὑπελείφθη,
919 1401 987 1429 ἀνά-

198 1438 278 1474 λωμα
293 1440 380 1476 πυρὸς
396 1441 448 1468 ὑπὸ
464 1441 512 1476 τῆς
534 1441 609 1475 θείας
623 1443 701 1479 δίκης
721 1445 874 1479 γεγόνασιν.
893 1447 986 1479 οὕτως

200 1484 247 1511 ἐπὶ
260 1485 321 1512 Νῶε
331 1494 338 1500 ·
353 1485 400 1512 καὶ
413 1487 468 1522 γὰρ
481 1487 619 1522 ἀχαλίνοις
641 1489 778 1524 χρώμενοι
793 1491 854 1523 ταῖς
875 1492 922 1518 ἐπὶ
935 1492 986 1527 τὴν

199 1530 299 1557 κακίαν
309 1531 419 1566 ὁρμαῖς,
433 1534 481 1559 καὶ
496 1533 578 1568 μηδὲν
591 1531 661 1566 εἶδος
673 1537 817 1569 μετανοίας
832 1537 986 1565 ἐπιδεικνύ-

1043 946 1137 974 nefas!
1160 947 1189 974 in
1206 948 1378 976 occasionem
1398 954 1571 985 contemptus
1594 954 1693 983 vertat,
1716 955 1830 986 peccata

1042 992 1163 1027 peccatis
1173 994 1360 1027 accumulans,
1373 997 1402 1022 et
1415 995 1544 1023 seandalo
1557 995 1716 1023 scandalum
1727 1003 1828 1031 super-

1042 1041 1163 1069 struens,
1172 1037 1362 1074 desidiamque
1373 1046 1488 1067 assuens
1499 1040 1628 1073 desidiae;
1647 1040 1671 1068 is
1685 1048 1751 1068 sane
1765 1048 1831 1076 pec—

1042 1088 1165 1110 catorum
1187 1083 1283 1118 implet
1304 1079 1447 1117 terminos,
1463 1089 1492 1113 et
1506 1086 1541 1112 de
1556 1089 1656 1113 αισι-ο
1672 1086 1700 1113 in
1718 1086 1764 1113 tali
1780 1086 1830 1114 de-

1041 1129 1224 1162 prehenditur
1234 1129 1426 1165 lapsu,exquo
1439 1139 1494 1158 non
1503 1131 1624 1165 amplius
1638 1132 1676 1158 illi
1689 1131 1829 1167 continget

1041 1173 1068 1200 in
1087 1173 1223 1209 integrum
1246 1174 1356 1202 restitui
1369 1183 1377 1208 ;
1392 1175 1494 1210 quippe
1509 1176 1588 1211 quasi
1604 1177 1733 1204 contritis
1747 1177 1828 1204 ruina

1040 1219 1173 1246 membris
1194 1219 1326 1253 innitens,
1340 1224 1369 1247 et
1394 1221 1515 1256 maligno
1530 1229 1560 1250 se
1586 1229 1673 1257 usque
1693 1222 1721 1249 in
1745 1222 1827 1250 ﬁnem

1039 1264 1214 1298 permittens,
1238 1266 1322 1300 perit.
1352 1266 1398 1294 Sic
1417 1266 1545 1295 Sodomis
1571 1268 1686 1301 accidit;
1718 1268 1827 1303 expleta

1039 1311 1113 1338 enim
1126 1315 1155 1338 et
1171 1313 1397 1347 supercumulata
1412 1322 1540 1342 mensura
1557 1320 1746 1350 peccatorum,
1761 1323 1825 1344 Clllll

1038 1365 1073 1384 ne
1091 1358 1238 1386 scintillam
1260 1359 1384 1394 quidem,
1399 1364 1430 1387 ut
1452 1359 1493 1388 sic
1512 1361 1613 1394 dicam,
1630 1361 1708 1389 bona;
1724 1362 1827 1390 mentis

1037 1402 1070 1429 ad
1083 1410 1159 1437 spem
1170 1403 1340 1438 paenitentia:
1350 1405 1485 1440 reliquam
1496 1405 1634 1440 fecissent,
1650 1407 1712 1443 igne
1724 1407 1826 1435 divina:

1038 1448 1151 1476 ultionis
1165 1449 1347 1478 instrumento
1357 1455 1423 1478 sunt
1435 1452 1578 1487 assumpti.
1588 1452 1634 1480 Sic
1649 1454 1715 1481 etin
1726 1454 1825 1482 diebus

1037 1492 1105 1525 Noe,
1128 1493 1239 1528 quando
1251 1500 1364 1523 ruentes
1375 1495 1471 1523 effusis
1486 1497 1513 1524 iu
1527 1497 1604 1525 nefas
1618 1506 1700 1525 omne
1709 1499 1825 1527 habenis

1037 1538 1174 1572 homines,
1192 1540 1268 1568 nullo
1283 1545 1444 1576 argumento
1459 1541 1522 1570 dato
1534 1543 1721 1571 verisimilitcr
1739 1545 1826 1572 conli-

200 1584 286 1611 μενοι,
302 1578 459 1611 τηλικοῦτον
479 1579 585 1611 ἑαυτοῖς
605 1581 748 1616 ἁμαρτιῶν
760 1582 841 1616 ὄγκον
857 1584 986 1619 ἐξεκορύ-

1037 1584 1121 1612 dendi
1139 1585 1208 1618 fore,
1224 1589 1255 1613 ut
1273 1586 1307 1613 ad
1329 1587 1472 1615 meliorem
1492 1595 1522 1615 se
1538 1587 1644 1624 frugem
1659 1589 1824 1624 reciperent,

198 1630 302 1657 φωσαν,
318 1623 356 1655 ὡς
373 1624 464 1650 πᾶσαν
482 1624 550 1659 όμοῦ
568 1625 617 1660 τὴν
631 1626 685 1662 γῆν
705 1628 745 1658 είς
762 1629 817 1655 πᾶν
833 1628 986 1665 διαφθαρῆ-

198 1675 253 1694 ναι.
273 1667 351 1696 Οΰτω
374 1671 430 1701 τοίς
444 1671 604 1704 Αἰγυπτίοις
624 1673 709 1699 πολλὰ
726 1673 918 1710 πλημμελοῦσι
937 1677 986 1702 καὶ

197 1715 238 1746 είς
252 1713 301 1749 τὴν
314 1714 361 1741 τοῦ
376 1715 444 1741 Θεοῦ
457 1715 520 1743 λαὸν
534 1717 704 1752 ἐξυὸρίζουσι
715 1726 722 1734 ν
735 1719 852 1754 χρηστὸς
866 1718 901 1755 ἦν
912 1721 985 1747 ἐκεῖ-

198 1768 243 1791 νος
265 1760 295 1786 οὺ
321 1761 493 1797 πανωλεθρίᾳ
509 1763 685 1797 παραδιδοὺς,
705 1764 773 1791 ἀλλὰ
788 1765 832 1792 διὰ
845 1766 900 1792 τῶν
914 1767 985 1794 κατά

200 1806 281 1841 μέρος
298 1807 440 1842 μαστίγων
459 1809 499 1840 είς
517 1810 662 1844 μετάνοιαν
678 1811 849 1846 ἑπαγόμενος
859 1820 867 1829 ·
882 1813 943 1840 ἐπεὶ
957 1813 984 1840 δὲ

197 1853 409 1888 ἐπιστρέφοντες
430 1853 592 1890 ἀγαπητῶς,
618 1855 700 1882 πάλιν
720 1856 789 1892 πρὸς
810 1858 860 1893 τήν
886 1859 985 1886 κακίαν

197 1898 374 1935 ἀνέστρεφον,
402 1900 450 1927 καὶ
478 1902 529 1936 τῆς
552 1902 689 1937 προτέρας
712 1903 817 1938 εῐχοντο
844 1904 983 1937 ἀπιστίας,

195 1943 308 1979 ισχατον
334 1945 362 1972 δὲ
387 1946 435 1972 καὶ
456 1947 502 1974 τὸν
526 1946 589 1974 λαὸν
616 1949 664 1974 τοῦ
690 1949 792 1985 Κυρίου
817 1950 984 1986 ἀναγόμενον

196 1991 370 2023 κατεδίωκον,
394 1992 535 2019 ἀνάλωσεν
552 1993 652 2025 αὐτοὺς
668 1995 684 2030 ή
702 1994 761 2022 θεῖα
777 1996 839 2032 δίκη
856 1996 887 2024 τὸ
904 1997 983 2025 σύνο-

195 2035 240 2062 λον
252 2037 298 2063 καὶ
313 2037 465 2065 ἀπώλεσεν.
479 2038 558 2066 Οὕτω
570 2040 617 2066 τοῦ
636 2040 745 2076 Ἰσραὴλ
760 2042 847 2070 πολλὰ
855 2044 984 2080 ἁμαρτά-

194 2091 296 2116 νοντος,
314 2084 362 2110 καὶ
381 2085 444 2116 τοὺς
465 2086 606 2121 προφήτας
623 2086 820 2120 ἁποκτενόντος
835 2089 883 2115 τοῦ
904 2090 983 2123 Θεοῦ,

194 2128 244 2164 τῆς
258 2129 390 2164 συνήθους
398 2127 475 2162 οὗτος
489 2132 681 2168 μακροθυμίας
696 2134 816 2167 ἐγίνετο·
833 2135 893 2162 ἐπεὶ
903 2135 932 2162 δὲ
945 2137 984 2168 είς

194 2175 273 2201 τοῦτο
294 2175 393 2208 κακίας
409 2177 577 2212 προέκοψαν,
606 2178 644 2210 ὼς
674 2179 742 2214 μηδὲ
768 2179 799 2206 τὸ
817 2181 983 2208 Δεσποτικὺν

194 2221 389 2258 δυσωπηθῆναι
419 2223 547 2258 ἀξίωμα,
578 2225 647 2252 ἀλλὰ
678 2226 798 2262 κάκείνῳ
823 2227 981 2263 μιαιφόνους

194 2268 289 2303 χεῖρας
304 2269 447 2296 ὲπιὸαλεῖν
457 2277 464 2284 ·
486 2271 534 2298 καὶ
550 2271 627 2298 αὐτοὶ
642 2271 770 2305 καθάπαξ
787 2274 981 2310 ἀπεϐλήθησάν

193 2322 223 2339 τε
252 2314 299 2341 καὶ
325 2315 549 2351 κατεϐλήθησαν·
573 2317 621 2344 καὶ
648 2318 718 2354 ήρθη
746 2319 793 2345 ἀπ’
813 2320 904 2347 αὐτῶν
919 2321 937 2357 ἥ
952 2330 982 2348 τε

196 2360 358 2395 προφητεία,
374 2360 423 2387 καὶ
440 2362 456 2396 ή
475 2362 596 2397 ἱερατεία
617 2364 664 2389 καὶ
679 2364 695 2399 ή
712 2364 834 2400 λατρεία.
853 2367 908 2394 Καὶ
919 2367 983 2394 ἐπι-

195 2405 294 2441 στεύθη
308 2405 395 2434 ταῦτα
405 2408 461 2439 τοῖς
474 2408 651 2436 πιστεύσασιν
664 2409 765 2439 ἔθνεσι.

228 2537 281 2566 IA'.
300 2539 525 2575 Προσδράμωμεν
541 2540 580 2576 τῷ
604 2541 731 2569 καλοῦντι
750 2544 862 2580 Χριστῷ
882 2546 983 2582 προθύ-

194 2593 262 2621 μως,
281 2586 422 2621 ἐκχέοντες
440 2587 484 2613 ἔπ’
496 2587 579 2614 αὑτὸν
593 2588 643 2618 τὰς
659 2590 772 2624 καρδίας
786 2598 793 2606 ⁸
811 2593 858 2618 καὶ
878 2592 916 2628 μὴ
931 2594 982 2629 τὴν

192 2630 296 2657 ἑαυτῶν
323 2631 549 2664 ἐθελοκακοῦντες
573 2633 810 2670 ἀπογινώσκωμεν
831 2639 980 2673 σωτηρίαν.

194 2676 248 2702 Καὶ
263 2676 342 2704 τοῦτο
364 2677 418 2713 γὰρ
446 2678 494 2705 τοῦ
520 2679 639 2714 πονηροῦ
665 2680 803 2716 σόφισμα,
826 2684 981 2720 ὑπομνήσει

194 2723 335 2757 προτέρων
349 2724 494 2760 ἁμαρτιῶν
514 2725 648 2751 ὁδοποιεῖν
662 2727 702 2757 εἰς
718 2721 887 2761 ἀπόγνωσιν.
910 2730 981 2757 Ἀλλ’

194 2766 259 2800 ήμίν
277 2769 458 2803 κατανοητέον
471 2787 479 2801 ,
499 2769 604 2804 ὅτιπερὶ
617 2769 641 2796 εί
657 2770 759 2805 Κύριος
771 2772 857 2800 ἐλθὼν
872 2774 981 2809 τυφλῶν

229 2857 249 2872 "
263 2856 328 2884 Luc.
344 2865 387 2890 xv,
407 2857 449 2885 10.

358 2905 472 2936 Parum
484 2929 493 2938 .
514 2908 570 2938 Cn.
586 2908 731 2940 XXXIV.

1037 1632 1142 1656 tantam
1168 1633 1279 1665 tamque
1295 1639 1406 1666 gravem
1430 1639 1513 1667 supra
1545 1640 1607 1660 sese
1629 1633 1728 1661 molem
1743 1641 1825 1670 exag-

1036 1678 1168 1708 gerarunt
1190 1675 1366 1710 delictorum,
1388 1682 1419 1704 ut
1435 1685 1531 1705 secum
1550 1683 1651 1706 terram
1665 1679 1825 1707 universam

1036 1719 1064 1746 in
1078 1720 1192 1748 exitium
1206 1723 1407 1756 pertraherent.
1421 1723 1500 1752 Haud
1522 1724 1668 1753 dissimilia
1690 1725 1826 1762 Egyptiis

1035 1770 1164 1797 evenere,
1181 1765 1267 1792 multa
1292 1770 1388 1794 contra
1412 1767 1498 1794 Deum
1515 1768 1600 1803 impie
1618 1769 1704 1803 ausis,
1731 1770 1826 1797 multis

1035 1809 1166 1842 grassatis
1190 1810 1218 1837 in
1237 1811 1297 1846 ejus
1319 1812 1451 1847 populum
1466 1813 1585 1848 injuriis.
1608 1814 1700 1842 Bonus
1712 1815 1825 1850 quidem

1035 1854 1169 1883 Dominus
1184 1856 1290 1884 cladem
1301 1861 1451 1885 extremam
1474 1858 1522 1886 diu
1538 1859 1655 1893 distulit,
1665 1861 1726 1888 aliis
1740 1869 1825 1896 super

1035 1899 1097 1926 aliis
1110 1901 1336 1936 castigationibus
1350 1910 1398 1929 eos
1413 1903 1447 1930 ad
1461 1904 1680 1938 resipiscentiam
1692 1906 1823 1939 invitatis;

1035 1950 1064 1973 at
1079 1954 1141 1974 cum
1164 1947 1271 1975 nullum
1298 1948 1380 1976 finem
1399 1949 1523 1978 facerent
1543 1951 1643 1986 saepius
1669 1952 1825 1987 iniquitatis

1035 1992 1216 2025 resumendae,
1237 1993 1347 2022 tandem
1371 1995 1504 2030 populum
1520 1996 1627 2024 Domini
1652 1997 1704 2025 rite
1728 1998 1823 2026 dimis-

1035 2045 1095 2064 sum
1111 2045 1319 2074 persequentes,
1335 2048 1367 2067 ac
1391 2041 1531 2068 retrahere
1544 2046 1686 2074 conantes,
1699 2048 1823 2071 extremo

1035 2082 1110 2118 ipsos
1127 2083 1169 2111 ira
1182 2083 1274 2112 divina
1299 2085 1383 2112 exitio
1401 2087 1539 2114 mactavit.
1556 2087 1693 2115 lsraelitas
1720 2089 1824 2123 pariter

1035 2130 1122 2157 multa
1132 2129 1341 2166 'delinquentes,
1351 2132 1434 2159 caedis
1452 2133 1519 2167 quin
1530 2133 1613 2161 etiam
1625 2135 1824 2169 prophetarum

1034 2177 1083 2206 Dei
1103 2186 1175 2210 reos.
1198 2183 1346 2214 postquam
1370 2180 1449 2207 solita
1473 2180 1525 2208 sibi
1548 2181 1756 2217 longanimitate
1776 2183 1824 2210 diu

1034 2225 1179 2252 tolerasset
1203 2225 1353 2258 Dominus;
1383 2225 1431 2253 ubi
1458 2226 1492 2253 ad
1511 2231 1667 2255 extremum
1699 2229 1770 2256 vidit
1789 2237 1824 2257 eo

1036 2271 1111 2306 ipsos
1133 2271 1262 2299 immanis
1279 2272 1446 2306 processisse
1464 2274 1601 2306 amentiae,
1626 2279 1658 2301 ut
1674 2282 1764 2310 neque
1781 2275 1825 2302 di-

1036 2317 1128 2344 vinam
1150 2316 1177 2344 in
1204 2316 1288 2343 misso
1303 2317 1336 2343 ad
1350 2324 1398 2344 eos
1414 2317 1462 2344 Dei
1477 2318 1546 2345 Filio
1558 2319 1669 2346 reveriti
1693 2320 1823 2354 majesta-

1037 2365 1103 2393 tcm,
1119 2368 1219 2388 manus
1237 2361 1263 2388 ei
1282 2367 1412 2389 cruentas
1427 2361 1582 2395 intulerint,
1596 2363 1740 2391 damnatos
1757 2365 1825 2393 irre-

1035 2408 1199 2435 vocabilitcr
1227 2407 1327 2443 abiecit
1352 2407 1380 2434 in
1407 2415 1490 2435 omne
1507 2413 1625 2443 tempus,
1650 2410 1822 2446 dejecitque,

1036 2455 1128 2482 ablata
1145 2454 1179 2481 iis
1201 2453 1358 2488 prophetia.
1385 2454 1551 2487 sacerdotio,
1577 2455 1727 2490 religione;
1754 2465 1824 2492 quas

1032 2499 1171 2528 commisit
1185 2499 1362 2527 credentibus
1375 2500 1403 2527 in
1415 2500 1505 2535 ipsum
1522 2501 1661 2536 gentibus.

1069 2546 1148 2581 193
1163 2545 1210 2573 XI.
1221 2546 1406 2573 Accurramus
1417 2546 1451 2574 ad
1463 2552 1607 2575 vocantem
1622 2555 1671 2576 nos
1683 2548 1823 2577 Christum

1032 2592 1175 2625 alacriter,
1195 2591 1369 2619 eﬁ‘undentes
1391 2599 1475 2627 super
1499 2593 1590 2628 ipsum
1616 2594 1716 2627 corda;
1739 2599 1768 2622 et
1789 2603 1824 2624 ne

1033 2641 1166 2670 nostram,
1178 2641 1275 2672 sponte
1288 2637 1462 2666 remittentes
1477 2638 1510 2675 de
1526 2643 1619 2667 nostra
1634 2642 1823 2674 contentione,

1032 2685 1212 2719 desperemus
1226 2683 1354 2711 salutem.
1370 2683 1438 2711 Nam
1455 2688 1484 2712 et
1498 2685 1552 2713 hoc
1566 2686 1668 2713 diaboli
1684 2687 1824 2722 sophisma

1031 2735 1084 2762 est,
1101 2728 1291 2757 recordatione
1310 2729 1435 2764 priorum
1455 2731 1618 2760 delictorum
1642 2733 1773 2761 inducere
1794 2734 1823 2761 in

1032 2775 1264 2811 desperationem.
1281 2775 1317 2803 At
1336 2776 1418 2805 uobis
1441 2778 1479 2807 ita
1502 2778 1678 2810 cogitandum
1703 2784 1746 2809 est
1769 2788 1776 2808 :
1799 2787 1824 2809 ut

1609 2915 1646 2947 29
