2075 3155
245 162 300 192 899

867 167 896 196 S.
917 167 1074 196 MACARII
1094 167 1256 199 [EGYPTII

1819 173 1871 204 900

247 218 389 249 Dominus,
402 226 463 245 cum
483 218 509 245 iu
522 219 595 246 hune
607 219 738 247 mundum
753 220 874 254 advenit,
886 229 1032 254 caecorum,

1086 231 1113 249 τε
1127 224 1175 250 κα).
1191 223 1355 260 παραλύτων
1371 226 1418 253 καὶ
1435 226 1535 261 κωφῶν
1549 226 1640 260 ἰατρὸς
1659 227 1706 254 καὶ
1721 227 1871 264 διορθωτὴς

247 264 456 300 paraiyticorum
471 284 477 295 ,
493 265 638 292 surdorum
659 266 782 294 medicus
800 272 829 294 et
847 267 990 295 restitutor
1007 267 1034 295 in

249 310 384 345 integrum
401 310 466 343 fuit;
483 310 504 337 si
521 315 645 339 mortuos
655 313 710 347 jam
722 317 867 348 corruptos
878 314 1032 346 suscitavit;

247 359 349 390 quanto
367 355 454 390 magis
471 356 621 383 caecitatem
639 357 750 389 mentis,
771 358 868 385 anima:
886 358 1033 393 pigritiam,

247 401 378 428 incuriosi
404 400 496 427 cordis
519 401 630 429 curabit
655 402 834 436 surditatem;
860 403 1034 439 quandoqui-

246 446 308 473 dem
327 450 358 472 ut
371 454 425 473 non
442 446 513 474 alius
526 447 561 473 ab
578 447 640 482 ipso
654 449 778 483 corporis
797 453 905 476 creator
921 455 978 482 est;
997 450 1034 477 ita

245 497 273 519 et
287 491 405 518 animam
422 492 478 526 ipse
492 492 636 519 condidit?
651 493 685 520 Et
710 494 732 521 si
758 502 822 529 erga
837 494 908 522 ﬂuxa
922 499 950 522 et
963 503 1035 523 mor-

246 537 309 564 talia
323 542 377 564 tam
391 538 507 572 benigne
522 545 555 565 ac
566 538 717 566 clementer
729 538 845 567 allectus
859 544 917 573 est;
931 545 1034 575 quanto

246 583 333 617 magis
346 584 492 610 immortali
506 584 614 616 animae,
630 585 726 612 morbo
746 585 901 620 iniquitatis
914 590 943 613 et
959 587 1031 621 igno-

246 630 340 657 rantiae
362 629 510 662 laboranti,
532 629 633 658 deinde
658 631 798 658 accedenti
822 631 855 658 ad
882 632 971 667 ipsum
1005 637 1034 660 et

245 676 351 708 oranti,
367 676 500 706 benevole
517 677 689 704 curationem
706 677 868 705 adhibebit?
883 679 943 714 ejus
959 679 1033 706 enim

245 729 297 748 vox
311 721 368 748 haec
382 724 424 748 est
439 730 445 748 :
460 721 540 748 Pater
552 730 624 748 meus
639 722 747 749 cwlestis
758 730 848 749 annon
877 723 953 758 faciet
978 725 1035 750 uin-

245 767 342 794 dictam
356 766 529 793 clamantium
539 767 574 793 ad
587 775 614 794 se
626 767 666 794 die
679 776 710 794 ac
719 768 810 795 nocte?
823 768 941 800 Ita,dico
951 769 1032 800 vobis.

245 813 308 848 quia
322 813 373 839 cito
386 813 463 847 faciet
478 813 620 839 vindictam
636 821 726 840 eorum
737 815 769 840 ".
786 813 818 840 Et
833 813 879 840 illa
893 814 952 849 ejus
964 821 1035 848 quo-

245 865 299 893 que
310 865 361 884 vox
376 861 417 885 est
435 865 441 884 :
457 857 542 884 Petita
556 862 580 884 et
595 857 701 884 dabitur
711 858 780 884 vobis
789 858 823 885 ".
835 858 870 885 Et
881 865 976 886 rursus
988 867 994 885 :
1005 857 1034 885 Si

245 911 275 930 eo
287 903 354 939 quod
371 904 470 930 amicus
484 904 541 938 ejus
554 904 599 935 sit,
619 911 671 930 non
685 904 772 936 dabit;
788 909 894 939 propter
907 904 1034 939 improbi-

246 954 327 976 tatem
347 954 436 976 tamen
456 949 513 984 ejus
533 953 638 984 surget,
655 953 680 975 et
697 949 768 975 dabit
785 949 826 976 illi
846 954 945 985 quanto
965 950 1034 976 indi-

245 999 286 1030 get
295 995 327 1021 “.
338 993 444 1027 Quibus
455 994 549 1021 verbis
564 994 596 1021 ad
613 995 685 1029 piam
698 1002 749 1022 nos
761 994 908 1029 quamdam
922 995 949 1022 in
964 995 1035 1030 peti-

246 1039 320 1066 tione
345 1037 554 1073 impudentiam,
570 1043 598 1066 et
619 1038 771 1073 improbam
797 1039 1035 1074 importunamque

246 1084 405 1113 instantiam
427 1084 565 1111 hortatur.
583 1083 731 1111 Enimvero
750 1089 863 1120 propter
878 1089 1035 1120 peccatores

245 1131 304 1165 ipse
318 1130 403 1161 venit,
415 1134 444 1156 ut
456 1137 505 1156 eos
519 1129 553 1156 ad
566 1136 596 1156 se
609 1134 792 1157 converteret.
802 1130 920 1158 Tantum
932 1137 948 1157 a
960 1130 1036 1157 falsis

245 1175 406 1204 recedentes
420 1173 707 1209 praeoccupationibus
719 1174 835 1201 Domino
846 1181 992 1206 vacemus;
1007 1178 1036 1201 et

245 1221 291 1249 ille
306 1229 358 1248 nos
379 1228 433 1247 non
450 1220 582 1255 despicit;
599 1220 646 1248 sed
660 1225 802 1255 promptus
817 1224 869 1253 est,
898 1220 1034 1248 submini-

244 1272 345 1299 strans,
357 1274 412 1302 quo
426 1266 461 1293 ab
472 1266 531 1301 ipso
544 1273 666 1301 egemus,
680 1266 822 1293 auxilium.

280 1314 338 1342 XII.
355 1313 433 1341 Sicut
451 1313 478 1340 in
495 1313 594 1340 morbo
614 1317 642 1340 et
659 1313 817 1340 inﬁrmitate
836 1311 1035 1347 deprehensis,

245 1360 356 1395 quando
372 1360 428 1395 jam
449 1367 550 1394 corpus
570 1366 625 1386 non
644 1359 761 1394 amplius
782 1359 912 1386 alimenta
932 1357 986 1385 cibi
1008 1362 1035 1385 et

246 1411 327 1441 potus
348 1405 489 1440 percipere
513 1409 620 1439 potest,
641 1404 802 1439 desperatur
821 1404 856 1432 de
875 1398 990 1439 aegroto,
1008 1408 1036 1431 et

247 1459 297 1486 pro
312 1454 390 1478 certo
405 1450 483 1485 signo
498 1450 594 1477 mortis
609 1451 668 1484 ejus
684 1450 710 1476 id
727 1450 852 1482 habetur,
867 1449 939 1476 unde
954 1449 1034 1476 amici

245 1502 273 1524 et
285 1496 432 1524 necessarii
446 1496 532 1530 ipsius
546 1496 622 1522 illum
638 1496 732 1531 lugent
742 1505 748 1523 :
759 1496 798 1523 sic
809 1496 882 1523 Deus
895 1500 923 1522 et
947 1495 1035 1530 angeli

246 1544 352 1570 animas
374 1550 437 1570 esca
459 1542 564 1569 caelesti
588 1542 662 1577 pasci
686 1542 804 1577 amplius
826 1549 880 1568 non
903 1541 1034 1574 valentes,
1049 1560 1070 1588 ο

247 1590 334 1616 multo
351 1589 427 1615 luctu
443 1595 474 1615 ac
489 1588 617 1615 lamentis
633 1592 848 1622 prosequuntur.
865 1587 892 1614 Si
909 1595 975 1622 ergo
993 1586 1033 1614 la-

247 1641 308 1662 ctus
323 1634 360 1661 sis
374 1634 422 1662 Dei
438 1634 565 1665 thronus,
581 1633 657 1660 illum
673 1633 836 1660 insidentem
854 1633 903 1660 tibi
920 1634 1034 1665 habens,

248 1681 270 1708 si
287 1681 378 1707 anima
394 1684 438 1706 tua
455 1679 490 1706 sit
506 1683 561 1706 tota
577 1679 726 1713 spiritualis
740 1679 846 1711 oculus,
861 1683 917 1706 tota
931 1678 993 1711 lux;
1011 1678 1034 1705 si

247 1730 342 1761 pastus
358 1733 388 1753 es
404 1726 466 1752 cibo
482 1725 529 1752 illo
544 1724 696 1759 spirituali;
714 1725 736 1752 si
755 1728 864 1760 potatus
880 1731 950 1759 aqua
974 1725 1035 1751 viva

247 1777 275 1800 et
291 1772 429 1807 spirituali
446 1772 510 1799 vino
533 1771 687 1798 Iretilieante
705 1778 768 1804 cor;
787 1771 809 1798 si
827 1775 900 1797 tuam
921 1770 1035 1797 induisti

247 1818 366 1845 animam
378 1818 503 1845 vestibus
519 1817 665 1844 inell‘abilis
677 1817 789 1844 luminis
806 1825 813 1842 ε
828 1816 850 1843 si
865 1817 963 1843 horum
978 1823 1036 1842 om-

247 1862 323 1892 nium
340 1864 455 1892 interior
468 1868 533 1892 tuus
550 1864 631 1891 homo
647 1863 863 1898 experimentum
881 1862 995 1897 ceperit,
1008 1866 1036 1889 et

246 1911 354 1946 plenam
370 1910 558 1942 securitatem,
570 1910 640 1937 vivis
656 1917 720 1937 ecce
731 1909 788 1936 vita
804 1908 904 1935 abhinc
918 1912 1035 1941 :eterna;

244 1962 279 1982 ex
298 1955 425 1990 praesenti
443 1955 500 1990 jam
521 1959 644 1990 tempore
664 1954 775 1982 Christo
795 1954 1037 1988 conrequiescens.

245 2000 294 2028 Sin
311 2000 432 2027 nondum
451 2000 509 2027 haec
525 2000 674 2035 percepisti
685 2021 692 2034 ,
710 2007 800 2035 neque
816 1999 907 2027 adhuc
923 2007 956 2027 eo
971 2007 1036 2035 pro-

245 2045 352 2078 fecisti,
368 2050 399 2073 ut
424 2046 475 2073 ista
500 2046 640 2081 possideas
667 2066 674 2078 ,
700 2046 776 2080 plora
799 2045 992 2077 vehementer,
1009 2048 1037 2072 et

245 2091 373 2118 lamentis
395 2091 515 2127 indulge,
535 2092 608 2126 quod
633 2091 701 2119 tales
728 2092 801 2119 haud
824 2092 889 2119 dum
915 2091 1037 2119 lucratus

246 2136 357 2163 divitias
377 2137 424 2164 sis.
445 2137 487 2164 Sit
500 2145 567 2164 vero
587 2137 634 2163 tibi
656 2144 688 2164 ea
710 2144 786 2169 cura,
802 2137 860 2164 haec
883 2142 928 2164 tua
948 2136 1036 2164 oratio

246 2183 378 2212 perpetua
399 2186 450 2213 pro
472 2183 518 2205 tua
537 2178 723 2205 mendicitate.
740 2178 794 2205 Sed
815 2179 920 2206 utinam
940 2179 1034 2205 saltem

1084 266 1130 303 ἦν,
1150 270 1264 304 νεκρούς
1284 278 1314 297 τε
1337 271 1388 306 ἤδη
1410 271 1635 307 καταφθαρέντας
1656 273 1769 309 ἀνέστη,
1797 275 1872 310 πόσῳ

1087 314 1187 348 μᾶλλον
1205 315 1361 352 τυφλότητα
1372 317 1502 348 διανοίας,
1519 317 1565 344 καὶ
1578 317 1667 352 ψυχῆς
1682 319 1809 354 πάρεσιν,
1825 321 1872 347 καὶ

1084 361 1204 396 ἀμελοῧς
1221 365 1336 399 καρδίας
1353 365 1458 392 ίάσεται
1478 365 1634 400 κώφευσιν,
1652 367 1715 393 ἐπεὶ
1730 367 1797 402 μηδὲ
1811 367 1872 393 ἓτε-

1086 414 1143 440 ρος,
1155 407 1213 434 an‘
1231 409 1312 440 αὐτὸς
1329 410 1343 436 ὸ
1357 410 1388 436 τὺ
1402 410 1484 446 σῶμα
1500 411 1606 444 κτίσας,
1629 411 1709 442 αὐτός
1725 412 1784 438 ἐστι
1796 412 1843 438 καὶ
1858 412 1872 438 ὁ

1084 452 1133 488 τὴν
1146 453 1236 490 ψυχήν
1248 462 1256 487 ;
1270 455 1325 482 Καὶ
1342 456 1366 482 εί
1387 455 1455 491 πρὸς
1468 456 1502 482 τὰ
1517 456 1635 492 λυόμενα
1654 458 1703 483 καὶ
1719 458 1871 493 θνήσκοντα

1084 495 1160 530 οὗτος
1187 499 1310 534 εὐμενῶς
1340 500 1387 526 καὶ
1412 501 1492 532 ἱλέως
1511 498 1579 536 εἶχε,
1615 502 1691 536 πόσῳ
1714 502 1814 536 μᾶλλον
1835 504 1870 538 τῇ

1084 543 1212 580 ἀθανάτῳ
1233 545 1305 581 ψυχῇ
1335 546 1434 578 κακίας
1457 547 1528 582 νόσῳ
1547 547 1595 574 καὶ
1616 547 1727 582 ἀγνοίας
1754 548 1868 585 ἀλούσῃ,

1084 589 1181 616 ἔπειτα
1199 591 1405 627 προσερχομένη
1419 592 1506 628 τούτῳ
1521 593 1567 619 καὶ
1583 593 1709 630 δεομένῃ,
1723 593 1871 629 φιλανθρώ-

1084 642 1144 666 mu;
1163 634 1368 670 θεραπευτικῶς
1386 638 1532 672 χρήσεται;
1549 638 1632 664 αὐτοῦ
1645 639 1699 673 γὰρ
1716 639 1804 674 φωνὴ,
1821 639 1867 666 τό·

1092 680 1123 707 '0
1137 681 1237 715 Πατήρ
1249 690 1309 716 μου
1329 683 1345 709 ό
1360 682 1500 717 οὐράνιος
1516 683 1602 718 οὐμὴ
1616 684 1736 717 ποιήσει
1750 685 1869 719 ἐκδίκη-

1083 732 1137 752 σιν
1152 725 1213 753 τῶν
1220 727 1364 758 ,βοώντων
1372 728 1447 762 πρὸς
1462 728 1555 755 αὐτὸν
1565 729 1674 762 νυκτὸς
1684 730 1732 756 καὶ
1746 729 1869 764 τήμέραᾳ

1085 770 1151 804 Ναὶ,
1168 771 1246 806 λέγω
1260 772 1340 806 ὑμῖν,
1353 773 1473 807 ποιήσει
1490 774 1548 807 τὴν
1556 773 1711 807 ἐκδίκησιν
1723 774 1823 801 αὐτῶν
1835 775 1870 802 ἐν

1085 816 1168 851 τάχει
1181 825 1188 832 ·
1205 818 1252 844 καὶ
1269 817 1299 844 τό
1310 826 1316 833 ·
1332 818 1452 850 Αἰτεῖτε,
1476 819 1524 846 καί
1547 817 1708 852 δοθήσεται
1725 819 1807 854 ὑμῖν·
1823 821 1870 847 καὶ

1085 860 1163 894 αὖθις
1179 870 1186 877 ·
1200 862 1265 890 Κᾶν
1273 862 1322 890 διὰ
1333 863 1366 889 τὸ
1378 864 1471 898 φίλον
1485 862 1561 891 εἶναι
1574 865 1610 891 οὐ
1623 864 1808 898 caumate,
1821 865 1870 892 6ιὰ

1086 916 1119 942 γε
1145 907 1203 941 τὴν
1220 908 1375 935 ἀναίδειαν
1396 909 1500 941 αὑτοῦ,
1520 910 1655 942 ἀναστὰς
1679 910 1768 937 δώσει
1790 910 1869 942 αὐτῷ

1085 953 1162 980 ὅσου
1187 954 1307 988 χρήσει,
1326 953 1424 989 ἀναιδῆ
1451 955 1498 981 καὶ
1520 955 1679 990 παράμονον
1693 955 1744 990 τὴν
1764 956 1869 990 αῐτησιν

1085 998 1316 1034 προτρεπόμενος,
1339 999 1401 1026 ἐπεί
1423 1008 1465 1026 τοι
1489 1000 1536 1026 καὶ
1554 999 1599 1026 διὰ
1613 1000 1676 1032 τοὺς
1701 1001 1870 1036 ἀμαρτολοὺς

1084 1042 1166 1080 ἦλθεν
1179 1045 1222 1071 ἵνα
1235 1045 1387 1081 ἐπιστρέψῃ
1404 1045 1473 1080 πρὸς
1492 1046 1599 1072 ἑαυτόν.
1617 1045 1706 1073 Μόνον
1721 1047 1802 1081 ἡμεῖς
1815 1046 1870 1072 τῶν

1085 1090 1178 1117 κακῶν
1194 1090 1356 1126 προλήψεων
1375 1091 1554 1123 ἀποστάντες,
1569 1090 1745 1125 σχολάσωμεν
1761 1090 1799 1126 τῷ
1812 1091 1869 1117 Κυ-

1086 1137 1136 1172 ρίῳ
1149 1145 1155 1151 ·
1173 1137 1220 1163 καὶ
1235 1137 1317 1168 αὐτὸς
1344 1136 1394 1172 οὐχ
1418 1137 1551 1172 ὑπερορᾷ,
1576 1136 1632 1163 ἀλλ’
1656 1136 1766 1171 ἕτοιμος
1782 1135 1858 1162 ἔσται

1085 1183 1212 1219 παρέχων
1225 1182 1275 1219 τὴν
1293 1183 1359 1218 παρ’
1373 1182 1456 1210 αὐτοῦ
1470 1182 1606 1219 βοήθειαν.

1121 1309 1171 1337 IB'.
1189 1310 1292 1345 Ὠσπερ
1307 1309 1416 1336 ἐπὶτῶν
1431 1309 1502 1345 νόσῳ
1517 1310 1565 1336 καὶ
1579 1309 1708 1345 ἀσθενείᾳ
1720 1309 1872 1345 κατειλημ-

1088 1356 1187 1390 μένων,
1207 1355 1317 1382 ἐπειδὰν
1336 1355 1435 1390 μηκέτι
1453 1355 1485 1382 τδ
1507 1355 1588 1389 σῶμα
1609 1355 1723 1382 δυνατὸν
1768 1357 1871 1391 τροφῆς

1086 1401 1134 1428 καὶ
1156 1401 1261 1431 πόσεως
1278 1401 1434 1436 μετασχεῖν,
1456 1401 1496 1432 είς
1520 1400 1677 1435 ἀπόγνωσιν
1690 1401 1767 1427 τοῦτο
1785 1408 1872 1428 συνω-

1087 1446 1138 1479 θεῖ,
1153 1446 1200 1472 καὶ
1217 1445 1333 1473 θανάτου
1347 1447 1496 1481 τεκμήριον
1519 1447 1635 1480 γίνεται,
1652 1445 1752 1481 θρῆνός
1778 1455 1807 1473 τε
1823 1446 1872 1473 ἐπὶ

1086 1492 1173 1528 τούτῳ
1186 1492 1234 1519 καὶ
1251 1492 1345 1526 φίλους
1359 1491 1415 1527 ἔχει
1429 1491 1476 1518 καὶ
1491 1492 1554 1523 τοὺς
1570 1493 1759 1527 προσήκοντας
1771 1500 1779 1508 ·
1800 1491 1871 1518 οὕτω

1087 1537 1119 1573 δὴ
1135 1537 1182 1564 καὶ
1206 1537 1272 1569 Θεὸς
1295 1538 1343 1564 καὶ
1369 1537 1480 1572 ἄγγελοι
1495 1537 1584 1572 ψυχὰς
1608 1538 1657 1568 τὰς
1672 1537 1711 1573 μὴ
1731 1540 1819 1573 τροφῇ
1836 1539 1872 1573 τῇ

1087 1582 1240 1618 ἐπουρανίῳ
1256 1582 1409 1618 χρήσασθαι
1428 1582 1590 1617 δυναμένας,
1611 1582 1655 1609 διὰ
1667 1582 1767 1617 πολλῆς
1781 1582 1871 1616 λύπης

1087 1629 1133 1655 καὶ
1161 1628 1268 1664 θρήνων
1293 1627 1446 1655 ποιοῦνται.
1471 1628 1502 1654 Εί
1529 1627 1620 1654 τοίνυν
1639 1628 1732 1661 ἐγένου
1747 1628 1786 1663 τῷ
1811 1628 1872 1662 Θεῷ

1086 1674 1193 1709 θρόνος,
1214 1674 1318 1700 ἐκεῖνον
1343 1673 1413 1708 ἔχων
1438 1674 1653 1708 ἐπικαθήμενον,
1679 1674 1704 1699 εἰ
1727 1673 1838 1707 γέγονεν
1853 1674 1872 1708 ἡ

1085 1721 1157 1756 ψυχή
1180 1729 1227 1747 σου
1243 1720 1290 1756 ὅλη
1316 1719 1501 1754 πνευματικὸς
1523 1719 1672 1755 ὀφθαλμδς,
1687 1720 1737 1754 ὅλη
1765 1719 1832 1755 φῶς,
1847 1721 1871 1746 εἰ

1086 1767 1191 1802 ἐτράφη
1208 1766 1259 1802 τὴν
1274 1766 1376 1801 τροφὴν
1393 1765 1499 1800 εκείνην
1515 1765 1561 1791 τοῦ
1579 1765 1746 1800 Πνεύματος,
1764 1766 1789 1792 εἰ
1801 1765 1873 1793 ποτί-

1086 1811 1121 1847 ζῃ
1133 1812 1180 1838 τοῦ
1199 1811 1300 1842 ζῶντος
1321 1810 1428 1842 ὓδατος,
1445 1811 1493 1837 καὶ
1513 1810 1560 1836 τοῦ
1580 1809 1768 1844 πνευματικοῦ
1799 1810 1872 1836 οἴνου

1086 1858 1133 1885 τοῦ
1147 1859 1197 1893 τὴν
1212 1858 1328 1892 καρδίαν
1345 1857 1547 1891 εὑφραίνοντος⁹
1563 1857 1588 1883 εί
1602 1857 1740 1883 ὲνδέδυσαι
1751 1858 1783 1892 τῇ
1799 1856 1871 1891 ψυχῇ

1086 1904 1121 1930 τὰ
1137 1903 1185 1930 τοῦ
1204 1904 1325 1939 ἀρρήτου
1338 1902 1426 1937 φωτὸς
1439 1902 1586 1937 ἐνδύματα,
1605 1903 1629 1928 εί
1647 1902 1755 1928 πάντων
1769 1902 1871 1928 τούτων

1087 1949 1102 1974 ὁ
1119 1949 1174 1974 ἑσω
1187 1957 1234 1974 σου
1250 1948 1394 1983 ἄνθρωπος
1409 1949 1449 1979 είς
1461 1949 1558 1982 πεῖραν
1575 1948 1689 1981 ἀφίκετο
1705 1948 1752 1973 καὶ
1769 1947 1871 1982 πληρο-

1087 1993 1196 2029 φορίαν,
1213 1993 1269 2020 ίδοὺ
1294 1993 1343 2029 ζῇς
1368 1993 1417 2028 τὴν
1445 1992 1555 2020 αἰώνιον
1574 1993 1644 2024 τέως
1670 1993 1755 2028 ζωὴν,
1772 1993 1804 2019 ὲκ
1824 1992 1871 2018 τοῦ

1087 2039 1221 2075 παρόντος
1238 2039 1288 2075 ήδη
1318 2039 1357 2074 τῷ
1382 2039 1494 2074 Χριστῷ
1519 2038 1786 2072 συναναπαυόμενος.
1803 2038 1834 2064 Et
1849 2037 1871 2064 δ’

1087 2084 1164 2112 οὔπω
1176 2085 1292 2120 εἰληφας
1306 2084 1403 2117 ταῦτα,
1418 2085 1473 2111 οὐδ’
1491 2085 1531 2116 εἰς
1550 2085 1646 2119 κτῆσιν
1657 2083 1761 2110 τούτων
1776 2083 1872 2117 ἐλήλυ-

1087 2131 1234 2163 θας,κλαῑε
1250 2130 1371 2166 θερμῶς,
1402 2130 1449 2157 καὶ
1476 2130 1606 2166 ὀδυρμοῖς
1626 2129 1757 2164 κέχρησο,
1787 2129 1871 2164 μήπω

1087 2176 1133 2203 τοῦ
1160 2176 1283 2202 τοιούτου
1311 2176 1427 2202 πλούτου
1460 2175 1660 2210 τετυχηκέναι·
1684 2175 1731 2201 καὶ
1760 2174 1871 2209 φροντὶς

248 2223 419 2257 paupertatis
445 2230 501 2249 suae
529 2229 626 2250 sensus
651 2223 835 2258 possidentem
863 2223 978 2254 subeat;
1005 2227 1034 2250 et

1087 2221 1156 2248 ἔστω
1166 2229 1206 2247 σοι
1216 2221 1264 2248 καὶ
1277 2221 1370 2255 δέησις
1384 2220 1510 2256 διηνεκὴς
1524 2221 1646 2255 περὶτῆς
1655 2220 1792 2255 πτωχείας
1804 2227 1849 2245 σου
1860 2226 1869 2234 ⁸

247 2276 318 2300 non,
344 2273 374 2296 ut
393 2269 449 2304 jam
474 2269 571 2303 plenus
593 2276 626 2296 ac
651 2273 727 2296 satur
751 2276 834 2303 opum
861 2269 1034 2300 divinarum,

245 2323 344 2342 SCCUI‘C
362 2315 593 2350 circumvagetur,
612 2323 662 2342 nec
680 2323 817 2350 QUEBI‘BIIS,
832 2322 882 2342 IICC
898 2315 1010 2350 pulsans
1027 2323 1034 2342 ἒ

246 2361 371 2393 Querens
395 2361 481 2394 enim,
500 2360 598 2396 inquit,
614 2361 737 2393 inveniet,
755 2366 780 2388 et
797 2360 914 2397 pulsanti
933 2361 1036 2395 aperie-

246 2406 330 2432 tur“.

282 2451 352 2478 XIII.
371 2451 398 2479 Si
420 2451 603 2486 compositum
625 2451 692 2479 illud
715 2451 806 2478 oleum
828 2456 929 2479 tantam
955 2451 1038 2479 habet

246 2496 317 2527 vim,
335 2500 366 2523 ut
385 2503 419 2523 eo
442 2496 484 2523 usi
506 2495 540 2523 ad
563 2496 724 2531 dignitatem
748 2496 897 2524 ascendant
917 2496 1036 2531 regiam;

247 2545 352 2574 quanto
378 2541 464 2575 magis
491 2540 537 2575 qui
560 2541 650 2575 quoad
677 2545 797 2568 mentem
824 2545 852 2568 et
878 2541 1037 2568 interiorem

249 2587 388 2614 hominem
408 2587 596 2614 sanctiﬁcante
616 2587 807 2614 exsultationis
825 2587 887 2614 olco
906 2586 991 2619 uncti,
1008 2591 1037 2614 et

248 2631 355 2658 arrham
377 2631 442 2658 boni
464 2631 630 2666 accipientes
652 2631 785 2666 Spiritus,
803 2639 946 2658 mensuras
970 2639 1035 2665 per-

247 2676 374 2703 fectionis
395 2676 575 2710 inscendent;
599 2677 687 2712 regni,
706 2677 828 2711 inquam,
847 2680 874 2703 et
897 2675 1037 2702 ﬁliationis

248 2721 356 2749 Christo
371 2721 427 2757 regi
444 2726 589 2750 consortes
603 2726 631 2749 et
643 2722 753 2757 collegae
764 2722 844 2754 facti;
864 2721 1036 2756 ingrediendi

249 2767 281 2794 ad
303 2768 411 2795 Patrem
430 2773 458 2796 et
475 2769 645 2804 egredieadi,
663 2773 692 2796 ut
708 2769 816 2797 videtur
834 2769 901 2803 ipsis
920 2768 1033 2795 liberam

291 2869 313 2884 "
323 2869 389 2894 Luc.
402 2876 479 2900 svnt,
491 2868 518 2894 '7.
557 2868 684 2895 "Matth.
698 2876 743 2901 vn,
756 2869 781 2895 7.

1086 2266 1144 2292 ἀλλ’
1156 2265 1212 2292 εἴθε
1237 2265 1289 2292 κᾶν
1303 2265 1354 2300 τῆς
1373 2265 1469 2292 ἑαυτοῦ
1480 2264 1574 2295 πενίας
1589 2264 1714 2300 αἴσθησις
1731 2263 1817 2298 είσήει
1832 2262 1872 2297 τῷ

1087 2311 1266 2346 κεκτημένῳ·
1281 2311 1329 2337 καὶ
1348 2310 1384 2346 μὴ
1397 2310 1435 2342 ὠς
1452 2309 1499 2336 τοῦ
1528 2310 1600 2336 θείου
1618 2309 1734 2335 πλούτου
1753 2315 1871 2334 κατακο-

1089 2358 1136 2392 ρὴς
1148 2356 1197 2388 ὢν,
1213 2357 1343 2392 ἄφροντις
1358 2356 1490 2391 περιῆγεν
1504 2364 1510 2371 ·
1535 2355 1566 2382 '0
1582 2356 1636 2390 γὰρ
1657 2353 1761 2387 ζητῶν,
1777 2353 1871 2387 φησὶν,

1086 2402 1220 2437 εὑρήσει,
1235 2402 1284 2429 καὶ
1298 2401 1338 2434 τῷ
1354 2402 1492 2436 κρούοντι
1507 2401 1710 2435 ἀνοιγήσεται.

1124 2449 1173 2475 ίΓ¹.
1190 2448 1221 2474 Et
1241 2449 1272 2474 τὸ
1289 2447 1415 2474 σύνθετον
1438 2448 1527 2474 ἐκεῖνο
1554 2446 1642 2473 ἔλαιον
1663 2445 1798 2480 τοσαύτην
1816 2445 1873 2479 ἔχει

1088 2493 1138 2527 τὴν
1165 2493 1291 2527 δύναμιν,
1320 2491 1358 2524 ὼς
1383 2492 1448 2524 τοὺς
1475 2491 1665 2527 χρησαμένους
1687 2490 1762 2524 αὐτῷ
1780 2489 1872 2516 λοιπὸν

1090 2538 1232 2574 βασιλικῆς
1245 2538 1395 2565 ἐπιϐαίνειν
1411 2537 1504 2572 δόξης,
1527 2537 1603 2571 πόσῳ
1629 2544 1661 2570 γε
1676 2535 1776 2571 μᾶλλον
1790 2536 1814 2561 οἱ
1829 2534 1873 2560 τὸν

1088 2584 1150 2612 νοῦν
1169 2585 1218 2611 καὶ
1232 2584 1277 2611 τὸν
1288 2584 1342 2610 ἐσω
1352 2583 1496 2619 ἄνθρωπον
1508 2582 1546 2617 τῷ
1556 2580 1710 2616 ἀγιαστικῷ
1725 2581 1774 2615 τῆς
1789 2579 1873 2613 ἀγαλ-

1086 2631 1204 2662 λιάσεως
1223 2630 1305 2664 ἐλαίῳ
1334 2629 1483 2664 χριόμενοι,
1507 2628 1555 2654 καὶ
1582 2628 1627 2654 τὸν
1653 2626 1803 2663 ἀρραϐῶνα
1827 2623 1874 2651 τοῦ

1088 2675 1192 2710 ἀγαθοῦ
1216 2675 1400 2710 λαμῧάνοντες
1431 2673 1601 2708 Πνεύματος,
1629 2672 1683 2698 τῶν
1700 2672 1807 2706 μέτρων
1825 2670 1875 2703 τῆς

1087 2721 1258 2756 τελειότητος
1281 2720 1470 2755 ὲπιὸἠσονται,
1495 2719 1546 2753 τῆς
1565 2716 1684 2753 Χριστοῦ
1705 2724 1777 2751 φημι
1797 2715 1875 2750 βασι-

1089 2768 1162 2799 λείας
1189 2768 1236 2794 καὶ
1262 2767 1398 2797 υἱοθεσίας
1424 2765 1500 2801 αὑτῷ
1525 2763 1678 2800 σιμμύσται
1708 2762 1748 2797 τῷ
1772 2761 1877 2796 βασιλεί

819 2869 841 2884 ’⁵
855 2868 972 2902 Lucan,
985 2869 1013 2896 8.
1050 2869 1072 2885 "
1084 2869 1178 2896 Matth.
1192 2877 1238 2901 \‘u,
1251 2869 1279 2902 7;
1297 2868 1363 2895 Luc.
1376 2876 1411 2900 xi,
1429 2868 1468 2894 10.
