2075 3155
219 163 270 196 901

219 266 291 294 κατὰ
313 267 343 293 τδ
367 266 462 294 δοκοῦν
481 268 573 300 αὐτοῖς
596 268 720 303 ἐχοντεςς
743 267 776 293 El
788 265 843 300 γὰρ
856 263 903 291 καὶ
926 262 1010 297 μήπω

219 313 321 339 τέλειον
343 313 393 349 τὴν
419 313 602 349 κληρονομίαν
627 315 767 348 εἰλήφασι,
796 311 828 338 τὺ
854 310 937 346 βάρος
966 307 1007 334 ἔτι

220 358 408 393 περικείμενοι
423 359 472 394 τῆς
485 355 597 395 σαρκὸς,
608 359 666 387 ἀλλ’
679 356 726 386 οὖν
742 358 787 385 διὰ
797 357 841 384 τὸν
860 353 1012 391 ἀρραϐῶνα

221 403 269 430 τοῦ
288 403 448 439 Πνεύματος
463 407 491 432 ὲν
507 405 545 440 τῷ
563 406 679 441 ἀσφαλεῖ
693 404 786 435 αὐτοῖς
808 402 897 429 κεῖται
907 400 943 427 τὰ
957 399 1011 425 τῶν

221 448 347 480 ἐλπίδων,
361 449 408 475 καὶ
419 449 460 476 δτι
473 449 720 485 συμϐασιλεύσουσι
734 447 773 482 τῷ
784 444 905 481 Χριστῷ,
922 444 970 470 καὶ
983 443 1012 468 ἐν

222 494 365 529 περιουσίᾳ
380 496 428 522 καὶ
440 495 603 530 πλεονασμῷ
615 494 774 530 Πνεύματος
784 492 904 522 ἔσονται,
917 489 1009 519 αὐτοῖς

222 540 437 575 ἐνδοιαζόμενον,
461 541 557 568 καθότι
579 543 612 576 τῇ
629 541 719 576 σαρχιι
731 538 874 575 περιόντες
895 535 946 566 ἐτι,
974 535 1013 564 εἰς

224 587 322 621 πεῖραν
333 585 415 621 ἦλθον
426 588 475 622 τῆς
490 586 631 622 δυνάμεως
645 587 692 613 καὶ
704 586 802 622 ἡδονῆς
817 583 941 618 ἐκείνης’
967 580 1015 607 καὶ

223 632 278 667 γὰρ
291 632 321 659 τὸ
340 633 465 659 ὲπιτεθὲν
480 633 550 660 κατὰ
563 633 613 668 τὴν
632 632 774 668 παρακοὴν
788 631 844 662 τοῖς
860 628 1014 663 ἀνθρώποις

225 678 271 705 τοῦ
277 679 385 705 Σατανᾶ
393 679 534 713 κάλυμμα,
544 680 560 714 ἡ
570 679 649 714 χάρις
659 679 794 714 ἐρχομένη
801 676 846 704 διὰ
854 676 1015 710 καθάρσεως

225 724 272 750 τοῦ
279 724 332 750 ἔσω
346 724 490 759 ἀνθρώπου
500 726 546 752 καὶ
557 726 604 752 τοῦ
618 725 688 757 νοὸς,
701 724 840 760 περιαιρεῐ
851 722 953 753 τέλεον,
965 721 1012 747 καὶ

227 770 281 796 πᾶν
290 770 397 805 μίασμα
408 772 455 797 καὶ
466 771 596 806 λογισμὸν
604 771 713 798 ἅπαντα
722 770 844 805 ῥυπαρὸν
857 769 907 803 τῆς
922 767 1012 802 ψυχῆς

227 815 451 849 ἀποσκυὸαλίζει,
467 816 592 851 καθαρὰν
605 817 691 851 αὐτὴν
708 815 835 850 γενέσθαι
853 813 1014 849 βουλομένη,

731 162 844 193 LIBER
865 161 913 191 DE
934 158 1172 190 ELEVATIONE
1192 159 1345 189 MENTIS.

219 222 371 255 γενόμενοι,
401 221 514 248 εἰσιέναι
541 222 589 249 καὶ
613 222 715 255 ἐξιέναι
739 220 807 256 πρὸς
829 218 876 245 τὸν
899 215 1010 250 Πατέρα
1024 218 1048 245 Α

1801 156 1856 188 9θῖ

1062 213 1195 242 habentes
1210 219 1390 249 potestatem;
1405 216 1458 244 etsi
1473 215 1546 243 enim
1561 214 1677 242 solidam
1690 214 1770 241 istam
1784 221 1855 241 non-

1060 259 1127 287 dum
1150 264 1298 287 creverunt
1319 260 1525 293 htereditatem,
1550 260 1623 287 mole
1647 259 1744 294 utique
1765 259 1857 287 adhuc

1060 307 1167 342 gravati
1191 307 1303 338 carnis.
1329 312 1431 340 tamen,
1446 307 1482 335 ob
1507 306 1691 334 arrhabonem
1719 305 1856 340 Spiritus.

1062 357 1138 380 certa
1154 357 1183 379 et
1197 360 1295 380 secura
1314 360 1362 388 spe
1379 353 1534 384 confidunt,
1549 357 1578 380 et
1592 355 1811 387 conregnaturos
1827 359 1856 378 se

1062 399 1174 426 tandem
1187 399 1298 427 Christo
1307 419 1314 432 ,
1328 404 1356 427 et
1367 400 1502 427 fruituros
1517 399 1628 434 copiose
1640 403 1670 426 et
1681 398 1858 425 abundanter

1066 445 1145 480 194
1158 444 1279 480 Spiritu;
1296 446 1411 473 minime
1436 446 1596 473 dubitantes
1616 445 1694 480 quin,
1707 444 1797 479 quoad
1829 443 1857 470 in

1063 497 1146 518 carne
1157 491 1288 521 vixerint.
1299 491 1443 525 perstituri
1456 491 1483 518 in
1496 490 1669 525 possessione
1681 489 1737 516 sint
1747 489 1858 516 virtutis

1064 539 1092 562 et
1105 536 1254 571 voluptatis
1268 537 1354 568 illius,
1369 537 1448 572 cujus
1463 537 1549 564 semel
1562 535 1732 571 experiendo
1747 539 1857 570 gustum

1064 587 1251 617 acceperunt;
1284 583 1387 618 quippe
1420 591 1482 610 cum
1518 583 1762 618 superimpositum
1797 584 1859 616 post

1064 627 1279 656 inobedientiam
1293 629 1454 656 hominibus
1467 629 1574 657 Satana:
1587 628 1759 663 operculum,
1771 633 1857 662 gratia

1065 675 1180 703 veniens
1210 683 1261 710 per
1289 676 1482 711 purgationem
1513 675 1654 703 interioris
1683 674 1805 702 hominis
1831 679 1860 702 et

1065 721 1176 753 mentis,
1191 721 1297 749 auferat
1318 722 1440 757 penitus,
1456 725 1484 748 et
1504 729 1586 748 omne
1607 720 1856 755 inquinamentum,

1067 774 1233 802 omnemque
1249 768 1444 803 cogitationem
1461 768 1496 795 ab
1512 767 1603 795 anima
1619 771 1747 799 everrat;
1762 766 1858 793 volens

1066 812 1141 840 illam
1156 820 1216 840 esse
1231 813 1371 845 mundam.
1383 818 1412 840 et
1423 813 1565 848 propriam
1582 813 1706 847 recipere
1719 815 1858 843 naturam,

227 859 276 886 καὶ
292 861 342 895 τὴν
359 860 427 887 ἰδίαν
455 860 647 887 ἀπολαϐοῦσαν
662 860 743 895 φύσιν
759 859 868 895 τρανοῖς
882 859 931 885 καὶ
953 858 1016 884 ἀνε-

1070 858 1272 893 perspicacibus
1287 864 1315 886 et
1327 859 1402 886 onmi
1416 859 1511 886 liberis
1526 859 1726 894 impedimento
1740 857 1798 885 veri
1815 857 1859 884 lu-

228 905 392 937 πικωλύτοις
407 907 463 937 τοῖς
476 905 626 941 ὀφθαλμοῖς
653 906 704 941 τὴν
721 905 800 937 δόξαν
814 904 861 931 τοῦ
888 901 1016 938 ἀληθινοῦ

229 952 316 986 φωτδς
328 952 519 980 κατοπτεύειν.
536 952 568 978 Οἱ
583 951 700 978 τοιοῦτοι
712 951 740 978 δὲ
754 950 865 983 αὐτόθεν
880 949 931 985 ἤδη
949 948 1017 983 πρὸς

230 997 335 1023 ἐκεῖνον
356 996 525 1032 ἁρπάζονται
540 996 586 1023 τὸν
604 996 702 1029 αἰῶνα,
726 996 775 1023 καὶ
799 996 834 1022 τὰ
857 995 915 1021 ἐκεῖ
930 993 1016 1028 κάλλη

231 1041 278 1068 καὶ
297 1039 425 1076 θαύματα
439 1040 587 1076 καθορῶσι.
608 1041 744 1076 Καθάπερ
755 1039 810 1075 γὰρ
831 1040 845 1065 ὁ
862 1037 1017 1072 σωματικὸς

229 1087 366 1122 ὀφθαλμὸς
383 1086 496 1118 ἀπαθῶς
507 1096 537 1113 τε
553 1087 601 1113 καὶ
616 1086 701 1120 ὑγιῶς
720 1086 791 1120 ἔχων
810 1085 871 1116 ταῖς
891 1083 1018 1119 ἡλιακαῖς

229 1132 328 1166 αὐγαῖς
343 1132 517 1168 θαρρούντως
528 1132 677 1164 ὲνατενίζει
687 1138 694 1146 '
718 1131 791 1158 οὕτω
814 1130 862 1157 καὶ
876 1127 948 1157 οὗτοι
962 1137 1017 1163 φω-

228 1177 309 1213 τεινῷ
324 1178 458 1212 χρώμενοι
473 1178 519 1204 καὶ
532 1177 777 1212 διακεκαθαρμένῳ
787 1177 825 1211 τῷ
837 1176 875 1211 νῷ
890 1175 940 1206 τὰς
950 1174 1014 1201 ἀδύ-

229 1231 291 1254 τους
303 1224 391 1257 αὐγὰς
404 1223 507 1258 Κυρίου
522 1224 564 1250 διὰ
581 1223 680 1257 παντδς
694 1222 910 1249 κατοπτεύουσιν
927 1230 933 1236 ·
947 1217 977 1248 οὗ
991 1221 1018 1247 τί

230 1269 260 1295 τὸ
270 1270 368 1304 μέτρον
384 1269 481 1304 φησίν;
497 1270 528 1295 οὐ
541 1269 640 1304 ῥᾳδίως
656 1268 768 1302 ἐφικτὸν
782 1269 838 1300 τοῖς
851 1267 1017 1302 ἀνθρὼποις’

231 1315 299 1341 ἀλλὰ
316 1314 404 1342 πόνων
417 1315 502 1341 δεῖται
518 1314 634 1349 συχνῶν,
647 1315 761 1349 ἀγώνων
781 1322 812 1340 τε
834 1314 881 1340 καὶ
899 1313 1019 1349 ἱδρώτων

235 1361 350 1395 μυρίων.
369 1360 464 1387 Πολλοὶ
480 1360 535 1395 γάρ
549 1361 629 1393 εἰσιν,
648 1357 689 1391 οἷς
704 1360 752 1386 καὶ
769 1359 786 1395 ἡ
803 1358 884 1395 χάρις
897 1359 1019 1385 σύνεστιν

232 1404 390 1438 ἐνεργοῦσα,
408 1405 454 1431 καὶ
473 1406 490 1440 ἡ
506 1405 592 1431 κακία
606 1405 688 1431 πάλιν
705 1404 891 1440 ἑνδομυχοῦσα
901 1403 1020 1438 ἀφέστη-

232 1460 280 1478 κεν
305 1451 430 1486 οὐδαμῶς
443 1460 450 1467 ·
480 1452 549 1480 ἀλλὰ
574 1452 609 1478 τὰ
631 1451 677 1478 δύο
702 1451 858 1487 πνεύματα,
873 1449 904 1477 τό
919 1458 949 1476 τε
971 1449 1019 1476 τοῦ

231 1497 320 1532 φωτὸς
333 1498 381 1524 καὶ
399 1499 430 1524 τὸ
443 1498 489 1525 τοῦ
517 1498 642 1529 σκότους,
658 1498 698 1528 είς
718 1497 782 1533 μίαν
804 1497 851 1524 καὶ
867 1497 917 1532 τὴν
935 1495 1019 1530 αὐτὴν

232 1545 338 1580 ἐνεργεῖ
351 1544 465 1579 καρδίαν
475 1553 482 1560 ·
501 1545 531 1571 τὸ
545 1544 572 1571 δὲ
594 1544 739 1579 εἰρημένον
753 1551 759 1559 ·
780 1543 828 1576 Τίς
839 1542 895 1578 γὰρ
918 1543 937 1576 ἡ
956 1550 1018 1568 κοι-

232 1590 324 1616 νωνία
335 1590 409 1624 φωτὶ
423 1589 499 1624 πρὸς
514 1590 644 1622 σκότος;
664 1590 710 1616 καὶ
725 1590 777 1621 ὃτι,
793 1589 829 1616 Τὸ
847 1587 910 1623 φῶς
929 1588 964 1614 ὲν
978 1586 1015 1621 τῇ

235 1636 342 1669 σκοτίᾳ
361 1636 471 1670 φαίνει,
493 1635 588 1661 καὶτὰ
610 1636 683 1670 ἑξῆς,
711 1635 847 1670 ἀναμέρος
870 1633 1020 1668 ὲκληπτέον

235 1680 296 1708 οὐδὲ
317 1681 492 1715 μονοτρόπως
509 1681 543 1707 τὰ
558 1681 710 1716 πράγματα
724 1689 732 1696 ·
750 1680 864 1715 καὶγὰρ
881 1680 910 1710 ὲς
927 1678 1020 1706 τοσοῦ-

233 1727 279 1753 τόν
311 1735 384 1758 τινες
415 1727 633 1753 ὲναναπαύονται
662 1728 695 1762 τῇ
725 1727 816 1762 χάριτι
834 1725 880 1751 τοῦ
895 1724 974 1758 Θεοῦ,
991 1726 1020 1757 ἐς

234 1772 296 1798 ὅσον
312 1771 416 1798 ἑαυτῶν
430 1771 561 1798 δύνασθαι
576 1772 699 1807 κρατεῖν,
715 1771 763 1797 καὶ
779 1771 816 1805 μὴ
825 1769 960 1805 ἡττᾶσθαι
973 1769 1021 1804 τῆς

235 1817 450 1852 ἐγκατοικούσης
476 1817 568 1848 αὐτοῖς
584 1816 723 1852 ἁμαρτίας
734 1824 740 1832 ·
761 1816 808 1842 καὶ
824 1814 961 1850 συμῦαίνῃ
974 1813 1022 1840 νῦν

237 1863 321 1898 εὐχὴν
334 1863 500 1898 εὐπάρεδρον
515 1863 626 1898 ἔχοντας
649 1861 697 1889 καὶ
727 1861 898 1888 ἀναπαῦσαι’
926 1860 1022 1886 ἔπειτα

236 1909 287 1935 ὑπὸ
311 1909 443 1945 ῥυπαρῶν
461 1908 600 1943 λογισμῶν
622 1907 802 1943 ἐνεργεῖσθαι,
833 1907 880 1933 καὶ
899 1906 951 1932 imo
973 1906 1022 1939 τῆς

236 1955 373 1990 ἁμαρτίας
398 1955 576 1987 κλέπτεσθαι,
602 1954 735 1988 συνούσης
751 1952 852 1987 δηλαδὴ
875 1952 922 1979 καὶ
938 1951 1023 1985 αὐτῆς

236 2001 358 2036 χάριτος.
373 2001 405 2027 Οί
425 2001 474 2036 μὲν
496 2000 542 2026 οὖν
557 1998 670 2034 ἐλαφροί
690 2007 719 2024 τε
735 1998 783 2024 καὶ
797 1996 872 2023 οὔπω
884 1997 932 2031 τῆς
949 1997 1024 2031 ἀκρι-

239 2047 313 2078 ϐείας
333 2047 529 2082 ἐπειλημμένοι
542 2047 630 2076 ﬁdem;
647 2046 739 2076 αὐτοῖς
751 2044 800 2078 τῆς
817 2043 891 2074 θείας
910 2043 1024 2077 χάριτος

238 2092 413 2128 ἐνεργούσης,
427 2093 519 2125 ἔδοξαν
535 2093 653 2119 εἰσάπαν
668 2089 853 2118 ἀπολελύσθαι
867 2089 917 2124 τῆς
932 2090 1023 2124 ἀμαρ-

236 2139 318 2169 τίας⁵
338 2139 362 2165 oi
381 2139 409 2165 δὲ
428 2138 564 2173 διάκρισίν
585 2146 614 2164 τε
639 2137 686 2164 καὶ
710 2136 773 2163 νοῦν
788 2136 907 2170 ἔχοντες,
925 2135 975 2161 οὐκ
992 2134 1025 2160 ἂν

238 2184 393 2220 ἀρνηθεῖεν,
416 2185 457 2211 ὅτι
474 2184 521 2211 καὶ
545 2184 595 2218 τῆς
615 2184 662 2210 τοῦ
685 2181 753 2209 Θεοῦ
770 2182 882 2217 χάριτος
904 2180 1025 2207 ἐνοικού-

239 2239 299 2265 σης,
315 2230 376 2265 οὐχὶ
387 2231 434 2257 καὶ
453 2230 505 2258 ὑπὸ
521 2230 643 2265 αἰσχρῶν
663 2228 711 2256 καὶ
734 2228 844 2255 ἀτόπων
857 2227 1024 2254 διασείονται

236 2275 387 2311 λογισμῶν.

273 2382 322 2409 ῙΔ’,
341 2380 456 2415 Εἴδομέν
469 2389 545 2412 τινας
556 2381 584 2406 ὲν
598 2379 653 2410 τοῖς
668 2378 792 2411 ἀδελφοῖς
807 2375 939 2407 πολλάκις
953 2374 1026 2401 οὓτω

238 2427 369 2459 πλουσίας
384 2427 433 2461 τῆς
446 2427 559 2461 χάριτος
572 2425 796 2456 ἐπιλελαυκότας,
809 2423 847 2454 ὼς
864 2421 945 2448 πέντε
966 2420 1027 2456 χρό-

238 2480 291 2498 νων
307 2472 353 2497 καὶ
368 2469 399 2502 ἓξ
413 2470 640 2506 ἀπομαρανθῆναι
654 2469 746 2496 τέλεον
766 2468 858 2499 αὐτοῖς
883 2467 931 2493 καὶ
958 2467 1027 2493 ὰποα

239 2516 350 2550 σὸἧναι,
363 2517 399 2542 τὰ
414 2515 463 2550 τῆς
477 2514 625 2550 ἐπιθυμίας
634 2523 640 2529 ·
650 2512 721 2547 εἶτα,
730 2514 766 2546 ὼς
778 2512 871 2546 ἔδοξαν
881 2512 967 2547 ὅρμου
980 2511 1028 2538 καὶ¹

237 2561 359 2597 γαλήνης
374 2561 566 2594 ἐπιλαϐέσθαι,
580 2560 640 2586 τότε
659 2559 785 2594 καθάπερ
799 2558 829 2590 ἐξ
850 2557 961 2592 ἐνέδρας
973 2557 1030 2582 ἐπι-

238 2610 352 2643 φανεῖσα
367 2607 473 2638 τούτοις
486 2608 502 2641 ἡ
517 2605 601 2633 κακία
615 2605 688 2632 οὕτω
701 2604 841 2640 δυσμενῶς
853 2603 967 2630 ἐπέθετο
981 2601 1029 2629 καὶ

238 2655 351 2690 ἀγρίως,
366 2654 404 2686 ὡς
423 2653 554 2687 ἔκπληξιν
570 2653 660 2684 αὐτοῖς
688 2652 805 2678 ἐνθεῖναι
823 2651 870 2677 καὶ
889 2649 1007 2684 ἀπορίαν
1019 2656 1026 2663 ”

238 2701 392 2736 τεθάῤῥηκε
405 2699 496 2726 τοίνυν
521 2698 608 2728 οὐδεὶς
630 2697 684 2724 τῶν
710 2696 757 2729 ὀξὺ
772 2696 817 2723 διὰ
837 2696 945 2722 σύνεσιν
964 2694 1026 2728 βλε-

240 2747 343 2772 πόντων
359 2747 460 2779 εἰπεῖν,
477 2745 518 2771 ὅτι
538 2743 648 2780 χάριτός
669 2752 714 2777 μοι
744 2742 888 2776 συνούσης,
906 2740 1029 2775 ἀπήλλα-

242 2798 309 2825 γμαι
334 2792 428 2820 λιιιπὺν
456 2791 504 2819 καὶ
527 2792 578 2826 τῆς
604 2789 753 2826 ἁμαρτίας.
773 2788 896 2823 Ἐνεργεῖ
907 2787 971 2823 γὰρ,
989 2786 1028 2818 ὡς

279 2880 301 2895 ¹⁶
312 2880 332 2906 ii
347 2879 409 2906 Cor.
425 2889 459 2913 vr,
475 2880 514 2906 Η.
554 2879 575 2894 ’⁷
587 2879 664 2906 Joau.
679 2888 696 2911 ι,

1069 903 1153 931 minis
1169 904 1323 932 claritatem
1341 905 1444 932 intueri
1460 905 1558 932 oculis.
1572 904 1624 937 Qui
1642 904 1710 931 tales
1725 906 1790 931 sunt
1803 903 1858 937 jam

1068 956 1102 976 ex
1122 950 1175 977 hoc
1196 954 1321 985 tempore
1341 958 1373 978 ac
1390 950 1456 977 vitae
1475 954 1549 978 statu
1573 950 1601 977 in
1622 949 1691 977 illud
1712 949 1860 984 rapiuntur

1068 996 1198 1024 szeculum
1209 1016 1216 1029 ,
1234 1000 1262 1023 ct
1277 1003 1339 1031 qua:
1355 996 1393 1024 ibi
1410 1001 1475 1023 sunt
1490 996 1711 1031 pulchritudines
1727 1001 1760 1021 ac
1775 994 1860 1021 mira-

1066 1040 1130 1067 cula
1142 1046 1276 1076 spectant.
1290 1041 1528 1075 Quemadmodum
1543 1042 1616 1068 enim
1631 1047 1782 1075 corporeus
1796 1047 1862 1066 ocu-

1067 1086 1111 1113 lus
1124 1086 1205 1121 plene
1220 1094 1305 1114 sanus
1320 1091 1349 1115 et
1362 1088 1467 1123 vigens,
1483 1087 1588 1115 solares
1604 1087 1735 1114 audacter
1750 1085 1862 1121 inspicit

1069 1132 1175 1166 radios;
1192 1133 1233 1160 sic
1247 1138 1276 1160 et
1289 1133 1317 1160 hi
1332 1133 1422 1161 lucida
1438 1138 1541 1166 mente,
1553 1133 1756 1161 inaccessibiles
1770 1132 1862 1167 splen—

1069 1177 1152 1206 dores
1171 1179 1280 1206 Domini
1303 1187 1412 1214 semper
1432 1180 1575 1207 intuentur
1596 1188 1602 1206 :
1620 1179 1654 1206 ad
1678 1187 1760 1213 quam
1780 1182 1862 1205 tanta:

1069 1231 1227 1252 mensuram
1250 1226 1407 1261 pertingere
1424 1225 1563 1253 felicitatis
1581 1225 1654 1253 haud
1671 1226 1751 1253 facile
1771 1225 1862 1252 homi-

1069 1271 1152 1298 nibus
1169 1276 1211 1299 est
1225 1280 1232 1298 :
1247 1272 1296 1300 sed
1311 1272 1452 1300 laboribus
1466 1273 1500 1300 ad
1516 1272 1569 1300 hoc
1582 1280 1651 1308 opus
1667 1276 1708 1300 est
1723 1271 1860 1306 plurimis,

1070 1317 1325 1352 certaminibusque
1357 1322 1386 1344 et
1414 1317 1562 1345 sudoribus
1591 1318 1754 1345 innumeris.
1784 1316 1862 1344 Multi

1071 1361 1174 1397 quippe
1187 1366 1253 1389 sunt
1265 1362 1366 1397 quibus
1377 1363 1465 1398 gratia
1480 1363 1551 1390 inest
1562 1363 1673 1398 quidem
1687 1363 1862 1398 operatione:

1073 1408 1156 1435 etiam
1181 1409 1313 1444 quasdam
1337 1417 1402 1437 suas
1425 1417 1558 1438 exercens
1583 1419 1591 1437 :
1613 1414 1742 1438 caeterum
1768 1409 1806 1437 ita
1832 1415 1863 1436 ut

1072 1454 1154 1482 simul
1173 1462 1228 1482 non
1245 1456 1317 1484 absit
1334 1457 1369 1483 ab
1386 1456 1420 1484 iis
1438 1457 1541 1484 malitia
1559 1456 1634 1484 intus
1652 1457 1750 1484 latens.
1767 1457 1862 1491 Itaque

1072 1503 1138 1527 tunc
1156 1501 1238 1528 ambo
1255 1502 1381 1536 spiritus,
1397 1502 1507 1529 lucidus
1518 1506 1551 1531 iet
1568 1501 1743 1532 tenebrosus.
1758 1501 1786 1528 in
1807 1509 1863 1528 uno

1033 1550 1055 1580 ο
1072 1550 1101 1573 et
1111 1545 1208 1574 eodem
1220 1551 1370 1581 operantur
1381 1547 1474 1574 corde.
1484 1546 1563 1580 Quod
1576 1546 1668 1574 a'utem
1682 1546 1786 1573 dictum
1797 1550 1840 1573 est
1852 1555 1860 1573 :

1072 1591 1137 1624 Quit
1156 1592 1226 1618 enim
1245 1592 1356 1619 societas
1376 1591 1427 1618 luci
1444 1592 1479 1618 ad
1497 1592 1617 1618 tenebras
1627 1591 1668 1618 ιιι
1682 1590 1716 1618 Ει
1734 1590 1816 1619 :,Lu.r
1834 1591 1863 1618 iu

1072 1637 1183 1664 tenebris
1203 1637 1271 1664 lucet
1281 1638 1303 1653 "
1321 1646 1328 1664 :
1346 1637 1513 1672 similiaque,
1528 1636 1639 1665 divisim
1659 1644 1691 1664 ac
1712 1636 1863 1672 sigillatim,

1071 1691 1126 1710 non
1144 1683 1319 1710 uniformiter
1344 1688 1374 1710 et
1388 1682 1415 1710 iu
1434 1683 1593 1710 universum
1611 1682 1770 1717 accipienda
1787 1685 1861 1710 sunt.

1071 1729 1140 1756 Nam
1159 1729 1187 1755 in
1207 1733 1313 1756 tantum
1329 1728 1442 1763 quidam
1458 1728 1638 1763 acquiescant
1651 1728 1745 1764 gratiae
1761 1728 1824 1760 Dei,
1836 1728 1864 1755 in

1073 1781 1206 1812 quantum
1229 1777 1372 1805 continere
1396 1777 1501 1811 seipsos
1523 1781 1651 1811 possunt,
1669 1781 1698 1804 et
1717 1784 1773 1803 non
1790 1776 1864 1803 vinci

1073 1822 1107 1850 ab
1123 1822 1294 1850 inhabitante
1310 1822 1338 1849 in
1353 1823 1420 1857 ipsis
1436 1826 1560 1857 pecvato.
1577 1821 1624 1848 His
1641 1821 1784 1856 contingit,
1798 1821 1866 1848 dum

1074 1869 1248 1897 conslantius
1264 1868 1403 1896 interdum
1420 1868 1608 1902 attentiusque
1623 1867 1741 1894 orationi
1755 1873 1864 1899 vacant.

1075 1917 1106 1940 ut
1122 1912 1214 1948 quiete
1233 1913 1449 1948 perfunduntur;
1468 1917 1564 1947 postea
1581 1917 1672 1939 tamen
1690 1912 1865 1939 sordidarum

1074 1959 1273 1995 cogitationum
1293 1959 1412 1987 insultus
1433 1959 1505 1995 pati;
1527 1958 1594 1993 quin
1616 1963 1644 1985 et
1663 1966 1679 1985 a
1697 1958 1866 1993 subrepentc

1075 2006 1171 2034 furtim
1188 2006 1288 2033 incessi
1306 2010 1436 2041 peccato;
1455 2009 1590 2040 praesente
1606 2004 1787 2032 nihilominus
1807 2005 1866 2040 ipsa

1076 2059 1186 2088 quoque
1203 2052 1300 2087 gratia.
1315 2051 1446 2079 Leriores
1463 2051 1546 2087 igitur
1560 2055 1588 2077 et
1605 2050 1697 2078 minus
1713 2051 1797 2084 cauti,
1814 2059 1867 2078 nec

1076 2099 1144 2126 satis
1160 2098 1355 2134 intelligentes,
1371 2102 1508 2132 quatenus
1527 2097 1553 2124 in
1571 2097 1637 2132 ipsis
1653 2097 1755 2133 polleat
1771 2097 1866 2125 divina

1076 2143 1179 2180 gratia,
1198 2148 1302 2172 temere
1323 2142 1440 2170 credunt
1473 2143 1553 2178 plane
1573 2143 1629 2178 jam
1652 2144 1866 2171 exterminatum

1077 2198 1138 2218 esse
1161 2194 1312 2225 peccatum.
1329 2189 1364 2217 At
1382 2189 1495 2218 discreti
1517 2193 1545 2217 et
1562 2198 1627 2217 vere
1647 2190 1799 2225 prudentes
1820 2198 1866 2218 re-

1078 2244 1150 2268 rum,
1166 2243 1221 2264 non
1235 2236 1331 2271 utique
1344 2235 1449 2263 inficias
1464 2235 1572 2268 iverint,
1587 2243 1616 2263 se
1632 2241 1774 2271 utcunque
1789 2237 1868 2264 inha-

1079 2282 1184 2309 bitante
1202 2281 1327 2316 dignatos
1343 2281 1441 2316 gratia,
1456 2288 1508 2308 nec
1525 2286 1615 2308 tamen
1632 2282 1761 2316 turpibus
1775 2287 1803 2309 et
1817 2281 1867 2309 ab—

1078 2327 1171 2355 surdis
1185 2326 1398 2361 cogitationibus
1411 2333 1465 2353 non
1482 2326 1603 2353 concuti.

1114 2373 1184 2400 XIV.
1197 2372 1330 2400 Novimus
1346 2371 1479 2406 quosdam
1500 2379 1533 2398 ex
1553 2371 1687 2399 fratribus
1705 2379 1777 2406 smpe
1796 2372 1866 2400 adeo

1081 2418 1160 2446 uberi
1182 2417 1375 2452 superfusione
1395 2417 1490 2452 gratiae
1511 2417 1623 2447 ditatos.
1642 2423 1673 2444 ut
1694 2418 1816 2452 quinque
1833 2426 1867 2446 ac

1077 2471 1125 2492 sex
1144 2463 1210 2490 lotis
1225 2462 1304 2490 annis
1322 2462 1350 2489 in
1368 2462 1433 2497 ipsis
1452 2463 1562 2497 penitus
1578 2462 1663 2489 veluti
1678 2463 1866 2490 eutarcuerint

1077 2515 1106 2536 et
1127 2508 1269 2536 exstinctae
1291 2507 1395 2534 fuerint
1419 2507 1602 2542 cupiditates;
1629 2507 1728 2534 deinde
1755 2511 1863 2539 tamen,

1078 2556 1143 2583 dum
1162 2558 1243 2590 portu
1260 2558 1288 2581 et
1305 2553 1502 2588 tranquillitate
1518 2553 1572 2580 frui
1589 2553 1764 2585 videbantur,
1778 2562 1861 2589 appa-

1079 2605 1183 2628 rentem
1210 2606 1324 2631 rursus,
1347 2599 1423 2626 velut
1446 2606 1479 2626 ex
1503 2598 1628 2631 insidiis,
1650 2599 1781 2626 malitiam
1809 2602 1861 2626 tam

1079 2644 1290 2672 vehementibus
1308 2643 1382 2678 ipsos
1396 2648 1424 2670 et
1439 2643 1503 2671 feris
1519 2642 1668 2671 insultibus
1685 2644 1818 2678 pulsasse,
1835 2648 1864 2670 ut

1080 2697 1209 2725 pavorem
1225 2693 1254 2715 ct
1268 2688 1519 2715 consternationem
1536 2688 1603 2723 ipsis
1620 2688 1765 2715 incuteret.
1781 2688 1866 2716 Nemo

1081 2736 1166 2771 igitur
1186 2742 1292 2766 corum,
1307 2733 1409 2768 quibus
1432 2734 1540 2762 acutius
1559 2742 1673 2762 cernere
1696 2742 1780 2762 sacra»,
1800 2743 1867 2770 pru—

1081 2781 1183 2809 dentiae
1199 2781 1292 2808 lumen
1309 2780 1396 2813 dedit,
1410 2781 1482 2808 ausit
1493 2788 1613 2815 unquam
1631 2780 1726 2809 dicc=e
1738 2789 1743 2807 ι
1755 2781 1794 2808 Ex
1811 2787 1869 2815 quo
