2075 3155
229 145 283 178 903

855 148 886 178 S.
906 146 1066 177 MACARII
1087 146 1249 178 EGYPTII

1808 145 1862 178 904

229 203 391 236 praesentem
410 200 438 228 in
456 208 499 229 me
521 201 612 229 sentio
628 201 755 236 gratiam,
770 200 904 229 liberatus
917 209 979 229 sum
995 201 1021 228 iu

1075 201 1195 237 εἴρηται,
1213 201 1261 228 καὶ
1275 200 1311 228 τὰ
1322 199 1369 228 δύο
1383 201 1413 228 ἑν
1429 200 1469 236 τῷ
1479 200 1519 227 ἑνὶ
1531 199 1580 228 καὶ
1599 199 1640 235 τῷ
1653 199 1728 236 αὐτῷ
1742 200 1791 236 νῷ,
1808 202 1863 228 xiv

228 253 311 273 omne
333 251 442 280 tempus
462 246 496 273 ab
517 246 591 273 omni
614 246 729 274 malitia.
747 245 807 274 Duo
825 246 910 279 enim,
926 250 957 274 ut
977 245 1020 273 di-

229 296 306 320 ctum
325 296 383 325 est,
398 292 470 319 inter
485 299 516 319 se
531 291 647 319 adversa
663 291 691 318 in
708 295 800 319 meme
821 295 921 326 agunt,
933 291 1020 326 gratia

228 343 257 366 et
273 338 504 373 concupiscentia.
522 342 662 373 utcunque
678 339 734 366 cito
749 339 854 366 creduli
870 342 899 366 et
915 339 1019 373 impru-

228 385 327 412 dentes
346 386 437 413 statim
458 385 552 413 dicant
571 394 578 413 :
597 386 726 419 Vicimus,
743 391 768 414 et
784 387 943 415 debellatum
959 388 1019 422 jam

229 434 276 456 est.
288 430 353 457 Mihi
367 430 480 465 quidem
497 435 592 458 contra
605 431 645 459 sic
656 432 786 459 videntur
799 432 881 468 hujus
894 440 924 459 se
937 439 1019 467 gene-

229 473 267 501 ris
288 482 332 502 res
352 475 470 508 habere,
485 480 516 502 ut
532 476 644 510 quando
663 477 713 504 soli
733 484 802 511 pure
819 476 934 511 fulgenti
954 476 1020 504 sub-

227 518 321 546 oriens
343 525 455 554 repente
472 527 557 555 vapor
573 524 600 547 et
618 521 705 556 caligo
721 521 844 549 velamen
861 521 947 549 veluti
969 520 1020 547 ob-

227 563 352 597 duxerit;
375 565 415 592 sic
433 565 570 599 similiter,
587 565 627 592 uti
649 566 779 599 diximus,
794 573 824 593 se
846 565 959 597 habent,
973 565 1021 601 qui

227 610 315 645 gratia
341 609 390 637 Dei
415 610 517 645 potiti,
538 610 586 638 sed
611 615 738 639 accurate
763 611 887 638 nondum
912 611 1021 646 purgati

226 659 306 687 sunt;
328 655 376 683 sed
398 655 426 682 in
450 656 639 690 penetralibus
656 655 804 690 profundis
819 655 909 683 adhuc
923 663 938 682 a
956 663 1022 690 pec-

228 705 292 727 cato
317 705 457 728 tenentur.
483 700 573 733 Quare
596 701 683 728 multa
707 700 832 736 profecto
855 699 1022 727 discretione

226 754 296 781 opus
309 749 360 778 est,
373 745 405 772 ad
419 745 617 780 experientiam
632 753 725 773 rerum
741 745 835 772 talium
855 744 1008 781 perfectissi

226 798 298 818 mam
315 790 476 825 parandam.

265 836 325 864 XV.
342 835 378 864 Ut
404 835 463 863 sine
488 835 591 869 oculis,
611 835 721 871 lingua,
738 835 868 869 auribus,
886 835 1020 871 pedibus,

1075 247 1100 273 οι
1116 245 1224 274 εὔκολοι
1239 255 1270 273 τε
1286 247 1333 272 καὶ
1347 245 1464 281 ἀμαθεῖς
1488 246 1587 281 μικρόν
1602 254 1629 272 τι
1647 245 1721 281 νῆμα
1740 253 1864 281 πνευμα-

1075 292 1151 319 τικὸν
1172 292 1332 328 ισχηκότες,
1346 292 1516 327 Nerle
1535 291 1605 326 ἤδη,
1629 291 1766 326 λέγουσιν.
1787 292 1866 327 Ἐμοὶ

1075 337 1104 364 δὶ
1128 337 1208 365 δωκῶ
1232 338 1268 365 τά
1289 337 1441 372 πράγματα
1462 337 1548 370 οὕτως
1572 337 1661 373 ἔχειν·
1683 338 1779 373 ὥσπερ
1798 339 1866 365 ὅταν

1073 383 1152 419 ἡλίου
1163 383 1293 419 καθαρῶς
1306 383 1509 418 ἐπιλάμποντος
1524 383 1662 415 σκοτεινὸς
1674 384 1689 411 ό
1703 383 1860 419 ἀνὴρᾶφνω

1074 429 1091 465 ἢ
1115 429 1216 465 ὀμίχλη
1238 429 1428 465 ἑπιδραμοῦσα
1452 429 1615 464 ὲπισκοτίσῃ
1631 428 1715 456 αὐτοῦ
1731 429 1770 465 τῷ
1784 429 1860 464 καλῷ

1077 475 1147 510 φωτί
1159 484 1167 492 ο
1182 475 1270 510 τούτῳ
1284 475 1341 510 γὰρ
1365 474 1565 510 παραπλησίως
1581 474 1673 509 ἔχουσι
1693 474 1733 508 τῷ
1747 475 1821 510 λόγῳ
1837 476 1864 502 ei.

1076 521 1127 555 τῆς
1150 521 1200 556 μὶν
1222 519 1271 547 τοῦ
1286 519 1354 547 Θεοῦ
1381 520 1492 555 χάριτος
1518 521 1706 554 ἐπιτυχόντες,
1736 520 1820 555 μήπω
1835 520 1864 547 δὲ

1077 566 1147 602 πρὸς
1170 565 1316 602 ἀκρίϐειαν
1343 565 1583 601 διακαθαρθέντες,
1604 565 1662 591 ἀλλ’
1682 565 1711 591 ιν
1725 564 1764 600 τῷ
1786 565 1864 600 βάθει

1075 611 1116 639 ἔτι
1132 612 1295 647 κατάσχετοι
1308 611 1385 644 ὄντες
1399 611 1452 638 ὑπὸ
1464 611 1514 647 τῆς
1531 611 1668 647 ἁμαρτίας
1680 620 1687 628 ·
1706 610 1777 638 ὥστε
1796 611 1864 638 πολ-

1075 657 1125 693 λῆς
1140 657 1180 693 τῷ
1198 658 1256 685 δντι
1266 658 1317 693 τῆς
1330 657 1493 693 διακρίσεως
1503 657 1544 684 δεῖ
1558 657 1668 694 πρδςλεδ
1677 657 1760 693 πείρᾳ
1777 657 1865 685 ταῦτα

1075 703 1110 738 τῇ
1126 701 1283 739 τελεωτάτη
1297 702 1456 738 προλαϐεῖν.

1113 834 1164 862 IE'.
1190 835 1283 869 Ωσπερ
1306 842 1448 870 αμηχανον
1468 833 1618 868 ὀφθαλμῶν
1633 833 1697 861 ἄνευ
1713 834 1761 861 καὶ
1774 833 1864 869 γλώτ-

225 881 330 913 videri,
347 881 416 913 dici,
433 881 541 913 audiri,
557 881 692 908 ambulari
726 881 838 916 nequit;
861 881 901 909 sic
924 882 1021 916 pariter

1078 889 1139 915 της,
1154 879 1233 906 ὄντων
1245 888 1275 906 τε
1293 879 1342 906 καὶ
1353 879 1442 906 ποδῶν
1467 878 1577 914 βλέπειν
1602 879 1620 915 ἢ
1637 879 1738 914 λέγειν,
1753 880 1864 907 ἀκούειν

227 926 397 961 impossibile
417 931 473 958 est,
486 923 552 953 ‘sine
572 926 630 953 Deo
651 930 679 953 et
700 925 734 953 ab
756 925 816 960 ipso
837 926 901 953 dato
919 919 1023 954 emcaci

229 971 308 1007 195
331 971 449 1003 auxilio,
469 971 675 999 communicare
706 971 842 1006 mysteriis
861 971 977 1005 divinis,
998 977 1027 1000 et

229 1024 310 1044 nosse
335 1016 384 1044 Dei
412 1016 592 1051 sapientiam,
613 1020 660 1043 aut
686 1016 713 1043 in
740 1015 845 1051 Spiritu
872 1017 1018 1045 ditescere.

226 1061 294 1088 Nam
317 1060 456 1096 sapientes
485 1060 597 1095 quidem
618 1060 787 1093 Graecorum,
803 1060 830 1087 in
847 1061 1026 1089 meditatione

227 1105 416 1133 doctrinarum
444 1108 619 1137 exercentur,
630 1109 658 1132 et
669 1104 702 1132 ad
720 1105 837 1132 invicem
850 1105 1024 1140 reciprocan-

227 1151 276 1178 «Ias
289 1151 438 1178 verborum
454 1151 527 1178 rixas
553 1150 635 1186 longo
650 1150 707 1177 triti
723 1158 773 1178 usu
790 1154 864 1178 sunt.
879 1150 957 1178 Servi
972 1159 1024 1179 au-

229 1199 283 1222 tem
309 1195 368 1228 Dei,
384 1195 436 1223 etsi
449 1195 642 1230 congressibus
654 1195 871 1230 disputationum
889 1196 1024 1224 inexerci-

228 1241 276 1270 tati
290 1240 360 1274 sint,
379 1245 470 1269 tamen
485 1240 578 1269 divina
594 1241 691 1269 notitia
712 1245 741 1269 et
770 1241 819 1269 Dei
835 1242 922 1277 gratia
941 1242 1024 1278 perﬂ-

228 1286 253 1314 ci
262 1289 358 1314 untur.

263 1330 333 1359 XV].
347 1331 444 1359 Audeo
461 1330 552 1358 dicere
563 1349 571 1362 .
590 1338 626 1358 ne
641 1330 710 1366 ipsis
727 1331 839 1366 quidem
855 1331 911 1360 illis
929 1338 1024 1361 sancto

227 1377 368 1405 Paracleto
393 1375 505 1411 repletis
528 1376 660 1411 apostolis
692 1376 845 1412 contigisse
889 1381 920 1404 ut
943 1378 1023 1406 liberi

229 1431 344 1459 prorsus
357 1431 372 1450 a
387 1424 461 1451 curis
475 1427 583 1456 essent;
599 1423 646 1450 sed
661 1423 871 1451 exsultationem
885 1429 913 1451 et
926 1424 1024 1453 ineffa-

229 1469 285 1496 bile
298 1476 395 1496 eorum
410 1468 540 1504 gaudium
553 1473 582 1496 et
595 1469 675 1496 timor
686 1469 785 1504 aliquis
799 1470 1024 1505 consequebatur

228 1521 262 1540 ex
281 1513 340 1548 ipsa
360 1514 457 1548 gratia,
475 1521 509 1541 ne
531 1513 600 1541 forte
622 1515 724 1549 pejoris
744 1515 829 1549 partis
849 1519 1023 1544 tentarentur

229 1558 432 1587 occasionibus.
446 1558 507 1593 Ipsa
524 1559 597 1586 enim
614 1559 701 1594 gratia
717 1560 744 1586 in
762 1564 821 1587 tuto
837 1568 881 1588 res
899 1560 1021 1596 ipsorum

229 1603 360 1638 ponebat,
373 1611 408 1630 ne
427 1604 471 1631 vel
493 1603 527 1631 ad
551 1603 694 1630 minimum
715 1604 881 1632 excederent
902 1613 918 1632 a
935 1611 1021 1634 recto.

229 1647 320 1682 Atque
335 1651 366 1674 ut
377 1647 510 1682 puerulus
523 1655 606 1682 parvo
619 1648 725 1675 calculo
741 1648 768 1675 in
783 1656 892 1676 murum
905 1650 1022 1678 solidum

230 1693 357 1728 conjecto
380 1692 486 1719 nullum
511 1693 537 1720 ei
561 1692 691 1720 damnum
715 1693 814 1726 infert;
839 1698 887 1721 aut
901 1695 1023 1730 jaculum

230 1737 330 1769 hebes,
346 1738 460 1765 loricam
478 1738 583 1765 firmam
603 1737 715 1766 minime
732 1739 820 1772 laedit;
841 1739 881 1767 sic
897 1748 960 1775 pars
978 1741 1023 1768 illa

229 1783 342 1810 malitias
358 1783 466 1818 reliqua
486 1783 514 1810 in
532 1784 607 1818 ipsos
623 1783 755 1818 impetum
775 1784 878 1812 faciens
899 1784 1024 1813 inefﬁcax

229 1834 258 1857 et
271 1828 461 1856 frustraneum
475 1837 535 1856 esse
549 1829 801 1863 demonstrabatur,
816 1831 890 1865 quod
907 1832 967 1860 illos
979 1832 1023 1859 ni-

229 1875 331 1902 mirum
353 1874 457 1902 Christi
475 1875 562 1902 virtus
578 1876 681 1909 optime
697 1875 870 1903 munivisset.
887 1875 1023 1904 Caeterum

229 1920 434 1955 quantumlibet
456 1919 601 1955 perfectis,
617 1920 731 1948 libertas
747 1925 839 1949 tamen
854 1921 963 1952 arbitrii
981 1921 1024 1949 in-

228 1970 299 1994 erat.
309 1965 370 1994 Non
384 1965 458 1994 enim
471 1974 566 1994 verum
578 1970 631 1999 est,
640 1966 713 2001 quod
728 1966 838 2002 quidam
855 1967 950 1995 inscite
964 1975 1024 2003 gar-

229 2011 319 2043 riunt,
334 2015 396 2046 post
411 2015 552 2046 acceptam
567 2012 693 2047 gratiam,
704 2012 773 2039 nihil
789 2011 842 2039 nisi
857 2012 1022 2040 laxationem

229 2060 258 2084 et
270 2056 392 2091 quietem
407 2060 522 2084 restare.
537 2057 664 2092 Requirit
676 2057 750 2084 enim
767 2057 901 2085 Dominus
916 2058 944 2084 iu
961 2065 1024 2092 per-

228 2100 309 2128 fectis
322 2108 432 2136 quoque
453 2101 621 2128 voluntatem
634 2102 730 2129 animae
745 2101 772 2129 in
787 2101 949 2137 obsequium
964 2101 1024 2137 Spi-

231 2146 302 2173 ritus
319 2154 326 2172 :
342 2152 373 2173 ut
383 2146 440 2173 haec
454 2146 571 2174 invicem
585 2147 768 2175 consentiant.
783 2147 854 2176 Dicit
862 2148 936 2176 enim
949 2148 1022 2184 Apo-

231 2190 321 2217 stolus
336 2199 343 2217 :
360 2190 490 2226 Spiritum
505 2190 585 2218 nolite
600 2192 765 2227 exstinguere
779 2193 812 2220 ".

267 2235 350 2265 XV“.
362 2236 485 2272 Simplici
499 2238 718 2266 nomenclatione
731 2238 875 2274 designare
885 2246 930 2266 res
940 2239 1020 2267 facile

233 2281 323 2309 cuivis
344 2285 373 2309 et
395 2281 469 2310 factu
492 2289 609 2318 pronum
633 2288 686 2310 est.
709 2283 800 2311 Facile
821 2283 922 2319 quippe
945 2284 1020 2311 omni

232 2328 339 2356 homini
366 2333 409 2356 est
425 2328 530 2362 dicere,
556 2336 653 2363 panem
674 2329 748 2357 hunc
768 2329 810 2364 (ut
827 2328 879 2356 hoc
898 2328 1022 2363 exemplo

235 2373 355 2409 utamur)
372 2381 406 2401 ex
420 2373 559 2401 frumento
576 2381 638 2402 esse
653 2378 841 2409 compactum;
859 2381 914 2409 quo
929 2378 1021 2401 autem

233 2419 317 2447 modo
332 2427 420 2455 quave
434 2425 494 2447 arte
508 2423 565 2447 tota
578 2420 638 2456 ejus
651 2419 816 2455 praeparatio
831 2419 1020 2447 administrata

233 2465 329 2497 fuerit,
342 2465 482 2501 sigillatim
498 2472 647 2500 exponere,
662 2465 734 2492 haud
752 2464 844 2499 quivis
857 2468 956 2499 queat;
974 2464 1023 2491 sed

234 2511 261 2538 id
278 2519 373 2539 eorum
391 2511 489 2539 saltem
504 2514 558 2544 est,
574 2511 621 2546 qui
637 2510 836 2546 experientiam
852 2510 892 2537 rei
909 2510 1021 2538 habent.

236 2559 274 2586 Ad
289 2559 364 2586 hunc
379 2558 463 2595 igitur
479 2559 591 2586 modum
606 2558 720 2586 cuilibet
736 2558 764 2584 in
779 2561 907 2592 promptu
923 2562 975 2590 est,
989 2557 1023 2585 de

233 2605 383 2632 aﬂ'ectuum
400 2605 536 2632 vacuitate
553 2608 582 2632 et
609 2603 782 2639 perfectione
801 2602 954 2635 disserere;
974 2610 1023 2629 ex-

233 2651 367 2686 perientia
379 2658 445 2678 vero
461 2657 604 2685 capessere
619 2649 774 2684 negotium;
791 2647 844 2674 hoc
855 2654 924 2675 vero
939 2652 981 2674 est
995 2656 1023 2675 re

233 2698 290 2732 ipsa
305 2702 334 2726 et
345 2698 373 2725 in
381 2697 496 2725 veritate
506 2694 665 2723 methodum
679 2693 856 2729 perfectionis
866 2693 1019 2728 percipere.

268 2742 359 2770 XVIII.
383 2741 545 2776 Quicunque
568 2739 603 2767 de
638 2738 775 2774 spirituali
802 2737 924 2765 doctrina
958 2737 1017 2765 sine

266 2841 309 2869 ’³1
325 2841 420 2870 Thess.
434 2850 459 2874 v,
472 2841 511 2868 19η

1077 926 1291 961 ἢπεριπιιτεῖν⁸
1319 925 1406 956 οὕτως
1429 925 1528 960 ἐπίσης
1560 924 1701 958 ἀδύνατον,
1727 925 1792 952 ἄνευ
1814 926 1862 953 τοῦ

1076 972 1144 999 Θεοῦ
1157 972 1262 1006 καὶτῆς
1274 971 1378 998 ἐκεῖθεν
1388 971 1530 1006 διδομένης
1542 970 1692 1006 ἐνεργείας,
1703 971 1863 1007 μυστηρίων

1077 1017 1240 1052 κοινωνῆσαι
1253 1016 1344 1049 θείων,
1362 1016 1408 1043 καὶ
1425 1015 1524 1042 εἰδέναι
1548 1014 1616 1042 Θεοῦ
1641 1015 1748 1049 σοφίαν,
1763 1015 1780 1050 ἢ
1791 1016 1863 1043 κατὰ

1076 1061 1190 1097 Πνεῦμα
1217 1061 1352 1088 πλουτεῖν.
1376 1061 1410 1087 οι
1426 1061 1475 1096 μὲν
1499 1060 1553 1096 γὰρ
1567 1060 1644 1094 σοφοὶ
1655 1060 1711 1086 τῶν
1729 1060 1864 1096 Ἐλλήνων

1076 1108 1105 1134 ἐν
1117 1107 1206 1142 λόγοις
1220 1107 1380 1138 ἀσκοῦνται,
1396 1108 1445 1134 καὶ
1466 1106 1534 1142 πρὸς
1551 1106 1719 1141 λογομαχίας
1733 1106 1863 1141 ὲκθῦμως

1075 1153 1248 1188 ὴσχόληνται.
1264 1154 1296 1180 οι
1313 1154 1342 1180 δὲ
1363 1152 1410 1179 τοῦ
1422 1152 1490 1178 Θεοῦ
1513 1151 1613 1184 δοῦλοι,
1636 1152 1688 1179 κᾶν
1703 1151 1863 1188 ἀνομίλητοι

1075 1198 1163 1233 λόγων
1178 1195 1245 1225 ὦσιν
1258 1218 1266 1231 ,
1282 1198 1340 1225 ἀλλ’
1367 1196 1413 1224 οὖν
1430 1197 1491 1233 θείᾳ
1504 1197 1604 1232 γνώσει
1619 1198 1666 1225 καὶ
1682 1197 1752 1225 Θεοῦ
1768 1198 1863 1234 χάριτι

1076 1243 1297 1279 καταρτίζονται.

1109 1334 1168 1370 ις’.
1188 1335 1322 1370 Πεῑθομαι
1333 1334 1431 1369 λέγων.
1448 1335 1542 1371 φησὶν,
1559 1335 1600 1362 ὅτι
1613 1337 1662 1362 καὶ
1678 1335 1771 1368 αὐτοῖς
1786 1336 1862 1363 ὲκεί-

1075 1390 1130 1413 νοις
1144 1382 1201 1413 τοῖς
1214 1380 1372 1412 ἀποστόλοις
1386 1380 1434 1407 τοῦ
1448 1380 1552 1415 ἀγαθοῦ
1561 1381 1742 1417 Παρακλήτου
1752 1382 1863 1417 πεπλη-

1075 1426 1222 1462 ρωμένοις,
1249 1426 1384 1461 οὐμενοῦν
1407 1426 1538 1463 καθαρῶς
1563 1427 1682 1462 ὖπῆρχιΙ
1712 1428 1863 1464 φροντίδων

1073 1473 1209 1500 ἀνεῖσθαι*
1223 1472 1293 1499 ἀλλὰ
1305 1473 1374 1507 πρὸς
1385 1474 1418 1508 τῇ
1427 1473 1586 1507 ἀγαλλιάσει
1598 1474 1645 1499 καὶ
1658 1473 1769 1509 ἀρρήτῳ
1777 1475 1862 1510 χαρᾷ,

1075 1517 1124 1544 καὶ
1139 1517 1221 1552 φόϐος
1236 1525 1279 1549 τις
1295 1517 1389 1544 εἵπετο
1410 1516 1441 1549 ἐξ
1456 1517 1541 1552 αὐτῆς
1556 1517 1642 1552 δήπου
1666 1518 1716 1552 τῆς
1739 1518 1862 1553 χάριτος,

1036 1550 1056 1578 c
1075 1561 1135 1597 οὐχὶ
1145 1550 1196 1588 τοῦ
1209 1562 1259 1596 τῆς
1274 1561 1374 1593 κακίας
1391 1561 1490 1597 μέρους
1509 1550 1619 1596 ἔχοντας
1634 1550 1862 1596 ἀφορμάςίΔύτὴ

1073 1607 1130 1641 γὰρ
1141 1607 1158 1642 ὴ
1175 1606 1254 1641 χάρις
1276 1607 1305 1633 ὲν
1319 1606 1437 1640 ἀσφαλεῖ
1447 1606 1482 1633 τά
1497 1605 1609 1632 ἐκείνων
1623 1606 1708 1632 ὲτίθει
1729 1605 1777 1633 τοῦ
1793 1606 1862 1640 μηδὲ

1074 1651 1142 1687 πρὸς
1152 1651 1250 1688 μικρὸν
1267 1652 1384 1686 ἐκϐῆναι
1399 1652 1446 1678 τοῦ
1462 1651 1552 1683 καλῶς
1563 1651 1681 1686 ἔχοντος.
1698 1652 1753 1679 Καὶ
1767 1651 1862 1687 ὥσπερ

1072 1706 1099 1724 τι
1113 1698 1220 1724 παιδίον
1233 1698 1320 1733 μικρᾷ
1331 1697 1428 1733 ψηφίδι
1442 1698 1533 1733 τεῖχος
1548 1697 1681 1732 βεὸληκδς
1701 1697 1776 1724 οὐδὲν
1793 1697 1863 1733 ἠνυ-

1074 1751 1131 1774 σεν,
1149 1743 1165 1778 ἢ
1183 1742 1220 1775 ὥς
1236 1752 1262 1770 τι
1281 1743 1357 1778 βέλος
1371 1743 1484 1775 ἀσθενὲς
1500 1743 1615 1779 θώρακα
1632 1743 1742 1778 ἰσχυρὸν
1762 1743 1864 1778 ἥκιστα

1075 1790 1109 1816 ἂν
1133 1788 1233 1826 βλάψῃ,
1267 1788 1340 1816 οὓτω
1371 1789 1404 1825 δὴ
1432 1790 1479 1817 καὶ
1520 1790 1605 1826 μέρος
1639 1798 1665 1816 τι
1690 1789 1740 1824 τῆς
1761 1789 1863 1821 κακίας

1074 1834 1244 1870 προσϐάλλον
1268 1835 1360 1867 αὐτοῖς
1377 1835 1518 1871 ἄπρακτόν
1533 1844 1562 1861 τε
1589 1835 1638 1862 καὶ
1655 1835 1770 1871 μάταιον
1785 1836 1861 1870 ἀπη-

1074 1880 1187 1915 λέγχετο
1199 1889 1206 1897 ·
1219 1880 1268 1908 ἅτε
1280 1882 1315 1917 τῇ
1328 1880 1375 1907 τοῦ
1389 1880 1507 1916 Χριστοῦ
1522 1881 1636 1916 δυνάμει
1650 1880 1742 1912 καλῶς
1759 1880 1864 1916 φραξα-

1075 1926 1177 1961 μένοις.
1194 1926 1267 1961 Πλὴν
1281 1926 1351 1953 ἀλλὰ
1363 1927 1411 1953 καὶ
1427 1926 1539 1959 τελείοις
1554 1925 1658 1962 οὖσινή
1673 1925 1720 1953 τοῦ
1736 1926 1864 1959 αὐτεξου-

1076 1972 1134 1999 σίου
1151 1972 1293 2007 ἐλευθερία
1315 1972 1418 2008 παρῆν,
1447 1972 1495 1999 καὶ
1520 1972 1569 2007 οὐχ
1588 1971 1627 2004 ὦς
1650 1980 1723 2005 τινες
1742 1972 1864 2006 ἀνοήτως

1075 2018 1170 2052 φασὶν,
1187 2017 1229 2044 δτι
1244 2018 1313 2052 μετὰ
1335 2018 1417 2053 χάριν
1431 2018 1462 2044 τὸ
1485 2017 1540 2044 ἀπὸ
1555 2017 1632 2044 τοῦδε
1653 2017 1800 2053 φροντίδων
1814 2017 1863 2044 λύ-

1075 2072 1117 2096 σις
1125 2064 1174 2091 καὶ
1188 2063 1292 2096 ἄνεσις.
1307 2065 1389 2099 Ζητεῖ
1401 2064 1457 2099 γὰρ
1471 2063 1595 2100 όΚύριος
1611 2065 1663 2090 κάν
1677 2064 1734 2095 τοῖς
1746 2063 1863 2095 τελείοις

1073 2110 1104 2137 τὸ
1121 2110 1228 2146 θέλημα
1243 2110 1293 2144 τῆς
1309 2109 1399 2145 ψυχῆς
1413 2110 1453 2141 εἰς
1469 2109 1609 2136 διακονίαν
1628 2107 1676 2136 τοῦ
1692 2108 1864 2143 Πνεύματος,

1074 2155 1112 2188 ὡς
1129 2155 1267 2191 συμϐῆναι
1282 2155 1370 2182 ταῦτα
1388 2155 1524 2190 ἀλλήλοις.
1548 2154 1631 2188 Λέγει
1661 2154 1716 2190 γὰρ
1732 2154 1747 2181 ὁ
1783 2155 1864 2181 ’Λπό-

1076 2201 1168 2233 στολος
1180 2208 1188 2216 '
1199 2201 1233 2229 Τὸ
1247 2201 1368 2235 Πνεῦμα
1377 2200 1420 2236 μὴ
1440 2200 1596 2228 σϐέννυτε.

1111 2249 1161 2276 IZ'.
1178 2247 1215 2274 Τδ
1229 2248 1278 2283 μὲν
1291 2247 1368 2282 ἁπλῷ
1381 2247 1453 2282 λόγῳ
1470 2246 1647 2282 παραδιδόναι
1662 2245 1698 2273 τὰ
1712 2245 1863 2282 πράγματα

1075 2293 1220 2330 πρόχειρόν
1231 2302 1258 2320 τι
1275 2293 1323 2320 καὶ
1333 2293 1459 2325 εὐπετές.
1481 2293 1588 2328 Ῥᾴδιον
1604 2292 1660 2328 γὰρ
1672 2292 1711 2327 τῷ
1722 2292 1804 2319 παντὶ
1816 2291 1864 2318 λέ-

1074 2348 1134 2374 γειν
1144 2339 1190 2366 τδν
1206 2339 1288 2375 ἄρτον
1304 2338 1409 2371 τοῦτον,
1424 2338 1623 2373 ὗποδείγματος
1630 2338 1659 2365 δὲ
1671 2338 1745 2373 λόγῳ
1761 2337 1862 2373 φαμὲν,

1074 2385 1128 2413 ἀπὺ
1144 2385 1218 2412 σίτου
1231 2384 1395 2421 γεγενῆσθαι
1409 2392 1416 2399 ·
1434 2383 1484 2419 τὴν
1508 2383 1611 2420 μέντοι,
1626 2384 1697 2411 κατὰ
1713 2383 1796 2419 μέρος
1811 2383 1864 2410 αὺ-

1074 2431 1121 2458 τοῦ
1144 2430 1318 2465 κατασκευὴν
1342 2429 1479 2462 ικοέσθαι,
1502 2429 1532 2456 οὺ
1550 2429 1599 2456 τοῦ
1613 2429 1721 2463 ,παντὸς
1742 2429 1862 2463 γνῶναιο

1073 2476 1142 2504 ἀλλὰ
1156 2477 1246 2512 μόνων
1260 2477 1320 2503 ἐστὶ
1335 2475 1390 2503 τῶν
1406 2475 1631 2510 πεπειραμένων.
1645 2474 1724 2502 Οὕτω
1736 2473 1803 2508 γοῦν
1815 2474 1864 2501 καὶ

1072 2523 1103 2550 τὸ
1120 2522 1170 2558 μὲν
1186 2522 1278 2554 ἁπλῶς
1291 2522 1356 2558 περὶ
1377 2521 1513 2553 ἀπαθείας
1534 2521 1628 2555 λέγειν
1652 2529 1681 2547 τε
1699 2520 1746 2547 καὶ
1760 2520 1863 2546 τελειό-

1073 2577 1153 2605 τητος
1165 2568 1278 2601 εὐπετές
1291 2577 1321 2595 τε
1333 2568 1380 2594 καὶ
1393 2567 1519 2603 εὐχερές·
1531 2567 1562 2594 τὸ
1571 2567 1599 2593 δὲ
1616 2567 1699 2603 πείρᾳ
1707 2566 1737 2593 τδ
1747 2567 1864 2602 πρᾶγμα

1074 2613 1254 2650 παραλαϐεῖν,
1272 2613 1351 2641 τοῦτό
1370 2613 1430 2639 ἔστι
1449 2612 1488 2648 τῷ
1504 2612 1578 2648 ἔργῳ
1591 2612 1639 2639 καὶ
1651 2611 1765 2647 ἀληθείᾳ
1779 2619 1865 2638 κατα-

1074 2660 1168 2687 λαϐεῖν
1185 2660 1224 2692 είς
1240 2660 1290 2696 τὴν
1304 2659 1477 2695 κατασκευὴν
1491 2659 1540 2695 τῆς
1553 2658 1733 2693 τελειότητος.

1110 2737 1164 2763 lll'.
1190 2736 1269 2763 'ant
1286 2735 1382 2771 λόγους
1397 2734 1601 2770 πνευματικοὺς
1623 2731 1744 2767 γεύσεώς
1766 2741 1795 2759 τε
1815 2732 1863 2760 καὶ
