2075 3155
212 183 265 216 905

725 189 842 220 LIBER
862 190 910 220 υΕ
930 190 1169 223 ELEVATIONE
1187 194 1340 225 MENTIS.

1785 195 1837 227 906

210 241 310 286 πείρας
336 241 416 274 ὲκτδς
443 243 619 278 φθέγγονται,
645 243 759 276 τούτους
778 246 896 273 ἑοικέναι
922 249 993 283 φημὶ

1053 254 1124 281 :ustu
1142 253 1171 278 et
1189 251 1359 285 experientia
1391 251 1544 286 disputant,
1567 258 1614 278 eos
1641 250 1685 278 aio
1703 257 1754 286 ego
1776 259 1838 279 esse

209 285 346 321 ἀνθρώπῳ
361 286 457 321 θέρους
467 286 526 323 ὥρᾳ
549 288 724 324 μεσημϐρίας
740 289 871 325 ἀκριϐοῦς
885 292 998 328 ισταμέ-

211 340 261 366 νης
277 331 368 358 πεδίον
383 331 486 367 ἔρημόν
502 341 529 359 τι
542 333 590 360 καὶ
604 334 718 370 ἄνυδρον
742 334 860 363 διιόντι·
872 335 933 366 εἶτα
946 338 998 366 ὑπὸ

213 377 315 411 πολλῆς
342 377 388 403 καὶ
415 377 569 412 φλογώδους
583 379 634 414 τῆς
650 379 732 415 δίψης
756 381 827 408 κατά
841 382 904 409 νοῦν
920 384 997 419 αὐτῷ

211 423 398 458 ὑπογράφοντι
413 424 505 459 πηγήν
515 433 576 451 τινα
591 424 700 461 ψυχρὰν
713 426 798 461 ἐγγὺς
811 427 896 455 οὖσαν
910 429 996 463 γλυκύ

211 477 241 495 τε
271 469 318 496 καὶ
341 468 438 501 διειδὲς
464 469 536 506 ὕδωρ
560 470 685 506 ἔχουσαν,
711 472 760 499 κα)⁸
782 473 865 501 αὑτοῦ
892 475 999 509 οὐδενὸς

213 514 351 549 εἴργοντος
363 514 522 542 ἀπολαύοντι
543 517 614 543 κατά
630 517 711 553 κόρον
721 525 729 533 ·
741 519 757 555 ῆ
772 519 909 556 ἀνθρώπῳ
922 521 998 556 μέλι-

211 569 257 592 τος
276 560 324 596 μὲν
339 561 399 588 οὐδὲ
415 560 501 597 βραχὺ
511 563 682 599 γευσαμένῳ,
694 564 799 599 ἑτέροις
811 566 841 592 δὲ
852 567 926 599 ὅπως
940 567 998 603 ἔχει

212 606 381 642 γλυκύτητος
410 608 576 644 πειρωμένῳ
606 608 757 643 διασαφεῖν.
785 611 907 638 Τοιοῦτοι
942 613 998 649 γὰρ

213 652 331 687 ἀληθῶς,
346 653 404 679 ὅσοι
417 653 454 689 μὴ
480 653 554 689 ἔργῳ
571 654 621 681 καὶ
650 654 823 691 πληροφορίᾳ
845 658 877 692 τῇ
894 658 998 685 ἑαυτῶν

212 697 246 722 τὰ
269 697 333 732 περὶ
347 697 515 733 τελειότητός
529 708 560 726 τε
576 700 624 726 καὶ
649 701 787 736 ἀγιασμοῡ
804 702 851 728 καὶ
862 703 998 736 ἀπαθείας

214 742 419 778 παραλαϐόντες
446 745 549 780 ἑτέροις
567 746 738 782 εἰσηγεῖσθαι
763 747 921 782 βούλονται·
949 750 997 777 καὶ

213 789 269 824 γὰρ
285 790 309 816 ει
323 789 378 826 δῴη
395 789 461 821 Θεδς
477 790 577 826 μικράν
591 799 652 818 τινα
668 792 723 819 τῶν
735 793 801 828 παρ’
814 794 905 820 αὐτῶν
918 795 998 830 λεγο-

215 836 303 870 μένων
322 836 414 862 λαϐεῖν
433 836 572 872 αἴσθησιν,
599 837 719 865 εἴσονται
747 839 866 873 πάντως,
891 840 932 867 ὄτι
960 842 997 878 μὴ

213 881 285 908 κατά
298 881 348 916 τὴν
366 882 478 909 ἐκείνων
495 883 648 918 εἰσήγησιν,
664 883 732 910 ἀλλὰ
747 884 837 921 πολλῷ
849 885 888 921 τῷ
903 886 997 921 διαφέ-

1049 295 1155 323 similes
1174 295 1295 329 homini,
1311 304 1361 332 per
1381 301 1517 330 aestatem,
1534 296 1650 324 meridie
1669 296 1838 324 calidissimo

1048 340 1208 372 exsistente,
1220 349 1269 376 per
1279 349 1405 377 campum
1420 341 1560 369 desertum
1572 341 1736 376 aridumque
1748 345 1838 369 trans-

1048 386 1143 418 eunti,
1166 390 1249 422 atque
1271 387 1298 414 in
1315 387 1376 419 siti,
1398 395 1452 422 qua
1474 387 1559 415 multa
1580 392 1609 415 et
1628 386 1842 422 ﬂagrantissima

1049 437 1209 467 torquetur,
1233 433 1325 460 animo
1356 433 1410 461 sibi
1438 433 1542 461 fontem
1572 434 1686 469 fingenti
1718 433 1837 469 gelidum

1049 478 1175 512 proxime
1199 477 1329 506 ﬂuentem
1355 486 1453 514 aquam
1477 479 1585 507 dulcem
1609 484 1637 507 et
1660 479 1837 507 cristallinam

1050 523 1206 556 habentem,
1221 529 1249 552 et
1261 532 1293 552 ea
1307 532 1348 557 se,
1361 524 1395 552 ad
1410 524 1563 552 satietatem
1575 532 1673 559 usque,
1685 525 1762 552 nullo
1775 532 1840 560 pro.

1049 569 1271 605 hibente,prolui
1286 578 1293 596 :
1309 573 1357 597 aut
1373 569 1477 597 homini
1491 569 1548 605 qui,
1575 577 1637 597 cum
1655 570 1709 597 mel
1726 570 1839 597 omnino

1048 623 1189 650 nunquam
1210 616 1336 651 gustarit,
1370 620 1462 643 tamen
1482 615 1544 643 aliis
1562 615 1704 643 declarare
1724 620 1840 654 conatur

1049 666 1152 697 quanta
1173 661 1209 689 sit
1225 662 1285 697 ejus
1307 662 1438 689 suavitas.
1453 661 1533 689 Tales
1551 660 1674 696 profecto
1694 665 1759 688 sunt
1776 660 1839 695 qui-

1049 715 1158 742 cunque
1173 714 1203 734 re
1219 707 1278 742 ipsa
1297 711 1326 735 et
1341 707 1439 735 intimo
1460 707 1488 735 in
1510 715 1539 734 sc
1561 706 1628 742 ipsis
1647 706 1838 741 experimento

1048 760 1158 785 eorum,
1174 759 1236 787 quae
1256 752 1290 780 ad
1313 752 1510 788 perfectionem
1521 772 1528 784 ,
1544 751 1791 780 sanctiﬁcationem
1810 754 1839 778 et

1049 798 1288 832 perturbationum
1314 798 1491 826 abolitionem
1516 799 1671 834 pertinent,
1693 805 1747 824 non
1773 801 1837 824 ante

1049 842 1207 877 praeparati,
1223 843 1291 870 alios
1312 843 1346 870 de
1368 843 1412 870 bis
1431 843 1531 871 docere
1552 842 1712 870 disserendo
1732 842 1839 869 volunt.

1050 888 1160 916 Etenim
1173 890 1196 917 si
1211 889 1318 917 dederit
1329 889 1373 917 bis
1384 890 1468 922 Deus,
1479 893 1510 917 ut
1520 889 1564 917 vel
1576 888 1705 924 exiguum
1720 888 1839 922 aliquem

216 935 288 963 ροντι
306 927 340 954 τὰ
360 927 413 962 τῆς
432 927 561 962 ἀληθείας
581 926 638 964 εῐχε
662 929 710 956 καὶ
731 930 784 957 τῶν
813 931 995 967 πραγμάτων.

1053 934 1166 967 horum,
1185 942 1247 969 qua:
1269 935 1407 970 inexperti
1430 921 1593 970 praedicant,
1612 921 1723 963 sensum
1747 921 1838 968 perci-

251 973 299 1000 ΙΘ’.
316 973 354 1000 Τὸ
371 974 421 1010 μὲν
432 973 611 1008 Εὐαγγέλιον,
629 975 721 1009 φησὶν,
731 975 924 1010 ἀποφαντικῶς
937 977 997 1005 δια-

212 1019 353 1047 κελεύεται
364 1020 452 1047 πάντα
469 1020 622 1055 ἄνθρωπον,
633 1021 692 1047 τόδε
707 1021 744 1056 μὴ
759 1023 856 1055 ποιεῖν,
872 1022 996 1058 ῆποιεῖν,

213 1064 282 1091 ὥστε
301 1065 377 1100 φίλον
393 1065 520 1099 γενέσθαι
536 1066 575 1102 τῷ
590 1066 775 1103 φιλανθρώπῳ
797 1068 926 1095 Βασιλεῖ·
947 1069 997 1104 Μὴ

213 1110 356 1146 ὀργισθῇς
371 1111 435 1146 γὰρ,
453 1111 530 1147 φησὶ,
541 1112 584 1146 μὴ
610 1112 797 1147 ἐπιθυμήσῃς
811 1121 818 1129 ’
831 1113 886 1140 ἐάν
901 1115 947 1148 τίς
961 1123 998 1142 σε

211 1156 326 1190 ραπίσῃ
346 1157 388 1188 εις
410 1155 467 1190 τὴν
485 1156 590 1188 δεξιὰν
611 1157 749 1192 σιαγόνα,
767 1157 902 1193 στρέψον
918 1159 999 1192 αὐτῷ

213 1201 262 1229 καί
278 1202 455 1236 τὴνᾶλλην.
481 1202 510 1229 '0
521 1203 550 1230 δὲ
573 1203 735 1236 Ἀπόστολος
757 1204 828 1231 κατά
849 1205 917 1232 πόδα
945 1206 998 1233 τῶν

213 1249 388 1285 τεταγμένων
403 1249 500 1282 ἐλθὼν,
521 1251 569 1277 καὶ
583 1250 658 1281 ὅπως
675 1250 728 1286 χρὴ
746 1251 818 1278 κατά
840 1253 937 1287 μικρὸν
953 1261 994 1286 γε-

214 1295 306 1322 νέσθαι
321 1295 351 1321 τδ
366 1296 415 1331 τῆς
434 1295 594 1330 καθάρσεως
611 1295 701 1330 ἔργον,
725 1296 767 1323 ὅτι
784 1296 844 1331 μεθ’
859 1296 998 1332 ὑπομονῆς

213 1340 262 1367 καὶ
279 1340 482 1376 μακροθυμίας,
497 1340 664 1368 ὲκπαιδεύει.
676 1341 788 1377 Πρῶτον
803 1341 852 1376 μὲν
864 1342 998 1375 γαλακτο-

213 1386 320 1422 τροφῶν
331 1386 371 1418 ὡς
386 1386 499 1422 νηπίους
517 1394 524 1403 ·
546 1384 606 1413 εἶτα
627 1387 720 1422 φέρων
732 1387 773 1418 εἰς
789 1387 903 1423 αὔξησιν
915 1396 923 1403 ·
953 1389 999 1415 καὶ

213 1431 291 1465 αὖθις
305 1434 346 1464 εἰς
362 1432 518 1468 τελειότητα
530 1440 537 1448 ·
549 1429 615 1465 οἷον,
632 1432 669 1464 ὡς
685 1433 714 1459 ἐν
727 1433 930 1469 παραδείγματι
945 1434 998 1468 φά-

213 1487 268 1512 ναι,
283 1479 312 1506 τδ
329 1479 378 1515 μὲν
395 1479 561 1512 Εὐαγγέλιον
575 1479 688 1511 τέλειος,
699 1479 729 1512 ἐξ
742 1479 826 1515 ἐρίου,
840 1478 912 1513 εἶπε,
924 1481 998 1515 γινέ-

215 1525 271 1551 σθω
286 1524 368 1561 χιτών
384 1533 392 1541 ο
408 1526 422 1552 ό
435 1525 464 1551 δὲ
483 1524 655 1556 Ἀπόστολος,
673 1525 722 1552 καὶ
735 1524 793 1557 πῶς
810 1525 850 1552 δεῖ
863 1525 999 1559 ξαίνεσθαι

215 1570 305 1602 τοῦτο,
323 1570 484 1605 ὖφαίνεσθαί
494 1579 523 1597 τε
537 1570 584 1597 καὶ
599 1570 907 1603 κατασκευάζεσθαιτὸν
916 1572 998 1608 χιτῶ-

217 1625 249 1643 να
261 1616 351 1648 καλῶς
365 1616 542 1650 διεσάφησεν.

1050 979 1142 1014 piant,
1162 984 1228 1007 tunc
1243 979 1354 1008 demum
1372 980 1445 1007 clare
1462 980 1630 1015 intelligent.
1646 978 1791 1006 veritatem
1812 981 1842 1005 et

1051 1025 1124 1059 ipsas
1144 1032 1188 1052 res
1207 1032 1263 1052 non
1282 1025 1434 1052 secundum
1453 1032 1550 1053 eorum
1565 1024 1775 1059 expositionem,
1792 1023 1841 1050 sed

1050 1071 1137 1098 multo
1151 1070 1230 1098 aliter
1244 1078 1304 1098 sese
1317 1070 1430 1098 habere.

1086 1116 1158 1143 XIX.
1174 1116 1353 1151 Evangelium
1374 1117 1486 1151 quidem
1504 1116 1608 1144 diserte
1627 1115 1751 1151 praecipit
1765 1114 1841 1142 omni

1049 1161 1172 1194 homini,
1187 1161 1240 1189 hoc
1253 1169 1308 1188 non
1321 1168 1417 1197 agere,
1432 1162 1485 1189 hoc
1499 1169 1593 1197 agere,
1616 1161 1639 1188 si
1654 1161 1721 1188 velit
1735 1160 1841 1188 amicus

1049 1208 1109 1236 fieri
1123 1209 1374 1237 amantishomines
1386 1209 1478 1245 Regis.
1489 1209 1535 1236 Ait
1545 1209 1617 1237 enim
1634 1217 1641 1235 :
1653 1208 1693 1235 Ne
1704 1207 1840 1241 irascaris,

1050 1262 1082 1282 ne
1099 1255 1267 1290 concupiscas
1288 1262 1298 1282 :
1318 1255 1341 1282 si
1360 1256 1418 1290 quis
1439 1259 1464 1281 te
1484 1255 1640 1290 percusserit
1659 1254 1686 1281 in
1706 1253 1841 1280 dexteram

1050 1300 1200 1332 maxillam,
1215 1300 1301 1336 prwbe
1311 1300 1352 1328 illi
1368 1305 1392 1327 et
1406 1300 1520 1327 alteram
1527 1300 1560 1327 ".
1573 1300 1609 1327 At
1623 1298 1770 1335 Apostolus
1782 1298 1840 1326 dis-

1050 1346 1134 1373 tincte
1155 1353 1187 1373 ac
1205 1345 1360 1373 minutatim
1379 1353 1532 1380 exsequens
1548 1349 1641 1380 partes
1659 1344 1780 1379 singulas
1795 1351 1839 1372 re-

1050 1399 1112 1418 rum
1126 1396 1335 1426 praeceptarum,
1347 1399 1400 1426 qua
1416 1391 1517 1418 sensim
1533 1390 1639 1417 ratione
1654 1389 1840 1417 administrari

1051 1440 1178 1472 oporteat
1193 1436 1365 1472 purgationis
1381 1444 1465 1471 opus,
1481 1443 1544 1463 cum
1559 1436 1693 1471 patientia
1710 1435 1840 1463 nimirum

1053 1482 1133 1517 196
1157 1486 1185 1509 et
1207 1482 1429 1517 longanimitate,
1451 1481 1559 1509 edocet.
1583 1482 1704 1509 Primum
1730 1481 1841 1516 quidem

1051 1528 1122 1555 lacte
1141 1535 1272 1563 pascens,
1291 1532 1320 1555 ut
1341 1527 1477 1560 infantes;
1502 1527 1603 1555 deinde
1627 1534 1792 1562 promovens
1815 1527 1843 1554 in

1052 1578 1242 1609 augmentum,
1255 1578 1396 1609 postremo
1411 1573 1445 1601 ad
1462 1573 1658 1609 perfectionem
1677 1572 1842 1608 perducens.

1052 1618 1142 1654 Atque
1156 1623 1187 1646 ut
1200 1619 1228 1646 in
1241 1619 1367 1655 exemplo
1381 1628 1439 1648 rem
1454 1626 1625 1654 exponamus
1641 1628 1648 1646 :
1665 1618 1842 1654 Evangelium

216 1662 327 1697 quidem
350 1662 498 1697 perfectam
515 1670 548 1690 ex
579 1662 640 1690 lana
667 1661 792 1690 exhiberi
823 1662 944 1689 tunicam
962 1664 1088 1698 mandat;
1102 1665 1250 1700 Apostolus
1275 1670 1367 1694 autem
1394 1665 1523 1694 distincte
1540 1665 1652 1700 insuper
1676 1664 1774 1696 tradit,
1790 1671 1845 1699 qua

215 1709 345 1737 methodo
368 1708 532 1744 pectendum
563 1708 611 1741 sit,
643 1716 698 1744 qua
721 1709 786 1736 inde
812 1709 946 1737 texendus
967 1714 1028 1738 arte
1054 1719 1180 1746 pannus,
1208 1718 1237 1741 et
1260 1712 1400 1748 quomodo
1427 1713 1457 1740 in
1481 1713 1603 1740 tunicam
1627 1712 1651 1740 is
1676 1712 1712 1740 sit
1733 1718 1845 1747 praepa-

216 1757 328 1784 randus.

253 1802 294 1830 ις’.
308 1802 368 1829 Εἰσί
387 1811 461 1834 τινες
486 1803 615 1838 πορνείας
633 1803 683 1838 μὲν
693 1803 742 1837 τῆς
759 1802 937 1838 φαινομένης,
955 1803 1003 1829 καὶ

218 1850 331 1885 κλοπῆς,
343 1849 390 1877 καὶ
405 1849 572 1883 πλεονεξίας,
592 1850 639 1876 καὶ
653 1849 708 1877 τῶν
717 1849 818 1884 ὁμοίων
838 1849 1003 1884 ἀπεχόμενοι

219 1898 374 1934 μοχθηρῶν·
388 1898 436 1925 καὶ
451 1897 521 1925 κατά
535 1897 614 1924 τοῦτο
628 1898 741 1929 ἑαυτοὺς
757 1897 931 1932 ὲκκρίνοντες
945 1898 1002 1928 τοῖς

217 1944 323 1979 ἁγίοις·
344 1943 443 1970 πολλοῦ
468 1944 496 1970 δὲ
515 1943 607 1970 δέουσι
619 1943 674 1970 τῶν
687 1943 859 1979 πραγμάτων
881 1943 1003 1977 γίνεσθαι

218 1991 266 2018 καὶ
287 1991 335 2026 τῆς
361 1990 500 2026 ἀληθείας.
523 1991 652 2025 Οἰκουρεῖ
668 1990 722 2026 γὰρ
744 1991 774 2017 ὲν
790 1989 830 2025 τῷ
847 1990 886 2025 νῷ
900 1990 1003 2017 τούτων

218 2039 235 2075 ἡ
251 2038 336 2066 κακία
349 2037 490 2069 πολλάκις,
506 2038 539 2073 ζῇ
556 2046 587 2064 τε
604 2037 652 2063 καὶ
675 2037 764 2072 ἕρπει,
779 2036 827 2063 καὶ
842 2036 922 2063 οὔπω
938 2037 1004 2063 ἀποα

218 2084 335 2111 λιποῦσα
354 2083 466 2116 τούτους
478 2083 573 2120 ᾤχετο.
593 2083 689 2117 Ἄγιος
705 2083 735 2109 δέ
748 2083 822 2109 ἐστιν
836 2083 849 2109 ό
864 2082 1005 2117 ἀγιασθεὶς

218 2131 265 2158 καὶ
287 2131 334 2157 τὸν
357 2130 411 2157 ἔσω
428 2129 520 2157 τέλεον
547 2129 742 2165 διακαθαρθεὶς
766 2127 932 2164 ἄνθρωπον
957 2128 1007 2156 καὶ

218 2177 273 2212 γάρ
288 2185 329 2208 τις
350 2176 405 2202 τῶν
431 2175 553 2210 ἀδελφῶν
572 2175 696 2210 ἀδελφοῖς
727 2183 782 2202 τισι
813 2174 1007 2210 συνευχόμενος

1088 1802 1148 1830 XX.
1167 1802 1238 1830 Sunt
1256 1802 1368 1837 quidam
1388 1810 1404 1829 a
1424 1801 1606 1830 fornicatione
1627 1803 1739 1837 quidem
1760 1811 1845 1838 appa-

1054 1852 1142 1879 rente,
1157 1855 1172 1874 a
1187 1847 1272 1878 furto,
1285 1846 1320 1873 ab
1335 1846 1451 1874 avaritia
1465 1847 1658 1882 similibusque
1674 1847 1846 1876 abstinentes

1054 1892 1176 1924 delictis;
1191 1899 1223 1919 ac
1237 1896 1382 1927 propterea
1397 1899 1426 1919 se
1441 1891 1516 1927 ipsos
1531 1897 1708 1920 accensenles
1726 1893 1845 1926 sanctis;

1054 1945 1069 1964 a
1089 1937 1167 1971 cujus
1187 1940 1279 1963 tamen
1293 1937 1409 1964 veritate
1428 1936 1622 1970 appellationis
1643 1936 1724 1971 longo
1746 1936 1847 1964 absunt

1058 1982 1214 2009 intervallo.
1228 1981 1339 2009 Habitat
1350 1982 1424 2008 enim
1440 1981 1468 2008 in
1481 1985 1574 2008 mente
1588 1988 1620 2008 ac
1634 1981 1762 2009 Sensibus
1774 1981 1848 2016 ipso-

1057 2035 1119 2055 rum
1134 2027 1239 2054 malitia
1253 2034 1341 2062 saepe;
1356 2027 1426 2054 vivit
1439 2030 1467 2054 et
1479 2027 1576 2061 serpit,
1587 2026 1704 2054 necdum
1719 2027 1754 2054 iis
1767 2027 1847 2061 plane

1058 2071 1162 2100 relictis
1174 2071 1248 2099 foras
1261 2071 1394 2106 profecta.
1407 2071 1524 2099 Sanctus
1538 2079 1621 2106 porro
1636 2071 1658 2098 is
1671 2071 1782 2099 demum
1794 2075 1846 2105 est,

1059 2119 1106 2155 qui
1124 2123 1166 2146 est
1183 2118 1369 2147 sanctiﬁcatus
1385 2123 1413 2146 et
1430 2119 1588 2146 interiorem
1606 2118 1727 2154 perfecte
1745 2126 1847 2154 purga-

1061 2173 1118 2195 tum
1139 2167 1222 2194 habet
1240 2166 1390 2194 hominem.
1405 2165 1512 2193 Etenim
1531 2165 1630 2200 aliquis
1649 2165 1777 2197 fratrum,
1793 2171 1848 2191 una

219 2209 287 2259 προς
314 2223 363 2258 τῆς
387 2222 462 2254 θείας
503 2209 733 2257 εξῃχμαλωτίσθη
773 2221 933 2255 δυνάμεως,
961 2221 1001 2247 κα¹

1060 2213 1142 2240 simul
1164 2220 1226 2240 cum
1247 2212 1308 2239 aliis
1329 2211 1493 2247 quibusdam
1509 2210 1639 2238 fratribus
1656 2218 1739 2237 orans
1755 2209 1848 2236 divina

219 2269 354 2304 ὰρπαγεὶς
383 2267 436 2295 εἶδε
465 2268 513 2304 τὴν
540 2268 596 2296 ἀνω
625 2267 702 2294 πόλιν
737 2266 932 2303 Ἰερουσαλὴμ,
959 2265 1007 2293 καὶ

219 2315 269 2348 τὰς
285 2316 345 2342 ὲκεῖ
367 2314 502 2350 φωτεινὰς
532 2315 631 2346 οἰκίας,
656 2314 705 2341 καὶ
733 2313 792 2349 φῶς
820 2313 934 2348 ἄπειρον
959 2312 1007 2339 καὶ

219 2362 385 2398 ἀπόρρητον.
411 2361 532 2387 Ἦκουσέ
557 2369 587 2387 τε
615 2360 707 2395 φωνῆς
740 2358 884 2394 λεγούσης,
913 2357 1007 2384 τοῦτον

221 2406 292 2435 εἶναι
303 2409 348 2434 τὸν
359 2407 441 2434 τόπον
458 2407 508 2441 τῆς
530 2406 584 2433 τῶν
600 2406 713 2433 δικαίων
727 2404 923 2435 ἀναπαύσεωςο
948 2401 1008 2429 εἶτα

221 2453 369 2488 φυσιωθεὶς
387 2453 433 2480 καὶ
456 2453 562 2488 μεγάλα
588 2452 652 2487 περὶ
675 2451 772 2479 ἑαυτοῦ
798 2450 900 2485 οἰηθεὶς
931 2449 1010 2485 βαθεῖ

221 2500 373 2531 κατέπεσεν
384 2498 516 2535 ἁμαρτίᾳ,
533 2498 579 2525 καὶ
609 2498 716 2529 πολλοῖς
734 2497 849 2532 ὕστερον
865 2496 936 2523 ἑάλω
955 2504 1007 2522 κα-

221 2545 290 2576 κοῖς.
307 2544 337 2570 Εἰ
353 2541 399 2570 οὖν
414 2540 492 2574 οὗτος
517 2541 616 2574 οὕτως,
636 2543 693 2574 πῶς
708 2551 741 2576 γε
757 2541 797 2577 τῷ
811 2541 919 2577 τυχόντι
930 2541 1009 2568 δυνα-

220 2590 265 2617 τὸν
280 2589 427 2624 λέγειν,ιῖ›ς
446 2589 522 2616 Ἐπεὶ
538 2588 672 2624 νηστεύω,
695 2588 743 2615 καὶ
767 2587 906 2621 ξενιτεύω,
919 2586 1010 2622 ψωμί-

222 2637 260 2668 Cm
273 2645 304 2663 τε
318 2637 352 2664 τὰ
363 2637 534 2672 ὑπάρχοντα,
550 2637 597 2662 καὶ
612 2635 666 2662 ἀπὸ
676 2635 730 2661 τῶν
741 2633 895 2669 εἰρημένων
908 2633 1009 2668 ἐφυλα-

224 2682 313 2718 ξάμην
328 2683 432 2715 κακῶν,
446 2682 523 2709 οὐδέν
538 2683 598 2708 ἐστι
615 2681 646 2707 τὺ
664 2680 825 2714 λειπόμενον
843 2679 920 2713 ἅγιον
937 2678 1010 2713 κάμὲ

223 2725 291 2755 εἶναι
303 2738 311 2762 ;
325 2729 382 2756 Καὶ
393 2729 447 2764 γὰρ
460 2728 510 2763 οὐχ
526 2728 542 2763 ἡ
555 2727 610 2754 τῶν
624 2725 796 2761 φαινομένων
810 2725 904 2752 κακῶν
921 2723 1011 2759 ἀποχὴ

224 2774 362 2806 τελείωσίς
376 2776 461 2808 ἔστιν,
490 2774 585 2810 ὥσπερ
604 2773 722 2809 εἴρηται,
735 2771 792 2798 ἀλλ’
813 2771 830 2806 ἡ
855 2769 925 2797 κατὰ
946 2770 1011 2797 διά-

225 2826 299 2845 νοιαν
314 2818 458 2854 κάθαρσις,
475 2819 546 2855 αὕτη
558 2818 660 2846 τελεία.

262 2899 271 2914 ²
293 2898 387 2926 Matth.
398 2907 424 2931 ν,
435 2899 479 2927 '59.

1058 2259 1212 2294 captivatus
1227 2258 1269 2290 vi,
1283 2261 1311 2285 et
1330 2261 1440 2292 raptus,
1453 2256 1523 2283 vidit
1543 2263 1690 2291 supernam
1709 2255 1847 2282 civitatem

1056 2304 1225 2334 Jerusalem,
1242 2307 1271 2331 et
1294 2302 1416 2335 lucidas,
1433 2310 1495 2337 quae
1518 2301 1574 2328 illic
1598 2305 1675 2333 sunt,
1693 2300 1803 2332 domos,
1821 2303 1849 2326 et

1057 2350 1147 2377 lucem
1163 2349 1324 2376 immensam
1339 2354 1420 2383 atque
1434 2347 1613 2374 ineffabilem.
1628 2345 1723 2380 Audiit
1739 2351 1848 2379 quoque

1058 2403 1154 2422 vocem
1175 2394 1311 2422 dicentem
1335 2403 1342 2421 :
1363 2394 1438 2421 hunc
1457 2401 1517 2421 esse
1538 2393 1629 2420 locum
1648 2392 1787 2426 justorum
1803 2398 1849 2418 re—

1058 2441 1150 2474 quiei;
1166 2439 1395 2473 deinde,iullatus
1411 2443 1439 2467 et
1455 2447 1552 2474 magna
1568 2438 1602 2465 de
1619 2445 1648 2465 se
1665 2445 1848 2472 praesumens,

1059 2488 1086 2515 in
1104 2494 1186 2522 grave
1204 2486 1301 2514 incidit
1316 2490 1475 2521 peccatum,
1489 2490 1518 2513 et
1534 2484 1628 2512 multis
1648 2487 1850 2518 consequenter

1059 2533 1216 2568 implicatus
1238 2537 1280 2560 est
1303 2532 1392 2559 malis.
1412 2531 1441 2558 Si
1464 2539 1530 2566 ergo
1551 2530 1597 2558 hic
1620 2529 1657 2557 ita
1679 2530 1774 2564 lapsus
1796 2533 1849 2562 est,

1059 2578 1198 2614 quomodo
1218 2577 1322 2613 poterit
1337 2585 1352 2604 e
1369 2578 1451 2613 vulgo
1470 2576 1569 2611 aliquis
1587 2575 1680 2603 dicere
1698 2574 1849 2608 :Quando—

1059 2625 1172 2661 quidem
1184 2624 1290 2661 jejuno,
1305 2628 1334 2652 et
1348 2630 1463 2659 peregre
1479 2621 1558 2657 dego,
1574 2626 1602 2648 et
1617 2620 1761 2649 facultates
1776 2627 1850 2646 meas

1060 2671 1225 2706 dispertior;
1246 2675 1434 2707 praetereaque
1451 2676 1466 2696 a
1483 2675 1567 2703 supra
1585 2666 1742 2695 memoratis
1759 2670 1850 2693 custo-

1060 2718 1117 2746 divi
1131 2725 1175 2744 me
1189 2717 1281 2749 mulis,
1293 2715 1361 2743 nihil
1377 2713 1500 2750 profecto
1515 2713 1593 2740 deest
1620 2711 1769 2747 quominus
1800 2718 1850 2745 ego

1060 2771 1171 2800 quoque
1188 2766 1301 2790 sanctus
1317 2761 1385 2788 sim?
1405 2760 1513 2787 Etenim
1530 2767 1586 2786 non
1603 2758 1637 2785 ab
1655 2757 1851 2793 apparentibus

1062 2808 1141 2836 malis
1153 2806 1332 2840 abstinentia,
1344 2810 1386 2834 est
1399 2803 1543 2840 perfectio,
1559 2804 1598 2831 uti
1613 2803 1718 2832 dictum
1731 2806 1788 2836 est,
1803 2802 1849 2830 sed

1062 2854 1162 2883 utentis
1178 2852 1319 2889 purgatio,
1333 2859 1420 2887 eaque
1436 2849 1567 2885 perfecta.
