2075 3155
239 169 290 200 937

872 170 903 200 S.
922 169 1085 200 MACARII
1105 168 1268 199 lEGYPTlI

1817 167 1869 198 908

274 224 347 253 XXI.
364 224 426 252 Ha’c
441 225 488 260 qui
505 228 628 260 reputas,
639 223 796 260 ingredere,
811 224 866 257 aio,
879 232 929 260 per
943 229 1031 252 atten-

1118 224 1184 250 KA'.
1214 223 1337 256 Εἴσελθε,
1363 222 1456 257 φησὶν,
1479 221 1591 249 ὸταῦτα
1610 221 1812 257 ὑπολαμϐάνων
1826 223 1869 249 διὰ

241 279 295 302 tam
322 272 349 300 in
376 272 555 307 cogitationes
582 277 643 299 tuas
667 271 804 307 vigiliam,
824 271 935 306 penitus
961 271 1030 298 intra

240 319 374 353 captivam
391 322 464 344 tuam
482 320 510 344 et
525 324 631 344 servam
649 316 755 351 peccati
772 321 908 348 mentem;
925 320 953 343 et
968 316 1032 343 vide

240 364 317 391 illum
339 363 431 389 adhuc
452 361 522 389 infra
541 362 722 396 cogitationes
740 361 812 396 ipsas
830 361 858 388 in
875 361 954 392 imis,
971 368 1032 395 quae

240 409 380 440 dicuntur,
396 407 495 435 animai
514 407 702 442 penetralibus
723 411 776 434 tua:
796 407 965 434 nidulantem
983 414 1031 433 an-

240 462 333 489 guem,
349 453 617 488 interﬁcientemque
640 456 666 479 te
688 459 738 479 suo
759 452 913 480 inﬁciendis
927 459 1033 479 veneno

240 501 383 535 primariis
397 500 496 528 animae
512 505 566 528 tum
579 499 723 527 membris.
736 500 857 535 Abyssus
877 499 950 527 enim
969 506 1033 527 vere

243 546 432 574 incrustabilis
456 554 504 574 cor
525 551 577 574 est.
603 546 631 573 Si
659 554 724 582 ergo
752 546 825 573 hunc
850 545 990 578 occidisti,
1009 546 1033 574 si

246 597 379 626 quantum
395 596 454 619 erat
468 592 538 619 in-te
553 592 716 626 iniquitatis,
729 595 815 619 totum
827 590 994 626 expurgasti,
1006 593 1034 617 et

244 642 388 672 peccatum
410 637 527 672 eiecisti,
541 637 658 672 gloriare
675 636 703 664 in
717 637 773 664 Deo
787 636 820 664 de
840 636 969 671 puritate.
984 635 1033 662 Sin

244 683 346 716 minus,
373 683 544 716 humiliatus,
561 684 599 710 uti
619 691 722 719 egenus
740 687 768 710 et
786 687 913 718 peccator
931 681 1032 714 adhuc,

244 729 345 756 accede
361 729 394 756 ad
408 728 558 761 Christum,
573 736 623 763 pro
639 728 754 755 occultis
771 728 825 755 tuis
838 735 929 754 orans.
944 726 1034 761 Appa-

244 779 287 802 ret
299 775 372 802 enim
388 775 546 802 universam
563 779 618 802 tam
630 775 734 802 veteris
746 782 827 810 quam
843 774 908 801 novi
921 773 1035 801 foederis

243 821 416 856 Scripturam
428 821 462 848 ad
478 821 626 856 puritatem
640 821 778 856 praecipue
792 820 890 848 referri
906 828 913 847 :
930 820 1033 855 quippe

243 875 306 896 cum
318 868 393 896 omni
408 868 525 901 homini,
546 873 600 895 tam
622 868 717 896 Iudaeo
732 876 813 903 quam
828 867 933 899 Graeco,
948 867 1032 902 inpri-

1083 269 1133 305 τῆς
1151 269 1205 296 τῶν
1226 269 1365 304 λογισμῶν
1381 277 1428 295 σου
1445 267 1607 299 ἐπιστασίας
1625 268 1694 303 πρὸς
1707 268 1753 294 τὸν
1769 269 1869 303 αιηχμά-

1084 315 1168 342 λωτόν
1192 324 1238 341 σου
1254 314 1303 342 καὶ
1329 314 1423 341 δοῦλον
1450 314 1500 349 τῆς
1525 314 1662 349 ἁμαρτιας
1681 313 1755 345 νοῦν,
1771 314 1818 340 καὶ
1831 314 1869 340 ἴδε

1082 361 1129 389 τὸν
1149 361 1190 387 ἐτι
1212 360 1307 387 τούτου
1331 359 1486 394 κατώτερον
1512 360 1558 385 καὶ
1579 358 1726 394 βαθύτερόν
1749 368 1796 385 σου
1815 359 1869 386 τῶν

1083 406 1233 441 λογισμῶν,
1255 406 1300 432 τὸν
1316 405 1355 437 εἰς
1374 406 1408 432 τὰ
1432 404 1566 439 λεγόμενα
1582 404 1633 438 τῆς
1648 404 1736 439 ψυχῆς
1761 412 1808 429 σου
1823 413 1870 430 τα-

1086 453 1161 489 μιεῖα
1176 451 1370 486 ἐμφωλεύοντα
1380 450 1454 486 ὅφιν,
1469 450 1517 477 καὶ
1533 449 1698 484 ἀναιροῦντα
1714 458 1744 476 σε
1760 450 1804 476 διὰ
1816 451 1869 476 τῶν

1085 498 1276 533 καιριωτάτων
1301 497 1351 532 τῆς
1370 497 1461 532 ψυχῆς
1486 505 1533 524 σου
1550 496 1647 532 μελῶν.
1670 496 1801 528 ’Δϐυσσος
1815 497 1870 532 γὰρ

1085 544 1275 579 ἀκατάληπτος
1293 543 1401 578 ἀληθῶς
1420 544 1435 578 ἡ
1454 543 1563 578 καρδία.
1580 542 1613 570 El
1631 542 1677 569 οὖν
1691 542 1784 569 τοῦτον
1798 543 1870 569 ἀνεῖ-

1085 591 1142 623 λες,
1157 591 1180 617 ει
1195 590 1244 626 τὴν
1267 588 1381 624 ἀνομίαν
1400 588 1449 623 τὴν
1478 589 1507 614 ὲν
1529 588 1572 615 σοὶ
1585 588 1676 615 πᾶσαν
1689 587 1868 623 ὲξεκάθηρας,

1085 636 1134 663 καὶ
1150 635 1200 671 τὴν
1215 634 1353 670 ἁμαρτίαν
1367 633 1548 668 ὲχσέὸληκας,
1560 633 1699 668 καύχησαι
1710 634 1774 667 περὶ
1784 633 1870 660 καθα-

1086 682 1198 717 ρότητος
1207 681 1235 707 ὲν
1247 679 1317 714 Θεῷ.
1330 679 1361 707 Et
1372 679 1395 706 δ’
1404 677 1450 705 οὖν
1464 678 1532 706 ἀλλὰ
1539 679 1716 710 ταπεινωθεὶς
1729 679 1766 711 ὡς
1778 679 1870 714 ἐνδεής

1083 736 1114 754 τε
1133 728 1179 753 καὶ
1195 726 1354 762 ἁμαρτωλὸς
1368 725 1419 758 ἔτι,
1440 725 1570 761 πρόσελθε
1589 726 1659 761 ὑπὲρ
1677 725 1732 752 τῶν
1747 726 1869 760 κρυφίων

1085 782 1132 800 σου
1148 773 1273 807 δεόμενος
1287 771 1335 799 τοῦ
1347 771 1466 806 Χριστοῦ
1476 780 1483 787 '
1499 772 1573 799 πᾶσα
1583 771 1637 806 γὰρ
1650 771 1752 798 παλαιὰ
1761 771 1806 797 καὶ
1823 771 1870 797 νέα

1084 818 1180 854 Γραφὴ
1194 818 1258 852 περὶ
1277 817 1462 853 καθαρότητος
1476 817 1601 851 φαίνεται
1614 817 1807 852 διαλεγομένη,
1823 817 1871 843 καὶ

1085 864 1167 889 παντὶ
1178 861 1315 896 ἀνθρώπῳ
1332 861 1380 888 καὶ
1400 861 1520 895 Ἰουδαίῳ
1538 861 1586 888 καὶ
1601 861 1716 896 Ἕλληνι
1730 861 1869 896 ὲπέραστα

243 913 295 940 mis
312 912 470 948 expetibilis
491 914 598 948 puritas
613 913 663 946 sit;
680 921 837 948 quanquam
853 913 948 940 eadem
965 920 1033 939 cun-

1084 910 1116 936 τα
1128 909 1177 943 τῆς
1192 908 1387 944 καθαρότητος,
1404 907 1456 934 κᾶν
1470 907 1508 943 μὴ
1536 907 1620 934 στάσιν
1635 907 1756 942 ἀνύσιμα
1767 915 1774 922 ο
1791 907 1870 940 γενέ-

242 957 295 985 ctis
311 958 384 986 haud
400 958 469 985 adeo
486 959 587 993 adeptu
602 959 706 991 facilis;
723 959 879 994 pertingere
891 963 981 985 autem
996 958 1031 986 ad

244 1002 324 1029 istam
337 1003 429 1030 cordis
443 1003 618 1036 munditiam,
631 1004 676 1031 aio
699 1004 838 1031 neminem
851 1003 931 1030 aliter
953 1011 1035 1038 quam

244 1055 293 1082 per
314 1047 408 1075 Jesum
431 1048 520 1075 solum
547 1057 639 1083 posse.
663 1049 723 1084 Ipse
746 1049 820 1076 enim
848 1049 1036 1077 substantialis

244 1100 309 1120 vere
325 1093 426 1120 veritas
443 1097 502 1127 est;
521 1094 625 1128 absque
642 1094 716 1128 quali
734 1094 848 1122 veritate
866 1093 1035 1129 impossibile

244 1143 296 1172 est,
311 1143 359 1166 aut
375 1147 456 1167 nosse
469 1139 625 1172 veritatem,
637 1144 685 1167 aut
699 1139 816 1167 salutem
833 1140 952 1175 assequi.

1085 956 1147 982 σθαι
1166 954 1195 981 δὲ
1214 953 1303 987 τοῦτο,
1320 954 1370 989 τὴν
1389 954 1439 989 τῆς
1452 953 1565 988 καρδίας
1589 953 1661 988 φημὶ
1685 953 1869 989 καθαρότητα,

1083 1001 1112 1027 οὐ
1129 999 1241 1027 δυνατὸν
1256 999 1355 1031 ἄλλως,
1372 1000 1412 1026 ὅτι
1427 999 1464 1034 μὴ
1483 999 1527 1026 διὰ
1556 998 1644 1034 Ἰησοῦ
1664 999 1744 1034 μόνου
1763 1007 1771 1015 υ
1787 998 1868 1030 αὐτὸς

1085 1047 1140 1082 γὰρ
1156 1048 1172 1082 ἡ
1188 1046 1369 1078 ἐνυπύστατός
1390 1054 1421 1072 τε
1434 1046 1481 1072 καὶ
1491 1045 1575 1078 ὅντως
1596 1045 1712 1080 ἀλήθεια
1723 1053 1729 1059 ·
1744 1045 1791 1072 καὶ
1809 1045 1871 1079 δίχα

1084 1093 1186 1128 ταύτης
1199 1094 1249 1128 τῆς
1269 1091 1400 1128 ἀληθείας
1415 1091 1594 1128 ἀμήχανον,ἢ
1610 1091 1740 1127 ἀλήθειαν
1759 1091 1870 1125 γνῶναι,

1083 1140 1100 1175 ἢ
1118 1139 1254 1174 σωτηρίας
1263 1139 1413 1174 ἐπιτυχεῖν.

322 1308 916 1397 ΜΑΚΑΡΙΟΥ
971 1306 1192 1393 ΤΟΥ
1255 1305 1804 1395 ΜΕΓΑΛΟΥ

790 1449 970 1506 ΠΕΡΙ
1024 1448 1340 1505 ΑΓΑΠΗΣ

997 1558 1117 1586 ΛΟΓΟΣ.

478 1742 1069 1826 197MACARII
1180 1745 1556 1825 MAGNI

805 1905 886 1957 DE
943 1902 1309 1957 CHARITATE

1009 2007 1122 2035 LIBER.

282 2174 301 2201 Ι.
316 2175 393 2202 Sicut
415 2175 442 2202 in
464 2175 540 2203 hisce
559 2177 765 2211 apparentibus,
776 2177 907 2204 exteriori
931 2177 1033 2205 homini

1123 2177 1272 2211 Α¹.Ὧσπερ
1284 2176 1313 2202 ὲν
1321 2177 1376 2207 τοῖς
1390 2175 1563 2210 φαινομένοις
1573 2174 1678 2205 τούτοις
1689 2173 1727 2209 τῷ
1736 2173 1814 2205 ἐκτὸς
1822 2173 1862 2200 ἀπ
1869 2188 1876 2192 -

246 2221 422 2254 renuntiasti,
442 2222 560 2257 erogasti
578 2226 606 2249 et
622 2222 788 2250 distribuisti
804 2231 849 2250 res
866 2227 941 2256 tuas;
956 2224 997 2250 sic
1008 2228 1036 2250 et

245 2268 406 2294 renuntiare
423 2273 450 2294 te
470 2276 525 2303 pra:
547 2268 777 2303 occupationibus
792 2269 885 2304 pravis
899 2269 972 2296 circa
992 2277 1036 2297 res

244 2320 352 2340 morum
369 2317 478 2348 oportet
493 2322 500 2340 :
517 2317 545 2341 et
560 2314 582 2341 si
611 2314 775 2349 sapientiam
797 2314 919 2342 didicisti
940 2323 1036 2342 carna-

244 2360 308 2391 lem,
326 2363 374 2386 aut
399 2360 584 2395 cognitionem
599 2368 628 2388 es
652 2361 770 2396 adeptus
796 2361 982 2396 negotiorum,
1007 2365 1035 2389 et

243 2403 314 2430 hanc
330 2403 438 2431 abdica.
462 2404 490 2432 Si
504 2403 750 2440 justiﬁeationibns
771 2405 931 2433 carnalibus
950 2405 1034 2433 conii-

243 2449 299 2482 dis,
314 2450 348 2477 ab
370 2449 414 2477 his
426 2458 535 2486 quoque
548 2451 663 2484 absiste,
678 2451 827 2480 humilians
850 2457 876 2479 te
898 2452 986 2487 ipsum
1007 2456 1035 2479 et

242 2494 270 2522 in
284 2503 398 2529 parvum
414 2497 590 2524 contrahens.
611 2497 657 2525 Sic
672 2498 744 2525 enim
766 2498 881 2525 stultitia
902 2498 1034 2534 pra’dica-

242 2541 336 2567 ιίοηὶδί
352 2542 496 2577 percipere
520 2542 674 2569 doctrinam
692 2543 807 2578 poteris.
824 2544 854 2570 ln
874 2543 926 2570 hac
941 2548 1033 2570 autem

241 2595 336 2614 veram
349 2587 474 2616 invenies
487 2588 650 2623 sapientiam
662 2598 669 2622 ;
682 2597 737 2616 non
754 2590 781 2617 in
797 2589 972 2618 sermonibus
984 2598 1033 2617 ex—

242 2633 342 2669 quisite
368 2635 483 2668 ornatis,
509 2634 557 2662 sed
581 2635 610 2663 in
638 2636 729 2663 crucis
746 2636 859 2664 virtute.
884 2636 931 2663 llis
954 2636 1033 2671 quasi

242 2680 399 2709 elaboratus
419 2682 615 2709 transcriberis
632 2682 660 2710 in
680 2687 782 2710 sortem
795 2690 904 2715 eorum,
927 2682 975 2718 qui
990 2683 1034 2710 di-

242 2728 289 2762 gni
305 2728 392 2756 habiti
407 2735 472 2756 sunt
486 2729 612 2756 eamdem
625 2729 860 2764 acquirere.Cru.r
875 2730 944 2756 enim
957 2728 1033 2757 Chri-

280 2816 417 2849 ‘lCor.t,
433 2818 477 2846 2L

1086 2224 1173 2256 ετάξω
1190 2222 1337 2258 ἀνθρώπῳ,
1354 2221 1497 2256 ὲψώμισάς
1512 2229 1542 2247 τε
1556 2220 1591 2247 τὰ
1610 2221 1673 2248 ὄντα
1691 2221 1739 2247 καὶ
1759 2220 1879 2255 διεσκόρο

1085 2277 1180 2300 πισας,
1194 2265 1491 2298 οὕτωςμάποτάξασθαί
1509 2273 1538 2291 σε
1558 2266 1618 2296 ταῖς
1646 2264 1701 2291 τῶν
1716 2264 1790 2299 ἠθῶν
1810 2273 1879 2300 προ-

1084 2315 1182 2350 λήψεσι
1198 2314 1262 2349 χρὴ,
1279 2313 1327 2340 καὶ
1339 2313 1364 2339 ιι
1377 2313 1474 2346 σοφίαν
1488 2312 1587 2346 ἔμαθες
1597 2312 1730 2348 σαρκικὴν
1745 2312 1761 2347 ἢ
1776 2313 1878 2346 γνῶσιν

1086 2361 1276 2397 πραγμάτων,
1291 2359 1409 2395 ἄρνησαι
1421 2358 1526 2394 ταύτην
1540 2367 1547 2374 ·
1559 2358 1583 2384 ei
1597 2358 1765 2393 δικαιῶμασι
1781 2351 1879 2385 πέποι-

1084 2407 1135 2438 θας
1147 2404 1436 2441 σαρκικοῖς,ἀπόστηθι
1447 2404 1699 2438 τούτων,ταπεινῶν
1711 2406 1821 2430 σεαυτὸν
1831 2405 1877 2430 καὶ

1083 2451 1321 2487 κατασμικρύνων.
1346 2449 1425 2477 Οὕτω
1439 2450 1494 2485 γὰρ
1516 2451 1562 2478 καὶ
1575 2450 1678 2487 δυνήσῃ
1697 2449 1733 2485 τῇ
1755 2450 1808 2477 τοῦ
1825 2459 1876 2484 κη-

1081 2497 1232 2532 ρύγματος
1250 2497 1345 2531 μωρίᾳ
1368 2496 1582 2533 μαθητευθῆναι,
1606 2497 1650 2523 Ἐν
1678 2495 1767 2532 ταύτῃ
1784 2496 1877 2532 δὲτὴν

1084 2543 1214 2578 ἀληθινὴν
1235 2543 1361 2578 εὑρήσεις
1380 2543 1487 2577 σοφίαν,
1501 2543 1550 2570 οὐκ
1565 2544 1594 2570 ὲν
1618 2543 1709 2578 λόγοις
1724 2544 1878 2578 κεκομψευ-

1089 2589 1189 2624 μένοις,
1217 2588 1274 2615 ἀλλ’
1289 2589 1318 2615 ὲν
1343 2590 1375 2624 τῇ
1397 2588 1443 2615 τοῦ
1471 2588 1588 2624 σταυροῦ
1617 2589 1740 2624 δυνάμει.
1765 2588 1877 2621 Τούτοις

1088 2636 1129 2662 ὲνε
1135 2635 1198 2671 ργού
1203 2643 1282 2669 μενος
1292 2635 1321 2661 ἐν
1333 2635 1473 2670 ὑποστάση
1487 2635 1524 2670 (Ι)
1538 2636 1594 2667 τοῖς
1607 2635 1798 2667 καταξιωθεῖσγ.
1812 2634 1876 2661 ταύ-

1087 2690 1137 2716 την
1151 2681 1303 2717 κτήσασθαι
1321 2690 1328 2697 ·
1349 2681 1379 2708 '0
1393 2682 1448 2717 γὰρ
1468 2682 1609 2716 σταυρὸς,
1631 2682 1713 2716 φησὶν
1727 2682 1741 2708 ὁ
1759 2681 1873 2713 Παῦλος,

1085 2727 1138 2754 τοῦ
1168 2728 1296 2762 Χριστοῦ
1337 2727 1399 2761 τοῖς
1430 2727 1489 2762 μὲν
1512 2727 1659 2761 Ἰουδαίοις
1687 2727 1874 2760 σκάνδαλον,

279 2875 319 2909 (ἰ)
333 2876 487 2912 Corruptus
498 2877 607 2904 videtur
623 2877 720 2910 locus;
736 2885 818 2904 sensu
837 2881 928 2905 tamen
947 2884 1002 2904 non
1014 2877 1143 2905 obscuro.
