2075 3155
232 132 287 164 909

833 137 948 167 ΗΒΕΙί
969 138 1017 167 DE
1036 138 1262 171 CIIARITATE.

1806 139 1859 173 910

231 187 363 220 ’Ἕλλησι
375 186 409 213 δὲ
420 187 525 221 μωρία,
540 186 612 221 ἡμῖν
630 186 664 214 δὲ
676 187 738 221 τοῖς
749 189 928 224 σωζομένοις
945 190 1019 218 Θεοῦ

1074 193 1116 224 sti,
1132 193 1170 220 ait
1185 193 1295 225 Paulus,
1309 193 1409 221 Judwis
1421 194 1525 229 quidem
1547 193 1721 226 scandalum;
1739 196 1858 230 gentibus

229 231 357 267 δύναμις
370 232 418 259 καὶ
432 233 506 260 Θεοῦ
519 233 622 268 σοφία.

266 321 302 349 B’.
322 321 353 348 Et
370 322 417 349 καὶ
428 322 533 355 ἕλαὸες,
545 324 621 359 φησὶ,
635 323 730 358 γεῦσιν
745 323 775 356 ἐξ
790 324 917 360 οὐρανοῦ,
934 325 958 351 el
974 327 1021 352 καὶ

230 365 360 399 μετάσχες
374 365 482 401 ἐκείνης
512 366 562 400 τῆς
579 367 685 401 σοφίας,
704 367 751 394 καὶ
765 368 917 396 ἀνάπαυσιν
942 369 1021 405 ἔσχες

228 409 257 435 ὲν
276 411 309 445 τῇ
330 409 402 446 ψυχῇ
431 419 492 445 σου,
520 412 582 446 μηδ’
597 411 685 444 οὕτως
709 413 836 448 ἐπαίρου,
859 415 908 441 καὶ
929 415 967 450 μὴ
983 415 1021 448 ὡς

228 455 356 490 ἐφθακὼς
375 457 427 492 ἤδη
452 457 499 483 καὶ
520 458 610 484 πᾶσαν
630 459 793 486 καταλαϐὼν
814 460 864 495 τὴν
890 461 1020 496 ἀλήθειαν

227 501 406 537 τεθαρῤηκὼς
421 502 474 530 ἔσο.
491 504 537 539 Μὴ
549 504 581 530 σὺ
599 504 719 541 ἀκούσῃς
730 513 738 520 ο
756 505 831 539 Ἤδη
844 508 1019 541 κεχωρισμέ-

229 555 276 573 νοι
296 547 377 578 ἐστὲ,
395 547 452 582 ἤδη
479 549 709 582 πεπλουτήκατε
725 559 731 566 ·
748 551 836 585 χωρὶς
858 552 942 586 ἡμῶν
953 553 1020 580 ἐσα-

229 593 403 624 σιλεύσιιτε,
423 593 473 620 καὶ
489 593 603 628 ὄφελόν
621 603 654 630 γε
665 595 883 624 ἐϐασιλεύσατε
909 598 960 625 ἵνα
970 598 1020 625 καὶ

229 637 314 672 ἡμεῖς
331 639 401 673 ὑμῖν
415 641 716 676 συμϐασιλεύσωμεν.
728 642 806 670 Ἀλλὰ
822 643 871 670 καὶ
881 645 1019 679 γευσάμε-

229 692 283 717 νος,
309 683 346 717 ὡς
365 686 448 720 μήπω
472 685 518 712 τοῦ
538 687 753 723 Χριστιανισμοῦ
779 688 918 724 ἁψάμενος
950 688 1021 718 εἶναι

228 729 322 764 νόμιζε
339 737 346 744 ⁸
363 731 410 757 καὶ
424 731 460 766 μὴ
473 732 502 764 ἐξ
516 733 647 768 ἐπιπολῆς
659 733 728 760 ἔστω
739 734 819 762 τοῦτό
839 744 890 767 σοι,
906 735 964 762 ἀλλ’
983 736 1021 768 ὡς

229 776 469 812 ἐμπεφυτευμὲνον
487 778 632 811 διαπαντὸς
647 779 693 806 καὶ
707 780 899 816 κεκυρωμένον
911 783 944 816 τῇ
960 781 1020 808 διας

229 822 288 857 νοίᾳ
304 830 363 849 σου.

1072 242 1161 265 autem
1178 238 1394 272 stultitia;nobis
1406 248 1476 273 vero,
1493 241 1537 274 qui
1554 240 1702 274 salvantur,
1717 240 1765 268 Dei
1777 242 1858 269 virtus

1071 288 1096 311 et
1112 284 1159 311 Dei
1170 286 1327 320 sapientia’.

1106 329 1138 356 ll.
1163 331 1275 358 Etiamsi
1289 331 1429 366 acceperis
1445 336 1554 367 gustum
1577 340 1593 359 e
1608 333 1692 364 coelo;
1707 333 1758 359 etsi
1774 333 1860 368 parti-

1070 383 1136 411 ceps
1149 376 1188 404 sis
1197 377 1286 404 factus
1302 378 1445 413 sapientiae
1462 378 1546 410 illius,
1562 382 1590 405 et
1614 378 1737 412 requiem
1755 378 1860 405 habue-

1071 422 1109 450 ris
1136 423 1165 450 in
1187 423 1278 451 anima
1304 429 1373 456 tua;
1400 431 1491 459 neque
1517 424 1557 452 sic
1580 424 1718 452 extollaris
1740 433 1747 452 :
1769 431 1859 458 neque

1071 469 1148 503 quasi
1161 469 1217 504 jam
1234 470 1395 504 peneneris
1402 470 1436 498 ad
1450 478 1559 497 omnem
1575 470 1729 502 veritatem,
1743 477 1859 504 eamque

1071 515 1325 549 comprehenderis,
1343 516 1483 551 arroganti
1497 515 1569 551 apud
1583 520 1608 543 te
1624 516 1663 543 sis
1679 515 1858 543 conﬁdentia.

1071 559 1110 586 Ne
1126 563 1154 587 et
1171 564 1200 586 tu
1223 560 1320 587 audias
1335 569 1341 587 :
1355 560 1417 588 Jam
1443 562 1558 588 saturati
1578 562 1638 588 estis
1657 569 1667 588 :
1679 562 1740 596 jam
1767 561 1858 588 divites

1071 605 1135 640 facti
1146 605 1207 632 estis
1224 613 1233 632 :
1249 606 1305 632 sine
1328 605 1401 633 nobis
1416 607 1552 641 regnatis;
1571 611 1595 633 et
1615 607 1717 633 utinam
1736 607 1857 641 regnetis,

1071 654 1099 676 ut
1116 653 1141 676 et
1156 658 1203 677 nos
1220 651 1351 677 vobiscum
1367 658 1505 685 regnemus
1515 652 1535 677 ³.
1548 650 1602 678 Sed
1617 651 1670 678 etsi
1695 651 1858 686 gustaveris,

1072 700 1098 724 te
1112 700 1240 731 tanquam
1251 696 1373 724 nondum
1383 696 1626 724 Christianismum
1648 696 1781 731 attigeris,
1799 703 1860 723 esse

1071 744 1178 775 reputa.
1194 739 1289 774 Neque
1303 740 1357 766 hoc
1370 740 1556 775 superﬁciaria
1571 748 1626 775 prae
1640 745 1667 767 te
1681 739 1753 766 feras
1761 739 1858 771 velim;

1071 786 1120 814 sed
1133 790 1163 814 ut
1175 785 1284 821 penitus
1301 786 1414 814 insitum
1432 793 1552 821 semper,
1572 793 1604 813 ac
1614 785 1710 813 intime
1723 785 1858 813 sancitum

1072 831 1101 858 in
1111 836 1203 859 mente
1221 831 1256 859 sit
1275 835 1332 858 tua.

264 867 300 896 [ν.
316 868 422 906 ’Ὠσπερ
433 877 475 903 τις
488 869 674 906 φιλόπλουτος,
692 871 745 899 κᾶν
757 871 840 907 μυρία
855 875 1017 908 συναγαγὼν

1104 877 1149 904 Ill.
1167 877 1204 905 Ut
1219 884 1319 903 avarus
1341 876 1489 911 quispiam,
1517 876 1569 903 etsi
1588 875 1731 911 pecuniam
1743 882 1859 910 conges-

228 917 357 952 χρήματα
372 916 400 953 ᾖ,
417 916 493 945 οὔπω
508 918 647 954 διακορὴς,
660 920 765 953 γίνεται
785 918 885 955 μᾶλλον
898 920 947 954 τῆς
957 920 1019 947 ὲπι-

230 961 348 996 θυμίαςσ
370 962 386 997 ἢ
401 963 527 998 καθάπερ
543 972 585 996 τις
597 965 718 999 πόματος
733 965 869 999 ήδυτάτου
885 965 953 1001 πρὸς
971 966 1018 992 τοῦ

229 1007 311 1042 κόρου
329 1007 507 1040 διασπασθεὶς
528 1009 579 1044 τὴν
603 1010 694 1045 δίψαν,
722 1011 822 1046 μᾶλλον
849 1011 996 1044 ἐξέκαυσεν
1009 1021 1016 1028 ·

228 1053 299 1080 οὕτω
312 1053 344 1088 δὴ
363 1053 410 1080 καὶ
426 1054 442 1089 ἡ
465 1054 514 1081 τοῦ
531 1054 597 1082 Θεοῦ
620 1055 714 1089 γεῦσις
733 1056 834 1089 παντὸς
855 1056 910 1084 οίδε
938 1058 1019 1093 κόρου

230 1099 466 1134 κατακαυχᾶσθαι,
486 1100 555 1127 ἀλλὰ
585 1102 632 1128 καὶ
653 1102 708 1137 ὅσῳ
733 1103 844 1130 πλουτεῖ
857 1112 899 1136 τις
915 1105 1020 1131 τουτονὶ

227 1145 273 1172 τὸν
285 1145 412 1177 πλοῦτον,
425 1145 529 1182 πένητα
539 1147 635 1174 ἑαυτὸν
648 1145 717 1174 εἶναι
728 1150 866 1176 κατανοεῖ.
893 1150 924 1177 0i
941 1150 1021 1177 τοιοί-

228 1191 257 1218 δε
284 1192 443 1227 Χριστιανοὶ
466 1192 517 1219 οὐκ
532 1192 622 1228 ἔχουσι
641 1194 706 1228 παρ’
728 1194 834 1226 ἑαυτοῖς
859 1195 953 1229 τιμίαν
972 1196 1021 1232 τὴν

230 1237 298 1263 ἰδίαν
308 1236 405 1272 ψυχὴν,
422 1236 478 1264 ἀλλ’
494 1236 531 1269 ὥς
546 1245 619 1269 τινες
633 1238 687 1264 τῶν
702 1237 923 1274 ὲξουδενωμὲνων
945 1241 1021 1275 παρὰ

228 1282 287 1317 Θεῷ
300 1283 450 1310 διάκεινται
474 1283 584 1315 δούλους
608 1293 638 1310 τε
658 1285 768 1311 πάντων
790 1286 942 1321 ἀνθρώπων
956 1287 1021 1314 ἐαυ-

228 1330 291 1361 soi);
309 1328 379 1356 εἶναι
397 1330 560 1364 λογίζονται.
582 1330 643 1356 Ἐπὶ
653 1330 739 1366 ταύτῃ
758 1331 843 1358 πολλὰ
858 1333 948 1367 χαίρει
963 1332 1020 1359 Κύ-

230 1384 287 1411 ριος
301 1375 348 1402 καὶ
367 1376 573 1402 ὲπαναπαύεται
585 1378 619 1412 τῇ
634 1376 718 1412 ψυχῇ,
735 1377 780 1404 διὰ
793 1378 842 1414 τὴν
855 1378 954 1413 ἑαυτῆς
969 1387 1019 1405 τα-

228 1421 366 1448 πείνωσιν.
397 1422 428 1448 Εἰ
444 1421 490 1448 οὖν
515 1421 591 1457 καὶῆ
618 1422 674 1457 ἔχει
687 1423 728 1454 τίς
742 1431 778 1456 τι,
793 1423 829 1459 μὴ
841 1423 916 1458 παρὰ
942 1424 1023 1451 τοῦτο

227 1469 305 1503 οἰηθῇ
341 1465 481 1502 εῖναίτιῆ
508 1467 590 1502 ἔχειν.
629 1468 665 1494 Ἤ
691 1468 745 1503 γὰρ
767 1470 854 1504 οἴησις
886 1470 1024 1505 βδέλυγμα

229 1514 338 1549 Κυρίῳ·
364 1515 410 1541 καὶ
425 1515 494 1548 αὐτὴ
516 1515 563 1541 ἀπ’
576 1515 667 1550 ἀρχῆς
686 1514 837 1550 ἐκϐέϐληκε
861 1515 907 1542 τοῦ
933 1524 1022 1551 παρα-

227 1547 316 1588 δείσου
323 1562 368 1588 τὸν
380 1562 532 1597 ἄνθρωπον,
541 1547 704 1591 ἀκοῦσαντα,
715 1561 757 1588 ὅτι
774 1547 823 1594 ’ἀς
833 1562 892 1589 θεοὶ
903 1547 1020 1594 ἔσεσθε,
1035 1547 1057 1578 C

230 1606 278 1632 καὶ
300 1607 333 1642 τῇ
353 1606 442 1632 ἑλπίδι
466 1605 551 1641 ταύτῃ
581 1607 614 1640 τῇ
645 1605 748 1641 ματαίᾳ
770 1605 992 1641 ἐπιθαρρήσαντα
1011 1615 1018 1622 ’

229 1652 372 1687 κατάμαθε
394 1652 453 1684 πῶς
475 1652 489 1678 ὁ
508 1651 575 1682 Θεός
597 1659 644 1677 σου
661 1651 709 1678 καὶ
727 1651 864 1685 βασιλεὺς,
885 1651 953 1678 ἀλλὰ
971 1651 1018 1678 καὶ

228 1697 297 1723 Θεοῦ
313 1698 376 1729 Υἱὸς
384 1697 492 1724 ἑαυτὸν
500 1696 639 1728 ἐκένωσε,
653 1696 775 1730 μορφὴν
787 1695 899 1724 δούλου
911 1697 1020 1724 λαϐὼν·

229 1744 288 1775 πῶς
301 1744 470 1778 ιπτώχευσε,
490 1742 548 1773 πῶς
561 1744 616 1774 τοῖς
630 1743 738 1777 ἀτίμοις
756 1743 942 1778 συνελογίσθη,
960 1744 1019 1775 πῶς

230 1790 376 1817 πέπονθεν.
392 1790 422 1816 Ei
434 1789 462 1815 δὲ
482 1789 529 1816 καὶ
546 1788 635 1819 όΘεὸς
649 1785 738 1820 οὗτος,
750 1788 764 1813 ὁ
776 1788 872 1822 αἵματι
888 1789 934 1815 καὶ
952 1797 1020 1824 σαρ-

229 1837 257 1862 κὶ
274 1834 447 1869 συνεστηκὼς
468 1833 620 1868 ἄνθρωπος,
641 1832 656 1859 ὁ
678 1833 714 1867 γῆ
734 1832 781 1858 καὶ
799 1833 912 1866 σποδὸς,
938 1833 1020 1868 οἴμοι,

229 1882 277 1908 καὶ
297 1882 328 1908 τὸ
351 1881 482 1916 παράπαν
508 1878 611 1913 ἀγαθοῦ
628 1879 664 1914 μὴ
693 1877 864 1913 μεταλαϐὼν,
881 1878 940 1905 ἀλλ’
952 1880 1023 1906 ἀκα-

230 1928 330 1962 θαρσία
345 1927 393 1959 ὢν,
413 1926 486 1961 μέγα
501 1926 609 1961 φρονεῖς
627 1925 674 1951 καὶ
691 1924 860 1960 ἁλαζονεύῃς
879 1925 911 1951 σὺ
925 1925 953 1951 δὲ
965 1919 1024 1951 ἀλλ’

230 1974 310 2009 εἴπερ
322 1982 329 1988 ·
345 1971 370 1999 εἷ
400 1971 518 2003 συνετὸς,
539 1971 585 1997 καὶ
598 1969 668 2005 ὑπὲρ
687 1970 770 1996 αὑτοῦ
785 1969 881 1996 τούτου
904 1969 1004 2005 μᾶλλον
1015 1990 1022 2002 ,

229 2017 314 2052 εῦπερ
325 2018 437 2053 εἴληφας
449 2018 482 2044 ἐκ
493 2017 559 2043 Θεοῦ
568 2016 625 2042 Οὐκ
632 2015 707 2051 ἐμὸν,
714 2015 787 2048 λέγε,
797 2016 910 2042 τοῦτοτὺ
920 2016 1023 2051 χρῆμα·

230 2067 294 2101 παρ’
306 2066 399 2100 ἑτέρου
412 2064 491 2091 τοῦτο
500 2063 554 2098 ἔχω
565 2063 664 2089 λαϐών·
678 2062 812 2094 καὶδόξαν
822 2062 907 2098 αὐτῷ,
919 2063 1025 2095 πάντως

230 2113 385 2146 ἀφαιρεῖται
398 2110 428 2136 τὸ
443 2109 517 2136 δοθὲν
533 2108 580 2135 ἀπ’
593 2108 670 2143 ἐμοῦ.
685 2107 763 2134 Οὕτω
780 2108 829 2142 μὲν
857 2109 911 2135 πᾶν
927 2108 1039 2142 ἀγαθὸν-

234 2158 268 2193 εῷ
287 2158 391 2193 Κυρίῳ,
405 2156 435 2182 τὸ
450 2156 478 2182 δὲ
487 2155 570 2182 κακὸν
584 2156 617 2190 τῇ
625 2153 737 2180 σεαυτοῦ
746 2153 880 2188 ὲπίγραφε
891 2154 1026 2190 ἀσθενείᾳ.

1070 922 1137 951 serit
1163 922 1404 954 innumerabilem,
1426 922 1500 949 haud
1517 922 1678 954 exsatiatur,
1710 921 1759 949 sed
1780 921 1860 956 plura

1071 968 1163 1004 potius
1177 967 1332 1000 desiderat;
1348 972 1395 994 aut
1410 967 1458 1002 qui
1472 975 1486 994 a
1500 968 1612 1002 potione
1625 966 1783 994 dulcissima
1796 969 1860 993 ante

1071 1014 1226 1042 satietatem
1239 1014 1370 1049 depulsus
1391 1017 1444 1046 est,
1464 1013 1538 1041 sitim
1556 1013 1644 1049 magis
1656 1012 1802 1040 accendit:
1821 1011 1861 1039 sic

1071 1060 1119 1087 Dei
1139 1063 1246 1095 gustus,
1262 1062 1358 1086 contra
1380 1066 1490 1086 omnem
1505 1059 1660 1086 satietatem
1685 1058 1796 1094 gloriari
1812 1065 1861 1085 no-

1071 1106 1120 1138 vit,
1148 1106 1203 1133 imo
1227 1109 1331 1141 quanto
1353 1105 1416 1140 quis
1448 1105 1535 1140 magis
1570 1104 1728 1132 istiusmodi
1756 1104 1861 1131 divitiis

1071 1151 1203 1183 abundat,
1220 1155 1296 1178 tanto
1318 1150 1404 1185 magis
1429 1150 1586 1178 considerat
1613 1158 1642 1177 se
1676 1158 1738 1177 esse
1757 1157 1860 1184 paupe-

1072 1205 1141 1224 rem.
1172 1197 1252 1224 Tales
1286 1196 1436 1223 Christiani
1471 1204 1527 1223 non
1555 1196 1657 1223 habent
1687 1195 1715 1222 in
1744 1195 1861 1223 mstima-

1075 1243 1150 1269 tione
1171 1250 1219 1269 sua
1243 1241 1393 1277 pretiosam
1405 1241 1524 1268 animam
1540 1241 1696 1276 propriam;
1723 1241 1771 1268 sed
1786 1241 1862 1268 velut

1072 1288 1184 1324 quidam
1205 1296 1321 1324 prorsus
1334 1288 1424 1320 nihili,
1437 1288 1478 1315 sic
1495 1295 1525 1315 se
1548 1295 1640 1314 coram
1661 1287 1717 1314 Deo
1740 1287 1862 1321 deiectos

1074 1338 1168 1362 tenent
1180 1354 1187 1367 ,
1214 1341 1364 1368 servosque
1380 1334 1503 1360 omnium
1520 1333 1663 1360 hominum
1682 1340 1712 1360 se
1727 1333 1801 1367 ipsos
1815 1340 1861 1359 re-

1073 1385 1180 1416 putant.
1192 1381 1230 1408 De
1246 1381 1292 1408 tali
1310 1380 1388 1408 valde
1398 1380 1499 1416 gaudet
1512 1380 1596 1412 Deus,
1610 1383 1639 1406 et
1652 1379 1680 1406 in
1692 1387 1724 1406 ea
1740 1379 1862 1406 suaviter

1073 1426 1223 1462 requiescit
1248 1426 1357 1459 anima,
1373 1426 1433 1461 ejus
1461 1425 1617 1453 humilitate
1642 1424 1806 1452 delectatus.
1832 1424 1862 1451 Si

1073 1479 1140 1506 ergo
1155 1471 1258 1506 aliquid
1283 1470 1365 1498 habet
1381 1470 1530 1505 quispiam,
1548 1477 1582 1496 ne
1608 1474 1756 1504 propterea
1784 1468 1863 1495 inﬂe-

1075 1522 1130 1549 tur,
1142 1517 1314 1548 existimans,
1330 1523 1390 1543 esse
1406 1520 1454 1542 aut
1474 1515 1577 1542 habere
1602 1522 1632 1542 se
1659 1513 1773 1549 aliquid.
1793 1513 1861 1541 Nam

1073 1570 1205 1598 arrogans
1218 1561 1384 1590 conﬁdentia
1392 1561 1563 1588 abominatio
1570 1564 1612 1588 est
1621 1560 1752 1592 Domino;
1765 1563 1793 1586 et
1804 1559 1863 1586 hac

1072 1617 1086 1635 a
1097 1608 1232 1643 principio
1248 1607 1330 1643 eiecit
1339 1615 1354 1634 e
1366 1606 1495 1642 paradiso
1510 1606 1660 1634 hominem.
1673 1606 1698 1632 ls
1711 1605 1784 1632 enim
1800 1612 1862 1632 cum

1071 1653 1194 1680 audisset
1209 1662 1216 1680 :
1231 1652 1313 1679 Erilis
1330 1652 1395 1678 sicut
1416 1651 1486 1685 dii‘,
1500 1651 1628 1686 concepit
1645 1651 1719 1678 illam
1739 1650 1862 1677 insanam

1072 1705 1159 1733 spem,
1171 1702 1200 1725 et
1212 1697 1241 1724 in
1249 1697 1407 1724 dementem
1417 1696 1550 1723 intumuit
1562 1695 1699 1723 ﬁduciam.
1711 1695 1863 1723 Considera

1072 1743 1211 1779 quomodo
1226 1743 1299 1770 Deus
1317 1746 1380 1770 tuus
1393 1747 1421 1769 et
1443 1750 1490 1769 rex
1508 1746 1580 1774 tuus,
1600 1742 1647 1769 sed
1665 1746 1692 1768 et
1706 1742 1752 1768 Dei
1766 1741 1860 1774 Filius,

1072 1799 1099 1817 se
1121 1791 1207 1824 ipsum
1221 1789 1303 1824 198
1313 1788 1458 1815 exinanivit
1482 1790 1595 1823 formam
1611 1788 1677 1814 servi
1701 1788 1830 1822 accipiens
1840 1787 1862 1817 ’ς

1072 1835 1211 1870 quomodo
1226 1841 1329 1868 pauper
1347 1834 1435 1861 lactus
1448 1837 1500 1866 est,
1516 1833 1654 1868 quomodo
1667 1840 1731 1859 cum
1747 1832 1865 1859 inhono-

1074 1880 1141 1908 ratis
1152 1884 1193 1907 est
1206 1884 1349 1914 reputatus
1359 1899 1366 1911 ,
1381 1879 1522 1914 quomodo
1544 1886 1641 1913 passus
1662 1882 1714 1905 est.
1729 1877 1756 1904 Si
1771 1881 1862 1904 autem

1075 1924 1120 1951 ille
1136 1932 1198 1951 cum
1216 1925 1287 1951 Deus
1295 1929 1367 1951 esset
1380 1925 1444 1951 talia
1458 1924 1530 1952 ultro
1543 1924 1628 1951 subiit
1642 1932 1649 1950 :
1665 1923 1863 1955 tu,homuncio

1075 1975 1220 1998 concretus
1232 1978 1313 1997 carne
1328 1975 1356 1998 et
1367 1971 1509 2006 sanguine,
1529 1975 1569 2002 tu,
1585 1973 1657 1997 terra
1669 1974 1697 1996 et
1711 1969 1792 2001 cinis,
1808 1969 1863 1996 heu

1077 2017 1136 2044 me!
1155 2016 1306 2048 tu,nullam
1322 2024 1355 2044 ex
1373 2020 1399 2044 te
1418 2016 1482 2044 boni
1499 2016 1660 2051 particulam
1676 2015 1789 2043 omnino
1812 2015 1864 2042 ha-

1077 2063 1156 2093 bens.
1172 2062 1220 2090 sed
1229 2066 1302 2089 totus
1315 2067 1435 2096 quantus
1442 2070 1472 2089 es
1482 2071 1516 2090 cx
1527 2061 1699 2089 immunditia
1716 2060 1861 2093 conﬂatus,

1078 2109 1162 2135 altum
1177 2109 1261 2142 sapis,
1275 2111 1303 2135 et
1319 2107 1460 2143 gloriando
1483 2113 1509 2135 te
1535 2113 1656 2135 ostentas
1676 2109 1682 2134 ι
1699 2107 1772 2140 Quin
1792 2111 1821 2134 tu
1841 2107 1864 2133 si

1079 2153 1192 2189 quidem
1205 2154 1289 2188 sapis,
1314 2158 1426 2193 propter
1442 2154 1495 2182 hoc
1508 2154 1596 2189 ipsum
1619 2154 1692 2188 quod
1703 2153 1833 2188 accepisti
1850 2161 1865 2179 a

231 2206 297 2237 Deo,
319 2203 489 2231 diczlleum
507 2203 560 2229 hoc
579 2209 634 2228 non
655 2205 715 2233 est;
741 2200 775 2227 ab
798 2200 852 2227 alio
878 2201 988 2235 accepi;
1014 2205 1116 2228 etcum
1142 2200 1193 2234 ipsi
1220 2199 1361 2227 videbitur
1385 2207 1499 2234 prorsus
1526 2200 1632 2227 auferet
1648 2209 1663 2227 a
1681 2208 1723 2228 me
1747 2200 1775 2228 id
1790 2198 1864 2236 quod

230 2251 316 2279 dedit.
342 2250 389 2278 Sic
414 2257 494 2276 omne
507 2248 618 2283 quidem
636 2248 738 2274 bonum
759 2247 886 2279 Domino,
914 2248 1016 2274 malum
1033 2251 1125 2274 autem
1146 2251 1199 2274 tua:
1213 2247 1299 2282 ipsius
1312 2247 1418 2274 ascribe
1432 2247 1597 2274 inﬁrmitati.

266 2298 303 2323 A'.
321 2295 426 2328 ὐνπερ
458 2294 539 2328 φησιν
569 2293 582 2318 ὁ
617 2293 787 2325 ’Λπόστολος,
808 2292 961 2325 θησαυρὸν
987 2292 1016 2318 ἐν

1105 2292 1148 2319 ιν.
1166 2291 1252 2325 Quem
1266 2292 1305 2318 ait
1320 2292 1481 2326 Apostolus,
1499 2293 1650 2319 thesaurum
1668 2301 1695 2318 se
1722 2292 1817 2320 habere
1837 2294 1864 2322 in

232 2341 421 2375 ὀστρακίνοις
436 2339 518 2373 ἔχειν
541 2339 603 2371 τοῖς
619 2339 743 2365 σκεύεσι
757 2358 764 2371 ,
792 2339 840 2373 τὴν
866 2337 1029 2373 ἁγιαστικὴν

235 2387 290 2412 οἴου
319 2386 366 2412 τοῦ
382 2385 540 2420 [Ινξύμειτος
563 2385 678 2418 δύναμιν
691 2404 698 2415 ,
714 2384 748 2420 ἢν
763 2384 803 2410 ἔτι
826 2385 859 2419 τῇ
877 2384 959 2417 σαρκὶ
978 2392 1026 2410 πε-

239 2432 303 2467 ριὼν
326 2431 399 2463 ἄξιος
416 2431 533 2465 κατέστη
549 2430 650 2458 λαϐεῖν.
669 2431 724 2457 Καὶ
738 2430 793 2465 γάρ
815 2438 868 2456 που
885 2430 966 2456 πάλιν
979 2437 1027 2466 φη-

237 2478 279 2504 σὶν
292 2478 306 2503 ό
318 2476 401 2508 αὑτός
415 2484 422 2490 ν
449 2477 501 2508 Ὃς
516 2475 643 2510 ἐγενήθη
664 2475 736 2509 ἡμῖν
757 2475 850 2509 σοφία
865 2474 924 2502 ἀπὸ
943 2474 1027 2507 Θεοῦ,

236 2524 415 2557 δικαιοσύνη
433 2531 464 2550 τε
477 2523 523 2549 καὶ
545 2521 691 2556 ἁγιασμὸς
703 2541 710 2553 ,
732 2522 782 2548 καὶ
807 2521 1025 2556 ἀπολύτρωσις.

243 2569 275 2597 '0
290 2569 355 2604 γοῦν
376 2568 464 2603 εὑρὼν
478 2568 525 2594 καὶ
537 2567 601 2602 παρ’
617 2567 707 2602 ἑαυτῷ
721 2567 793 2602 σχὼν
809 2567 854 2593 τὸν
868 2566 1028 2601 ἐπουράνιον

239 2616 333 2642 τοῦτον
358 2614 404 2641 τοῦ
415 2613 573 2648 Π-ιεύματος
593 2612 737 2648 θησαυρὸν,
756 2614 845 2639 πᾶσαν
857 2612 1028 2647 δικαιοσύνην

241 2661 365 2694 ἐντολῶν,
377 2661 466 2686 πᾶσαν
475 2659 524 2694 τὴν
534 2659 586 2685 τῶν
593 2659 706 2685 ἐντολῶν
718 2659 849 2694 ἐργασίαν
860 2659 890 2685 σὺ
901 2658 1028 2693 καθαρῶς

245 2708 325 2742 μόνον
342 2707 389 2733 καὶ
401 2706 569 2741 ἀμωμήτως,
583 2704 652 2731 ἀλλὰ
665 2705 712 2731 καὶ
729 2705 817 2731 πόνων
826 2705 904 2736 ὲκτδς
918 2706 965 2732 καὶ
978 2713 1028 2731 και-

244 2752 336 2785 μάτων
350 2751 440 2778 ἀνύειν
447 2750 567 2782 δύναται,
576 2750 644 2785 ὅπερ
662 2751 776 2785 ἀπονητὶ
788 2750 918 2786 πρῦτερον
927 2741 1024 2776 πολλοῦ

284 2842 293 2855 ²
310 2841 318 2867 Ι
332 2843 394 2870 Cor.
410 2851 428 2874 1,
444 2843 486 2870 l8.
526 2843 556 2869 Ἰ
574 2844 636 2869 tier.
651 2850 686 2873 l\‘,
701 2843 726 2869 δ.
769 2842 777 2856 ⁸
799 2841 867 2868 Gen.
884 2849 922 2871 Ill,
936 2841 961 2867 :‘i.

1001 2841 1010 2854 "
1024 2839 1143 2874 Philipp.
1157 2848 1185 2871 ιι,
1199 2839 1224 2866 7.

1079 2336 1146 2363 vasis
1163 2335 1322 2369 ﬁetilibus‘,
1347 2335 1564 2362 sanctiﬁcantem
1590 2335 1717 2362 existima
1748 2335 1867 2370 Spiritus

1078 2382 1220 2415 virtutem,
1238 2389 1320 2416 quam
1337 2381 1428 2408 adhuc
1456 2380 1483 2407 in
1506 2387 1588 2407 carne
1611 2385 1752 2415 superstes
1768 2381 1867 2416 dignus

1079 2427 1190 2454 habitus
1215 2430 1257 2453 est
1283 2425 1420 2460 accipere.
1439 2425 1547 2452 Etenim
1580 2425 1644 2451 alibi
1673 2434 1769 2454 rursus
1794 2426 1866 2453 idem

1077 2472 1145 2499 dicit
1162 2481 1168 2498 :
1183 2471 1234 2504 Qui
1252 2472 1337 2506 factus
1350 2476 1387 2498 est
1402 2471 1473 2498 nobis
1492 2472 1623 2506 sapientia
1634 2481 1651 2498 a
1673 2471 1736 2505 Deo,
1749 2477 1773 2499 et
1784 2473 1868 2508 justi—

1080 2524 1129 2549 t.a,
1144 2522 1168 2544 et
1179 2517 1354 2551 sanctiﬁcatio
1367 2538 1373 2549 ,
1398 2521 1422 2543 et
1438 2517 1607 2552 redemptio'.
1623 2518 1674 2550 Qui
1690 2519 1772 2553 igitur
1789 2519 1867 2546 inve-

1081 2565 1121 2591 nit
1134 2569 1162 2591 ct
1174 2564 1245 2599 apud
1260 2572 1289 2591 se
1305 2565 1389 2591 habet
1409 2565 1549 2591 cmlestem
1575 2564 1650 2591 hunc
1668 2564 1788 2600 Spiritus
1808 2565 1867 2592 the-

1081 2620 1193 2639 saurum
1208 2633 1215 2644 ,
1241 2619 1350 2639 omnem
1374 2610 1509 2646 justitiam
1534 2612 1735 2643 mandatorum,
1757 2617 1867 2637 omnem

1080 2659 1268 2693 operationem
1284 2658 1483 2692 praescriptam,
1499 2666 1552 2684 non
1573 2665 1640 2692 pure
1657 2656 1745 2683 solum
1758 2661 1787 2684 et
1799 2656 1868 2683 irre-

1082 2703 1320 2739 prehensibiliter,
1345 2703 1393 2730 sed
1405 2703 1488 2730 etiam
1515 2703 1574 2730 sine
1595 2702 1689 2729 labore
1705 2707 1866 2730 etaerumna

1080 2755 1170 2785 potest
1193 2749 1317 2784 exsequi,
1333 2749 1404 2783 quod
1423 2753 1503 2776 antea
1521 2749 1590 2777 citra
1612 2749 1733 2776 laborem
1749 2749 1865 2776 multum

1266 2840 1275 2854 τι
1289 2839 1308 2866 Il
1323 2841 1386 2867 Cor.
1403 2849 1438 2871 Iv,
1457 2840 1482 2866 7.
1523 2840 1532 2855 ⁷
1550 2839 1634 2867 lCor.
1651 2849 1667 2872 I,
1685 2839 1728 2866 ὗε).
