2075 3155
247 159 295 192 9H

925 157 1082 189 MACARII
1102 158 1263 190 IEGYPTII

1815 158 1870 191 9l2

245 218 348 251 facere,
364 223 471 246 tantum
497 219 609 250 aberat,
626 217 693 253 quin
717 222 818 252 posset.
835 217 930 252 Neque
953 217 1026 245 enim

1080 224 1110 249 γε
1121 216 1167 243 καὶ
1181 215 1234 242 ἔδει
1251 215 1346 243 ποιεῖν.
1359 214 1413 242 Καὶ
1426 213 1584 247 Πνεὺματος
1595 212 1729 249 ἀληθινῶς
1743 214 1869 249 γεωργῆ-

245 264 319 291 valet
333 264 405 299 quis,
423 264 599 299 quantumvis
608 264 685 296 velit,
701 263 822 291 fructum
835 262 955 298 Spiritus
965 271 1029 290 vere

246 317 278 336 ac
291 314 372 344 prout
392 313 500 344 oportet
514 308 649 341 excolere,
671 313 734 336 ante
750 308 954 343 perceptionem
965 307 1029 334 boni

247 354 376 388 Spiritus.
390 354 484 388 Itaque
497 353 554 381 vim
569 354 621 381 sibi
634 354 725 389 quivis
737 353 836 381 inferat
852 353 969 381 subinde
981 360 1030 387 per

247 400 406 433 patientiam
418 407 533 426 currens
541 403 570 426 et
585 399 676 430 ﬁdem,
692 406 724 426 ac
738 398 878 426 ferventer
890 398 1030 426 Christum

246 449 318 475 oret,
334 449 365 471 ut
383 445 542 471 thesaurum
558 445 641 472 istum
654 444 794 471 caelestem
807 447 891 477 queat
903 442 1029 477 assequi;

245 495 274 517 et
285 495 351 517 tunc
362 498 471 518 omnem
486 491 622 526 justitiam
637 490 666 517 in
682 490 743 524 ipso
755 493 784 516 et
796 497 846 524 per
855 489 943 524 ipsum
957 496 1028 524 prae-

246 540 320 564 stare
346 537 449 571 poterit
472 545 540 572 pure
565 545 598 565 ac
623 536 760 572 perlecte;
784 536 844 564 sine
868 535 973 568 labore,
990 535 1032 562 in-

245 589 339 616 quam,
350 588 378 609 et
390 589 521 609 (erumna.

284 628 314 655 ν.
334 628 384 661 Qui
408 628 516 655 divinas
537 628 648 656 divitias
662 627 782 663 Spiritus
794 627 823 655 in
848 626 956 662 seipsis
982 625 1031 653 ha-

246 671 325 703 bent,
358 672 469 707 quando
488 679 551 699 cum
577 671 717 706 aliquibus
735 669 851 698 miscent
876 669 1032 706 spirituales

246 724 399 749 sermones,
408 725 455 744 eas
467 716 545 752 quasi
560 720 716 751 prementes
731 723 746 743 e
764 715 875 750 proprio
890 716 1030 747 thesauro,

247 762 282 789 iis
306 762 471 796 quibuscum
498 765 708 794 conversantur,
739 761 954 788 communicant.
980 761 1032 794 Qui

245 814 312 835 vero
327 806 483 834 istiusmodi
492 814 558 842 opes
567 815 622 834 non
638 806 854 834 recondiderunt
866 806 894 833 in
905 810 1033 841 penetra-

246 853 320 881 libus
331 853 433 886 cordis,
458 861 492 881 ex
507 861 562 888 quo
584 853 740 880 divinorum
758 859 908 885 sensuum,
933 856 1033 888 myste-

247 899 407 933 riorumque
427 903 455 926 et
481 898 671 925 doctrinarum
694 902 799 925 naturae
813 901 923 932 captum
948 905 1030 925 exce-

247 943 372 970 dentium
403 943 561 978 praestantia
596 942 781 975 redundaret;
816 942 864 969 sed
899 942 1031 970 deﬂorata

246 989 335 1015 solmn
367 988 491 1023 quaedam
523 996 539 1015 e
569 988 649 1015 libris
673 988 820 1022 utriusque
846 987 1030 1020 Testamenti,

246 1042 352 1062 summa
364 1035 391 1061 in
408 1034 500 1069 lingua
523 1033 635 1067 ferunt;
650 1038 698 1060 aut
714 1034 854 1061 auditores
868 1033 931 1061 facti
950 1034 1032 1068 spiri-

246 1080 362 1107 tualium
381 1079 525 1112 virorum;
552 1087 651 1107 eorum
673 1079 798 1107 doctrina
826 1086 855 1106 se
882 1084 1032 1112 ostentant,

245 1134 307 1162 qua:
316 1126 351 1153 ab
365 1126 399 1153 iis
414 1132 595 1161 perceperunt
617 1130 747 1160 tanquam
773 1133 823 1153 sua
847 1125 1031 1160 proferentes,

245 1176 273 1200 et
285 1176 380 1206 partus
401 1171 454 1198 sibi
485 1171 665 1206 subjicientes
696 1171 823 1198 alienos:
840 1170 870 1197 hi
893 1178 959 1198 sane
971 1170 1033 1198 aliis

245 1216 356 1251 quidem
368 1216 476 1244 facilem
487 1216 612 1251 praebent
624 1223 719 1244 eorum
731 1223 792 1251 quae
804 1215 912 1248 dicunt,
925 1216 1033 1243 fruitle-

244 1269 308 1289 nem
319 1270 327 1294 ς
340 1262 393 1297 ipsi
408 1269 474 1289 vero
492 1266 555 1296 p‘ost
569 1261 719 1289 dictionem
734 1260 911 1296 reperiuntur
926 1261 1034 1288 mendi-

245 1306 286 1334 cis
298 1306 412 1334 similes.
437 1306 543 1340 Quippe
566 1313 628 1333 cum
650 1305 684 1332 ad
707 1313 788 1333 suum
809 1313 925 1341 quaeque
936 1314 1032 1333 verum

245 1357 407 1384 auctorem,
434 1359 495 1386 qua:
520 1351 573 1386 ipsi
597 1351 665 1379 falso
690 1358 740 1386 pro
761 1351 819 1378 suis
844 1351 1032 1385 venditarum,

245 1403 342 1432 sponte
357 1398 436 1432 quasi
459 1405 508 1424 sua
530 1397 659 1430 redeant;
683 1397 751 1432 ipsis
765 1396 793 1424 in
802 1401 923 1433 egestate
940 1397 1035 1425 dome-

244 1443 314 1471 stica
325 1443 439 1476 relictis,
453 1447 548 1478 utpote
563 1443 610 1478 qui
626 1443 787 1471 thesaurum
804 1451 858 1471 non
873 1444 1035 1479 possideant

245 1490 389 1525 proprium
407 1510 414 1522 ,
430 1496 510 1524 quem
528 1489 556 1516 'si
580 1489 722 1521 haberent,
748 1494 862 1524 possent
875 1497 904 1517 se
921 1490 1032 1524 quidem

1080 270 1125 288 O'zt
1151 261 1206 297 πρὸ
1223 261 1273 296 τῆς
1296 260 1343 287 τοῦ
1369 260 1472 294 ἀγαθοῦ
1497 259 1657 294 Πνεύματος
1679 260 1868 295 μεταλήψεως.

1080 306 1153 343 Πλὴν
1168 306 1236 334 ἀλλὰ
1251 306 1298 333 καὶ
1315 305 1447 341 βιαζέσθω
1463 306 1516 337 πᾶς
1526 313 1568 337 τις
1581 305 1678 332 ἑαυτὸν
1688 305 1818 332 ἑκάστοτε
1835 305 1869 332 δι’

1080 352 1219 387 ὑπομονῆς
1230 352 1334 388 τρέχων
1349 351 1396 378 καὶ
1410 352 1538 383 πίστεως,
1553 351 1601 377 καὶ
1612 351 1722 386 θερμῶς
1740 351 1786 378 τοῦ
1800 352 1868 386 X9.-

1081 396 1143 423 στοῦ
1158 396 1272 429 δεέσθω,
1288 395 1360 422 ὥστε
1374 395 1421 422 τοῦ
1438 394 1576 431 θησαυροῦ
1597 395 1674 422 τοῦδε
1687 395 1734 421 τοῦ
1747 396 1869 430 ἐπουρα-

1080 443 1137 470 νίου
1150 442 1288 478 ιπιτυχεῖν
1299 451 1308 458 ·
1323 442 1370 469 καὶ
1382 442 1443 469 τότε
1459 443 1548 468 πᾶσαν
1562 441 1735 476 δικαιοσύνην
1751 442 1780 468 ὲν
1794 441 1868 476 αὐτῷ

1079 496 1109 516 τε
1120 487 1154 515 δι’
1169 488 1251 515 αὑτοῦ
1280 487 1365 514 ποιεῖν
1385 486 1495 513 δύναται
1522 486 1649 522 καθαρῶς
1670 487 1718 514 καὶ
1747 487 1869 519 τελείως,

1079 532 1206 568 ἀμόχθως
1223 531 1254 559 τέ
1273 539 1344 566 φημι
1363 531 1410 558 καὶ
1424 530 1631 566 ἀταλαιπώρως.

1117 624 1155 651 Ε’.
1171 625 1202 651 Οῑ
1213 624 1260 650 τδν
1270 623 1342 651 θετον
1352 623 1467 651 πλοῦτον
1479 623 1527 651 τοῦ
1544 623 1702 659 Πνεύματος
1713 624 1743 651 ὲν
1758 624 1866 656 ἑαυτοῖς

1081 668 1189 704 ἔχοντες
1202 669 1313 696 ἐπειδάν
1329 677 1385 696 τισι
1398 668 1546 697 κοινωνῶσι
1562 670 1649 704 λόγων
1664 669 1866 705 πνευματικῶν,

1081 713 1129 740 τοῦ
1148 714 1213 740 ἰδίου
1227 713 1322 749 ὥσπερ
1335 713 1510 746 ἐκϐάλλοντες
1526 714 1663 750 θησαυροῦ
1680 715 1734 746 τοῖς
1756 711 1797 746 οἷς
1818 724 1868 750 με·

1081 758 1237 785 ταδίδωσιν.
1253 758 1332 785 Ὅσοι
1355 758 1383 785 δὲ
1402 758 1448 785 τδν
1469 758 1584 786 πλοῦτον
1603 760 1632 786 ὲν
1649 760 1743 794 μυχοῖς
1757 759 1870 794 καρδίας

1082 805 1133 831 οὐκ
1146 804 1341 840 ὲθησαῦρισαν,
1360 804 1390 837 ἐξ
1405 802 1436 832 οὗ
1449 804 1529 831 θείων
1543 804 1743 840 ἐνθυμημάτων
1755 805 1804 831 καὶ
1819 814 1869 840 μυ-

1084 850 1201 885 στηρίων
1212 870 1219 882 ,
1229 849 1316 883 λόγων
1325 858 1355 876 τε
1364 850 1581 886 ὑπερϐαινόντων
1594 849 1670 885 βρύει
1686 849 1849 885 ἀγαθωσύνη
1860 859 1869 867 ·

1048 888 1069 915 Β
1083 893 1306 929 ἀπανθησάμενοί
1320 903 1381 922 τινα
1401 895 1481 929 μόνον
1493 894 1525 927 ἐξ
1539 895 1670 930 ἑκατέρας
1693 895 1804 931 Γραφῆς
1826 896 1872 922 ἐπ’

1081 939 1169 974 ἄκρας
1191 939 1240 974 τῆς
1259 939 1385 974 γλώσσης
1407 940 1546 975 φέρουσιν,
1563 940 1580 976 ἢ
1599 943 1644 967 καὶ
1659 941 1764 976 ἀνδρῶν
1785 950 1870 968 πνευ-

1084 985 1207 1019 ματικῶν
1239 985 1372 1013 ἀκουσταὶ
1400 987 1541 1022 γενόμενοι
1570 988 1627 1019 τοῖς
1653 988 1755 1014 τούτων
1780 987 1871 1022 λόγοις

1083 1030 1316 1065 ὲπικομπάζουσιν
1339 1031 1377 1063 ὡς
1399 1031 1453 1058 [δια
1474 1031 1507 1058 τὰ
1530 1032 1643 1059 εκείνων
1671 1033 1869 1068 προτείνοντες,

1082 1076 1130 1102 καὶ
1143 1077 1198 1108 τοῖς
1213 1076 1362 1112 ἀλλοτρίοις
1376 1077 1466 1109 τόκοις
1481 1078 1702 1113 ὑποδαλλόμενοι.
1717 1076 1798 1107 Οὗτοι
1819 1079 1869 1114 μὲν

1082 1120 1138 1152 τοῖς
1151 1120 1240 1152 ἄλλοις
1251 1120 1352 1147 ἄπονον
1362 1122 1503 1156 παρέσχον
1513 1123 1566 1150 τῶν
1579 1123 1733 1158 εἰρημένων
1749 1124 1871 1150 ἀπόλαυ-

1084 1174 1126 1192 σιν
1140 1174 1148 1181 ·
1166 1166 1245 1192 αὐτοὶ
1256 1166 1284 1192 δὲ
1307 1166 1377 1202 μετὰ
1399 1167 1447 1202 τὴν
1461 1167 1577 1200 διάλεξιν
1589 1170 1708 1204 πτωχοῖς
1719 1170 1870 1205 εὑρέθησαν

1083 1212 1202 1244 ἐοικότες
1215 1221 1223 1228 '
1248 1212 1296 1239 ἅτε
1321 1213 1376 1240 τῶν
1398 1213 1446 1249 μὲν
1467 1214 1553 1249 λόγων
1572 1215 1698 1249 ἑκάστου,
1719 1216 1871 1252 καθαπερεὶ

1083 1257 1152 1293 πρὸς
1176 1257 1211 1285 τὰ
1239 1258 1293 1285 [δια
1314 1259 1369 1286 τῶν
1398 1259 1445 1294 ἀφ’
1460 1257 1497 1287 ὧν
1520 1260 1623 1297 ἐλήφθη
1653 1262 1847 1294 ἐπανελθόντος
1861 1271 1870 1280 ⁸

1083 1303 1195 1330 ἐκείνων
1213 1303 1242 1330 δὲ
1264 1305 1302 1339 μὴ
1315 1305 1494 1340 κεκτημένων
1509 1305 1575 1333 rem
1596 1307 1741 1342 θησαυρὸν,
1760 1308 1807 1343 ἀφ’
1820 1305 1869 1336 οὗ-

1083 1357 1137 1384 περ
1157 1349 1276 1382 δυνατῶς
1301 1348 1375 1386 εἶχον
1402 1352 1527 1386 πρώτους
1549 1361 1579 1378 τε
1592 1353 1690 1385 αὐτοὺς
1703 1354 1870 1390 εὐφραίνειν,

1084 1394 1132 1421 καὶ
1155 1394 1219 1426 τοὺς
1243 1394 1340 1426 ἄλλους
1367 1395 1438 1422 κατὰ
1469 1395 1637 1430 μεταδίδοσιν
1674 1397 1799 1431 ὠφελεῖν.
1821 1399 1871 1424 Διὰ

1083 1437 1162 1465 τοῦτο
1179 1438 1310 1474 ζητητέον
1329 1439 1435 1474 πρῶτον
1447 1440 1523 1475 παρὰ
1535 1440 1603 1467 Θεοῦ
1619 1441 1735 1468 πλοῦτον
1750 1441 1795 1468 τὸν
1805 1442 1874 1477 ἀλη-

1086 1482 1158 1509 θινὸν
1181 1482 1273 1509 τοῦτον
1297 1483 1494 1510 είσοικίσασθαι
1506 1493 1514 1501 ·
1526 1485 1586 1512 τότε
1603 1486 1693 1521 ῥᾴδιον
1706 1487 1770 1522 ἡμῖν
1794 1487 1872 1514 ἔσται

246 1534 365 1568 primum
377 1534 451 1567 ipsos
464 1533 614 1565 oblectare,
632 1533 749 1568 aliisque
772 1533 884 1567 deinde,
903 1535 976 1562 unde
986 1535 1030 1570 ju-

1087 1527 1134 1554 καὶ
1152 1528 1262 1563 ἐτέρους
1282 1528 1409 1556 δύνασθαι
1420 1530 1545 1565 ὠφελεῖν.
1559 1531 1606 1558 καὶ
1622 1531 1708 1565 λόγων
1719 1540 1871 1567 πνευματιο

246 1584 388 1612 varentur,
407 1579 559 1613 impertire.
573 1579 722 1614 Propterea
735 1580 854 1614 primum
869 1580 1002 1608 debemus
1016 1590 1031 1609 a

245 1624 303 1652 Deo
313 1625 394 1652 nobis
412 1632 491 1651 veras
509 1625 575 1652 istas
587 1624 699 1652 divitias
713 1633 872 1660 comparare
883 1647 890 1660 ,
910 1631 976 1655 tunc
992 1628 1033 1656 fa-

245 1670 297 1698 cile
312 1671 464 1705 poterimus
479 1671 610 1705 prodesse
633 1671 695 1698 aliis
716 1672 944 1700 communicando
966 1674 1033 1709 ipsis

246 1716 384 1744 doctrinas
395 1716 553 1751 spirituales
566 1721 594 1743 ct
608 1717 747 1752 mysteria.
763 1717 809 1745 Sic
818 1718 892 1745 enim
909 1720 1032 1755 compla-

245 1762 303 1788 cuit
314 1761 415 1788 divinze
425 1762 551 1794 bonitati,
570 1762 696 1790 habitare
715 1762 742 1789 in
760 1763 886 1797 quolibet
902 1764 950 1799 qui
973 1773 1033 1792 cre-

245 1806 347 1833 diderit
360 1815 368 1840 ;
382 1807 494 1839 etenim,
525 1806 575 1839 Qui
587 1807 678 1841 diliget
698 1815 749 1840 me,
763 1807 862 1842 inquit,
878 1809 1002 1844 diligetur
1015 1819 1032 1837 a

245 1851 326 1879 Patre
338 1860 405 1884 meo,
422 1857 446 1879 et
458 1861 504 1888 ego
516 1853 626 1888 diligam
641 1861 711 1887 eum,
727 1858 751 1880 et
771 1854 946 1889 manifestabo
957 1856 981 1882 ei
992 1864 1033 1884 me

244 1899 330 1933 ipsum
340 1898 361 1925 '.
383 1899 416 1925 Et
426 1899 490 1926 alibi
503 1908 510 1925 :
524 1898 580 1934 Ego
596 1903 620 1926 ιιι
631 1898 714 1926 Pater
725 1900 868 1933 veniemus,
880 1904 904 1927 et
917 1902 1033 1928 mansio-

244 1953 304 1972 nem
318 1945 389 1980 apud
400 1953 459 1972 eum
472 1945 597 1985 faciemus
609 1946 630 1973 '.

280 1991 322 2019 Vl.
340 1990 391 2024 Qui
406 1999 439 2018 eo
453 1991 528 2027 digni
547 1991 635 2019 habiti
659 1991 776 2026 honore,
797 1996 828 2020 ut
848 1992 897 2020 ﬁlii
910 1993 957 2021 Dei
981 1993 1031 2021 ﬁe-

242 2041 316 2069 rent,
339 2043 367 2065 et
383 2037 522 2064 Christum
546 2038 575 2065 in
591 2045 621 2065 se
643 2037 711 2072 ipsis
733 2039 954 2074 resplendentem
974 2039 1031 2066 cir-

242 2082 421 2115 cumferrem,
437 2083 523 2111 variis
547 2088 576 2111 et
593 2083 786 2112 dilt'erentibus
804 2085 893 2112 modis
909 2093 924 2112 a
936 2090 1031 2113 sancto

242 2132 376 2162 reguntur
390 2128 506 2163 Spiritu,
529 2133 558 2156 et
578 2129 607 2156 in
622 2137 723 2157 arcano
740 2130 831 2158 cordis
847 2139 862 2158 a
879 2131 965 2166 gratia
981 2131 1031 2158 de-

241 2174 411 2200 mulcentur.
440 2173 514 2201 Nihil
543 2182 610 2201 vero
638 2175 841 2203 conducibilius
867 2181 921 2209 est,
949 2184 1031 2211 quam

1085 1581 1142 1600 nam
1157 1574 1204 1600 καὶ
1227 1575 1384 1610 μυστηρίων
1402 1575 1494 1608 αὐτοῖς
1519 1576 1701 1612 μεταδιδόναι.
1717 1578 1794 1606 οὓτω
1813 1581 1869 1616 γὰρ

1083 1619 1260 1655 ηὑδόιησενή
1276 1619 1323 1646 τοῦ
1336 1620 1404 1647 Θεοῦ
1418 1622 1554 1658 ἀγαθότης
1578 1624 1660 1651 παντὶ
1670 1624 1710 1660 τῷ
1723 1633 1872 1652 πεπιστευ-

1083 1664 1142 1691 κότι
1171 1665 1385 1700 ἐγκατοικῆσαι·
1412 1667 1460 1692 καὶ
1485 1667 1551 1704 γὰρ,
1572 1667 1602 1694 '0
1620 1668 1752 1703 ἀγαπῶν,
1777 1672 1872 1705 φησὶν,

1082 1711 1308 1745 ἀγαπηθήσεται
1329 1711 1388 1738 ὑπὸ
1415 1712 1468 1739 τοῦ
1502 1713 1617 1747 Πατρός
1638 1723 1717 1748 μου·
1744 1715 1794 1742 καὶ
1813 1715 1872 1750 ἐγὼ

1083 1757 1229 1791 ἀγαπήσω
1256 1758 1349 1785 αὐτὸν
1361 1779 1369 1790 ,
1384 1759 1433 1786 καὶ
1453 1759 1607 1794 ἐμφανίσω
1620 1760 1700 1793 αὐτῷ
1718 1761 1848 1796 ἐμαυτόν
1861 1769 1871 1778 ‘

1083 1804 1129 1830 καὶ
1143 1804 1171 1830 ὲν
1184 1803 1273 1835 ἄλλοις
1290 1812 1297 1819 ·
1325 1805 1399 1840 Ἐγὼ
1411 1805 1460 1832 καὶ
1473 1807 1489 1833 ό
1501 1806 1602 1841 Πατὴρ
1612 1807 1806 1842 ἐλευσόμεθα,
1821 1807 1872 1835 καί

1079 1849 1180 1883 μονὴν
1198 1849 1266 1884 παρ’
1279 1850 1359 1884 αὐτῷ
1374 1851 1552 1885 ποιήσομεν.

1118 1987 1164 2020 (τ’.
1181 1987 1213 2013 Οί
1234 1987 1316 2013 τέκνα
1341 1986 1410 2013 Θεοΰ
1429 1986 1557 2021 γενέσθαι
1575 1987 1803 2021 καταξιωθέντες,
1825 1990 1872 2016 καὶ

1081 2033 1127 2060 τὸν
1141 2033 1257 2069 Χριστὸν
1271 2034 1299 2059 ἑν
1307 2034 1414 2065 ἑαυτοῖς
1426 2034 1597 2069 ἐλλάμποντα
1609 2035 1726 2070 ἔχοντες,
1740 2036 1769 2062 ἐν
1784 2037 1873 2062 ποικί-

1081 2079 1137 2110 λοις
1157 2079 1204 2106 καὶ
1214 2079 1354 2115 διαφόροις
1367 2079 1415 2105 τοῦ
1428 2079 1497 2106 Πνεύ
1502 2088 1585 2115 ματος
1596 2079 1731 2107 διέπονται
1742 2081 1853 2116 τρόποις
1861 2100 1871 2113 ,

1081 2126 1129 2152 καὶ
1156 2126 1186 2152 ὲν
1206 2125 1246 2161 τῷ
1267 2126 1366 2160 ἀφανεῖ
1392 2125 1444 2160 τῆς
1465 2125 1579 2160 καρδίας
1616 2126 1669 2152 ὑπὸ
1687 2127 1737 2161 τῆς
1761 2127 1873 2160 χάριτος

1082 2171 1306 2208 περιθάλπονται.
1331 2172 1415 2198 Οὐδὲν
1433 2172 1462 2198 δὲ
1491 2170 1547 2198 οἷον
1572 2173 1619 2199 καί
1632 2181 1709 2204 τινας
1731 2173 1785 2199 τῶν
1801 2174 1871 2199 κατὰ

241 2218 334 2252 aliqua
347 2217 518 2253 voluptatum
527 2227 637 2254 genera,
654 2228 715 2254 quae
727 2220 755 2247 in
770 2221 873 2248 mundo
884 2223 1030 2257 conspicua

1085 2219 1187 2254 κόσμον
1202 2218 1374 2254 φαινομένων
1396 2218 1573 2245 ἀπολαύσεων
1590 2219 1630 2250 είς
1647 2219 1729 2253 μέσον
1743 2227 1873 2254 παραγα-

240 2268 314 2297 sunt,
338 2263 418 2299 199
443 2264 471 2291 in
489 2265 772 2299 mediumgadducere,
788 2271 829 2300 ut,
845 2267 946 2302 quibus
960 2267 1030 2294 frui-

241 2314 285 2336 tur
309 2310 401 2337 anima
420 2310 515 2345 gratiae
540 2310 641 2338 divinat
676 2311 906 2345 oblectamentis,
934 2312 1030 2340 iisdem

240 2360 445 2390 comparentur.
463 2356 513 2383 Est
526 2356 657 2384 videlicet
670 2357 781 2392 quando
793 2358 881 2385 sancti
901 2358 1029 2386 videntur

241 2400 406 2434 quibusdam
422 2402 498 2428 velut
511 2402 600 2436 excipi
612 2402 695 2437 regiis
710 2403 801 2437 epulis
814 2411 897 2438 supra
916 2404 1028 2432 modum

240 2446 362 2480 opiparis
377 2453 410 2473 ac
424 2447 519 2477 lautis.
537 2446 626 2482 iisque
646 2447 860 2482 iucundissime,
886 2449 942 2476 imo
957 2450 1027 2477 ultra

239 2498 321 2525 quam
339 2491 454 2526 exprimi
477 2492 595 2519 dicendo
612 2497 713 2527 queat,
741 2493 821 2520 beate
841 2495 969 2529 saginari.
994 2496 1029 2523 Et

238 2544 314 2564 nunc
335 2537 446 2571 quidem
464 2542 493 2564 ut
508 2546 608 2572 sponsa
633 2546 696 2565 cum
722 2546 823 2574 sponso
847 2540 1028 2574 spiritualiter

240 2583 460 2617 congaudenles;
477 2592 552 2611 nunc
568 2588 597 2611 ut
614 2585 768 2620 incorporei
790 2586 902 2620 quidam
924 2588 1024 2622 angeli,

239 2629 267 2656 in
285 2633 360 2656 tanta
376 2630 497 2665 agilitate
510 2635 576 2658 sunt
600 2636 629 2658 et
643 2631 772 2664 levitate,
789 2637 819 2659 ut
838 2637 936 2667 putent
949 2634 1026 2661 nullo

239 2683 354 2710 corpore
377 2684 406 2703 se
430 2677 642 2705 circumvestiri.
667 2678 824 2713 Aliquando
845 2679 929 2706 veluti
958 2684 1024 2714 potu

239 2720 330 2756 aliquo
352 2722 506 2754 exhilarati,
533 2728 562 2750 et
581 2723 709 2751 inebriati
735 2725 869 2753 ebrietate
893 2726 1025 2755 inell‘abili

240 2767 431 2800 mysteriorum
447 2768 567 2803 Spiritus
581 2770 730 2798 exsultant.
751 2770 906 2806 Aliquando
921 2772 986 2799 ﬂetu
998 2777 1025 2800 et

273 2865 284 2881 ⁸
298 2865 446 2900 Joan.x1\',
463 2867 505 2894 ΞΟ.
544 2869 553 2884 ’
570 2867 636 2895 ibid.
650 2867 694 2895 25.

1084 2266 1143 2301 γεῖν
1157 2265 1225 2300 πρὸς
1241 2265 1365 2292 εἰκασίαν
1379 2265 1434 2291 τῶν
1449 2265 1478 2291 ἐν
1491 2266 1524 2300 τῇ
1539 2265 1611 2300 ψυχῇ
1634 2264 1714 2292 θείων
1730 2265 1873 2299 διαγωγῶν

1083 2313 1132 2347 τῆς
1145 2313 1265 2347 χάριτος.
1292 2311 1369 2338 Ἔστι
1387 2311 1439 2347 γὰρ
1458 2312 1502 2337 ὅτε
1527 2311 1647 2345 γίνονται
1671 2311 1796 2345 καθάπερ
1817 2313 1873 2338 τινὶ

1084 2357 1216 2392 βασιλικῷ
1228 2357 1328 2393 δείπνῳ
1350 2357 1598 2392 ἐνευφραινὸμενοι,
1619 2357 1666 2383 καὶ
1690 2357 1874 2391 ἀγαλλιῶντες

1082 2404 1220 2439 ᾶιρραστόν
1239 2412 1300 2430 τινα
1321 2403 1369 2430 καὶ
1383 2403 1486 2438 ἄφατον
1500 2403 1661 2438 ἁγαλλίασιν
1673 2411 1679 2418 ·
1696 2404 1744 2430 καὶ
1761 2403 1808 2429 νῦν
1823 2404 1873 2437 μὲν

1080 2450 1118 2482 ὡς
1146 2450 1239 2486 νύμφη
1265 2450 1305 2486 τῷ
1316 2450 1426 2485 νυμφίῳ
1453 2450 1648 2485 πνευματικῶς
1671 2450 1870 2485 συνηδόμενοι-

1080 2497 1128 2524 νῦν
1143 2498 1172 2524 δὲ
1187 2498 1224 2529 ὡς
1243 2498 1384 2532 ἀσώματοι
1400 2505 1473 2528 τινες
1495 2498 1606 2532 ἄγγελοι
1623 2497 1742 2533 τοσαύτῃ
1757 2497 1804 2523 τοῦ
1820 2496 1872 2522 σώ-

1081 2552 1165 2578 ματος
1183 2543 1301 2579 ἐλαφρίᾳ
1326 2553 1356 2570 τε
1371 2545 1420 2571 καὶ
1434 2544 1593 2580 κουφότητι.
1609 2544 1648 2574 ὡς
1667 2543 1734 2578 μηδὲ
1752 2542 1872 2577 νομίζειν

1079 2589 1158 2623 σῶμα
1168 2590 1391 2625 περιϐεϐλῆσθαι.
1403 2590 1456 2617 Καὶ
1465 2590 1559 2617 ἄλλοτε
1572 2590 1621 2625 μὲν
1630 2589 1724 2624 ὥσπερ
1735 2589 1787 2616 τινὶ
1799 2588 1873 2622 πότῳ

1079 2636 1316 2670 ὲνευφραινὸμενοι
1337 2636 1385 2663 καὶ
1402 2636 1549 2672 μεθύοντες
1564 2635 1648 2671 μέθην
1663 2636 1803 2670 ἄφραστον
1816 2634 1872 2660 τῶν

1079 2683 1236 2717 μυστηρίων
1250 2682 1297 2709 τοῦ
1312 2683 1470 2718 Πνεύματος
1483 2690 1491 2698 ’
1504 2682 1598 2709 ἄλλοτε
1624 2682 1652 2708 δὲ
1670 2680 1807 2715 κλαυθμὸς
1824 2679 1872 2706 καὶ

1076 2728 1194 2763 ὀδυρμὸς
1207 2730 1305 2761 αὐτοὺς
1323 2729 1390 2765 ἔχει,
1407 2731 1456 2765 τῆς
1481 2730 1535 2756 τῶν
1552 2727 1703 2764 ἀνθρώπιον
1718 2727 1799 2754 ἕνεκα
1815 2733 1870 2751 σω-

1076 2774 1174 2809 τηρίας
1200 2776 1399 2811 ποτνιωμένους
1417 2783 1424 2790 ·
1445 2775 1497 2801 ὑπὸ
1521 2775 1574 2810 γὰρ
1594 2775 1645 2808 τῆς
1666 2773 1740 2804 θείας
1761 2772 1872 2805 ἀγάπης
