2075 3155
197 175 252 210 923

802 177 916 208 LIBER
936 178 985 209 DE
1003 178 1232 211 CHARITATE.

1772 179 1825 211 914

194 237 240 264 τοῦ
254 235 413 271 Πνεύματος
432 235 487 263 τῶν
501 235 653 271 ἀνθρώπων
675 235 783 262 πάντων
800 235 980 271 περικαιόμε-

1045 240 1109 263 uetu
1123 235 1263 271 squalent,
1279 235 1316 263 ob
1339 235 1483 264 hominum
1506 236 1624 264 salutem
1644 242 1707 263 cum
1722 237 1826 271 gemitu

194 290 234 308 νοι
249 281 310 309 ὅλου
332 281 379 308 τοῦ
400 282 486 317 Ἀδὰμ
504 281 536 308 τδ
558 281 656 313 πένθος
682 281 912 316 ἀναλαμβάνουσι.
927 280 982 308 Καὶ

194 324 259 351 ποτε
272 324 322 359 μὲν
335 324 404 359 πρὸς
417 324 551 360 τοσαύτην
559 325 670 360 ἀγάπην
686 325 745 360 μεθ’
759 325 855 360 ἡδονῆς
867 325 898 352 οὐ
911 325 984 360 λόγῳ

195 371 281 404 ῥητῆς
296 369 343 396 τοῦ
357 370 514 405 Πνεύματος
532 371 729 406 ἐξεκαύθησαν,
748 371 786 402 ὠς
805 369 831 397 εί
842 379 874 405 γε
887 368 922 406 ἦν
935 370 983 397 δυ-

195 416 274 442 νατὸν
289 416 367 448 ὅλως,
380 416 469 443 πάντα
484 417 627 453 ἄνθρωπον
636 419 692 449 τοῖς
708 417 872 452 σπλάγχνοις
888 416 984 451 ἐγκολ-

195 461 339 489 πώσασθαι
354 464 411 494 τοϊς
432 463 506 495 ίδίοις
518 483 526 496 ,
544 463 629 490 κακοῦ
655 463 786 499 διαφοράν
806 463 837 490 τδ
855 463 984 498 παράπαν

195 506 248 534 ἀπὸ
270 507 316 534 τοῦ
342 507 446 542 ἀγαθοῦ
465 508 502 543 μὴ
530 509 704 544 ποιούμενοι·
728 509 794 536 ποτὲ
812 509 839 536 δὲ
858 509 984 536 τοσοῦτον

195 553 308 584 ἑαυτοὺς
323 552 515 586 ὲξουδένωσαν,
533 553 571 586 ὡς
585 554 686 590 μηδένα
703 552 772 581 εῖναι
795 554 842 581 τὸν
857 555 916 590 μετ’
936 555 985 582 αὐ-

195 598 257 630 τοὺς
269 598 382 629 οἴεσθαι,
399 598 466 626 ἀλλά
485 599 593 627 πάντων
608 601 739 635 ἐσχάτους
753 601 866 632 ἑαυτοὺς
879 600 985 636 λογίζε-

197 643 269 670 σθαι.
283 643 338 670 Καὶ
353 643 400 670 νῦν
421 644 472 679 μὲν
484 644 658 681 ἀνεκλαλήτῳ
671 647 744 681 χαρᾷ
765 646 812 672 τοῦ
828 645 983 682 Πνεύματος

197 689 389 725 κατεπόθησαν
402 698 410 705 ·
428 690 476 717 νῦν
489 690 517 716 δὲ
532 689 659 726 καθάπερ
672 699 714 723 τις
729 691 785 718 τῶν
798 692 916 727 ἰσχυρῶν
933 691 984 727 βα-

197 735 304 770 σιλικήν
324 735 414 762 λαϐὼν
426 735 591 767 πανοπλίαν,
605 737 652 763 καὶ
672 735 740 771 πρὸς
752 736 871 771 πόλεμον
885 736 983 762 κατελ-

197 780 251 808 οῶν
264 781 327 812 τοὺς
342 781 477 813 ἐναντίους
492 781 730 816 κατετροπώσατο,
743 781 788 808 τὸν
808 781 864 808 ίσον
879 781 926 808 καὶ
938 778 984 808 οῦ-

196 835 237 853 τοι
253 827 354 862 τρόπον
376 827 469 858 ὅπλοις
489 827 657 862 φραξάμενοι
676 829 733 860 τοῖς
754 827 802 854 τοῦ
827 827 986 861 Πνεύματος

197 872 265 907 πρὸς
292 873 355 904 τοὺς
375 873 488 906 ἀφανεῖς
511 872 645 908 κατῆλθον
666 873 791 909 ἐχθροὺς,
812 874 860 900 καὶ
875 874 985 906 τούτους

1038 280 1260 316 ingemiscentes.
1284 281 1352 309 Nam
1367 281 1462 309 divino
1487 289 1551 317 erga
1576 289 1672 309 omnes
1700 281 1828 310 homines

1037 333 1132 354 amore
1154 327 1274 360 accensi,
1302 327 1339 355 ob
1359 331 1446 355 totum
1473 327 1624 356 humanum
1642 335 1728 363 genus
1751 327 1827 355 luctu

1037 373 1322 408 comprehenduntur.
1353 373 1387 401 Et
1404 373 1543 401 interdum
1566 378 1642 402 tanto
1656 381 1749 401 amore
1764 381 1827 401 cum

1037 419 1180 453 voluptate
1194 419 1289 446 verbis
1311 427 1367 446 non
1379 419 1558 454 exprimenda
1576 419 1735 446 inﬂammati
1751 423 1826 451 sunt.

1037 469 1079 497 ut,
1096 465 1118 492 si
1143 464 1202 493 ﬁeri
1222 465 1319 500 possit,
1333 473 1443 492 omnem
1469 473 1581 500 prorsus
1603 466 1754 498 hominem,
1768 465 1828 492 sine

1037 511 1198 539 discrimine
1213 511 1290 544 boni,
1307 512 1383 544 mali,
1402 512 1569 544 innocentis,
1594 512 1731 544 scelerati,
1757 512 1828 539 intra

1037 564 1094 585 suae
1101 558 1210 585 viscera
1225 557 1354 593 colligere
1371 558 1532 590 charitatis,
1555 562 1584 585 et
1597 557 1690 585 fovere
1704 558 1827 593 cupiant.

1036 603 1242 638 Nonnunquam
1255 603 1325 631 adeo
1339 612 1368 631 se
1394 604 1579 639 vilipendunt,
1589 608 1619 631 ut
1633 609 1725 639 pateat
1742 605 1831 632 nemi-

1037 657 1100 677 nem
1132 649 1184 677 sibi
1199 657 1260 677 esse
1278 649 1453 683 inferiorem;
1475 650 1543 685 quin
1558 654 1586 677 et
1600 655 1753 685 postremos
1768 658 1830 677 om-

1037 694 1113 722 nium
1128 702 1157 721 se
1169 702 1230 722 esse
1240 694 1410 722 existiment.
1421 695 1456 722 Et
1466 702 1541 722 nunc
1555 694 1667 729 quidem
1684 695 1829 722 inenarra-

1037 740 1088 768 bili
1118 740 1242 776 absorpti
1275 745 1340 768 sunt
1368 740 1490 776 Spiritus
1503 740 1619 776 gaudio,
1645 748 1709 768 mox
1744 741 1830 769 veluti

1038 787 1136 822 aliquis
1151 794 1183 814 ex
1196 787 1316 815 fortibus
1330 787 1464 815 heroibus
1479 787 1554 822 regia
1564 786 1678 814 indutus
1693 791 1831 814 armatura

1037 831 1066 858 in
1082 831 1184 858 bellum
1202 831 1355 864 descendit,
1373 836 1456 866 atque
1471 833 1564 859 hostes
1579 832 1739 866 propulsat;
1753 839 1832 859 eum-

1038 875 1100 903 dem
1116 876 1143 903 in
1157 876 1269 903 modum
1283 876 1476 911 etipsi,armis
1490 876 1610 911 Spiritus
1621 877 1834 909 muniti,invisi-

197 917 254 948 τοῖς
267 918 347 944 ποσὶν
360 917 490 944 ὑπέθεντο
509 917 565 949 τοῖς
587 917 663 949 ίδίοις
676 925 683 932 ·
697 917 759 951 ἀρτι
775 917 824 952 μὲν
839 917 923 953 πολλή
946 925 988 950 τις

1041 922 1108 949 biles
1121 922 1285 949 adoriuntur
1308 922 1445 954 inimicos,
1459 930 1561 956 eosque
1575 922 1697 957 propriis
1716 923 1831 950 concul-

198 961 303 997 γαλήνη
330 962 429 994 αὐτοὺς
454 962 616 998 περιϐάλλει
638 963 685 990 καὶ
707 963 820 998 ἡσυχία,
841 963 935 998 εἰρήνη
958 971 988 989 τε

198 1008 372 1043 περιθάλπει,
395 1008 442 1035 καὶ
458 1009 539 1044 ἡδονῇ
560 1008 670 1044 κάτοχοι
685 1008 806 1042 γίνονται
828 1008 967 1044 Θαυμασίᾳ
978 1017 986 1024 ·

199 1053 261 1089 ἄρτι
271 1054 299 1081 δὲ
313 1054 419 1081 συνέσει
431 1055 478 1081 καὶ
494 1054 575 1090 σοφίᾳ
586 1054 646 1090 Θείᾳ
657 1055 706 1082 καὶ
717 1054 817 1088 γνώσει
832 1054 989 1089 Πνεύματος

199 1097 402 1134 ἀνεξερευνήτῳ
416 1107 423 1113 ⁸
437 1099 548 1126 τοιαῦτα
568 1099 637 1134 πρὸς
652 1099 702 1134 τῆς
717 1098 764 1125 τοῦ
777 1099 897 1134 Χριστοῦ
909 1098 988 1132 σοφί-

200 1144 291 1177 ζονται
315 1144 437 1180 χάριτος,
463 1145 481 1172 ἃ
507 1145 631 1181 μηδεμιᾷ
661 1144 771 1181 γλώσσῃ
794 1144 908 1179 δύναμις
921 1145 990 1178 ἐξει-

201 1191 272 1219 πεῖν,
298 1191 376 1217 Ἐστι
390 1191 412 1217 δ’
427 1191 472 1218 ὅτε
496 1191 545 1218 καὶ
560 1191 598 1222 ὼς
612 1191 660 1217 ἕνα
681 1190 735 1217 τῶν
758 1190 868 1217 πάντων
888 1191 989 1222 αὐτοὺς

201 1234 352 1270 ἀνθρώπων
373 1235 433 1270 ὕψει
466 1236 648 1271 φαινομένους
663 1242 671 1250 ·
698 1234 784 1268 οὕτως
798 1236 816 1270 ἡ
838 1235 898 1262 θεία
910 1236 990 1270 χάρις

200 1281 378 1317 πολυτρόπως
405 1282 506 1316 ἑαυτὴν
532 1282 562 1308 ἐν
589 1282 695 1313 τούτοις
717 1281 916 1313 ὲξαλλάττουσα
943 1281 990 1308 καὶ

200 1327 377 1357 ποικίλλουσα
393 1328 576 1363 παιδοτριϐεῖν
594 1327 689 1363 ὥσπερ
701 1327 751 1354 καὶ
765 1327 914 1362 γυμνάζειν
928 1327 990 1362 βού-

199 1373 275 1401 λεται
307 1374 357 1409 τὴν
384 1374 483 1409 ψυχὴν,
515 1374 558 1401 ἵνα
586 1373 694 1401 τελείαν
724 1371 808 1408 αὐτὴν
836 1373 884 1400 καὶ
912 1372 991 1407 ἀμω-

203 1427 254 1454 μον
275 1420 322 1446 καὶ
347 1419 547 1455 καθαρωτάτην
574 1419 614 1454 τῷ
638 1418 792 1455 ὲπουρανίῳ
825 1419 989 1455 παραστήσῃ

200 1465 350 1499 Πνεύματι.

233 1509 271 1535 Ζ¹.
284 1507 325 1535 Τὰ
337 1508 470 1544 εἰρημένα
481 1508 560 1535 ταυτὶ
572 1507 618 1535 τοῦ
627 1508 783 1544 Πνεύματος
797 1508 972 1544 ἐνεργήματα
981 1527 990 1540 ,

201 1553 330 1588 μεγάλων
343 1554 451 1589 μέτρων
466 1554 530 1587 sint,
549 1554 661 1580 καὶτῶν
676 1554 818 1588 ἐγγυτάτω
833 1555 882 1589 τῆς
894 1553 992 1580 τελειό-

199 1597 393 1635 τητος.Ἀῦται
406 1600 461 1635 γὰρ
470 1601 498 1627 αἱ
516 1600 637 1627 ποικίλαι
652 1600 704 1634 τῆς
719 1600 830 1635 χάριτος
845 1599 989 1635 παρακλή-

201 1653 256 1676 σεις
267 1645 403 1680 διαφόρως
419 1646 484 1680 μὲν,
500 1645 557 1672 ἀλλ’
573 1645 754 1677 ἀδιαλείπτως
768 1645 859 1676 αὐτοῖς
874 1644 928 1671 ἀπὸ
944 1644 989 1671 τοῦ

200 1692 361 1726 Πνεύματος
381 1691 567 1727 ὲνεργοῦνται,
594 1692 735 1727 ὲνεργείας
748 1691 889 1727 ἐνέργειαν
905 1690 991 1717 Πνεύ-

202 1748 287 1774 ματος
299 1738 503 1773 ὅιαδεχομένης.
527 1737 623 1765 Ὁπότε
637 1738 692 1773 γὰρ
711 1738 750 1769 είς
764 1737 814 1772 τὴν
832 1736 992 1771 τελειότητά

199 1793 241 1815 τις
263 1784 309 1811 τοῦ
338 1784 497 1818 Πνεύματος
520 1785 712 1818 καταντήσειε,
738 1782 848 1809 πάντων
868 1783 992 1818 ἀκριὸὦς

199 1830 254 1857 τῶν
267 1829 361 1856 παθῶν
383 1829 598 1864 ἀποκαθαρθεὶς,
618 1829 667 1855 καὶ
678 1828 746 1860 ὅλως
762 1828 802 1863 τῷ
818 1829 992 1864 Παρακλήτῳ

200 1874 341 1908 Πνεύματι
355 1873 399 1900 διὰ
412 1873 462 1908 τῆς
476 1873 596 1908 ἀρρήτου
614 1871 757 1903 κοινωνίας
769 1871 879 1903 ὲνωθεες
893 1878 900 1886 '
914 1873 991 1899 ὲπει-

200 1921 251 1949 saw
263 1919 311 1946 καὶ
326 1918 395 1954 αὐτή
410 1919 427 1953 ὴ
442 1918 516 1954 ψυχὴ
530 1917 713 1952 καταξιωθείη
725 1917 837 1954 Πνεῦμα
851 1918 991 1953 γενέσθαι,

201 1966 239 1996 ὡς
264 1963 452 2000 συγκραθεῖσα
473 1963 512 1999 τῷ
533 1963 683 1998 Πνεύματι,
695 1963 756 1990 τότε
774 1964 834 1990 ὅλον
844 1963 913 1998 φῶς,
932 1963 992 1990 ὅλον

201 2011 284 2047 χαρὰ,
298 2011 356 2037 ὅλον
369 2010 533 2042 ἀνάπαυσις,
547 2009 606 2036 ὅλον
623 2009 794 2043 ἀγαλλίασις,
811 2010 872 2037 ὅλον
885 2010 991 2045 ἀγάπη,

201 2057 262 2084 ὅλον
274 2057 426 2091 σπλάγχνα,
449 2056 509 2083 ὅλον
523 2055 659 2090 ἀγαθότης
688 2055 737 2082 καὶ
751 2056 904 2091 χρηστότης
919 2057 994 2090 γίνε-

200 2111 247 2130 ται
263 2111 271 2118 ·
287 2102 334 2129 καὶ
349 2103 430 2129 οἱονεὶ
452 2101 639 2128 καταπέποται
652 2102 693 2133 τίς
707 2101 757 2133 τὰς
772 2101 872 2136 ἀρετὰς
885 2102 933 2137 τῆς
949 2102 994 2128 δυ-

200 2149 310 2184 νάμεως
324 2148 371 2175 τοῦ
383 2147 486 2182 ἀγαθοῦ
500 2147 667 2182 Πνεύματος,
679 2147 716 2178 ὡς
728 2147 758 2173 ἑν
768 2147 880 2183 ἀὸύσσῳ
893 2147 992 2175 Θαλάσ-

203 2203 254 2230 σης
267 2195 340 2226 λίθος
366 2194 443 2221 ὕδατι
470 2193 639 2229 πανταχόθεν
662 2193 860 2229 περισχόμενος
876 2201 882 2209 ·
907 2193 993 2230 ταύτῃ

1039 973 1102 995 cant
1129 968 1258 1002 pedibus.
1289 967 1340 995 Est
1372 975 1434 995 eum
1459 968 1533 1002 ipsos
1562 969 1647 995 multa
1669 968 1834 995 circumam-

1039 1013 1168 1048 plectitur
1197 1013 1330 1040 serenitas
1350 1018 1378 1040 ct
1403 1012 1599 1047 tranquillitas.
1626 1021 1732 1048 paxque
1758 1013 1833 1042 fovet

1040 1058 1131 1090 beata,
1148 1061 1177 1085 et
1189 1058 1330 1092 voluptate
1342 1057 1405 1084 imis
1417 1058 1445 1084 in
1462 1057 1590 1084 sensibus
1604 1057 1743 1084 delibatos
1754 1064 1833 1092 pror-

1040 1111 1088 1131 sus
1103 1103 1182 1132 mira.
1201 1103 1307 1131 Rursus
1333 1103 1482 1138 prudentia
1494 1122 1502 1135 ,
1521 1102 1657 1137 sapientia
1685 1102 1778 1129 divina
1803 1107 1833 1130 et

1039 1148 1198 1184 cognitione
1221 1147 1339 1182 Spiritus
1358 1146 1490 1174 ineli‘abili
1521 1146 1648 1179 beantur,
1672 1150 1701 1173 et
1732 1149 1773 1173 tot
1798 1153 1831 1173 ac

1040 1197 1132 1220 tantas
1155 1200 1200 1220 res
1226 1200 1242 1220 a
1263 1192 1348 1228 gratia
1375 1191 1477 1219 Christi
1502 1191 1667 1224 edocentur,
1699 1195 1730 1218 ut
1756 1191 1831 1218 nulla

1040 1238 1133 1274 lingua
1148 1245 1181 1265 ea
1196 1238 1283 1272 possit
1296 1237 1386 1265 effari.
1401 1238 1450 1265 Est
1461 1245 1528 1265 vero
1542 1237 1654 1272 quando
1667 1245 1723 1264 non
1739 1237 1784 1264 alii
1800 1245 1833 1265 ac

1040 1291 1113 1311 unus
1132 1291 1166 1311 ex
1178 1284 1260 1319 vulgo
1282 1287 1444 1318 appareant.
1472 1283 1517 1310 Sic
1539 1283 1718 1310 multifariam
1739 1283 1833 1310 divina

1041 1329 1129 1364 gratia
1149 1337 1178 1357 se
1194 1329 1280 1364 ipsam
1299 1329 1410 1356 varians
1430 1336 1462 1356 ac
1477 1328 1669 1364 multipliciter
1697 1328 1833 1356 transfor-

1041 1383 1120 1403 mans
1132 1383 1263 1403 exercere
1278 1376 1338 1402 vult
1367 1383 1400 1402 ac
1421 1375 1531 1402 diverse
1545 1375 1685 1402 instruere
1701 1375 1832 1406 animam,

1042 1424 1073 1446 ut
1101 1419 1249 1454 perfectam
1279 1419 1382 1454 ipsam.
1404 1419 1628 1451 immaculatam,
1656 1418 1834 1453 purissimam

1041 1466 1231 1500 supercmlesti
1244 1465 1321 1492 sistat
1338 1464 1463 1500 Spiritui.

1076 1511 1134 1539 Vll.
1159 1511 1191 1538 Hi
1212 1519 1282 1546 quos
1309 1511 1392 1538 modo
1423 1510 1544 1537 diximus
1572 1509 1691 1544 Spiritus
1719 1509 1836 1537 effectus

1042 1565 1204 1593 magnorum
1219 1557 1354 1593 graduum
1370 1560 1452 1588 sunt,
1469 1561 1497 1583 et
1511 1555 1677 1591 perfectioni
1695 1555 1836 1590 proximo—

1042 1612 1115 1631 rum.
1133 1603 1180 1631 Ha:
1198 1603 1335 1638 siquidem
1357 1602 1473 1629 diversa:
1499 1601 1703 1629 consolationes
1725 1601 1833 1636 gratias,

1043 1649 1206 1677 dilferenter
1221 1649 1333 1683 quidem
1359 1652 1491 1676 caeterum
1508 1647 1699 1675 indesinenter
1723 1647 1751 1674 in
1772 1647 1806 1674 iis
1818 1655 1835 1675 α

1043 1693 1147 1728 Spiritu
1165 1698 1341 1726 exercentur,
1359 1693 1520 1727 operatione
1533 1691 1722 1727 operationem
1748 1690 1836 1725 Spiri-

1043 1743 1089 1766 tus
1117 1746 1226 1773 semper
1249 1737 1422 1772 excipiente.
1438 1737 1554 1769 Quando
1570 1736 1644 1763 enim
1669 1736 1772 1770 aliquis
1799 1735 1835 1762 ad

1043 1783 1239 1818 perfectionem
1265 1783 1384 1817 Spiritus
1395 1783 1563 1817 pervenerit,
1582 1782 1691 1809 cunctis
1713 1781 1835 1816 perfecte

1043 1829 1299 1864 perturbationibus
1335 1833 1488 1863 purgatus,
1523 1832 1552 1854 et
1577 1832 1653 1855 totus
1690 1827 1834 1855 Paracleto

1043 1873 1157 1908 Spiritui
1174 1881 1224 1907 per
1244 1873 1412 1900 ineffabilem
1428 1871 1650 1899 communionem
1668 1872 1779 1904 unitus;
1806 1876 1835 1899 et

1043 1927 1105 1947 cum
1117 1919 1178 1954 ejus
1192 1919 1283 1946 anima
1299 1919 1333 1946 ad
1347 1926 1407 1946 eam
1419 1922 1515 1946 evecta
1533 1918 1720 1952 dignationem
1733 1917 1833 1950 fuerit,

1044 1969 1075 1992 ut
1083 1964 1204 2000 Spiritus
1228 1968 1257 1992 et
1269 1964 1327 1999 ipsa
1350 1964 1398 1995 sit,
1412 1963 1439 1991 in
1455 1971 1540 1990 unum
1558 1971 1620 1990 cum
1645 1963 1749 1998 Spiritu
1766 1970 1834 1990 con-

1043 2016 1137 2045 creta;
1153 2015 1220 2038 tunc
1231 2014 1305 2038 totus
1319 2011 1376 2043 lux,
1388 2015 1462 2038 totus
1478 2010 1621 2045 gaudium,
1631 2013 1705 2036 totus
1715 2009 1832 2043 requies.

1044 2062 1119 2086 totus
1143 2057 1312 2090 exsultatio,
1343 2060 1418 2084 totus
1429 2056 1562 2088 charitas,
1591 2060 1666 2083 totus
1694 2055 1835 2083 visceralis

1043 2104 1208 2139 compassio,
1226 2108 1300 2130 totus
1323 2102 1449 2135 bonitas,
1466 2106 1541 2129 totus
1561 2101 1716 2136 benignitas
1735 2101 1778 2135 fit;
1807 2105 1836 2128 et

1045 2149 1123 2184 quasi
1142 2148 1289 2183 absorptus
1304 2148 1479 2183 immergitur
1504 2147 1532 2174 in
1571 2147 1687 2175 virtutes
1707 2147 1837 2181 potentia:

1047 2195 1111 2222 boni
1127 2194 1259 2230 Spiritus,
1288 2194 1361 2222 sicut
1392 2193 1420 2220 in
1448 2193 1549 2228 abysso
1566 2192 1650 2219 maris
1674 2192 1744 2227 lapis
1765 2199 1836 2227 aqua

202 2241 349 2276 τοιγαροῦν
372 2241 397 2266 οί
419 2240 514 2267 τοιοίδε
537 2239 608 2267 κατὰ
629 2240 719 2266 πάντα
745 2239 857 2274 τρόπον,
882 2239 923 2275 τῷ
944 2240 989 2267 τοῦ

1047 2241 1231 2276 undecunque
1245 2240 1475 2276 comprehensus.
1493 2239 1522 2266 In
1538 2239 1611 2265 hunc
1624 2239 1707 2274 igitur
1724 2238 1836 2265 modum

205 2286 274 2314 Θεοῦ
287 2286 426 2320 Πνεύματι
442 2285 634 2321 συναφθέντες,
648 2285 724 2321 αὺτῷ
737 2285 777 2321 τῷ
790 2286 901 2322 Χριστῷ
918 2287 993 2320 ἀφωη

172 2364 177 2369 η
204 2333 344 2367 μοίωνται,
377 2332 427 2364 τὰς
459 2332 560 2368 ἀρετάς
582 2331 630 2358 τοῦ
654 2331 814 2366 Πνεύματος
841 2332 994 2367 ἀτρέπτους

203 2379 267 2413 παρ’
284 2379 390 2410 ἑαυτοῖς
418 2378 535 2413 ἔχοντες,
560 2378 606 2404 καὶ
634 2378 759 2413 καρποὺς
774 2377 912 2409 τοιούτους
935 2379 993 2409 τοῖς

205 2422 288 2448 πᾶσιν
302 2422 528 2457 ἐπιδεικνύμενοι.
546 2422 607 2449 Ἐπὶ
621 2422 675 2457 γὰρ
688 2422 761 2449 ἔνδον
776 2421 887 2457 ἄμωμοί
901 2431 930 2450 τε
947 2423 995 2450 καὶ

204 2468 318 2502 καθαροὶ
330 2468 374 2495 διὰ
388 2469 436 2494 τοῦ
448 2468 608 2504 Πνεύματος
619 2467 839 2508 ἀπηρτίσθησαν,
852 2469 993 2505 ἀμήχανον

203 2514 256 2546 ἔξω
271 2515 394 2550 καρποὺς
419 2514 520 2546 κακίας
550 2515 762 2549 προσενεγκεῖν,
787 2515 854 2541 ἀλλὰ
878 2515 994 2541 πάντοτε

202 2560 246 2587 διὰ
258 2563 367 2587 πάντων
383 2562 408 2588 οἱ
424 2562 525 2596 καρποὶ
538 2561 584 2587 τοῦ
598 2561 667 2587 Πνεύ
672 2569 755 2596 ματος
771 2562 800 2587 ἓν
815 2561 921 2593 ἑαυτοῖς
932 2561 994 2587 δια-

203 2607 357 2641 λάμπουσιν
373 2616 379 2623 ⁸
393 2607 464 2642 αὕτη
478 2609 551 2634 ἐστὶν
571 2608 588 2642 ή
602 2608 728 2642 προκοπὴ
743 2609 793 2643 τῆς
808 2608 995 2642 πνευματικῆς

206 2653 385 2688 τελειότητος,
414 2653 462 2679 τοῦ
493 2653 677 2688 πληρώματος
688 2653 734 2679 τοῦ
757 2653 885 2688 Χριστοῦ,
910 2654 950 2685 είς
962 2654 995 2688 ἢν

207 2698 308 2730 ιξθάσαι
332 2700 406 2734 ἡμᾶς
430 2701 444 2725 ό
469 2699 630 2731 ’Δπόστολος
642 2701 770 2734 παραινεῖ
792 2699 879 2733 λέγων
897 2708 904 2715 ·
924 2699 990 2726 'Ira

207 2742 383 2780 «πληρωθῆτε
405 2746 450 2780 εις
479 2743 542 2774 πᾶν
563 2745 597 2773 τὸ
623 2746 768 2780 πλήρωμα
788 2745 842 2772 τοῦ
856 2744 994 2779 Χριστοῦ.

251 2876 273 2893 ιθ
285 2876 385 2911 Ephes.
403 2885 443 2910 Ill,
463 2878 504 2905 19.

1042 2288 1111 2315 tales
1128 2287 1254 2315 homines
1277 2286 1435 2314 omnimode
1452 2286 1499 2313 Dei
1522 2285 1637 2320 Spiritui
1651 2286 1833 2314 cohaerentes.

1043 2333 1094 2368 ipsi
1106 2332 1217 2360 Christo
1240 2332 1440 2363 assimilantur,
1458 2331 1576 2357 virtutes
1593 2330 1716 2364 Spiritus
1737 2330 1836 2355 intutu-

1043 2379 1143 2407 tabiles
1158 2379 1186 2406 in
1201 2387 1231 2406 se
1247 2379 1314 2413 ipsis
1329 2378 1463 2406 habentes
1474 2398 1482 2410 ,
1507 2382 1535 2404 et
1547 2377 1654 2404 fructus
1669 2375 1704 2402 iis
1717 2382 1836 2402 consen-

1044 2431 1138 2454 taneos
1153 2425 1263 2453 cunctis
1277 2425 1450 2452 exhibentes.
1469 2423 1541 2451 Fieri
1563 2422 1637 2449 enim
1666 2421 1763 2455 nequit
1795 2424 1836 2453 ut,

1047 2479 1109 2500 cum
1122 2471 1197 2499 intus
1210 2470 1262 2505 ipsi
1278 2470 1410 2505 inculpati
1423 2474 1451 2496 et
1465 2469 1526 2504 puri
1538 2476 1587 2503 per
1603 2467 1734 2501 Spiritum
1746 2465 1837 2493 eil'eeti

1048 2518 1113 2550 sint,
1129 2516 1236 2544 fructus
1248 2520 1325 2543 extra
1339 2515 1451 2542 malitia:
1471 2513 1626 2549 proferant;
1649 2512 1697 2539 sed
1711 2511 1786 2538 omni
1804 2518 1838 2538 ex

1048 2567 1125 2597 parte
1140 2570 1189 2597 per
1218 2562 1310 2589 omnia
1335 2561 1441 2588 fruetus
1465 2561 1493 2587 in
1510 2560 1545 2587 iis
1568 2558 1688 2594 Spiritus
1715 2558 1836 2585 elucent.

1049 2606 1122 2634 Talis
1147 2606 1287 2641 profectus
1303 2611 1346 2633 est
1370 2605 1523 2640 spiritualis
1548 2603 1736 2638 perfectionis,
1752 2601 1838 2637 pleni-

1049 2652 1146 2679 tudinis
1162 2652 1271 2684 Christi,
1298 2652 1326 2678 in
1341 2658 1423 2686 quam
1443 2657 1590 2677 occurrere
1620 2656 1671 2676 nos
1689 2648 1838 2682 Apostolus

1049 2698 1213 2725 adhortatur
1220 2697 1315 2724 dicens
1329 2705 1336 2724 :
1353 2696 1384 2724 Ut
1411 2695 1576 2731 impleamini
1590 2695 1617 2721 in
1637 2702 1740 2721 onmem
1752 2693 1838 2726 pleni-

1050 2744 1166 2771 tudinem
1190 2743 1331 2772 Christi".
1360 2743 1394 2770 Et
1415 2750 1512 2770 rursus
1529 2750 1536 2768 :
1553 2740 1641 2768 Donec
1670 2747 1840 2767 occurramus
