2075 3155
264 164 318 197 915

890 163 920 192 S.
942 161 1099 192 MACARII
1122 162 1283 192 zEGYPTII

1842 160 1894 192 916

263 221 291 248 iu
305 219 390 246 uirum
406 219 549 254 perfectum
565 218 592 244 in
610 224 761 243 mensuram
782 216 868 243 celatis
885 216 1055 251 plenitudinis

1110 216 1163 243 Καὶ
1188 217 1269 244 πάλιν
1282 225 1288 231 ·
1312 216 1406 251 Μέχρι
1423 215 1658 249 καταντήσωμεν
1674 216 1718 247 εἰς
1740 215 1834 249 ἄνδρα
1848 217 1894 243 τέ-

264 265 361 292 Christi
370 265 401 292 ¹¹.

301 356 382 390 200
395 355 462 382 VIII.
480 355 529 382 Esi.
544 354 672 389 quando,
689 354 770 382 simul
785 362 817 382 ac
835 354 931 390 incipit
951 354 1054 389 aliquis
1078 375 1082 378 ι

266 409 335 436 genu
345 400 466 432 flectere,
474 400 585 434 plenum
597 399 662 426 huic
674 404 787 434 repente
795 399 1054 434 divinaoperatione

267 447 296 473 Iit
312 453 377 478 cor;
391 450 418 472 et
433 446 524 472 anima
539 444 746 472 condclectatur
763 445 889 475 Domino.
904 444 938 471 ad
957 444 1052 476 instar,

266 495 296 517 ut
306 491 410 518 dictum
418 496 471 521 est.
483 499 589 526 sponsa:
599 499 660 518 cum
671 499 781 525 sponso.
795 490 851 517 Iloc
863 498 977 526 magnus
987 491 1054 518 dicit

265 535 348 562 Isaias
359 545 364 562 :
377 535 433 567 Quo
446 536 514 562 enim
525 536 599 561 modo
609 535 704 570 gaudet
713 543 823 568 sponsus
831 542 910 569 super
916 543 1052 570 sponsam,

260 580 302 605 sic
316 579 437 614 gaudebit
456 578 581 606 Dominus
595 587 671 613 super
685 582 709 604 te
720 579 751 605 ”.
764 578 811 605 Est
829 578 910 605 etiam
920 598 927 610 ,
944 578 1054 613 quando

268 626 403 661 contingit
424 626 553 660 occupari
565 625 675 660 quidem
693 625 772 652 talem
790 629 846 651 tota
859 624 920 658 die;
939 632 992 652 una
1006 632 1054 652 au-

264 675 319 697 tem
336 671 381 698 ubi
397 678 426 698 se
440 670 511 697 idem
533 671 599 697 hora
611 670 730 697 orationi
753 670 921 704 permiserit,
949 671 1053 705 rapitur

264 717 298 744 ab
312 717 371 752 ipsa
387 717 503 744 interior
520 717 612 748 homo,
629 721 656 743 et
671 716 805 743 immenso
822 717 960 751 profundo
978 717 1053 745 illius

260 763 355 790 seculi
368 763 452 790 futuri
469 767 577 790 tenetur
590 763 814 797 comprehensus.
827 762 951 790 Oblectat
961 767 1053 790 autem

264 808 354 843 ipsum
373 816 471 836 arcana
488 812 516 835 et
533 807 681 835 inell'abilis
702 808 843 843 voluptas,
859 808 895 835 ita
920 813 950 835 ut
976 816 1053 837 mens

263 854 375 888 quidem
395 854 569 889 Obstupescat
605 857 661 880 tota
690 861 823 888 suspensa
839 859 866 880 et
880 854 910 880 in
933 855 1052 883 sublime

1107 264 1201 294 λιι-ιον,
1226 263 1269 295 εις
1280 262 1392 296 μέτρον
1415 261 1537 295 ἡλικίας
1557 260 1611 288 τοῦ
1627 260 1825 295 πληρώματος
1841 262 1894 289 τοῦ

1108 306 1246 340 Χριστοῦ.

1143 354 1183 379 ﬂ’.
1206 353 1299 379 Ἔστιν
1319 353 1374 384 ὅτε,
1391 352 1484 386 φησιν,
1496 351 1649 387 εἰσέρχεταί
1657 360 1699 383 τις
1716 351 1805 378 κλῖναι
1817 351 1892 384 γόνυ,

1108 398 1156 425 καὶ
1167 398 1254 432 τούτῳ
1275 397 1291 432 ἡ
1308 396 1405 431 καρδία
1425 396 1510 432 μεστὴ
1526 396 1601 428 θείας
1617 396 1758 431 ἐνεργείας
1777 396 1894 429 γίνεται,

1108 444 1155 470 καὶ
1168 444 1185 478 ή
1196 443 1268 478 ψυχὴ
1284 442 1505 477 συνευφραίνεται
1524 442 1629 477 Κυρίῳ,
1645 442 1769 476 καθάπερ
1783 442 1832 477 ἤδη
1852 441 1894 468 δε-

1108 488 1242 523 δήλωται,
1263 487 1372 523 νύμφης
1383 487 1483 523 τρόπον
1498 487 1568 514 κατὰ
1582 487 1629 514 τοῦ
1645 487 1773 522 νυμφίου.
1792 487 1821 513 ’0
1847 487 1894 521 μέ-

1108 542 1158 567 γας
1171 532 1250 559 τοῦτό
1263 541 1347 567 φησιν
1368 532 1481 563 Ἡσαΐας
1494 540 1500 546 ·
1519 532 1573 558 Ὃν
1583 532 1638 566 γὰρ
1653 532 1764 566 τρόπον
1774 532 1893 566 εὐφραί-

1107 587 1186 606 νεται
1199 579 1330 613 νυμφίος
1340 578 1389 604 ἐπὶ
1403 578 1532 612 νύμφης,
1547 577 1640 609 οὕτως
1656 577 1895 611 εὐφρανθήσεται

1107 625 1214 658 Κύριος
1231 624 1279 650 ἐπὶ
1295 624 1356 651 σοι·
1375 623 1466 650 ἔστιδ’
1480 624 1524 650 ὅτε
1541 622 1640 658 συνέόη
1657 623 1706 658 μὲν
1722 622 1895 658 ἀσχολεῖσθαι

1107 671 1152 697 τὸν
1163 670 1282 698 τοιοῦτον
1293 670 1356 705 ὅλης
1374 669 1490 705 ἡμέρας,
1507 669 1578 696 κατὰ
1591 669 1619 695 δὲ
1633 668 1697 704 μίαν
1708 668 1782 703 ὤραν
1794 669 1834 700 εἰς
1850 668 1895 694 εὑ-

1107 717 1158 752 χὴν
1181 716 1276 743 ἑαυτὸν
1296 714 1490 750 ἐπιτρέψαντα,
1516 714 1670 749 ἀρπάζεται
1696 714 1761 749 παρ’
1785 714 1895 748 αὺτῆςό

1108 762 1161 789 ἔσω
1175 761 1329 796 ἄνθρωπος,
1347 761 1394 787 καὶ
1406 760 1520 795 κάτοχος
1531 760 1638 795 ἀπείρῳ
1653 759 1728 794 βάθει
1741 759 1788 786 τοῦ
1798 760 1895 791 αἰῶνος

1107 808 1212 836 ἐκείνου
1227 808 1342 842 γίνεται.
1361 807 1437 842 Ἔχει
1452 807 1479 833 δὲ
1494 806 1575 833 αὐτὸν
1586 805 1742 841 ἀπόρρητος
1753 804 1844 840 ἡδονὴ,
1858 804 1896 836 ὡς

1108 854 1309 889 ἐκπλήττεσθαι
1334 853 1385 888 μὲν
1399 853 1445 880 τὸν
1458 852 1520 879 νοῦν
1543 853 1682 888 μετέωρον
1695 851 1755 878 ὅλον
1767 851 1832 878 ὄντα
1847 852 1896 878 καὶ

264 904 358 934 rapta;
373 899 529 934 oblivioque
553 899 669 926 internis
688 899 818 926 sensibus
843 899 976 933 subrepat
1000 904 1055 927 ter-

1107 900 1283 935 ήρπαγμένον
1296 907 1303 914 ·
1333 899 1419 934 λήθην
1433 898 1463 925 δὲ
1486 898 1546 928 ταῖς
1560 897 1658 932 φρεσὶν
1673 896 1829 930 ἐγγίνεσθαι
1846 896 1895 923 τοῦ

265 953 338 972 rena:
353 945 434 980 hujus
457 945 550 972 mundi
577 944 734 979 sapientiae;
752 948 847 979 utpote
875 945 987 979 repletis
1001 945 1053 980 ipsi

263 989 370 1023 objecto
383 989 501 1024 digniori
517 989 731 1024 cogitationibus
742 1008 748 1019 .
777 993 807 1016 ut
831 989 936 1016 dictum
952 994 1010 1022 est,
1026 994 1055 1017 et

263 1034 380 1068 captivis
405 1035 501 1069 procul
524 1034 652 1061 abductis
671 1034 904 1068 contemplatione
929 1035 1053 1063 infinita-

263 1087 325 1106 rum
352 1083 380 1107 et
408 1079 728 1114 incomprehensibilium
755 1087 848 1106 rerum
864 1100 872 1112 ,
890 1085 923 1108 ut
952 1081 980 1108 in
1008 1081 1053 1108 illa

264 1125 331 1153 liora
345 1133 395 1160 per
408 1125 560 1152 orationem
587 1125 692 1152 homini
712 1125 819 1152 accidat
840 1126 950 1154 evolare
972 1127 1054 1154 simul

263 1178 326 1197 cum
339 1170 464 1197 oratione
476 1170 563 1205 ipsius
572 1171 701 1198 animam.

298 1224 346 1252 IX.
365 1224 406 1252 Ad
418 1225 632 1260 interrogantem
657 1230 760 1257 autem.
789 1233 824 1253 an
839 1226 978 1261 possibile
1002 1227 1053 1254 ho-

263 1271 330 1298 mini
342 1271 378 1299 sit
393 1271 420 1298 in
435 1279 468 1299 eo
480 1279 589 1306 semper
603 1276 677 1299 statu
691 1271 803 1304 durare,
826 1272 867 1300 sic
882 1273 1054 1308 responden-

261 1317 328 1344 dum
338 1323 381 1345 est
399 1325 559 1352 :nunquam
582 1317 694 1352 quidem
708 1318 822 1352 gratiam
840 1326 895 1345 non
914 1318 1013 1349 inesse.
1025 1324 1054 1346 et

260 1371 319 1390 non
343 1363 453 1398 penitus
466 1363 584 1390 radicari
607 1363 689 1398 quasi
712 1363 911 1391 coalescentem
923 1364 951 1390 in
975 1368 1054 1391 natu-

264 1415 323 1434 ram
339 1415 425 1434 unam
451 1407 556 1434 homini
573 1406 600 1433 in
618 1414 673 1441 quo
688 1411 740 1434 est.
757 1406 891 1434 Ceterum
917 1414 970 1434 una
990 1415 1053 1434 cum

261 1453 300 1481 sit
313 1453 382 1488 ipsa,
401 1461 456 1480 non
472 1461 527 1480 uno
545 1458 636 1480 tamen
653 1452 746 1485 modo,
775 1452 824 1480 sed
851 1453 1051 1488 multipliciter,

264 1503 349 1533 prout
360 1499 430 1530 vultl
446 1503 474 1525 et
489 1498 638 1526 convenire
656 1499 733 1525 videt
743 1498 778 1526 ad
798 1498 885 1533 ipsius
906 1499 1053 1526 utilitatem

265 1542 393 1575 hominis,
408 1543 499 1570 varias
525 1542 731 1570 vicissitudines
745 1543 903 1578 dispensat.
920 1543 988 1571 Nam
1003 1545 1053 1572 ali—

265 1588 376 1622 quando
398 1587 669 1622 quidem.acriorcm
685 1589 748 1623 ipsi,
773 1589 922 1624 aliquando
947 1589 1055 1625 langui-

265 1633 372 1662 diorem
399 1635 536 1662 ﬂammam
561 1635 683 1671 subjicit.
704 1635 754 1663 Est
770 1635 940 1670 quandolux
969 1637 1055 1672 magis

265 1680 456 1715 resplendeat;
483 1685 525 1709 est
551 1681 661 1716 quando
689 1681 836 1709 contrahat
857 1681 1004 1717 fulgorem,
1027 1687 1056 1710 et

266 1727 411 1761 caliginem
428 1727 548 1754 obducat
558 1727 716 1762 quamdam,
728 1727 823 1755 divina
837 1735 952 1762 prorsus
963 1727 1056 1762 dispo-

266 1773 386 1805 sitione,
416 1773 543 1808 lampade
578 1773 842 1808 inexstinguihiliter
876 1773 1057 1802 nihilominus

266 1818 392 1846 ardente.
407 1818 522 1852 Quando
536 1827 601 1846 vero
626 1819 786 1855 fulgentiori
797 1824 825 1847 et
840 1820 946 1855 puriori
967 1820 1057 1848 radiat

266 1864 381 1896 lumine,
396 1865 472 1892 velut
488 1865 685 1892 abundantiori
706 1871 774 1901 potu
790 1866 962 1894 exhilaratus
974 1866 1057 1894 homo

268 1910 368 1938 festum
398 1911 469 1938 diem
493 1912 626 1938 celebrat.
653 1911 702 1939 Est
720 1912 804 1939 etiam
831 1919 894 1939 cum
911 1912 1002 1947 ipsum
1026 1912 1055 1939 in

268 1957 352 1985 corde
381 1958 487 1985 micans
516 1958 610 1985 lumen
642 1957 724 1985 alteri
752 1958 850 1985 lumini
874 1959 925 1986 sub
949 1958 1057 1986 intimis

268 2002 432 2037 profundius
442 2003 538 2030 latenti
549 2003 626 2031 velut
648 2004 797 2031 fenestram
809 2004 907 2039 aperit,
927 2009 958 2031 ut
975 2005 1058 2032 homo

269 2052 344 2075 totus
366 2048 510 2076 dulcedine
533 2050 580 2077 illa
600 2053 630 2076 et
649 2050 835 2084 speculatione
854 2051 935 2085 plane
958 2051 1058 2078 absor-

269 2099 343 2128 ptus,
356 2102 412 2121 non
426 2095 543 2129 amplius
568 2095 595 2122 in
607 2103 637 2122 se
652 2096 711 2130 ipso
725 2095 776 2128 sit,
795 2096 842 2123 sed
854 2096 936 2131 quasi
961 2096 1053 2124 fatuus

269 2145 298 2166 et
311 2140 409 2167 noxius
423 2140 557 2168 habeatur
570 2141 684 2172 mundo,
698 2146 815 2176 propter
831 2141 976 2169 inusitatas
998 2142 1058 2169 ille-

270 2185 368 2213 eebras
398 2187 500 2214 amoris
529 2191 558 2214 et
586 2188 738 2222 voluptatis
768 2192 796 2215 et
821 2188 1057 2223 profunditatem,

1104 945 1228 980 ἐπιγείου
1242 945 1320 972 τοῦδε
1333 945 1507 980 φρονήματος
1519 952 1525 959 ·
1547 943 1595 970 ἃτε
1607 943 1801 979 μεστωθέντων
1820 942 1896 977 αὐτῷ

1103 990 1158 1017 τῶν
1172 990 1321 1025 λογισμῶν,
1344 990 1438 1024 ὥσπερ
1454 990 1571 1025 ετρηται,
1587 989 1633 1016 καὶ
1648 990 1687 1020 είς
1708 989 1849 1024 ἀπέραντα
1864 997 1895 1014 τε

1103 1037 1150 1064 καὶ
1165 1037 1347 1072 ἀκατάληπτα
1364 1037 1517 1071 πράγματα
1534 1035 1717 1071 αἰχμαλώτων
1736 1026 1810 1070 αὐτῷ
1840 1037 1894 1063 ἀπ-

1104 1083 1253 1119 αχθέντων,
1267 1083 1306 1114 ὡς
1322 1083 1351 1110 ἑν
1364 1082 1454 1118 ἐκείνῃ
1469 1082 1528 1118 ὥρᾳ
1541 1082 1574 1109 δι’
1601 1082 1683 1117 εὐχῆς
1693 1082 1732 1117 τῷ
1758 1082 1896 1118 ἀνθρώπῳ

1103 1129 1225 1163 γίνεσθαι
1256 1127 1434 1156 συναπελθεῖν
1467 1129 1525 1163 ἅμα
1550 1129 1583 1164 τῇ
1609 1129 1676 1164 εὐχῇ
1702 1128 1749 1156 καὶ
1774 1129 1824 1164 τὴν
1842 1128 1896 1163 ψυ-

1103 1177 1164 1212 χήν-

1137 1233 1176 1260 Θθ.
1204 1232 1277 1268 Πρδς
1289 1232 1317 1259 δέ
1330 1241 1362 1267 γε
1377 1232 1422 1259 τδν
1445 1232 1599 1267 ἐρωτῶντα,
1614 1234 1697 1268 φησὶν
1707 1252 1715 1265 ,
1739 1233 1764 1259 εί
1777 1232 1894 1260 πάντοτε

1102 1279 1215 1307 δυνατὸν
1224 1278 1262 1313 τῷ
1276 1278 1412 1314 ἀνθρώπῳ
1421 1279 1455 1313 τῇ
1467 1278 1577 1314 τοιαύτῃ
1584 1279 1705 1313 διαρκεῖν
1714 1279 1893 1311 καταστάσει,

1103 1325 1190 1352 ταῦτα
1214 1325 1341 1351 λεκτέον·
1367 1325 1406 1356 ὡς
1431 1325 1447 1359 ἡ
1472 1324 1520 1359 μὲν
1537 1324 1615 1359 χάρις
1633 1323 1683 1350 οὐκ
1707 1323 1780 1350 ἐστιν
1795 1324 1838 1350 ὅτε
1856 1324 1894 1358 μὴ

1104 1370 1211 1396 σύνεστι
1227 1370 1275 1396 καὶ
1291 1369 1449 1405 ἐρρίζωται,
1471 1369 1517 1396 καὶ
1536 1369 1574 1400 ὡς
1587 1369 1701 1404 φυσικόν
1719 1377 1746 1395 τι
1769 1368 1895 1403 πεπηγὸς

1104 1415 1242 1449 ἐγγίνεται
1253 1414 1291 1450 τῷ
1306 1414 1442 1450 ἀνθρώπῳ
1454 1411 1475 1449 ᾧ
1492 1414 1600 1441 σύνεστι
1610 1422 1617 1429 ⁶
1633 1415 1682 1449 μία
1695 1414 1724 1440 δὲ
1742 1412 1809 1440 οὖσα
1823 1413 1895 1449 αὑτὴ

1103 1460 1291 1496 πολυτρόπως,
1303 1459 1341 1492 ὡς
1357 1459 1456 1492 ἐθέλει,
1471 1459 1539 1495 πρὸς
1558 1459 1588 1486 τὸ
1606 1459 1653 1486 τοῦ
1665 1459 1808 1494 ἀνθρώπου
1826 1467 1897 1494 συμ-

1104 1507 1198 1542 φέρον,
1212 1506 1349 1541 οἰκονομεῖ
1360 1514 1367 1521 '
1383 1506 1449 1533 ποτὲ
1468 1506 1517 1541 μὲν
1531 1506 1586 1542 γὰρ
1598 1505 1679 1533 πλέον
1695 1506 1770 1541 αὐτῷ
1783 1506 1812 1533 τὸ
1828 1505 1895 1540 πῦρ,

1105 1553 1170 1579 ποτὲ
1189 1553 1218 1579 δὲ
1232 1552 1402 1588 ἀμσλύτερον
1417 1553 1556 1580 ἀνακαίει.
1572 1553 1627 1579 Ka‘t
1642 1553 1672 1579 τὸ
1687 1553 1754 1586 φῶς,
1770 1552 1827 1578 ἐστι
1845 1552 1897 1586 μὲν

1106 1599 1151 1625 ὅτε
1175 1599 1275 1634 μᾶλλον
1299 1598 1434 1633 ἐκλάμπει
1446 1618 1453 1630 ,
1472 1598 1530 1625 ἔστι
1552 1598 1574 1624 δ’
1590 1599 1635 1625 ὅτε
1655 1598 1703 1624 καὶ
1721 1597 1896 1624 συστέλλεται

1107 1646 1155 1671 καὶ
1181 1645 1375 1679 ὲπιστυγνάζει
1405 1645 1476 1671 κατὰ
1496 1644 1572 1671 θείαν
1594 1644 1703 1675 πάντως
1726 1644 1896 1678 οἰκονομίαν,

1107 1691 1228 1725 καίτοιγε
1244 1691 1294 1726 τῆς
1312 1690 1452 1726 λαμπάδος
1473 1690 1594 1717 ᾶσΰεστα
1615 1690 1770 1725 καιομένης.
1787 1690 1851 1716 Ὅτε
1867 1690 1898 1716 δὲ

1108 1737 1260 1772 φαιδρυνθῇ
1277 1736 1368 1769 πλέον,
1386 1737 1447 1763 τότε
1460 1736 1587 1772 καθάπερ
1601 1736 1630 1762 ὲν
1649 1736 1718 1772 μέθῃ
1731 1735 1834 1762 πλείονι
1847 1736 1898 1770 τῆς

1107 1778 1154 1806 τοῦ
1171 1780 1239 1806 Θεοῦ
1257 1780 1368 1814 ἀγάπης
1393 1780 1439 1806 καὶ
1459 1780 1474 1806 6
1487 1780 1631 1815 ᾶνθρωπος
1643 1780 1802 1815 ὲορτάζεται
1813 1788 1820 1796 ·
1839 1780 1899 1807 ἔστι

1107 1826 1129 1852 δ’
1141 1826 1186 1853 ὅτε
1201 1826 1248 1853 καὶ
1258 1826 1324 1853 αὐτὸ
1335 1827 1366 1853 τὺ
1381 1826 1438 1860 φῶς
1451 1826 1481 1853 τὸ
1496 1827 1591 1861 φαῖνον
1606 1827 1635 1853 ὲν
1650 1827 1757 1863 καρδίᾳ,
1773 1828 1812 1862 τῷ
1825 1827 1900 1853 ὲνδο-

1107 1872 1180 1907 τέρῳ
1197 1871 1283 1908 δήπου
1298 1873 1344 1898 καὶ
1360 1872 1500 1908 βαθυτέρῳ
1515 1872 1645 1906 διανοίγει
1660 1873 1739 1907 φωτὶ,
1753 1872 1823 1899 ὥστε
1837 1873 1900 1899 ὅλον

1108 1919 1154 1944 τὴν
1167 1918 1312 1953 ἄνθρωπον
1322 1920 1354 1954 τῇ
1370 1918 1519 1953 γλυκύτητι
1536 1919 1628 1955 ἐκείνῃ
1643 1919 1690 1945 καὶ
1701 1919 1803 1954 θεωρίᾳ
1812 1927 1900 1945 κατα-

1109 1963 1226 1989 ποθέντα
1253 1963 1353 1998 μηκέτι
1379 1964 1409 1990 ἐν
1426 1963 1514 2000 ἑαυτῷ
1529 1963 1608 1996 εἶναι,
1637 1964 1694 1991 ἀλλ’
1710 1964 1747 1995 ὡς
1765 1964 1855 1998 μωρόν
1869 1971 1899 1989 τε

1109 2009 1156 2035 καὶ
1176 2009 1309 2044 βλαϐερὸν
1323 2010 1432 2037 ὑπεῖναι
1445 2011 1484 2045 τῷ
1497 2011 1603 2045 κόσμῳ,
1619 2010 1662 2036 διὰ
1676 2010 1785 2040 καινοὺς
1803 2010 1900 2042 ἵυγγας

1109 2054 1220 2089 ἀγάπης
1235 2054 1283 2080 καὶ
1299 2054 1405 2089 ἡδονῆς,
1425 2055 1472 2081 καὶ
1483 2056 1514 2081 τὸ
1525 2055 1605 2090 βάθος
1618 2051 1655 2082 ὧν
1666 2055 1779 2088 ἠξίωται
1799 2061 1902 2088 μυστη-

1112 2099 1187 2134 ρίων.
1217 2100 1272 2126 Καὶ
1301 2099 1444 2135 συμϐαίνει
1473 2100 1602 2132 πολλάκις
1629 2100 1689 2126 κατ’
1715 2101 1818 2125 ἐκεῖνον
1850 2100 1901 2134 μὲν

1109 2145 1155 2172 τὸν
1179 2144 1276 2180 καιρὸν
1304 2144 1359 2171 τῶν
1385 2145 1496 2172 τελείων
1517 2146 1597 2172 αὑτὸν
1624 2145 1754 2180 ἐπιϐῆναι
1780 2144 1899 2179 μέτρων,

1111 2189 1159 2217 καὶ
1175 2188 1244 2216 εἶναι
1261 2189 1351 2224 πάσης
1374 2190 1514 2225 ἁμαρτίας
1534 2190 1676 2224 ἐλεύθερόν
1696 2198 1725 2215 τε
1747 2189 1792 2216 καὶ
1806 2188 1902 2214 ἀνεπί-

270 2233 352 2267 queis
364 2232 463 2267 (lignus
479 2233 607 2264 habetur,
636 2234 842 2269 mysteriorum.
868 2234 900 2261 Ei
922 2235 1055 2270 contingit

1109 2235 1221 2270 ληπτον,
1238 2235 1306 2269 μετὰ
1318 2235 1346 2261 δὲ
1361 2235 1448 2262 ταῦτα
1464 2235 1630 2270 συσταλῆναι
1651 2235 1751 2270 τρόπον
1775 2233 1836 2259 τινὰ
1851 2234 1902 2267 τὴν

269 2279 370 2314 εςερίιιε
386 2280 437 2306 isto
452 2282 572 2314 tempore
595 2281 683 2315 ipsum
699 2280 884 2315 perfectorum
899 2281 1058 2317 contingere

269 2325 404 2361 graduum
426 2333 594 2359 mensuram,
609 2331 636 2354 et
647 2327 722 2353 omni
737 2327 854 2354 liberum
868 2335 928 2355 esse
944 2331 1057 2362 peccato

1112 2281 1203 2316 χάριν,
1225 2281 1274 2307 καὶ
1289 2281 1318 2307 τὸ
1333 2280 1464 2316 κάλυμμα
1485 2281 1535 2315 τῆς
1554 2280 1679 2311 ἐναντίας
1693 2278 1839 2312 ἐπιστῆναι
1858 2277 1902 2303 δυ-

1113 2335 1233 2362 ναμεως.

268 2376 298 2400 et
334 2371 625 2406 irreprehensihilem;
654 2381 750 2400 verum
784 2374 906 2409 posthaec
939 2373 1065 2401 contrahi
1082 2382 1178 2402 rursus
1200 2375 1406 2409 quodammodo
1432 2375 1568 2410 gratiam;
1583 2379 1612 2402 et
1629 2374 1663 2401 ab
1681 2372 1841 2400 adversaria
1854 2379 1904 2405 po-

271 2425 371 2450 testate
385 2421 476 2448 velum
490 2421 591 2449 iterum
607 2421 731 2450 obtendi.

308 2469 342 2497 X.
360 2469 405 2497 Sic
419 2473 509 2497 tecum
519 2474 615 2504 reputa
634 2477 678 2497 res
692 2470 786 2505 gratiae
800 2478 829 2498 se
844 2470 946 2497 habere
965 2479 972 2498 :
989 2471 1059 2507 finge

269 2516 334 2549 tibi,
360 2516 483 2544 residere
503 2516 701 2551 perfectionem
721 2516 750 2543 in
771 2516 935 2544 duodecimo
955 2517 1058 2552 gradu;

268 2569 314 2590 est
340 2562 433 2597 igitur,
465 2567 496 2589 ut
509 2562 543 2589 ad
569 2562 640 2589 hanc
660 2562 761 2597 gradus
791 2570 948 2589 mensuram
978 2562 1059 2589 liceat

270 2608 441 2641 ascendere;
471 2607 518 2635 sed
546 2607 667 2634 vicissim
693 2608 810 2634 remittit
840 2607 935 2642 gratia,
952 2612 980 2634 ct
1005 2615 1059 2634 uno

269 2653 445 2681 descendens
475 2653 571 2689 gradu,
603 2653 631 2680 in
663 2652 820 2685 undecimo,
847 2657 877 2679 ut
900 2653 937 2679 ita
952 2653 1058 2687 loquar,

271 2699 399 2727 subsistit
417 2720 424 2732 ,
438 2698 484 2726 ubi
509 2697 646 2725 mirabilia
670 2697 716 2724 illa
742 2698 794 2732 ipsi
814 2697 1012 2730 ostenduntur,
1032 2702 1060 2724 ct

271 2755 392 2781 quorum
407 2746 454 2773 ille
465 2745 684 2780 experimentum
704 2744 778 2779 cepit
790 2744 888 2771 homo:
906 2744 953 2771 sed
962 2744 1059 2772 eodem

272 2792 357 2819 modo
381 2792 404 2819 si
422 2792 481 2819 hac
503 2799 532 2819 se
558 2798 666 2825 Semper
683 2790 827 2822 haberent,
845 2798 899 2817 non
913 2795 985 2818 esset
1009 2790 1061 2825 ipsi

330 2883 348 2898 ³¹
364 2883 464 2917 Ephes.
480 2891 514 2916 ιν,
532 2883 573 2910 15.
610 2883 629 2899 ¹¹
642 2883 681 2912 lsa
709 2891 770 2915 uu,
792 2883 818 2909 5.

1146 2468 1174 2496 l’.
1188 2468 1252 2495 Οἴου
1271 2477 1326 2503 μοι,
1346 2467 1438 2503 φησὶν,
1455 2467 1542 2498 οὕτως
1566 2466 1600 2493 τὰ
1615 2466 1666 2502 τῆς
1686 2467 1798 2501 χάριτος
1813 2467 1900 2501 ἔχειν·

1112 2514 1266 2542 ὑποκείσθω
1291 2515 1344 2548 γάρ
1361 2522 1400 2540 σοι
1418 2513 1487 2549 πρὸς
1504 2513 1656 2539 δωδέκατον
1672 2511 1776 2547 βαθμὸν
1797 2511 1902 2538 ἀνιέναι

1111 2561 1161 2596 τὴν
1180 2560 1352 2595 τελειότητα·
1368 2558 1437 2586 εἶναι
1455 2559 1504 2594 μὲν
1520 2557 1567 2585 οὖν
1596 2559 1639 2585 ὅτε
1659 2559 1706 2584 καὶ
1722 2558 1797 2584 τουτὶ
1810 2557 1841 2583 τὸ
1855 2557 1903 2591 μέ-

1112 2615 1176 2642 τρον
1201 2607 1312 2641 ἐφικτὸν
1337 2606 1460 2640 γίνεται·
1485 2605 1555 2640 πλὴν
1571 2604 1628 2631 ἀλλ’
1650 2604 1772 2631 ἐνδίδωσι
1787 2603 1902 2637 πάλινή

1113 2654 1203 2688 χάρις,
1226 2653 1273 2679 καὶ
1296 2653 1344 2679 ἕνα
1364 2652 1488 2679 ὗποϐἆσα
1505 2651 1620 2686 βαθμὸν,
1642 2652 1680 2682 είς
1696 2650 1726 2676 τὸ
1747 2650 1903 2681 ἑνδέκατον,

1113 2700 1150 2730 ὡς
1162 2700 1260 2730 εἰπεῖν,
1276 2699 1392 2726 ἵσταται.
1412 2698 1533 2733 Ἐδείχθη
1550 2699 1641 2725 ἐκεῖνα
1655 2697 1687 2732 δὴ
1702 2697 1737 2724 τὰ
1750 2696 1901 2730 θαυμάσια,

1114 2745 1162 2772 καὶ
1181 2742 1218 2772 ὧν
1234 2746 1332 2780 πεῖραν
1348 2744 1396 2771 καὶ
1413 2744 1556 2780 ἄνθρωπος
1572 2744 1651 2778 ἔσχεν
1668 2744 1770 2774 ἐκεῖνος
1783 2751 1791 2757 ·
1809 2743 1833 2769 εί
1856 2742 1903 2767 τὸν

1117 2792 1174 2817 ἴσον
1191 2790 1264 2826 αὐτῷ
1278 2790 1378 2826 τρόπον
1393 2788 1450 2825 εἶχε
1466 2789 1553 2817 ταῦτα
1569 2789 1723 2822 διαπαντὸς,
1745 2788 1796 2815 οὐκ
1810 2787 1844 2814 ἂν
1860 2788 1904 2813 δυ-
