2075 3155
191 177 244 212 917

798 177 913 208 LIBER
931 176 981 207 DE
999 172 1226 209 CHARITATE.

1767 179 1821 210 918

188 234 270 262 νατὸν
284 232 360 268 αὒτῷ
373 229 407 269 ἦν
420 232 471 268 τὴν
486 231 642 268 οἰκονομίαν
658 233 707 259 καὶ
720 232 750 258 τὸ
769 232 850 268 βάρος
866 232 976 259 ὑπιέναι

1034 231 1157 266 possmile
1191 236 1222 258 ut
1250 230 1483 266 dispensationem
1520 231 1590 259 hanc
1623 231 1770 267 gratiosam
1794 239 1822 261 et

188 279 235 306 τοῦ
263 279 359 313 λόγου,
377 278 438 305 οὔτε
459 279 513 313 μὴν
536 278 646 304 ἀκούειν
666 286 693 305 τι
716 279 764 306 καὶ
777 279 878 315 λέγειν,
891 279 908 314 ἢ
931 279 979 305 καὶ

189 325 254 358 περί
270 332 329 354 του.
350 323 401 350 κᾶν
430 323 461 349 τδ
489 323 667 358 βραχύτατον,
699 324 843 359 μεριμνᾷν,
872 324 912 350 δτι
942 323 979 358 μὴ

189 369 295 396 κεῖσθαι
311 368 390 403 μόνον
414 369 479 403 μιᾶς
492 368 594 402 γωνίας
607 368 817 404 ἐπειλημμένον,
841 369 889 395 καὶ
913 377 979 404 μετ-

191 415 286 448 έωρον,
305 414 352 440 καὶ
377 414 582 449 μεμεθυσμένον
592 423 600 430 ο
619 415 705 450 ταύτῃ
719 423 760 441 τοι
779 414 868 442 καὶτὸ
878 415 980 441 τέλειον

191 459 265 494 αὑτῷ
286 460 385 494 μέτρον
409 460 439 485 οὐ
462 460 638 496 παρεσχέθηο
659 461 703 487 ἵνα
721 461 768 488 καὶ
797 462 830 496 τῇ
857 460 980 495 ἀδελφῶν

191 505 314 541 προνοίᾳ,
329 506 377 532 καὶ
397 507 431 541 τῇ
443 506 490 532 τοῦ
506 506 585 541 λόγου
602 506 726 543 διακονίᾳ
738 507 833 542 καιρὸν
852 507 900 542 ἔχῃ
915 505 980 542 σχοὲ

192 551 295 583 λάζειν.
554 547 557 551 ’

230 598 279 624 ΙΑ’.
305 596 471 630 Ἀκούοντες,
495 598 573 632 φησὶ,
595 598 642 625 τοῦ
661 598 741 633 λόγου
761 599 811 634 τῆς
831 598 979 634 βασιλείας,

193 643 240 669 καὶ
268 643 336 678 πρὸς
361 643 466 679 δάκρυα
490 645 680 679 καταγόμενοι,
702 645 739 680 μὴ
760 646 817 677 τοῖς
836 645 981 680 ἡμετέροις

147 722 149 726 ι
194 688 299 719 τούτοις
311 689 534 724 ὲναπομείνωμεν
544 689 671 724 δάκρυσι,
687 691 754 725 μηδὲ
769 692 802 726 τῇ
821 691 899 725 ἡμῶν
912 691 980 726 ἀκοῇ

194 734 232 765 ὼς
243 735 333 766 καλῶς
345 735 520 767 ἀκούσαντες,
535 736 603 771 μηδὲ
613 737 668 768 τοῖς
680 737 828 771 ὀφθαλμοῖς
842 736 880 768 ὡς
891 737 981 768 καλῶς

197 779 307 812 ἰδόντες,
323 781 479 816 ἀρκούντως
502 782 575 817 ἔχειν
596 783 702 814 ἑαυτοῖς
724 783 911 817 λογισώμεθα·
934 783 981 810 καὶ

195 825 250 861 γάρ
277 827 345 853 εἰσιν
375 827 457 862 ἕτερα
482 824 539 854 ὦτα
570 828 616 854 καὶ
646 828 736 864 ἕτεροι
766 829 910 864 ὀφθαλμοὶ,
935 830 981 856 καὶ

196 871 329 906 κλαυθμοὶ
341 872 441 907 ἕτεροι,
462 873 499 904 ὡς
512 873 544 909 δὴ
561 874 608 900 καὶ
620 874 722 901 διάνοια
744 875 791 901 καὶ
803 875 875 910 ψυχὴ
889 876 980 911 ἑτέρα,

195 917 265 952 ὅπερ
285 916 359 943 ἔστιν
373 918 439 944 αὐτὸ
460 918 550 945 eam
565 919 676 954 Πνεῦμα
695 920 743 946 καὶ
765 908 981 956 ἐπουράνιονίτὺ
998 908 1018 938 Β

197 963 297 990 ἀκοῡόν
315 972 346 989 τε
369 964 416 990 καὶ
435 964 539 996 κλαῖον,
558 965 704 1000 εὐχόμενόν
717 975 748 992 τε
767 966 814 993 καὶ
836 967 979 1000 γινῶσκον,

196 1007 285 1035 καὶτὸ
301 1008 347 1035 τοῦ
360 1009 428 1035 Θεοῦ
444 1009 549 1044 θέλημα
565 1011 596 1036 ἐν
607 1010 721 1047 ἀληθείᾳ
736 1011 842 1038 ποιοῦν·
859 1013 918 1039 ἐπεὶ
934 1012 982 1039 καὶ

195 1055 252 1086 τοῖς
271 1055 430 1087 ἀποστόλοις
445 1057 459 1083 ὁ
475 1056 578 1092 Κύριος
601 1057 650 1092 τὴν
667 1058 800 1092 μεγίστην
817 1059 982 1093 ἐπαγγελλό-

198 1108 277 1135 μενος
289 1100 336 1127 τοῦ
349 1099 507 1137 Πνεύματος
520 1103 625 1138 δωρεάν
635 1112 642 1119 ·
665 1103 787 1138 Ὑπάγω,
799 1104 901 1138 ἔλεγεν,
918 1106 934 1132 d
948 1105 982 1132 δὲ

196 1146 390 1180 Παράκλητος
401 1148 433 1174 τὸ
444 1149 564 1183 Πνεῦμα
575 1149 609 1176 τὸ
619 1149 712 1184 ἅγιον,
729 1150 745 1177 ὸ
759 1150 868 1185 πέμψει
880 1151 982 1186 Πατὴρ

195 1188 231 1215 ἐν
246 1188 286 1222 τῷ
299 1190 421 1225 ὀνόματί
433 1200 504 1226 μου,
521 1193 636 1226 ἐκεῖνος
652 1193 730 1228 ὑμᾶς
745 1194 858 1227 διδάξει
873 1195 981 1223 πάντα.

197 1233 251 1259 Καὶ
264 1234 346 1260 πάλιν
356 1243 364 1250 ·
377 1235 442 1262 Ἔτι
453 1237 554 1264 πολλὰ
570 1237 629 1272 ἔχω
645 1239 746 1273 λέγειν
760 1239 841 1273 ὑμῖν,
863 1240 931 1268 ἀλλ’
946 1242 982 1268 οὐ

196 1278 327 1306 δύνασθε
348 1281 511 1312 βαστάζειν
535 1283 617 1317 ἄρτι·
635 1283 708 1311 ὅταν
719 1284 753 1311 δὲ
765 1285 838 1319 ἔλθῃ
855 1286 980 1319 ἐκεῖνος,

196 1325 230 1352 τὸ
243 1326 363 1361 Πνεῦμα
376 1327 432 1361 τῆς
443 1329 595 1363 ἀληθείας.
614 1330 758 1365 ὁδηγήσει
770 1332 849 1366 ὑμᾶς
860 1334 903 1366 εις
925 1332 982 1361 πᾶ-

197 1380 258 1399 σαν
281 1373 340 1407 τὴν
357 1374 512 1407 ἀλήθειαν.
533 1376 651 1408 Ἐκεῖνος
677 1375 724 1403 οὖν
740 1378 918 1413 προσεύξεται
936 1379 982 1406 καὶ

196 1418 299 1450 ἐκεῖνος
312 1419 469 1448 κλαύσεται.
484 1420 520 1446 Τὸ
534 1421 598 1456 γὰρ,
609 1422 639 1449 Τί
652 1423 887 1458 προσευξόμεθα,
901 1425 982 1459 φησιν

196 1464 210 1490 ὁ
231 1463 301 1496 θεῖος
324 1464 494 1499 Ἀπόστολος,
515 1467 579 1494 καθ’
590 1466 606 1494 ὃ
620 1467 673 1499 δεῖ,
690 1469 745 1494 οὐκ
759 1468 883 1504 οιὸαμεν
893 1475 900 1483 ⁸
913 1470 981 1496 ἀλλ’

196 1509 269 1536 αὐτὸ
286 1510 407 1545 Πνεῦμα
418 1511 594 1546 ἐντυγχάνει
614 1512 692 1547 ὑπὲρ
707 1513 791 1548 ἡμῶν
804 1515 982 1550 στεναγμοῖς

196 1555 359 1589 ἀλαλήτοις
371 1564 378 1572 '
395 1557 470 1592 αὺτῷ
494 1560 549 1593 γὰρ
574 1558 614 1594 τῷ
636 1559 776 1594 Πνεύματι
795 1561 867 1596 μόνῳ
890 1560 920 1588 τὸ
936 1561 981 1588 τοῦ

196 1600 263 1629 Θεοῦ
279 1601 384 1637 θέλημα
403 1603 482 1638 δῆλόν
504 1604 572 1631 ἐστι.
593 1604 632 1631 Τὰ
650 1605 706 1639 γὰρ
720 1603 773 1633 τοῦ
789 1606 873 1639 Θεοῦ,
890 1607 982 1642 φησιν,

196 1646 293 1680 οὐδεὶς
304 1645 427 1679 οἶδεν-,ει
440 1648 484 1683 μὴ
494 1650 528 1676 τὸ
541 1650 660 1685 Πνεῦμα
670 1651 726 1678 τοῦ
740 1652 825 1679 Θεοῦ.
841 1653 917 1679 Ἐπεὶ
926 1653 983 1686 καὶ,

198 1693 266 1719 κατά
279 1692 328 1727 τὴν
341 1694 518 1728 ἐπαγγελίαν,
532 1696 564 1730 τῇ
578 1696 672 1731 ἡμέρᾳ
685 1696 734 1730 τῆς
742 1697 931 1734 Πεντηκοστῆς
938 1699 984 1725 τοῦ

198 1737 380 1774 Παρακλήτού
396 1740 632 1774 ἐπιφοιτήσαντος,
654 1741 702 1768 καὶ
713 1742 763 1777 τῆς
780 1743 922 1778 δυνάμεως
937 1744 984 1771 τοῦ

197 1783 300 1817 ἀγαθοῦ
336 1785 495 1819 Πνεύματος
525 1787 586 1818 ταῖς
615 1788 714 1822 ψυχαῖς
742 1788 798 1814 τῶν
827 1789 984 1816 ἀποστόλων

197 1831 432 1867 σκηνωσάσης.τδ
455 1833 504 1868 μὲν
527 1833 577 1868 τῆς
599 1833 697 1865 κακίας
721 1834 852 1870 κάλυμμα
866 1835 984 1862 είσάπαν

197 1876 286 1903 αὐτῶν
298 1877 435 1913 ἀφῃρέθη,
449 1878 485 1905 τὰ
501 1878 575 1914 πάθη
587 1879 615 1906 δὲ
634 1880 808 1915 κατηργήθη,
825 1882 873 1907 καὶ
887 1881 921 1908 τὰ
935 1881 984 1916 τῆς

197 1922 312 1958 καρδίας
336 1924 427 1956 αὐτοῖς
451 1925 684 1961 ἀπεκαλύφθησαν
708 1926 830 1961 ὄμματα,
847 1927 901 1953 Καὶ
922 1927 984 1954 τότε

197 1967 289 1995 λοιπὸν
305 1969 400 2003 σοφίας
419 1969 594 2005 πλησθέντες,
611 1971 658 1997 καὶ
678 1970 776 1997 τέλειοι
799 1971 984 2004 καταστάντες

198 2013 251 2040 ὑπὸ
268 2014 316 2041 τοῦ
327 2015 496 2050 Πνεύματος,
512 2016 545 2042 δι’
556 2016 661 2044 ἐκείνου
677 2017 727 2052 μὲν
744 2017 793 2043 καὶ
812 2017 843 2044 τὸ
855 2017 902 2044 τοῦ
917 2017 984 2044 Θεοῦ

198 2059 304 2094 θέλημα
336 2062 424 2087 ποιεῖν
453 2061 584 2095 ἔγνωσαν,
615 2062 649 2088 δι’
669 2061 773 2089 ἐκείνου
799 2062 827 2089 δὲ
848 2063 896 2089 καὶ
916 2063 984 2098 πρὸς

197 2105 288 2131 πᾶσαν
314 2105 442 2141 ἀλήθειαν
466 2107 727 2142 ὲχειραγωγήθησαν
750 2108 985 2144 ἡγεμονεύσαντός

196 2158 227 2176 τε
255 2150 302 2177 καὶ
325 2151 534 2186 βασιλεύσαντος
560 2153 652 2184 αὐτοῖς
678 2153 732 2179 τῶν
766 2153 870 2188 ψυχῶν.
901 2155 984 2182 Ὅταν

198 2193 244 2222 οὖν
257 2197 305 2223 καί
319 2197 385 2232 ἡμῖν
400 2199 557 2225 ὲπακούωσι
570 2199 617 2225 τοῦ
641 2199 720 2233 λόγου
734 2199 782 2226 τοῦ
798 2199 865 2227 Θεοῦ
882 2201 983 2229 κλαίειν

1032 284 1103 304 onus
1116 277 1182 304 illud
1193 277 1353 304 sustineret.
1375 277 1471 312 Neque
1484 285 1550 305 sane
1567 278 1676 311 audire,
1700 287 1752 306 nec
1773 288 1823 308 cu-

1033 331 1094 350 rare
1104 323 1221 358 quilibet
1236 323 1361 358 quamvis
1373 324 1517 350 minimum
1533 331 1626 351 rerum
1637 324 1822 352 humanarum

1032 372 1133 404 potest,
1150 369 1204 395 nisi
1218 368 1290 403 quod
1305 369 1378 404 jacet
1388 372 1493 396 tantum
1506 369 1534 396 in
1551 370 1651 404 angqu
1666 375 1822 405 correptus,

1032 418 1061 442 et
1076 422 1238 449 suspensus,
1250 419 1278 441 et
1294 414 1458 442 inebriatus.
1472 415 1550 443 Unde
1567 415 1680 448 perfecti
1695 415 1745 450 ipsi
1759 424 1822 450 gra-

1033 460 1085 487 dus
1101 467 1229 488 mensura
1244 467 1299 487 non
1313 460 1484 495 indulgetur;
1504 463 1535 486 ut
1552 465 1580 487 et
1599 460 1714 487 fratrum
1729 468 1822 487 curam

1033 505 1147 538 habere,
1164 510 1192 532 et
1211 505 1368 533 ministerio
1386 505 1465 532 verbi
1480 512 1577 532 vacare
1596 506 1693 540 possit.

1068 596 1114 624 XI.
1126 596 1195 624 Cum
1209 595 1346 624 audiendo
1354 603 1496 623 sermones
1512 595 1546 623 de
1558 603 1642 631 regno
1653 596 1702 623 Dei
1722 596 1756 623 ad
1765 596 1824 632 pias

1033 643 1167 678 lacrymas
1180 650 1332 675 movemur,
1351 649 1407 669 non
1426 642 1633 676 acquiescamns
1650 642 1684 669 iis
1695 643 1824 678 lacrymis

1034 694 1165 724 tanquam
1188 689 1306 721 nostris;
1323 696 1415 723 neque
1440 688 1489 715 has
1504 689 1672 722 imputemus
1687 692 1735 715 aut
1750 689 1825 715 attri-

1034 735 1087 762 bus
1099 734 1213 767 nostris,
1226 735 1305 769 quasi
1322 734 1393 761 bene
1405 733 1563 766 audierint;
1577 737 1625 760 aut
1638 733 1737 765 oculis,
1746 733 1824 768 quasi

1034 780 1105 808 bene
1116 779 1252 812 viderint;
1267 783 1294 806 et
1306 778 1429 806 subicere
1447 779 1514 806 istos
1538 786 1636 806 sensus
1647 778 1681 806 ad
1700 779 1765 805 talia
1784 786 1825 805 re-

1034 830 1173 861 putantes.
1198 826 1308 853 Etenim
1332 826 1393 853 alize
1409 829 1474 852 sunt
1489 832 1587 857 aures,
1603 824 1650 852 alii
1667 825 1750 856 oculi,
1776 824 1823 852 alii

1035 871 1127 902 ﬂetus,
1138 871 1178 898 uti
1193 875 1222 898 et
1236 871 1289 898 alia
1302 878 1380 898 mens
1394 875 1423 897 et
1435 870 1525 898 anima
1544 870 1612 902 alia;
1627 870 1739 897 divinus
1747 878 1825 897 nem-

1033 926 1068 953 pe
1085 917 1163 952 201
1176 917 1234 952 ipse
1257 924 1290 944 ac
1306 916 1513 951 supercmlestis
1534 916 1656 951 Spiritus
1671 916 1787 943 audiens
1797 919 1826 942 et

1031 963 1110 996 flens,
1128 970 1210 989 orans
1220 966 1248 989 et
1257 969 1443 996 cognoscens,
1461 961 1689 994 voluntatemque
1703 961 1731 987 in
1752 960 1825 988 veri-

1033 1012 1088 1036 tate
1105 1008 1226 1035 divinam
1249 1007 1362 1034 faciens.
1374 1006 1602 1040 Quandoquidem
1621 1006 1753 1040 apostolis
1771 1005 1825 1032 Do—

1032 1055 1124 1081 minus
1136 1053 1287 1081 maximum
1295 1052 1460 1087 promittens
1474 1051 1594 1086 Spiritus
1603 1051 1705 1078 donum
1720 1060 1727 1077 :
1743 1051 1824 1082 Vada,

1031 1101 1082 1132 ait,
1113 1105 1141 1127 at
1172 1099 1330 1127 Paracletus
1349 1098 1464 1134 Spiritus
1489 1102 1615 1129 senatus,
1639 1105 1716 1132 quem
1745 1096 1826 1123 Pater

1032 1147 1116 1173 mittet
1130 1146 1159 1172 in
1174 1146 1279 1172 nomine
1298 1152 1365 1177 meo,
1391 1143 1437 1170 ille
1453 1151 1498 1170 eos
1517 1143 1617 1170 docebit
1642 1142 1774 1169 omnia".
1788 1142 1823 1169 Et

1033 1199 1146 1218 rursus:
1157 1191 1248 1218 Adhuc
1260 1189 1345 1216 multa
1359 1189 1441 1216 habeo
1453 1189 1524 1216 vobis
1535 1189 1641 1220 dicere;
1653 1188 1699 1215 sed
1712 1196 1764 1215 nan
1777 1196 1826 1222 po-

1033 1238 1105 1264 testis
1119 1241 1225 1272 portare
1250 1235 1344 1268 modo;
1359 1243 1419 1262 cum
1430 1239 1519 1262 autem
1533 1234 1631 1261 venerit
1647 1233 1692 1260 ille
1710 1232 1825 1268 Spiritus

1032 1284 1160 1316 veritatis,
1187 1283 1294 1309 deducet
1316 1290 1359 1309 vos
1386 1282 1414 1308 in
1437 1289 1541 1308 omnem
1566 1279 1750 1307 ueritatem”.
1776 1279 1825 1306 Ille

1033 1330 1115 1366 igitur
1130 1329 1235 1361 orabit.
1255 1329 1301 1356 ille
1321 1327 1526 1363 lacrymabitur.
1543 1326 1652 1353 Etenim
1677 1325 1745 1357 Quid
1771 1332 1826 1352 ore-

1033 1384 1101 1408 mus,
1116 1375 1206 1410 inquit
1217 1374 1327 1401 divinus
1342 1374 1502 1409 Apostolus,
1523 1375 1602 1407 prout
1614 1375 1726 1406 oportet,
1739 1371 1824 1398 nesci-

1033 1429 1100 1454 mus,
1114 1421 1159 1447 sed
1172 1421 1227 1455 ipse
1251 1419 1366 1454 Spiritus
1377 1418 1493 1454 postulat
1513 1426 1562 1452 pro
1591 1417 1666 1444 nobis
1687 1416 1825 1452 gemitibus

1032 1465 1253 1494 inenarrabilibus
1268 1464 1298 1491 ι’.
1313 1465 1381 1492 Nam
1396 1464 1448 1499 ipsi
1463 1463 1577 1498 Spiritui
1594 1462 1645 1490 soli
1662 1462 1710 1490 Dei
1722 1462 1822 1489 volun-

1034 1516 1076 1539 tas
1091 1515 1233 1546 perspecta
1248 1513 1299 1538 est.
1315 1509 1457 1544 Siquidem
1474 1508 1540 1541 Quis
1563 1508 1612 1535 Dei
1630 1511 1704 1540 sunt,
1717 1507 1825 1541 inquit.

1033 1567 1109 1586 nemo
1118 1559 1199 1590 novit,
1212 1559 1263 1585 nisi
1273 1557 1387 1592 Spiritus
1409 1555 1455 1583 Dei
1464 1555 1495 1583 ¹⁶.
1503 1555 1638 1588 Quoniam
1659 1559 1688 1581 et
1702 1553 1826 1588 quando,

1032 1606 1109 1641 juxta
1125 1604 1346 1639 promissionem,
1360 1602 1406 1629 die
1421 1600 1599 1629 Pentecostes
1613 1599 1756 1628 descendit
1771 1599 1825 1627 Pa-

1035 1651 1164 1681 racletus,
1177 1654 1206 1677 et
1219 1649 1307 1676 virtus
1323 1649 1386 1676 boni
1396 1647 1518 1682 Spiritus
1528 1646 1674 1673 animabus
1684 1644 1825 1680 apostolo-

1034 1705 1095 1724 rum
1109 1696 1226 1729 insedit;
1254 1695 1379 1722 velamen
1407 1693 1519 1729 quidem
1544 1692 1630 1724 illud,
1651 1698 1707 1726 quo
1732 1690 1826 1717 innata

1034 1743 1139 1771 homini
1164 1742 1285 1777 pravitas
1299 1745 1418 1768 mentem
1446 1739 1614 1771 obumbrat,
1644 1738 1726 1772 plane
1742 1736 1777 1763 ab
1792 1736 1827 1763 iis

1034 1789 1157 1816 ablatum
1177 1791 1237 1820 est;
1270 1786 1363 1813 vitiosi
1396 1792 1463 1812 vero
1483 1784 1601 1811 aifectus
1627 1782 1722 1809 aboliti
1745 1785 1826 1812 sunt;

1034 1834 1162 1869 oculique
1174 1832 1274 1860 mentis
1286 1831 1408 1866 ipsorum
1420 1834 1484 1857 sunt
1497 1828 1596 1863 aperti.
1609 1827 1643 1854 Et
1654 1832 1719 1854 tunc
1729 1826 1765 1853 de
1776 1833 1828 1854 ca-

1034 1884 1094 1907 tero
1108 1878 1244 1914 sapientia
1264 1876 1374 1912 repleti,
1396 1880 1424 1903 et
1441 1874 1557 1910 perfecti
1577 1872 1721 1900 constituti
1741 1880 1756 1898 a
1769 1871 1826 1906 Spi-

1034 1926 1100 1958 ritu,
1117 1932 1168 1960 per
1196 1924 1273 1951 illum
1291 1922 1402 1958 quidem
1427 1926 1455 1949 et
1476 1921 1524 1948 Dei
1549 1919 1719 1946 voluntatem
1736 1916 1827 1943 facere

1034 1972 1230 2002 decreverunt,
1261 1977 1310 2003 per
1338 1968 1414 1995 illum
1437 1971 1465 1994 et
1486 1966 1520 1993 ad
1545 1972 1655 1992 omnem
1679 1967 1829 1994 veritatem

1034 2017 1195 2046 manuducti
1215 2021 1290 2048 sunt,
1307 2019 1467 2051 regnantem
1482 2014 1509 2041 in
1524 2013 1670 2040 animabus
1687 2013 1825 2048 ipsorum.

1033 2064 1149 2097 Quando
1172 2070 1237 2099 ergo
1253 2062 1333 2089 nobis
1361 2067 1471 2096 quoque
1503 2059 1681 2086 audientibus
1710 2058 1827 2086 verbum

1033 2110 1083 2137 Dei
1102 2110 1130 2136 in
1147 2108 1282 2143 lacrymas
1312 2105 1412 2134 resolvi
1430 2104 1587 2139 contigerit,
1614 2110 1727 2130 oremus
1746 2102 1828 2130 Chri-

1034 2160 1118 2188 stum,
1131 2154 1230 2182 (iducia
1239 2160 1349 2182 omnem
1376 2151 1576 2179 dubitationem
1588 2152 1718 2185 pellente,
1739 2156 1770 2179 ut
1781 2158 1831 2179 ve—

1034 2202 1093 2230 niat
1108 2200 1141 2228 ad
1156 2208 1218 2232 nos.
1231 2203 1310 2227 certo
1325 2202 1477 2233 sperantes,
1495 2205 1576 2224 suum
1600 2197 1734 2232 Spiritum
1755 2197 1830 2224 audi-

197 2242 360 2278 ἐπέρχηται,
377 2243 518 2279 δεηθῶμεν
532 2244 661 2278 Χριστοῦ,
677 2245 767 2272 πίστει
787 2246 985 2282 ἀνεπιδοιάστῳ

1037 2252 1140 2279 turum,
1159 2250 1188 2274 et
1201 2250 1343 2272 oraturum
1360 2244 1388 2271 in
1405 2243 1487 2270 nobis
1498 2243 1531 2270 ad
1544 2243 1632 2277 ipsius
1644 2243 1825 2270 voluntatem.

198 2287 356 2314 ἐλεύσεσθαι
379 2288 447 2323 πρὸς
471 2289 555 2323 ἡμᾶς,
577 2289 739 2321 ἐλπίσαντες
769 2290 877 2325 ἀληθῶς
907 2293 1006 2322 ἀκοῦον
1037 2294 1086 2321 καὶ
1113 2293 1330 2328 προσευχόμενον
1363 2289 1476 2323 Πνεῦμα
1509 2288 1580 2314 κατὰ
1609 2288 1640 2314 τὸ
1667 2286 1751 2314 αὑτοῦ
1782 2284 1827 2312 θέ-

197 2334 231 2370 λη
235 2344 272 2370 μα
277 2357 283 2362 .

232 2380 284 2407 lB’.
296 2381 332 2407 Τδ
350 2381 465 2416 πρᾶγμα
476 2381 561 2413 οὕτως
573 2381 644 2417 ἔχειν
658 2382 725 2416 οἴου,
741 2383 823 2418 φησίν
832 2392 838 2399 -
850 2383 986 2411 ἐπίκειταί

197 2433 240 2456 τις
266 2425 380 2461 δύναμις
407 2426 631 2453 ὲπικαλύπτουσα
651 2427 699 2453 τὸν
718 2427 837 2462 ἐλαφρὸν
859 2428 932 2462 γοῦν,
948 2429 987 2462 ὡς

197 2471 252 2506 ἀήρ
266 2479 309 2502 τις
323 2472 434 2503 λεπτός*
462 2471 550 2499 καίτοι
576 2472 605 2499 δὲ
623 2473 673 2507 τῆς
694 2473 834 2508 λαμπάδος
856 2474 899 2501 ἀεί
921 2483 987 2501 ποτε

197 2517 347 2552 καιομένης
362 2518 408 2544 καὶ
421 2518 580 2553 φαινούσης,
590 2519 716 2554 καθάπερ
730 2520 837 2554 εῐρηται
848 2526 854 2534 ’
869 2519 936 2547 ἀλλὰ
948 2520 988 2556 τῷ

198 2564 267 2597 φωτὶ
283 2564 380 2599 ἐκείνῳ
403 2565 441 2596 ὡς
466 2565 599 2600 κάλυμμα
622 2574 648 2592 τι
672 2565 825 2592 ἐπίκειται·
843 2566 928 2602 ταύτῃ
947 2575 988 2593 τοι

197 2609 257 2635 οὐδὲ
277 2609 388 2645 ἔξαρνός
404 2611 479 2636 ἐστιν
495 2611 508 2636 ὁ
521 2610 640 2643 τοιοῦτος
657 2611 694 2646 μὴ
707 2610 776 2639 εἶναι
793 2612 903 2645 τέλειος,
920 2612 988 2647 μηδὲ

198 2655 229 2681 τδ
243 2656 302 2682 ὅλον
318 2656 460 2692 ἐλεύθερος
471 2658 502 2683 ὲκ
516 2657 565 2692 τῆς
581 2657 716 2692 ἁμαρτίας
729 2665 738 2674 υ
757 2657 814 2684 ἀλλ’
831 2655 887 2685 οἷον
902 2658 989 2684 εἰπεῖν

201 2700 341 2735 ἐλεύθερός
360 2710 390 2728 τε
407 2702 454 2728 καὶ
474 2702 524 2729 οὐκ
538 2702 679 2737 ἐλεύθερος
691 2710 697 2717 ”
711 2701 789 2729 τοῦτό
808 2712 837 2729 τε
851 2704 900 2730 οὐκ
915 2703 990 2730 ἀθεεὶ

203 2744 326 2776 πάντως·
348 2746 416 2774 ἀλλὰ
439 2747 499 2773 κατ’
523 2748 676 2782 οἰκονομίαν
700 2748 803 2781 γίνεται
825 2747 918 2774 θείαν·
942 2748 989 2775 καὶ

205 2796 269 2816 non
283 2791 331 2824 μὲν
341 2791 477 2819 διαλύεται
492 2793 538 2820 καὶ
552 2792 684 2829 θραύεται
696 2794 783 2819 ἐκεῖνο
800 2793 833 2819 τὸ
849 2794 986 2827 μεσότοι-

246 2878 266 2894 ¹³
278 2879 355 2907 Joan.
372 2889 425 2913 xtv,
441 2881 486 2909 26.

1073 2382 1132 2410 XII.
1151 2382 1218 2409 Rem
1236 2380 1276 2408 sic
1294 2388 1323 2407 se
1337 2379 1440 2407 habere
1451 2383 1530 2414 puta:
1547 2378 1679 2406 incumbit
1695 2380 1736 2406 vis
1751 2387 1826 2414 qua:-

1038 2427 1102 2455 dam
1120 2432 1238 2460 superne
1253 2425 1385 2459 obtegens
1409 2423 1563 2458 expeditam
1586 2429 1717 2456 mentem,
1736 2428 1766 2451 ut
1779 2432 1827 2452 aer

1037 2472 1149 2508 quidam
1168 2471 1279 2502 tennis;
1294 2470 1409 2497 ardente
1424 2469 1606 2496 nihilominus
1621 2477 1731 2504 semper
1742 2475 1771 2497 et
1781 2471 1827 2497 lu-

1038 2524 1129 2550 cente,
1140 2523 1171 2545 ut
1186 2517 1291 2545 dictum
1306 2521 1359 2549 est,
1381 2516 1525 2551 lampade;
1552 2516 1599 2543 sed
1625 2515 1664 2542 illi
1690 2516 1749 2551 ejus
1772 2516 1831 2543 luci

1040 2565 1178 2600 quoddam
1186 2570 1305 2598 superne
1318 2562 1396 2597 quasi
1407 2561 1568 2596 operculum
1580 2561 1742 2594 imponitur;
1754 2560 1829 2587 unde

1042 2610 1091 2645 qui
1107 2609 1242 2644 ejusmodi
1259 2613 1311 2639 est,
1328 2607 1402 2634 haud
1420 2607 1527 2634 inﬁcias
1548 2607 1638 2640 iverit,
1654 2613 1830 2641 nequaquam

1043 2661 1105 2681 esse
1133 2652 1296 2688 perfectam,
1325 2659 1376 2678 nec
1397 2659 1430 2678 ex
1449 2655 1507 2678 toto
1521 2651 1639 2678 liberum
1651 2659 1666 2677 a
1691 2653 1829 2685 pem-ato;

1044 2707 1149 2731 verum,
1167 2703 1199 2726 ut
1215 2699 1256 2725 sic
1271 2698 1372 2731 dicam,
1397 2698 1514 2725 liberum
1531 2698 1612 2724 simul
1635 2702 1663 2724 et
1682 2704 1737 2723 non
1755 2695 1828 2722 libe-

1044 2754 1115 2778 rum,
1128 2745 1156 2772 id
1170 2753 1237 2772 vero
1254 2745 1464 2780 haudquaquam
1481 2744 1594 2771 omnino
1619 2743 1679 2770 sine
1693 2741 1827 2773 numine;

1042 2791 1091 2819 sed
1105 2798 1154 2826 per
1171 2790 1407 2825 dispensationem
1422 2789 1554 2817 divinam.
1573 2788 1612 2816 Ac
1626 2793 1828 2821 nonnunquam

544 2882 565 2899 ιδ
578 2882 644 2910 Jt-an
672 2891 726 2914 xw,
745 2882 788 2909 σε.
830 2881 850 2898 ’⁵
867 2879 946 2907 Rom.
966 2887 1021 2912 vni,
1034 2879 1080 2908 96.
1119 2881 1139 2896 "
1156 2880 1165 2907 l
1180 2880 1244 2907 Cor.
1258 2878 1327 2911 “,2.
