  <div class='ocr_page' id='page_1' title='image "/cluster/home/n/w/nwhite01/storage/ocr_20150623/34/njp.32101077772547/485.png"; bbox 0 0 2075 3155; ppageno 0'>
   <div class='ocr_carea' id='block_1_1' title="bbox 262 165 315 198">
    <p class='ocr_par' dir='ltr' id='par_1_1' title="bbox 262 165 315 198">
     <span class='ocr_line' id='line_1_1' title="bbox 262 165 315 198; baseline 0 -1"><span class='ocrx_word' id='word_1_1' title='bbox 262 165 315 198; x_wconf 67' lang='lat'><strong>91‘)</strong></span> 
     </span>
    </p>
   </div>
   <div class='ocr_carea' id='block_1_2' title="bbox 880 169 1272 201">
    <p class='ocr_par' dir='ltr' id='par_1_2' title="bbox 880 169 1272 201">
     <span class='ocr_line' id='line_1_2' title="bbox 880 169 1272 201; baseline 0.005 -2"><span class='ocrx_word' id='word_1_2' title='bbox 880 169 909 200; x_wconf 94' lang='lat' dir='ltr'><strong>S.</strong></span> <span class='ocrx_word' id='word_1_3' title='bbox 929 169 1090 200; x_wconf 81' lang='lat' dir='ltr'><strong>MACARII</strong></span> <span class='ocrx_word' id='word_1_4' title='bbox 1111 171 1272 201; x_wconf 70' lang='lat' dir='ltr'><strong>)EGYPTII</strong></span> 
     </span>
    </p>
   </div>
   <div class='ocr_carea' id='block_1_3' title="bbox 1838 168 1894 201">
    <p class='ocr_par' dir='ltr' id='par_1_3' title="bbox 1838 168 1894 201">
     <span class='ocr_line' id='line_1_3' title="bbox 1838 168 1894 201; baseline -0.018 0"><span class='ocrx_word' id='word_1_5' title='bbox 1838 168 1894 201; x_wconf 76' lang='lat'><strong>920</strong></span> 
     </span>
    </p>
   </div>
   <div class='ocr_carea' id='block_1_4' title="bbox 263 223 1054 262">
    <p class='ocr_par' dir='ltr' id='par_1_4' title="bbox 263 223 1048 261">
     <span class='ocr_line' id='line_1_4' title="bbox 263 223 1048 261; baseline 0.001 -10"><span class='ocrx_word' id='word_1_6' title='bbox 263 223 375 258; x_wconf 87' lang='lat' dir='ltr'><strong>quidem</strong></span> <span class='ocrx_word' id='word_1_7' title='bbox 398 223 558 252; x_wconf 76' lang='lat' dir='ltr'><strong>dissolvitur</strong></span> <span class='ocrx_word' id='word_1_8' title='bbox 580 228 608 252; x_wconf 88' lang='lat' dir='ltr'><strong>et</strong></span> <span class='ocrx_word' id='word_1_9' title='bbox 631 224 767 252; x_wconf 75' lang='lat' dir='ltr'><strong>scinditur</strong></span> <span class='ocrx_word' id='word_1_10' title='bbox 782 225 828 252; x_wconf 90' lang='lat' dir='ltr'><strong>ille</strong></span> <span class='ocrx_word' id='word_1_11' title='bbox 850 226 950 252; x_wconf 71' lang='lat' dir='ltr'><strong>medius</strong></span> <span class='ocrx_word' id='word_1_12' title='bbox 961 227 1048 261; x_wconf 80' lang='lat' dir='ltr'><strong>paries</strong></span> 
     </span>
    </p>
   </div>
   <div class='ocr_carea' id='block_1_5' title="bbox 1104 223 1894 262">
    <p class='ocr_par' dir='ltr' id='par_1_5' title="bbox 1104 225 1894 262">
     <span class='ocr_line' id='line_1_5' title="bbox 1104 225 1894 262; baseline -0.001 -8"><span class='ocrx_word' id='word_1_13' title='bbox 1104 236 1155 261; x_wconf 77' lang='grc' dir='ltr'><strong>κον</strong></span> <span class='ocrx_word' id='word_1_14' title='bbox 1169 228 1223 255; x_wconf 85' lang='grc' dir='ltr'>τοῦ</span> <span class='ocrx_word' id='word_1_15' title='bbox 1236 227 1383 262; x_wconf 70' lang='grc' dir='ltr'>φραγμοῦ,</span> <span class='ocrx_word' id='word_1_16' title='bbox 1399 227 1464 254; x_wconf 78' lang='grc' dir='ltr'>ποτὲ</span> <span class='ocrx_word' id='word_1_17' title='bbox 1477 226 1505 253; x_wconf 74' lang='grc' dir='ltr'>δὲ</span> <span class='ocrx_word' id='word_1_18' title='bbox 1522 226 1552 253; x_wconf 72' lang='grc' dir='ltr'><strong>τὸ</strong></span> <span class='ocrx_word' id='word_1_19' title='bbox 1567 225 1679 262; x_wconf 80' lang='grc' dir='ltr'><strong>σύμπαν</strong></span> <span class='ocrx_word' id='word_1_20' title='bbox 1692 225 1723 253; x_wconf 75' lang='grc' dir='ltr'>οὐ</span> <span class='ocrx_word' id='word_1_21' title='bbox 1738 225 1894 257; x_wconf 75' lang='grc' dir='ltr'>διαλύεται.</span> 
     </span>
    </p>
   </div>
   <div class='ocr_carea' id='block_1_6' title="bbox 264 270 1055 304">
    <p class='ocr_par' dir='ltr' id='par_1_6' title="bbox 264 270 1055 304">
     <span class='ocr_line' id='line_1_6' title="bbox 264 270 1055 304; baseline 0.003 -8"><span class='ocrx_word' id='word_1_22' title='bbox 264 270 386 296; x_wconf 78' lang='lat' dir='ltr'><strong>maceria:</strong></span> <span class='ocrx_word' id='word_1_23' title='bbox 393 277 403 302; x_wconf 85' lang='lat'><strong>;</strong></span> <span class='ocrx_word' id='word_1_24' title='bbox 420 270 585 304; x_wconf 82' lang='lat' dir='ltr'><strong>quandoque</strong></span> <span class='ocrx_word' id='word_1_25' title='bbox 605 270 719 297; x_wconf 89' lang='lat' dir='ltr'><strong>omnino</strong></span> <span class='ocrx_word' id='word_1_26' title='bbox 735 278 790 298; x_wconf 92' lang='lat' dir='ltr'><strong>non</strong></span> <span class='ocrx_word' id='word_1_27' title='bbox 807 270 977 298; x_wconf 71' lang='lat' dir='ltr'><strong>dissolvitur.</strong></span> <span class='ocrx_word' id='word_1_28' title='bbox 1001 271 1055 299; x_wconf 81' lang='lat' dir='ltr'><strong>Ne-</strong></span> 
     </span>
    </p>
   </div>
   <div class='ocr_carea' id='block_1_7' title="bbox 265 315 1055 351">
    <p class='ocr_par' dir='ltr' id='par_1_7' title="bbox 265 315 1055 351">
     <span class='ocr_line' id='line_1_7' title="bbox 265 315 1055 351; baseline 0.001 -9"><span class='ocrx_word' id='word_1_29' title='bbox 265 323 320 349; x_wconf 86' lang='lat' dir='ltr'><strong>que</strong></span> <span class='ocrx_word' id='word_1_30' title='bbox 336 316 393 350; x_wconf 82' lang='lat' dir='ltr'><strong>pari</strong></span> <span class='ocrx_word' id='word_1_31' title='bbox 404 323 455 350; x_wconf 86' lang='lat' dir='ltr'><strong>per</strong></span> <span class='ocrx_word' id='word_1_32' title='bbox 469 315 560 342; x_wconf 81' lang='lat' dir='ltr'><strong>omnia</strong></span> <span class='ocrx_word' id='word_1_33' title='bbox 574 315 602 343; x_wconf 95' lang='lat' dir='ltr'><strong>in</strong></span> <span class='ocrx_word' id='word_1_34' title='bbox 616 316 659 343; x_wconf 91' lang='lat' dir='ltr'><strong>his</strong></span> <span class='ocrx_word' id='word_1_35' title='bbox 671 324 752 351; x_wconf 87' lang='lat' dir='ltr'><strong>passu</strong></span> <span class='ocrx_word' id='word_1_36' title='bbox 770 316 896 351; x_wconf 78' lang='lat' dir='ltr'><strong>procedit</strong></span> <span class='ocrx_word' id='word_1_37' title='bbox 919 315 1055 343; x_wconf 86' lang='lat' dir='ltr'><strong>orationis</strong></span> 
     </span>
    </p>
   </div>
   <div class='ocr_carea' id='block_1_8' title="bbox 267 361 1055 397">
    <p class='ocr_par' dir='ltr' id='par_1_8' title="bbox 267 361 1055 397">
     <span class='ocr_line' id='line_1_8' title="bbox 267 361 1055 397; baseline 0 -9"><span class='ocrx_word' id='word_1_38' title='bbox 267 362 422 396; x_wconf 81' lang='lat' dir='ltr'><strong>negotium;</strong></span> <span class='ocrx_word' id='word_1_39' title='bbox 435 361 483 389; x_wconf 87' lang='lat' dir='ltr'><strong>sed</strong></span> <span class='ocrx_word' id='word_1_40' title='bbox 494 365 536 389; x_wconf 86' lang='lat' dir='ltr'><strong>est</strong></span> <span class='ocrx_word' id='word_1_41' title='bbox 547 362 660 397; x_wconf 87' lang='lat' dir='ltr'><strong>quando</strong></span> <span class='ocrx_word' id='word_1_42' title='bbox 686 362 805 397; x_wconf 85' lang='lat' dir='ltr'><strong>amplius</strong></span> <span class='ocrx_word' id='word_1_43' title='bbox 816 361 978 389; x_wconf 73' lang='lat' dir='ltr'><strong>accenditur</strong></span> <span class='ocrx_word' id='word_1_44' title='bbox 993 369 1055 397; x_wconf 82' lang='lat' dir='ltr'><strong>gra-</strong></span> 
     </span>
    </p>
   </div>
   <div class='ocr_carea' id='block_1_9' title="bbox 268 407 1053 442">
    <p class='ocr_par' dir='ltr' id='par_1_9' title="bbox 268 407 1053 442">
     <span class='ocr_line' id='line_1_9' title="bbox 268 407 1053 442; baseline 0 -9"><span class='ocrx_word' id='word_1_45' title='bbox 268 407 315 439; x_wconf 85' lang='lat' dir='ltr'><strong>tia,</strong></span> <span class='ocrx_word' id='word_1_46' title='bbox 327 411 354 433; x_wconf 90' lang='lat' dir='ltr'><strong>et</strong></span> <span class='ocrx_word' id='word_1_47' title='bbox 365 408 533 439; x_wconf 87' lang='lat' dir='ltr'><strong>consolatur,</strong></span> <span class='ocrx_word' id='word_1_48' title='bbox 549 412 577 435; x_wconf 87' lang='lat' dir='ltr'><strong>et</strong></span> <span class='ocrx_word' id='word_1_49' title='bbox 591 407 714 442; x_wconf 82' lang='lat' dir='ltr'><strong>quietem</strong></span> <span class='ocrx_word' id='word_1_50' title='bbox 731 407 855 442; x_wconf 68' lang='lat' dir='ltr'><strong>praebet;</strong></span> <span class='ocrx_word' id='word_1_51' title='bbox 882 410 927 434; x_wconf 80' lang='lat' dir='ltr'><strong>est</strong></span> <span class='ocrx_word' id='word_1_52' title='bbox 947 414 1053 438; x_wconf 79' lang='lat' dir='ltr'><strong>rursus,</strong></span> 
     </span>
    </p>
   </div>
   <div class='ocr_carea' id='block_1_10' title="bbox 268 452 1054 488">
    <p class='ocr_par' dir='ltr' id='par_1_10' title="bbox 268 452 1054 488">
     <span class='ocr_line' id='line_1_10' title="bbox 268 452 1054 488; baseline -0.001 -9"><span class='ocrx_word' id='word_1_53' title='bbox 268 452 378 487; x_wconf 82' lang='lat' dir='ltr'><strong>quando</strong></span> <span class='ocrx_word' id='word_1_54' title='bbox 395 453 522 480; x_wconf 85' lang='lat' dir='ltr'><strong>hebetior</strong></span> <span class='ocrx_word' id='word_1_55' title='bbox 533 458 561 480; x_wconf 91' lang='lat' dir='ltr'><strong>et</strong></span> <span class='ocrx_word' id='word_1_56' title='bbox 578 453 722 481; x_wconf 84' lang='lat' dir='ltr'><strong>remissior</strong></span> <span class='ocrx_word' id='word_1_57' title='bbox 730 453 770 486; x_wconf 80' lang='lat' dir='ltr'><strong>fit,</strong></span> <span class='ocrx_word' id='word_1_58' title='bbox 786 457 870 488; x_wconf 88' lang='lat' dir='ltr'><strong>prout</strong></span> <span class='ocrx_word' id='word_1_59' title='bbox 885 452 944 487; x_wconf 90' lang='lat' dir='ltr'><strong>ipsa</strong></span> <span class='ocrx_word' id='word_1_60' title='bbox 955 452 1054 487; x_wconf 85' lang='lat' dir='ltr'><strong>gratia,</strong></span> 
     </span>
    </p>
   </div>
   <div class='ocr_carea' id='block_1_11' title="bbox 266 497 1054 534">
    <p class='ocr_par' dir='ltr' id='par_1_11' title="bbox 266 497 1054 534">
     <span class='ocr_line' id='line_1_11' title="bbox 266 497 1054 534; baseline -0.003 -9"><span class='ocrx_word' id='word_1_61' title='bbox 266 498 472 526; x_wconf 78' lang='lat' dir='ltr'><strong>accommodate</strong></span> <span class='ocrx_word' id='word_1_62' title='bbox 483 499 516 525; x_wconf 89' lang='lat' dir='ltr'><strong>ad</strong></span> <span class='ocrx_word' id='word_1_63' title='bbox 528 498 614 534; x_wconf 88' lang='lat' dir='ltr'><strong>ipsius</strong></span> <span class='ocrx_word' id='word_1_64' title='bbox 627 499 773 526; x_wconf 84' lang='lat' dir='ltr'><strong>utilitatem</strong></span> <span class='ocrx_word' id='word_1_65' title='bbox 786 497 907 526; x_wconf 86' lang='lat' dir='ltr'><strong>hominis</strong></span> <span class='ocrx_word' id='word_1_66' title='bbox 919 497 1054 525; x_wconf 82' lang='lat' dir='ltr'><strong>benevole</strong></span> 
     </span>
    </p>
   </div>
   <div class='ocr_carea' id='block_1_12' title="bbox 266 544 1056 579">
    <p class='ocr_par' dir='ltr' id='par_1_12' title="bbox 266 544 1056 579">
     <span class='ocr_line' id='line_1_12' title="bbox 266 544 1056 579; baseline 0 -10"><span class='ocrx_word' id='word_1_67' title='bbox 266 544 427 578; x_wconf 87' lang='lat' dir='ltr'><strong>providens,</strong></span> <span class='ocrx_word' id='word_1_68' title='bbox 444 544 520 571; x_wconf 82' lang='lat' dir='ltr'><strong>varie</strong></span> <span class='ocrx_word' id='word_1_69' title='bbox 538 544 687 579; x_wconf 85' lang='lat' dir='ltr'><strong>dispensat.</strong></span> <span class='ocrx_word' id='word_1_70' title='bbox 711 544 853 579; x_wconf 86' lang='lat' dir='ltr'><strong>Ingressus</strong></span> <span class='ocrx_word' id='word_1_71' title='bbox 879 547 970 570; x_wconf 90' lang='lat' dir='ltr'><strong>tamen</strong></span> <span class='ocrx_word' id='word_1_72' title='bbox 995 549 1056 570; x_wconf 86' lang='lat' dir='ltr'><strong>sum</strong></span> 
     </span>
    </p>
   </div>
   <div class='ocr_carea' id='block_1_13' title="bbox 267 591 1055 626">
    <p class='ocr_par' dir='ltr' id='par_1_13' title="bbox 267 591 1055 626">
     <span class='ocr_line' id='line_1_13' title="bbox 267 591 1055 626; baseline 0 -10"><span class='ocrx_word' id='word_1_73' title='bbox 267 591 352 617; x_wconf 72' lang='lat' dir='ltr'><strong>certis</strong></span> <span class='ocrx_word' id='word_1_74' title='bbox 370 592 518 619; x_wconf 89' lang='lat' dir='ltr'><strong>momentis</strong></span> <span class='ocrx_word' id='word_1_75' title='bbox 531 591 559 618; x_wconf 94' lang='lat' dir='ltr'><strong>in</strong></span> <span class='ocrx_word' id='word_1_76' title='bbox 579 591 729 626; x_wconf 80' lang='lat' dir='ltr'><strong>perfectam</strong></span> <span class='ocrx_word' id='word_1_77' title='bbox 745 597 919 623; x_wconf 83' lang='lat' dir='ltr'><strong>mensuram;</strong></span> <span class='ocrx_word' id='word_1_78' title='bbox 944 594 1055 625; x_wconf 78' lang='lat' dir='ltr'><strong>gustum</strong></span> 
     </span>
    </p>
   </div>
   <div class='ocr_carea' id='block_1_14' title="bbox 266 634 1055 671">
    <p class='ocr_par' dir='ltr' id='par_1_14' title="bbox 266 634 1055 671">
     <span class='ocr_line' id='line_1_14' title="bbox 266 634 1055 671; baseline -0.004 -8"><span class='ocrx_word' id='word_1_79' title='bbox 266 636 376 670; x_wconf 86' lang='lat' dir='ltr'><strong>percepi</strong></span> <span class='ocrx_word' id='word_1_80' title='bbox 400 642 428 663; x_wconf 88' lang='lat' dir='ltr'><strong>et</strong></span> <span class='ocrx_word' id='word_1_81' title='bbox 453 637 655 671; x_wconf 83' lang='lat' dir='ltr'><strong>experientiam</strong></span> <span class='ocrx_word' id='word_1_82' title='bbox 683 636 767 663; x_wconf 90' lang='lat' dir='ltr'><strong>habui</strong></span> <span class='ocrx_word' id='word_1_83' title='bbox 792 635 865 662; x_wconf 87' lang='lat' dir='ltr'><strong>beati</strong></span> <span class='ocrx_word' id='word_1_84' title='bbox 895 634 970 662; x_wconf 88' lang='lat' dir='ltr'><strong>illius</strong></span> <span class='ocrx_word' id='word_1_85' title='bbox 991 634 1055 661; x_wconf 69' lang='lat' dir='ltr'><strong>aevi.</strong></span> 
     </span>
    </p>
   </div>
   <div class='ocr_carea' id='block_1_15' title="bbox 266 680 1058 717">
    <p class='ocr_par' dir='ltr' id='par_1_15' title="bbox 266 680 1058 717">
     <span class='ocr_line' id='line_1_15' title="bbox 266 680 1058 717; baseline -0.003 -9"><span class='ocrx_word' id='word_1_86' title='bbox 266 681 393 708; x_wconf 84' lang='lat' dir='ltr'><strong>Nondum</strong></span> <span class='ocrx_word' id='word_1_87' title='bbox 410 687 503 710; x_wconf 86' lang='lat' dir='ltr'><strong>autem</strong></span> <span class='ocrx_word' id='word_1_88' title='bbox 518 690 683 717; x_wconf 89' lang='lat' dir='ltr'><strong>quemquam</strong></span> <span class='ocrx_word' id='word_1_89' title='bbox 694 682 750 709; x_wconf 91' lang='lat' dir='ltr'><strong>vidi</strong></span> <span class='ocrx_word' id='word_1_90' title='bbox 765 681 955 710; x_wconf 87' lang='lat' dir='ltr'><strong>Christianum</strong></span> <span class='ocrx_word' id='word_1_91' title='bbox 967 680 1058 715; x_wconf 89' lang='lat' dir='ltr'><strong>perfe-</strong></span> 
     </span>
    </p>
   </div>
   <div class='ocr_carea' id='block_1_16' title="bbox 265 724 1059 762">
    <p class='ocr_par' dir='ltr' id='par_1_16' title="bbox 265 724 1059 762">
     <span class='ocr_line' id='line_1_16' title="bbox 265 724 1059 762; baseline -0.003 -9"><span class='ocrx_word' id='word_1_92' title='bbox 265 731 351 759; x_wconf 89' lang='lat' dir='ltr'><strong>ctum,</strong></span> <span class='ocrx_word' id='word_1_93' title='bbox 367 731 416 754; x_wconf 92' lang='lat' dir='ltr'><strong>aut</strong></span> <span class='ocrx_word' id='word_1_94' title='bbox 429 728 504 754; x_wconf 93' lang='lat' dir='ltr'><strong>omni</strong></span> <span class='ocrx_word' id='word_1_95' title='bbox 523 735 557 755; x_wconf 88' lang='lat' dir='ltr'><strong>ex</strong></span> <span class='ocrx_word' id='word_1_96' title='bbox 572 732 661 762; x_wconf 90' lang='lat' dir='ltr'><strong>parte,</strong></span> <span class='ocrx_word' id='word_1_97' title='bbox 682 727 711 754; x_wconf 93' lang='lat' dir='ltr'><strong>in</strong></span> <span class='ocrx_word' id='word_1_98' title='bbox 737 732 848 761; x_wconf 86' lang='lat' dir='ltr'><strong>tempus</strong></span> <span class='ocrx_word' id='word_1_99' title='bbox 867 733 960 758; x_wconf 90' lang='lat' dir='ltr'><strong>omne,</strong></span> <span class='ocrx_word' id='word_1_100' title='bbox 987 724 1059 751; x_wconf 93' lang='lat' dir='ltr'><strong>libe-</strong></span> 
     </span>
    </p>
   </div>
   <div class='ocr_carea' id='block_1_17' title="bbox 265 770 1059 808">
    <p class='ocr_par' dir='ltr' id='par_1_17' title="bbox 265 770 1059 808">
     <span class='ocr_line' id='line_1_17' title="bbox 265 770 1059 808; baseline -0.005 -8"><span class='ocrx_word' id='word_1_101' title='bbox 265 780 338 799; x_wconf 87' lang='lat' dir='ltr'><strong>rum.</strong></span> <span class='ocrx_word' id='word_1_102' title='bbox 353 772 407 800; x_wconf 86' lang='lat' dir='ltr'><strong>Sed</strong></span> <span class='ocrx_word' id='word_1_103' title='bbox 422 773 574 808; x_wconf 81' lang='lat' dir='ltr'><strong>requiescit</strong></span> <span class='ocrx_word' id='word_1_104' title='bbox 593 773 693 808; x_wconf 84' lang='lat' dir='ltr'><strong>aliquis</strong></span> <span class='ocrx_word' id='word_1_105' title='bbox 709 772 737 799; x_wconf 94' lang='lat' dir='ltr'><strong>in</strong></span> <span class='ocrx_word' id='word_1_106' title='bbox 753 772 854 807; x_wconf 82' lang='lat' dir='ltr'><strong>gratia,</strong></span> <span class='ocrx_word' id='word_1_107' title='bbox 872 775 901 799; x_wconf 90' lang='lat' dir='ltr'><strong>et</strong></span> <span class='ocrx_word' id='word_1_108' title='bbox 914 770 1059 806; x_wconf 82' lang='lat' dir='ltr'><strong>mysterio-</strong></span> 
     </span>
    </p>
   </div>
   <div class='ocr_carea' id='block_1_18' title="bbox 269 816 1058 854">
    <p class='ocr_par' dir='ltr' id='par_1_18' title="bbox 269 816 1058 854">
     <span class='ocr_line' id='line_1_18' title="bbox 269 816 1058 854; baseline -0.003 -9"><span class='ocrx_word' id='word_1_109' title='bbox 269 826 330 845; x_wconf 87' lang='lat' dir='ltr'><strong>rum</strong></span> <span class='ocrx_word' id='word_1_110' title='bbox 351 826 384 846; x_wconf 91' lang='lat' dir='ltr'><strong>ac</strong></span> <span class='ocrx_word' id='word_1_111' title='bbox 398 819 596 847; x_wconf 87' lang='lat' dir='ltr'><strong>revelationum</strong></span> <span class='ocrx_word' id='word_1_112' title='bbox 614 820 644 846; x_wconf 84' lang='lat' dir='ltr'><strong>lit</strong></span> <span class='ocrx_word' id='word_1_113' title='bbox 659 819 815 854; x_wconf 83' lang='lat' dir='ltr'><strong>particeps;</strong></span> <span class='ocrx_word' id='word_1_114' title='bbox 837 822 866 845; x_wconf 87' lang='lat' dir='ltr'><strong>et</strong></span> <span class='ocrx_word' id='word_1_115' title='bbox 892 817 921 845; x_wconf 91' lang='lat' dir='ltr'><strong>in</strong></span> <span class='ocrx_word' id='word_1_116' title='bbox 945 816 1058 844; x_wconf 83' lang='lat' dir='ltr'><strong>multant</strong></span> 
     </span>
    </p>
   </div>
   <div class='ocr_carea' id='block_1_19' title="bbox 268 861 1060 900">
    <p class='ocr_par' dir='ltr' id='par_1_19' title="bbox 268 861 1060 900">
     <span class='ocr_line' id='line_1_19' title="bbox 268 861 1060 900; baseline -0.004 -9"><span class='ocrx_word' id='word_1_117' title='bbox 268 864 443 892; x_wconf 88' lang='lat' dir='ltr'><strong>dulcedinem</strong></span> <span class='ocrx_word' id='word_1_118' title='bbox 458 865 553 900; x_wconf 65' lang='lat' dir='ltr'><strong>gratiae</strong></span> <span class='ocrx_word' id='word_1_119' title='bbox 566 865 665 897; x_wconf 82' lang='lat' dir='ltr'><strong>intrat;</strong></span> <span class='ocrx_word' id='word_1_120' title='bbox 684 869 712 892; x_wconf 92' lang='lat' dir='ltr'><strong>et</strong></span> <span class='ocrx_word' id='word_1_121' title='bbox 723 869 864 899; x_wconf 84' lang='lat' dir='ltr'><strong>peccatum</strong></span> <span class='ocrx_word' id='word_1_122' title='bbox 877 870 976 890; x_wconf 86' lang='lat' dir='ltr'><strong>rursus</strong></span> <span class='ocrx_word' id='word_1_123' title='bbox 986 861 1060 888; x_wconf 56' lang='lat' dir='ltr'><strong>nihi.</strong></span> 
     </span>
    </p>
   </div>
   <div class='ocr_carea' id='block_1_20' title="bbox 1106 272 1898 307">
    <p class='ocr_par' dir='ltr' id='par_1_20' title="bbox 1106 272 1898 307">
     <span class='ocr_line' id='line_1_20' title="bbox 1106 272 1898 307; baseline 0 -9"><span class='ocrx_word' id='word_1_124' title='bbox 1106 272 1167 299; x_wconf 79' lang='grc' dir='ltr'>οὐδὲ</span> <span class='ocrx_word' id='word_1_125' title='bbox 1187 273 1334 303; x_wconf 82' lang='grc' dir='ltr'>διαπαντὸς</span> <span class='ocrx_word' id='word_1_126' title='bbox 1354 272 1452 307; x_wconf 77' lang='grc' dir='ltr'>ἐπίσης</span> <span class='ocrx_word' id='word_1_127' title='bbox 1475 272 1509 299; x_wconf 80' lang='grc' dir='ltr'><strong>τὰ</strong></span> <span class='ocrx_word' id='word_1_128' title='bbox 1525 272 1637 299; x_wconf 81' lang='grc' dir='ltr'>τοιαῦτα</span> <span class='ocrx_word' id='word_1_129' title='bbox 1649 272 1699 307; x_wconf 79' lang='grc' dir='ltr'><strong>τῆς</strong></span> <span class='ocrx_word' id='word_1_130' title='bbox 1711 272 1793 307; x_wconf 82' lang='grc' dir='ltr'>εὐχῆς</span> <span class='ocrx_word' id='word_1_131' title='bbox 1805 279 1812 287; x_wconf 90' lang='grc'><strong>·</strong></span> <span class='ocrx_word' id='word_1_132' title='bbox 1827 272 1898 299; x_wconf 76' lang='grc' dir='ltr'>ἀλλὰ</span> 
     </span>
    </p>
   </div>
   <div class='ocr_carea' id='block_1_21' title="bbox 1106 315 1897 352">
    <p class='ocr_par' dir='ltr' id='par_1_21' title="bbox 1106 315 1897 352">
     <span class='ocr_line' id='line_1_21' title="bbox 1106 315 1897 352; baseline 0.001 -10"><span class='ocrx_word' id='word_1_133' title='bbox 1106 315 1164 342; x_wconf 78' lang='grc' dir='ltr'>ἐστι</span> <span class='ocrx_word' id='word_1_134' title='bbox 1177 315 1226 350; x_wconf 74' lang='grc' dir='ltr'>μὲν</span> <span class='ocrx_word' id='word_1_135' title='bbox 1240 316 1284 343; x_wconf 79' lang='grc' dir='ltr'>ὅτε</span> <span class='ocrx_word' id='word_1_136' title='bbox 1297 316 1377 343; x_wconf 81' lang='grc' dir='ltr'><strong>πλέον</strong></span> <span class='ocrx_word' id='word_1_137' title='bbox 1389 317 1406 352; x_wconf 83' lang='grc' dir='ltr'><strong>ἠ</strong></span> <span class='ocrx_word' id='word_1_138' title='bbox 1419 317 1498 352; x_wconf 83' lang='grc' dir='ltr'>χάρις</span> <span class='ocrx_word' id='word_1_139' title='bbox 1510 317 1669 348; x_wconf 78' lang='grc' dir='ltr'>ἀνάπτεται,</span> <span class='ocrx_word' id='word_1_140' title='bbox 1680 317 1728 343; x_wconf 80' lang='grc' dir='ltr'>καὶ</span> <span class='ocrx_word' id='word_1_141' title='bbox 1741 317 1897 351; x_wconf 84' lang='grc' dir='ltr'>παρακαλεῖ</span> 
     </span>
    </p>
   </div>
   <div class='ocr_carea' id='block_1_22' title="bbox 1105 361 1897 397">
    <p class='ocr_par' dir='ltr' id='par_1_22' title="bbox 1105 361 1897 397">
     <span class='ocr_line' id='line_1_22' title="bbox 1105 361 1897 397; baseline 0.001 -10"><span class='ocrx_word' id='word_1_142' title='bbox 1105 362 1152 387; x_wconf 79' lang='grc' dir='ltr'>καὶ</span> <span class='ocrx_word' id='word_1_143' title='bbox 1162 361 1320 388; x_wconf 70' lang='grc' dir='ltr'><strong>διαναπαύει</strong></span> <span class='ocrx_word' id='word_1_144' title='bbox 1330 369 1337 376; x_wconf 91' lang='grc'><strong>·</strong></span> <span class='ocrx_word' id='word_1_145' title='bbox 1354 361 1411 389; x_wconf 79' lang='grc' dir='ltr'>ἔστι</span> <span class='ocrx_word' id='word_1_146' title='bbox 1421 362 1449 388; x_wconf 81' lang='grc' dir='ltr'>δὲ</span> <span class='ocrx_word' id='word_1_147' title='bbox 1463 362 1506 389; x_wconf 71' lang='grc' dir='ltr'>ὅτε</span> <span class='ocrx_word' id='word_1_148' title='bbox 1524 362 1688 397; x_wconf 85' lang='grc' dir='ltr'>στυγνοτέρα</span> <span class='ocrx_word' id='word_1_149' title='bbox 1699 362 1748 389; x_wconf 75' lang='grc' dir='ltr'>καὶ</span> <span class='ocrx_word' id='word_1_150' title='bbox 1762 362 1897 397; x_wconf 78' lang='grc' dir='ltr'><strong>ὑφειμένη</strong></span> 
     </span>
    </p>
   </div>
   <div class='ocr_carea' id='block_1_23' title="bbox 1106 406 1896 443">
    <p class='ocr_par' dir='ltr' id='par_1_23' title="bbox 1106 406 1896 443">
     <span class='ocr_line' id='line_1_23' title="bbox 1106 406 1896 443; baseline 0 -10"><span class='ocrx_word' id='word_1_151' title='bbox 1106 407 1220 442; x_wconf 83' lang='grc' dir='ltr'>γίνεται,</span> <span class='ocrx_word' id='word_1_152' title='bbox 1238 407 1329 440; x_wconf 82' lang='grc' dir='ltr'>καθὼς</span> <span class='ocrx_word' id='word_1_153' title='bbox 1348 408 1416 443; x_wconf 84' lang='grc' dir='ltr'>αὑτὴ</span> <span class='ocrx_word' id='word_1_154' title='bbox 1439 408 1456 443; x_wconf 84' lang='grc' dir='ltr'><strong>ἡ</strong></span> <span class='ocrx_word' id='word_1_155' title='bbox 1472 408 1552 443; x_wconf 83' lang='grc' dir='ltr'>χάρις</span> <span class='ocrx_word' id='word_1_156' title='bbox 1572 407 1641 443; x_wconf 77' lang='grc' dir='ltr'>πρὸς</span> <span class='ocrx_word' id='word_1_157' title='bbox 1656 408 1688 434; x_wconf 85' lang='grc' dir='ltr'><strong>τδ</strong></span> <span class='ocrx_word' id='word_1_158' title='bbox 1702 407 1841 443; x_wconf 79' lang='grc' dir='ltr'><strong>συμφέρον</strong></span> <span class='ocrx_word' id='word_1_159' title='bbox 1857 406 1896 442; x_wconf 85' lang='grc' dir='ltr'>τῷ</span> 
     </span>
    </p>
   </div>
   <div class='ocr_carea' id='block_1_24' title="bbox 1106 453 1898 489">
    <p class='ocr_par' dir='ltr' id='par_1_24' title="bbox 1106 453 1898 489">
     <span class='ocr_line' id='line_1_24' title="bbox 1106 453 1898 489; baseline -0.001 -9"><span class='ocrx_word' id='word_1_160' title='bbox 1106 453 1242 488; x_wconf 83' lang='grc' dir='ltr'><strong>ἀνθρώπῳ</strong></span> <span class='ocrx_word' id='word_1_161' title='bbox 1266 454 1412 488; x_wconf 73' lang='grc' dir='ltr'>οἰκονομεῖ.</span> <span class='ocrx_word' id='word_1_162' title='bbox 1436 454 1532 489; x_wconf 83' lang='grc' dir='ltr'><strong>Ὅμως</strong></span> <span class='ocrx_word' id='word_1_163' title='bbox 1555 453 1679 488; x_wconf 80' lang='grc' dir='ltr'>εισῆλθον</span> <span class='ocrx_word' id='word_1_164' title='bbox 1693 453 1733 486; x_wconf 84' lang='grc' dir='ltr'>είς</span> <span class='ocrx_word' id='word_1_165' title='bbox 1749 453 1780 480; x_wconf 80' lang='grc' dir='ltr'>τὸ</span> <span class='ocrx_word' id='word_1_166' title='bbox 1794 453 1898 480; x_wconf 88' lang='grc' dir='ltr'>τέλειον</span> 
     </span>
    </p>
   </div>
   <div class='ocr_carea' id='block_1_25' title="bbox 1108 496 1897 533">
    <p class='ocr_par' dir='ltr' id='par_1_25' title="bbox 1108 496 1897 533">
     <span class='ocr_line' id='line_1_25' title="bbox 1108 496 1897 533; baseline -0.003 -9"><span class='ocrx_word' id='word_1_167' title='bbox 1108 498 1208 533; x_wconf 76' lang='grc' dir='ltr'>μέτρον</span> <span class='ocrx_word' id='word_1_168' title='bbox 1232 497 1260 524; x_wconf 76' lang='grc' dir='ltr'>ἐν</span> <span class='ocrx_word' id='word_1_169' title='bbox 1285 506 1340 524; x_wconf 88' lang='grc' dir='ltr'>τισι</span> <span class='ocrx_word' id='word_1_170' title='bbox 1360 498 1477 532; x_wconf 77' lang='grc' dir='ltr'>καιροῖς,</span> <span class='ocrx_word' id='word_1_171' title='bbox 1491 496 1538 524; x_wconf 74' lang='grc' dir='ltr'>καὶ</span> <span class='ocrx_word' id='word_1_172' title='bbox 1560 497 1715 531; x_wconf 75' lang='grc' dir='ltr'><strong>ἐγευσάμην</strong></span> <span class='ocrx_word' id='word_1_173' title='bbox 1735 497 1782 523; x_wconf 79' lang='grc' dir='ltr'><strong>καὶ</strong></span> <span class='ocrx_word' id='word_1_174' title='bbox 1799 497 1897 531; x_wconf 68' lang='grc' dir='ltr'>πεῖραν</span> 
     </span>
    </p>
   </div>
   <div class='ocr_carea' id='block_1_26' title="bbox 1107 539 1897 578">
    <p class='ocr_par' dir='ltr' id='par_1_26' title="bbox 1107 539 1897 578">
     <span class='ocr_line' id='line_1_26' title="bbox 1107 539 1897 578; baseline -0.003 -8"><span class='ocrx_word' id='word_1_175' title='bbox 1107 543 1186 578; x_wconf 81' lang='grc' dir='ltr'>ἔσχον</span> <span class='ocrx_word' id='word_1_176' title='bbox 1211 543 1315 570; x_wconf 72' lang='grc' dir='ltr'>ἐκείνου</span> <span class='ocrx_word' id='word_1_177' title='bbox 1344 543 1391 570; x_wconf 80' lang='grc' dir='ltr'>τοῦ</span> <span class='ocrx_word' id='word_1_178' title='bbox 1420 543 1529 575; x_wconf 82' lang='grc' dir='ltr'>αίῶνος.</span> <span class='ocrx_word' id='word_1_179' title='bbox 1550 542 1635 570; x_wconf 79' lang='grc' dir='ltr'>Οὔπω</span> <span class='ocrx_word' id='word_1_180' title='bbox 1657 542 1685 569; x_wconf 79' lang='grc' dir='ltr'>δὲ</span> <span class='ocrx_word' id='word_1_181' title='bbox 1713 542 1807 569; x_wconf 76' lang='grc' dir='ltr'>οὐδένα</span> <span class='ocrx_word' id='word_1_182' title='bbox 1826 539 1897 568; x_wconf 67' lang='grc' dir='ltr'>εἶδον</span> 
     </span>
    </p>
   </div>
   <div class='ocr_carea' id='block_1_27' title="bbox 1108 587 1898 624">
    <p class='ocr_par' dir='ltr' id='par_1_27' title="bbox 1108 587 1898 624">
     <span class='ocr_line' id='line_1_27' title="bbox 1108 587 1898 624; baseline -0.001 -9"><span class='ocrx_word' id='word_1_183' title='bbox 1108 589 1270 624; x_wconf 79' lang='grc' dir='ltr'><strong>Χριστιανὸν</strong></span> <span class='ocrx_word' id='word_1_184' title='bbox 1295 588 1397 615; x_wconf 84' lang='grc' dir='ltr'>τέλειον</span> <span class='ocrx_word' id='word_1_185' title='bbox 1419 588 1435 624; x_wconf 82' lang='grc' dir='ltr'>ἢ</span> <span class='ocrx_word' id='word_1_186' title='bbox 1455 587 1582 621; x_wconf 80' lang='grc' dir='ltr'><strong>καθάπαξ</strong></span> <span class='ocrx_word' id='word_1_187' title='bbox 1597 587 1753 623; x_wconf 62' lang='grc' dir='ltr'>ἐλεύθερον</span> <span class='ocrx_word' id='word_1_188' title='bbox 1768 587 1837 615; x_wconf 84' lang='grc' dir='ltr'><strong>ἀλλά</strong></span> <span class='ocrx_word' id='word_1_189' title='bbox 1850 588 1898 614; x_wconf 71' lang='grc' dir='ltr'><strong>καὶ</strong></span> 
     </span>
    </p>
   </div>
   <div class='ocr_carea' id='block_1_28' title="bbox 1108 633 1898 669">
    <p class='ocr_par' dir='ltr' id='par_1_28' title="bbox 1108 633 1898 669">
     <span class='ocr_line' id='line_1_28' title="bbox 1108 633 1898 669; baseline -0.001 -9"><span class='ocrx_word' id='word_1_190' title='bbox 1108 634 1304 661; x_wconf 84' lang='grc' dir='ltr'>διαναπαύεταί</span> <span class='ocrx_word' id='word_1_191' title='bbox 1327 643 1369 666; x_wconf 74' lang='grc' dir='ltr'>τις</span> <span class='ocrx_word' id='word_1_192' title='bbox 1388 635 1418 660; x_wconf 76' lang='grc' dir='ltr'><strong>ὲν</strong></span> <span class='ocrx_word' id='word_1_193' title='bbox 1441 635 1475 669; x_wconf 79' lang='grc' dir='ltr'><strong>τῇ</strong></span> <span class='ocrx_word' id='word_1_194' title='bbox 1491 633 1594 668; x_wconf 84' lang='grc' dir='ltr'>χάριτι,</span> <span class='ocrx_word' id='word_1_195' title='bbox 1610 634 1658 660; x_wconf 55' lang='grc' dir='ltr'><strong>καὶ⁸</strong></span> <span class='ocrx_word' id='word_1_196' title='bbox 1677 633 1836 669; x_wconf 78' lang='grc' dir='ltr'><strong>μυστηρίων</strong></span> <span class='ocrx_word' id='word_1_197' title='bbox 1849 633 1898 660; x_wconf 77' lang='grc' dir='ltr'>καὶ</span> 
     </span>
    </p>
   </div>
   <div class='ocr_carea' id='block_1_29' title="bbox 1108 678 1898 714">
    <p class='ocr_par' dir='ltr' id='par_1_29' title="bbox 1108 678 1898 714">
     <span class='ocr_line' id='line_1_29' title="bbox 1108 678 1898 714; baseline -0.001 -8"><span class='ocrx_word' id='word_1_198' title='bbox 1108 678 1305 713; x_wconf 73' lang='grc' dir='ltr'><strong>ἀποκαλύψεων</strong></span> <span class='ocrx_word' id='word_1_199' title='bbox 1332 679 1459 710; x_wconf 64' lang='grc' dir='ltr'>κοινωνὸς</span> <span class='ocrx_word' id='word_1_200' title='bbox 1486 679 1604 713; x_wconf 84' lang='grc' dir='ltr'>γίνεται,</span> <span class='ocrx_word' id='word_1_201' title='bbox 1631 679 1678 706; x_wconf 74' lang='grc' dir='ltr'>καὶ</span> <span class='ocrx_word' id='word_1_202' title='bbox 1703 679 1744 711; x_wconf 85' lang='grc' dir='ltr'>είς</span> <span class='ocrx_word' id='word_1_203' title='bbox 1774 678 1898 714; x_wconf 81' lang='grc' dir='ltr'>ήδύτητα</span> 
     </span>
    </p>
   </div>
   <div class='ocr_carea' id='block_1_30' title="bbox 1109 724 1898 761">
    <p class='ocr_par' dir='ltr' id='par_1_30' title="bbox 1109 724 1898 761">
     <span class='ocr_line' id='line_1_30' title="bbox 1109 724 1898 761; baseline 0.001 -10"><span class='ocrx_word' id='word_1_204' title='bbox 1109 724 1207 760; x_wconf 84' lang='grc' dir='ltr'>πολλὴν</span> <span class='ocrx_word' id='word_1_205' title='bbox 1232 726 1283 761; x_wconf 80' lang='grc' dir='ltr'><strong>τῆς</strong></span> <span class='ocrx_word' id='word_1_206' title='bbox 1308 725 1419 761; x_wconf 84' lang='grc' dir='ltr'>χάριτος</span> <span class='ocrx_word' id='word_1_207' title='bbox 1445 726 1542 753; x_wconf 71' lang='grc' dir='ltr'>εἴσεισι</span> <span class='ocrx_word' id='word_1_208' title='bbox 1553 734 1560 741; x_wconf 91' lang='grc'><strong>·</strong></span> <span class='ocrx_word' id='word_1_209' title='bbox 1577 725 1624 753; x_wconf 80' lang='grc' dir='ltr'>καὶ</span> <span class='ocrx_word' id='word_1_210' title='bbox 1641 725 1658 760; x_wconf 79' lang='grc' dir='ltr'><strong>ἠ</strong></span> <span class='ocrx_word' id='word_1_211' title='bbox 1676 725 1799 761; x_wconf 79' lang='grc' dir='ltr'>ἁμαρτία</span> <span class='ocrx_word' id='word_1_212' title='bbox 1816 725 1898 752; x_wconf 87' lang='grc' dir='ltr'>πάλιν</span> 
     </span>
    </p>
   </div>
   <div class='ocr_carea' id='block_1_31' title="bbox 1109 770 1898 806">
    <p class='ocr_par' dir='ltr' id='par_1_31' title="bbox 1109 770 1898 806">
     <span class='ocr_line' id='line_1_31' title="bbox 1109 770 1898 806; baseline 0.001 -9"><span class='ocrx_word' id='word_1_213' title='bbox 1109 770 1184 805; x_wconf 87' lang='grc' dir='ltr'><strong>αὐτῷ</strong></span> <span class='ocrx_word' id='word_1_214' title='bbox 1198 770 1331 799; x_wconf 78' lang='grc' dir='ltr'>σύνεστιν.</span> <span class='ocrx_word' id='word_1_215' title='bbox 1345 771 1376 797; x_wconf 88' lang='grc' dir='ltr'>Οί</span> <span class='ocrx_word' id='word_1_216' title='bbox 1389 771 1417 798; x_wconf 75' lang='grc' dir='ltr'>δὲ</span> <span class='ocrx_word' id='word_1_217' title='bbox 1429 771 1544 799; x_wconf 80' lang='grc' dir='ltr'>τοιοῦτοι</span> <span class='ocrx_word' id='word_1_218' title='bbox 1555 771 1599 798; x_wconf 86' lang='grc' dir='ltr'><strong>διὰ</strong></span> <span class='ocrx_word' id='word_1_219' title='bbox 1612 771 1662 806; x_wconf 79' lang='grc' dir='ltr'>τὴν</span> <span class='ocrx_word' id='word_1_220' title='bbox 1675 770 1898 806; x_wconf 59' lang='grc' dir='ltr'>ὑπρὸάλλουσσν</span> 
     </span>
    </p>
   </div>
   <div class='ocr_carea' id='block_1_32' title="bbox 1109 817 1898 853">
    <p class='ocr_par' dir='ltr' id='par_1_32' title="bbox 1109 817 1898 853">
     <span class='ocr_line' id='line_1_32' title="bbox 1109 817 1898 853; baseline 0 -9"><span class='ocrx_word' id='word_1_221' title='bbox 1109 817 1200 852; x_wconf 85' lang='grc' dir='ltr'><strong>χάριν,</strong></span> <span class='ocrx_word' id='word_1_222' title='bbox 1234 817 1282 844; x_wconf 78' lang='grc' dir='ltr'>καὶ</span> <span class='ocrx_word' id='word_1_223' title='bbox 1310 817 1340 844; x_wconf 84' lang='grc' dir='ltr'><strong>τδ</strong></span> <span class='ocrx_word' id='word_1_224' title='bbox 1373 817 1510 853; x_wconf 69' lang='grc' dir='ltr'>ἑλλάμπον</span> <span class='ocrx_word' id='word_1_225' title='bbox 1542 819 1634 850; x_wconf 80' lang='grc' dir='ltr'>αὐτοῖς</span> <span class='ocrx_word' id='word_1_226' title='bbox 1666 817 1734 852; x_wconf 84' lang='grc' dir='ltr'><strong>φῶς,</strong></span> <span class='ocrx_word' id='word_1_227' title='bbox 1764 818 1835 844; x_wconf 84' lang='grc' dir='ltr'>κατά</span> <span class='ocrx_word' id='word_1_228' title='bbox 1864 826 1898 852; x_wconf 87' lang='grc' dir='ltr'><strong>γε</strong></span> 
     </span>
    </p>
   </div>
   <div class='ocr_carea' id='block_1_33' title="bbox 1110 859 1897 898">
    <p class='ocr_par' dir='ltr' id='par_1_33' title="bbox 1110 859 1897 898">
     <span class='ocr_line' id='line_1_33' title="bbox 1110 859 1897 898; baseline 0 -10"><span class='ocrx_word' id='word_1_229' title='bbox 1110 862 1236 898; x_wconf 80' lang='grc' dir='ltr'><strong>ἀπειρίαν</strong></span> <span class='ocrx_word' id='word_1_230' title='bbox 1249 862 1331 897; x_wconf 79' lang='grc' dir='ltr'>φημὶ.</span> <span class='ocrx_word' id='word_1_231' title='bbox 1345 862 1441 889; x_wconf 82' lang='grc' dir='ltr'>τέλειοί</span> <span class='ocrx_word' id='word_1_232' title='bbox 1453 871 1482 889; x_wconf 91' lang='grc' dir='ltr'><strong>τε</strong></span> <span class='ocrx_word' id='word_1_233' title='bbox 1495 862 1542 889; x_wconf 77' lang='grc' dir='ltr'>καὶ</span> <span class='ocrx_word' id='word_1_234' title='bbox 1553 862 1689 897; x_wconf 76' lang='grc' dir='ltr'>ἐλεύθεροι</span> <span class='ocrx_word' id='word_1_235' title='bbox 1702 861 1794 894; x_wconf 73' lang='grc' dir='ltr'>ἔδοξαν</span> <span class='ocrx_word' id='word_1_236' title='bbox 1807 859 1878 892; x_wconf 74' lang='grc' dir='ltr'>εἶναι</span> <span class='ocrx_word' id='word_1_237' title='bbox 1888 870 1897 879; x_wconf 76' lang='grc'><strong><em>⁸</em></strong></span> 
     </span>
    </p>
   </div>
   <div class='ocr_carea' id='block_1_34' title="bbox 265 904 1054 944">
    <p class='ocr_par' dir='ltr' id='par_1_34' title="bbox 265 907 1054 944">
     <span class='ocr_line' id='line_1_34' title="bbox 265 907 1054 944; baseline -0.003 -8"><span class='ocrx_word' id='word_1_238' title='bbox 265 909 387 936; x_wconf 89' lang='lat' dir='ltr'><strong>lominus</strong></span> <span class='ocrx_word' id='word_1_239' title='bbox 403 910 474 936; x_wconf 90' lang='lat' dir='ltr'><strong>inest</strong></span> <span class='ocrx_word' id='word_1_240' title='bbox 486 909 548 944; x_wconf 92' lang='lat' dir='ltr'><strong>ipsi.</strong></span> <span class='ocrx_word' id='word_1_241' title='bbox 565 909 646 936; x_wconf 88' lang='lat' dir='ltr'><strong>Tales</strong></span> <span class='ocrx_word' id='word_1_242' title='bbox 667 917 750 944; x_wconf 88' lang='lat' dir='ltr'><strong>porro</strong></span> <span class='ocrx_word' id='word_1_243' title='bbox 769 913 883 944; x_wconf 86' lang='lat' dir='ltr'><strong>propter</strong></span> <span class='ocrx_word' id='word_1_244' title='bbox 905 907 1054 935; x_wconf 78' lang='lat' dir='ltr'><strong>exuberan-</strong></span> 
     </span>
    </p>
   </div>
   <div class='ocr_carea' id='block_1_35' title="bbox 1104 904 1898 944">
    <p class='ocr_par' dir='ltr' id='par_1_35' title="bbox 1111 904 1898 943">
     <span class='ocr_line' id='line_1_35' title="bbox 1111 904 1898 943; baseline 0 -9"><span class='ocrx_word' id='word_1_245' title='bbox 1111 907 1166 941; x_wconf 71' lang='grc' dir='ltr'><strong>ἐγὼ</strong></span> <span class='ocrx_word' id='word_1_246' title='bbox 1191 907 1231 940; x_wconf 73' lang='grc' dir='ltr'><strong>δὲ,</strong></span> <span class='ocrx_word' id='word_1_247' title='bbox 1257 908 1295 940; x_wconf 82' lang='grc' dir='ltr'>ὡς</span> <span class='ocrx_word' id='word_1_248' title='bbox 1320 908 1439 943; x_wconf 81' lang='grc' dir='ltr'>είρηται,</span> <span class='ocrx_word' id='word_1_249' title='bbox 1465 907 1542 935; x_wconf 78' lang='grc' dir='ltr'>οὔπω</span> <span class='ocrx_word' id='word_1_250' title='bbox 1567 908 1661 934; x_wconf 81' lang='grc' dir='ltr'><strong>οὐδένα</strong></span> <span class='ocrx_word' id='word_1_251' title='bbox 1683 904 1751 934; x_wconf 74' lang='grc' dir='ltr'>εἶδον</span> <span class='ocrx_word' id='word_1_252' title='bbox 1776 907 1898 942; x_wconf 80' lang='grc' dir='ltr'>ἀκριδῶς</span> 
     </span>
    </p>
   </div>
   <div class='ocr_carea' id='block_1_36' title="bbox 266 953 1056 989">
    <p class='ocr_par' dir='ltr' id='par_1_36' title="bbox 266 953 1056 989">
     <span class='ocr_line' id='line_1_36' title="bbox 266 953 1056 989; baseline -0.003 -8"><span class='ocrx_word' id='word_1_253' title='bbox 266 959 321 981; x_wconf 88' lang='lat' dir='ltr'><strong>tem</strong></span> <span class='ocrx_word' id='word_1_254' title='bbox 339 954 454 989; x_wconf 84' lang='lat' dir='ltr'><strong>gratiam</strong></span> <span class='ocrx_word' id='word_1_255' title='bbox 466 960 495 981; x_wconf 87' lang='lat' dir='ltr'><strong>et</strong></span> <span class='ocrx_word' id='word_1_256' title='bbox 510 955 604 981; x_wconf 89' lang='lat' dir='ltr'><strong>lumen</strong></span> <span class='ocrx_word' id='word_1_257' title='bbox 620 955 695 989; x_wconf 87' lang='lat' dir='ltr'><strong>ipsos</strong></span> <span class='ocrx_word' id='word_1_258' title='bbox 709 954 861 986; x_wconf 89' lang='lat' dir='ltr'><strong>illustrans,</strong></span> <span class='ocrx_word' id='word_1_259' title='bbox 878 961 928 988; x_wconf 89' lang='lat' dir='ltr'><strong>per</strong></span> <span class='ocrx_word' id='word_1_260' title='bbox 949 953 1056 987; x_wconf 90' lang='lat' dir='ltr'><strong>impru-</strong></span> 
     </span>
    </p>
   </div>
   <div class='ocr_carea' id='block_1_37' title="bbox 266 998 1055 1034">
    <p class='ocr_par' dir='ltr' id='par_1_37' title="bbox 266 998 1055 1034">
     <span class='ocr_line' id='line_1_37' title="bbox 266 998 1055 1034; baseline -0.001 -9"><span class='ocrx_word' id='word_1_261' title='bbox 266 999 388 1026; x_wconf 85' lang='lat' dir='ltr'><strong>dentiam</strong></span> <span class='ocrx_word' id='word_1_262' title='bbox 400 999 474 1032; x_wconf 87' lang='lat' dir='ltr'><strong>dico,</strong></span> <span class='ocrx_word' id='word_1_263' title='bbox 494 1000 611 1034; x_wconf 81' lang='lat' dir='ltr'><strong>perfecti</strong></span> <span class='ocrx_word' id='word_1_264' title='bbox 627 1008 688 1027; x_wconf 86' lang='lat' dir='ltr'><strong>esse</strong></span> <span class='ocrx_word' id='word_1_265' title='bbox 699 1003 728 1027; x_wconf 90' lang='lat' dir='ltr'><strong>et</strong></span> <span class='ocrx_word' id='word_1_266' title='bbox 745 1000 826 1027; x_wconf 87' lang='lat' dir='ltr'><strong>liberi</strong></span> <span class='ocrx_word' id='word_1_267' title='bbox 842 999 972 1026; x_wconf 90' lang='lat' dir='ltr'><strong>videntur</strong></span> <span class='ocrx_word' id='word_1_268' title='bbox 986 998 1055 1031; x_wconf 84' lang='lat' dir='ltr'><strong>sibi;</strong></span> 
     </span>
    </p>
   </div>
   <div class='ocr_carea' id='block_1_38' title="bbox 266 1045 1054 1078">
    <p class='ocr_par' dir='ltr' id='par_1_38' title="bbox 266 1045 1054 1078">
     <span class='ocr_line' id='line_1_38' title="bbox 266 1045 1054 1078; baseline 0 -8"><span class='ocrx_word' id='word_1_269' title='bbox 266 1052 318 1078; x_wconf 75' lang='lat' dir='ltr'><strong>ego</strong></span> <span class='ocrx_word' id='word_1_270' title='bbox 328 1053 394 1072; x_wconf 88' lang='lat' dir='ltr'><strong>vero</strong></span> <span class='ocrx_word' id='word_1_271' title='bbox 411 1045 547 1076; x_wconf 88' lang='lat' dir='ltr'><strong>nondum,</strong></span> <span class='ocrx_word' id='word_1_272' title='bbox 568 1046 608 1072; x_wconf 90' lang='lat' dir='ltr'><strong>uti</strong></span> <span class='ocrx_word' id='word_1_273' title='bbox 631 1045 698 1077; x_wconf 81' lang='lat' dir='ltr'><strong>dixi,</strong></span> <span class='ocrx_word' id='word_1_274' title='bbox 724 1046 782 1073; x_wconf 90' lang='lat' dir='ltr'><strong>vidi</strong></span> <span class='ocrx_word' id='word_1_275' title='bbox 808 1046 894 1073; x_wconf 90' lang='lat' dir='ltr'><strong>ullum</strong></span> <span class='ocrx_word' id='word_1_276' title='bbox 914 1045 1054 1072; x_wconf 88' lang='lat' dir='ltr'><strong>hominem</strong></span> 
     </span>
    </p>
   </div>
   <div class='ocr_carea' id='block_1_39' title="bbox 266 1088 1054 1134">
    <p class='ocr_par' dir='ltr' id='par_1_39' title="bbox 266 1088 1054 1134">
     <span class='ocr_line' id='line_1_39' title="bbox 266 1088 1054 1134; baseline 0.001 -19"><span class='ocrx_word' id='word_1_277' title='bbox 266 1088 388 1134; x_wconf 63' lang='grc' dir='ltr'>νοείσθω</span> <span class='ocrx_word' id='word_1_278' title='bbox 403 1089 536 1124; x_wconf 88' lang='lat' dir='ltr'><strong>liberum;</strong></span> <span class='ocrx_word' id='word_1_279' title='bbox 552 1099 616 1118; x_wconf 88' lang='lat' dir='ltr'><strong>nam</strong></span> <span class='ocrx_word' id='word_1_280' title='bbox 639 1095 667 1118; x_wconf 92' lang='lat' dir='ltr'><strong>et</strong></span> <span class='ocrx_word' id='word_1_281' title='bbox 681 1091 798 1125; x_wconf 89' lang='lat' dir='ltr'><strong>quadam</strong></span> <span class='ocrx_word' id='word_1_282' title='bbox 818 1099 852 1119; x_wconf 85' lang='lat' dir='ltr'><strong>ex</strong></span> <span class='ocrx_word' id='word_1_283' title='bbox 880 1095 958 1126; x_wconf 87' lang='lat' dir='ltr'><strong>parte</strong></span> <span class='ocrx_word' id='word_1_284' title='bbox 985 1089 1054 1117; x_wconf 92' lang='lat' dir='ltr'><strong>mihi</strong></span> 
     </span>
    </p>
   </div>
   <div class='ocr_carea' id='block_1_40' title="bbox 1111 952 1898 988">
    <p class='ocr_par' dir='ltr' id='par_1_40' title="bbox 1111 952 1898 988">
     <span class='ocr_line' id='line_1_40' title="bbox 1111 952 1898 988; baseline 0.003 -10"><span class='ocrx_word' id='word_1_285' title='bbox 1111 952 1270 988; x_wconf 76' lang='grc' dir='ltr'>ὲλεύθερονι</span> <span class='ocrx_word' id='word_1_286' title='bbox 1297 953 1391 988; x_wconf 76' lang='grc' dir='ltr'>ἐπειδὴ</span> <span class='ocrx_word' id='word_1_287' title='bbox 1418 953 1502 988; x_wconf 77' lang='grc' dir='ltr'>κάμοὶ</span> <span class='ocrx_word' id='word_1_288' title='bbox 1522 953 1643 988; x_wconf 75' lang='grc' dir='ltr'><strong>μερικῶς</strong></span> <span class='ocrx_word' id='word_1_289' title='bbox 1658 953 1763 988; x_wconf 85' lang='grc' dir='ltr'>καιροῖς</span> <span class='ocrx_word' id='word_1_290' title='bbox 1785 952 1814 979; x_wconf 73' lang='grc' dir='ltr'><strong>ἐν</strong></span> <span class='ocrx_word' id='word_1_291' title='bbox 1827 961 1898 980; x_wconf 84' lang='grc' dir='ltr'>τισιν</span> 
     </span>
    </p>
   </div>
   <div class='ocr_carea' id='block_1_41' title="bbox 1110 994 1896 1035">
    <p class='ocr_par' dir='ltr' id='par_1_41' title="bbox 1110 994 1896 1035">
     <span class='ocr_line' id='line_1_41' title="bbox 1110 994 1896 1035; baseline 0 -12"><span class='ocrx_word' id='word_1_292' title='bbox 1110 997 1249 1031; x_wconf 77' lang='grc' dir='ltr'>ἐξεγένετο</span> <span class='ocrx_word' id='word_1_293' title='bbox 1263 997 1303 1029; x_wconf 85' lang='grc' dir='ltr'>είς</span> <span class='ocrx_word' id='word_1_294' title='bbox 1316 997 1405 1023; x_wconf 65' lang='grc' dir='ltr'>ἐκεῖνο</span> <span class='ocrx_word' id='word_1_295' title='bbox 1418 997 1448 1023; x_wconf 85' lang='grc' dir='ltr'><strong>τδ</strong></span> <span class='ocrx_word' id='word_1_296' title='bbox 1466 997 1566 1031; x_wconf 73' lang='grc' dir='ltr'>μέτρον</span> <span class='ocrx_word' id='word_1_297' title='bbox 1581 994 1598 1035; x_wconf 80' lang='grc' dir='ltr'>ᾖ</span> <span class='ocrx_word' id='word_1_298' title='bbox 1614 997 1738 1024; x_wconf 83' lang='grc' dir='ltr'>λέλεκται</span> <span class='ocrx_word' id='word_1_299' title='bbox 1754 996 1896 1029; x_wconf 82' lang='grc' dir='ltr'>είσελθείν,</span> 
     </span>
    </p>
   </div>
   <div class='ocr_carea' id='block_1_42' title="bbox 1109 1041 1898 1078">
    <p class='ocr_par' dir='ltr' id='par_1_42' title="bbox 1109 1041 1898 1078">
     <span class='ocr_line' id='line_1_42' title="bbox 1109 1041 1898 1078; baseline 0 -9"><span class='ocrx_word' id='word_1_300' title='bbox 1109 1043 1157 1070; x_wconf 81' lang='grc' dir='ltr'>καὶ</span> <span class='ocrx_word' id='word_1_301' title='bbox 1176 1041 1234 1069; x_wconf 77' lang='grc' dir='ltr'>οῖδα</span> <span class='ocrx_word' id='word_1_302' title='bbox 1255 1042 1422 1078; x_wconf 76' lang='grc' dir='ltr'>καταμαθὼν</span> <span class='ocrx_word' id='word_1_303' title='bbox 1444 1043 1535 1074; x_wconf 81' lang='grc' dir='ltr'>ὁποῖός</span> <span class='ocrx_word' id='word_1_304' title='bbox 1548 1051 1589 1075; x_wconf 85' lang='grc' dir='ltr'>τις</span> <span class='ocrx_word' id='word_1_305' title='bbox 1608 1044 1622 1070; x_wconf 84' lang='grc' dir='ltr'>ὀ</span> <span class='ocrx_word' id='word_1_306' title='bbox 1635 1042 1737 1074; x_wconf 78' lang='grc' dir='ltr'>τέλειος</span> <span class='ocrx_word' id='word_1_307' title='bbox 1755 1042 1898 1078; x_wconf 72' lang='grc' dir='ltr'>ἄνθρωπός</span> 
     </span>
    </p>
   </div>
   <div class='ocr_carea' id='block_1_43' title="bbox 1108 1089 1191 1115">
    <p class='ocr_par' dir='ltr' id='par_1_43' title="bbox 1108 1089 1191 1115">
     <span class='ocr_line' id='line_1_43' title="bbox 1108 1089 1191 1115; baseline 0 0"><span class='ocrx_word' id='word_1_308' title='bbox 1108 1089 1191 1115; x_wconf 80' lang='grc' dir='ltr'>ἐστιν.</span> 
     </span>
    </p>
   </div>
   <div class='ocr_carea' id='block_1_44' title="bbox 269 1133 1896 1170">
    <p class='ocr_par' dir='ltr' id='par_1_44' title="bbox 269 1133 1896 1170">
     <span class='ocr_line' id='line_1_44' title="bbox 269 1133 1896 1170; baseline -0.001 -8"><span class='ocrx_word' id='word_1_309' title='bbox 269 1133 402 1169; x_wconf 75' lang='lat' dir='ltr'><strong>contigit,</strong></span> <span class='ocrx_word' id='word_1_310' title='bbox 433 1135 579 1163; x_wconf 89' lang='lat' dir='ltr'><strong>momentis</strong></span> <span class='ocrx_word' id='word_1_311' title='bbox 612 1135 788 1170; x_wconf 85' lang='lat' dir='ltr'><strong>quibusdam,</strong></span> <span class='ocrx_word' id='word_1_312' title='bbox 809 1136 836 1163; x_wconf 94' lang='lat' dir='ltr'><strong>in</strong></span> <span class='ocrx_word' id='word_1_313' title='bbox 869 1136 960 1169; x_wconf 87' lang='lat' dir='ltr'><strong>illam,</strong></span> <span class='ocrx_word' id='word_1_314' title='bbox 990 1138 1129 1170; x_wconf 87' lang='lat' dir='ltr'><strong>quatenus</strong></span> <span class='ocrx_word' id='word_1_315' title='bbox 1161 1134 1266 1162; x_wconf 90' lang='lat' dir='ltr'><strong>dictum</strong></span> <span class='ocrx_word' id='word_1_316' title='bbox 1296 1137 1362 1167; x_wconf 84' lang='lat' dir='ltr'><strong>est,</strong></span> <span class='ocrx_word' id='word_1_317' title='bbox 1389 1141 1549 1162; x_wconf 88' lang='lat' dir='ltr'><strong>mensuram</strong></span> <span class='ocrx_word' id='word_1_318' title='bbox 1588 1134 1706 1170; x_wconf 82' lang='lat' dir='ltr'><strong>ingredi.</strong></span> <span class='ocrx_word' id='word_1_319' title='bbox 1749 1134 1784 1162; x_wconf 86' lang='lat' dir='ltr'><strong>Et</strong></span> <span class='ocrx_word' id='word_1_320' title='bbox 1819 1133 1896 1167; x_wconf 86' lang='lat' dir='ltr'><strong>novi,</strong></span> 
     </span>
    </p>
   </div>
   <div class='ocr_carea' id='block_1_45' title="bbox 265 1180 1161 1217">
    <p class='ocr_par' dir='ltr' id='par_1_45' title="bbox 265 1180 1161 1217">
     <span class='ocr_line' id='line_1_45' title="bbox 265 1180 1161 1217; baseline 0.001 -11"><span class='ocrx_word' id='word_1_321' title='bbox 265 1180 382 1207; x_wconf 82' lang='lat' dir='ltr'><strong>edoctus</strong></span> <span class='ocrx_word' id='word_1_322' title='bbox 399 1181 607 1215; x_wconf 87' lang='lat' dir='ltr'><strong>experimentis,</strong></span> <span class='ocrx_word' id='word_1_323' title='bbox 621 1181 711 1215; x_wconf 87' lang='lat' dir='ltr'><strong>qualis</strong></span> <span class='ocrx_word' id='word_1_324' title='bbox 723 1181 833 1208; x_wconf 87' lang='lat' dir='ltr'><strong>demum</strong></span> <span class='ocrx_word' id='word_1_325' title='bbox 853 1182 889 1209; x_wconf 81' lang='lat' dir='ltr'><strong>sit</strong></span> <span class='ocrx_word' id='word_1_326' title='bbox 914 1181 1053 1217; x_wconf 87' lang='lat' dir='ltr'><strong>perfectus</strong></span> <span class='ocrx_word' id='word_1_327' title='bbox 1069 1182 1161 1209; x_wconf 86' lang='lat' dir='ltr'><strong>homo.</strong></span> 
     </span>
    </p>
   </div>
   <div class='ocr_carea' id='block_1_46' title="bbox 301 1226 1055 1263">
    <p class='ocr_par' dir='ltr' id='par_1_46' title="bbox 301 1226 1055 1263">
     <span class='ocr_line' id='line_1_46' title="bbox 301 1226 1055 1263; baseline 0.004 -10"><span class='ocrx_word' id='word_1_328' title='bbox 301 1226 372 1254; x_wconf 78' lang='lat' dir='ltr'><strong>Xlll.</strong></span> <span class='ocrx_word' id='word_1_329' title='bbox 388 1226 456 1254; x_wconf 91' lang='lat' dir='ltr'><strong>Cum</strong></span> <span class='ocrx_word' id='word_1_330' title='bbox 475 1228 572 1255; x_wconf 90' lang='lat' dir='ltr'><strong>audire</strong></span> <span class='ocrx_word' id='word_1_331' title='bbox 589 1228 639 1255; x_wconf 88' lang='lat' dir='ltr'><strong>tibi</strong></span> <span class='ocrx_word' id='word_1_332' title='bbox 655 1228 805 1263; x_wconf 77' lang='lat' dir='ltr'><strong>contigerit</strong></span> <span class='ocrx_word' id='word_1_333' title='bbox 820 1228 855 1256; x_wconf 87' lang='lat' dir='ltr'><strong>de</strong></span> <span class='ocrx_word' id='word_1_334' title='bbox 867 1229 1055 1256; x_wconf 89' lang='lat' dir='ltr'><strong>communica-</strong></span> 
     </span>
    </p>
   </div>
   <div class='ocr_carea' id='block_1_47' title="bbox 267 1274 1057 1311">
    <p class='ocr_par' dir='ltr' id='par_1_47' title="bbox 267 1274 1057 1311">
     <span class='ocr_line' id='line_1_47' title="bbox 267 1274 1057 1311; baseline 0.004 -10"><span class='ocrx_word' id='word_1_335' title='bbox 267 1274 343 1302; x_wconf 89' lang='lat' dir='ltr'><strong>tione</strong></span> <span class='ocrx_word' id='word_1_336' title='bbox 354 1276 448 1310; x_wconf 85' lang='lat' dir='ltr'><strong>sponsi</strong></span> <span class='ocrx_word' id='word_1_337' title='bbox 469 1284 531 1303; x_wconf 88' lang='lat' dir='ltr'><strong>cnm</strong></span> <span class='ocrx_word' id='word_1_338' title='bbox 546 1284 657 1311; x_wconf 84' lang='lat' dir='ltr'><strong>sponsa,</strong></span> <span class='ocrx_word' id='word_1_339' title='bbox 679 1276 713 1304; x_wconf 92' lang='lat' dir='ltr'><strong>de</strong></span> <span class='ocrx_word' id='word_1_340' title='bbox 739 1277 842 1309; x_wconf 86' lang='lat' dir='ltr'><strong>choris,</strong></span> <span class='ocrx_word' id='word_1_341' title='bbox 871 1277 905 1304; x_wconf 92' lang='lat' dir='ltr'><strong>de</strong></span> <span class='ocrx_word' id='word_1_342' title='bbox 933 1283 1013 1304; x_wconf 87' lang='lat' dir='ltr'><strong>cantu</strong></span> <span class='ocrx_word' id='word_1_343' title='bbox 1029 1281 1057 1304; x_wconf 88' lang='lat' dir='ltr'><strong>et.</strong></span> 
     </span>
    </p>
   </div>
   <div class='ocr_carea' id='block_1_48' title="bbox 266 1321 1056 1358">
    <p class='ocr_par' dir='ltr' id='par_1_48' title="bbox 266 1321 1056 1358">
     <span class='ocr_line' id='line_1_48' title="bbox 266 1321 1056 1358; baseline 0.003 -11"><span class='ocrx_word' id='word_1_344' title='bbox 266 1321 356 1352; x_wconf 86' lang='lat' dir='ltr'><strong>festis.</strong></span> <span class='ocrx_word' id='word_1_345' title='bbox 370 1321 439 1348; x_wconf 90' lang='lat' dir='ltr'><strong>nihil</strong></span> <span class='ocrx_word' id='word_1_346' title='bbox 453 1323 593 1349; x_wconf 87' lang='lat' dir='ltr'><strong>materialc</strong></span> <span class='ocrx_word' id='word_1_347' title='bbox 601 1327 649 1349; x_wconf 89' lang='lat' dir='ltr'><strong>aut</strong></span> <span class='ocrx_word' id='word_1_348' title='bbox 658 1326 799 1350; x_wconf 89' lang='lat' dir='ltr'><strong>terrenum</strong></span> <span class='ocrx_word' id='word_1_349' title='bbox 818 1322 995 1358; x_wconf 77' lang='lat' dir='ltr'><strong>cogitaveris.</strong></span> <span class='ocrx_word' id='word_1_350' title='bbox 1005 1322 1056 1349; x_wconf 87' lang='lat' dir='ltr'><strong>Et-</strong></span> 
     </span>
    </p>
   </div>
   <div class='ocr_carea' id='block_1_49' title="bbox 265 1363 1055 1399">
    <p class='ocr_par' dir='ltr' id='par_1_49' title="bbox 265 1363 1055 1399">
     <span class='ocr_line' id='line_1_49' title="bbox 265 1363 1055 1399; baseline 0.004 -10"><span class='ocrx_word' id='word_1_351' title='bbox 265 1363 342 1390; x_wconf 90' lang='lat' dir='ltr'><strong>enim</strong></span> <span class='ocrx_word' id='word_1_352' title='bbox 359 1363 386 1390; x_wconf 92' lang='lat' dir='ltr'><strong>in</strong></span> <span class='ocrx_word' id='word_1_353' title='bbox 399 1365 553 1399; x_wconf 88' lang='lat' dir='ltr'><strong>exemplum</strong></span> <span class='ocrx_word' id='word_1_354' title='bbox 571 1364 705 1392; x_wconf 82' lang='lat' dir='ltr'><strong>duntaxat</strong></span> <span class='ocrx_word' id='word_1_355' title='bbox 728 1372 778 1399; x_wconf 91' lang='lat' dir='ltr'><strong>per</strong></span> <span class='ocrx_word' id='word_1_356' title='bbox 791 1365 1055 1392; x_wconf 85' lang='lat' dir='ltr'><strong>condescensionem</strong></span> 
     </span>
    </p>
   </div>
   <div class='ocr_carea' id='block_1_50' title="bbox 266 1409 1056 1445">
    <p class='ocr_par' dir='ltr' id='par_1_50' title="bbox 266 1409 1056 1445">
     <span class='ocr_line' id='line_1_50' title="bbox 266 1409 1056 1445; baseline 0.003 -9"><span class='ocrx_word' id='word_1_357' title='bbox 266 1409 347 1443; x_wconf 74' lang='lat'><strong>202</strong></span> <span class='ocrx_word' id='word_1_358' title='bbox 367 1409 426 1437; x_wconf 80' lang='lat' dir='ltr'><strong>haec</strong></span> <span class='ocrx_word' id='word_1_359' title='bbox 439 1414 628 1437; x_wconf 88' lang='lat' dir='ltr'><strong>assumuntur.</strong></span> <span class='ocrx_word' id='word_1_360' title='bbox 644 1410 779 1443; x_wconf 86' lang='lat' dir='ltr'><strong>Quoniam</strong></span> <span class='ocrx_word' id='word_1_361' title='bbox 796 1410 840 1438; x_wconf 88' lang='lat' dir='ltr'><strong>illa</strong></span> <span class='ocrx_word' id='word_1_362' title='bbox 858 1418 919 1445; x_wconf 83' lang='lat' dir='ltr'><strong>quae</strong></span> <span class='ocrx_word' id='word_1_363' title='bbox 929 1410 972 1438; x_wconf 91' lang='lat' dir='ltr'><strong>his</strong></span> <span class='ocrx_word' id='word_1_364' title='bbox 982 1410 1056 1438; x_wconf 89' lang='lat' dir='ltr'><strong>desi-</strong></span> 
     </span>
    </p>
   </div>
   <div class='ocr_carea' id='block_1_51' title="bbox 265 1455 1054 1491">
    <p class='ocr_par' dir='ltr' id='par_1_51' title="bbox 265 1455 1054 1491">
     <span class='ocr_line' id='line_1_51' title="bbox 265 1455 1054 1491; baseline 0.005 -11"><span class='ocrx_word' id='word_1_365' title='bbox 265 1459 398 1488; x_wconf 84' lang='lat' dir='ltr'><strong>gnantur,</strong></span> <span class='ocrx_word' id='word_1_366' title='bbox 415 1455 572 1490; x_wconf 86' lang='lat' dir='ltr'><strong>spiritualia</strong></span> <span class='ocrx_word' id='word_1_367' title='bbox 600 1459 629 1482; x_wconf 90' lang='lat' dir='ltr'><strong>et</strong></span> <span class='ocrx_word' id='word_1_368' title='bbox 651 1456 741 1484; x_wconf 91' lang='lat' dir='ltr'><strong>oculis</strong></span> <span class='ocrx_word' id='word_1_369' title='bbox 763 1456 873 1483; x_wconf 86' lang='lat' dir='ltr'><strong>carneis</strong></span> <span class='ocrx_word' id='word_1_370' title='bbox 895 1456 1054 1491; x_wconf 86' lang='lat' dir='ltr'><strong>incontigua</strong></span> 
     </span>
    </p>
   </div>
   <div class='ocr_carea' id='block_1_52' title="bbox 266 1500 1055 1535">
    <p class='ocr_par' dir='ltr' id='par_1_52' title="bbox 266 1500 1055 1535">
     <span class='ocr_line' id='line_1_52' title="bbox 266 1500 1055 1535; baseline 0.003 -9"><span class='ocrx_word' id='word_1_371' title='bbox 266 1503 341 1526; x_wconf 77' lang='lat' dir='ltr'><strong>sunt.</strong></span> <span class='ocrx_word' id='word_1_372' title='bbox 362 1500 469 1527; x_wconf 64' lang='lat' dir='ltr'><strong>Animae</strong></span> <span class='ocrx_word' id='word_1_373' title='bbox 481 1508 548 1528; x_wconf 81' lang='lat' dir='ltr'><strong>vero</strong></span> <span class='ocrx_word' id='word_1_374' title='bbox 559 1505 662 1529; x_wconf 71' lang='lat' dir='ltr'><strong>sanctae</strong></span> <span class='ocrx_word' id='word_1_375' title='bbox 673 1508 706 1528; x_wconf 87' lang='lat' dir='ltr'><strong>ac</strong></span> <span class='ocrx_word' id='word_1_376' title='bbox 723 1501 798 1528; x_wconf 79' lang='lat' dir='ltr'><strong>ﬁdeli</strong></span> <span class='ocrx_word' id='word_1_377' title='bbox 808 1501 860 1528; x_wconf 89' lang='lat' dir='ltr'><strong>sub</strong></span> <span class='ocrx_word' id='word_1_378' title='bbox 873 1501 1055 1535; x_wconf 89' lang='lat' dir='ltr'><strong>comprehen-</strong></span> 
     </span>
    </p>
   </div>
   <div class='ocr_carea' id='block_1_53' title="bbox 266 1537 1091 1583">
    <p class='ocr_par' dir='ltr' id='par_1_53' title="bbox 266 1537 1091 1583">
     <span class='ocr_line' id='line_1_53' title="bbox 266 1537 1091 1583; baseline 0.005 -12"><span class='ocrx_word' id='word_1_379' title='bbox 266 1545 372 1572; x_wconf 88' lang='lat' dir='ltr'><strong>sionem</strong></span> <span class='ocrx_word' id='word_1_380' title='bbox 389 1546 505 1574; x_wconf 87' lang='lat' dir='ltr'><strong>veniunt</strong></span> <span class='ocrx_word' id='word_1_381' title='bbox 519 1553 549 1574; x_wconf 88' lang='lat' dir='ltr'><strong>et</strong></span> <span class='ocrx_word' id='word_1_382' title='bbox 564 1547 622 1582; x_wconf 88' lang='lat' dir='ltr'><strong>ipsa</strong></span> <span class='ocrx_word' id='word_1_383' title='bbox 632 1547 846 1575; x_wconf 85' lang='lat' dir='ltr'><strong>communicatio</strong></span> <span class='ocrx_word' id='word_1_384' title='bbox 861 1547 950 1575; x_wconf 89' lang='lat' dir='ltr'><strong>sancti</strong></span> <span class='ocrx_word' id='word_1_385' title='bbox 967 1547 1056 1583; x_wconf 89' lang='lat' dir='ltr'><strong>Spiri-</strong></span> <span class='ocrx_word' id='word_1_386' title='bbox 1068 1537 1091 1568; x_wconf 67' lang='grc' dir='ltr'><strong>(ἶ</strong></span> 
     </span>
    </p>
   </div>
   <div class='ocr_carea' id='block_1_54' title="bbox 266 1592 1057 1626">
    <p class='ocr_par' dir='ltr' id='par_1_54' title="bbox 266 1592 1057 1626">
     <span class='ocr_line' id='line_1_54' title="bbox 266 1592 1057 1626; baseline 0.006 -9"><span class='ocrx_word' id='word_1_387' title='bbox 266 1595 321 1623; x_wconf 87' lang='lat' dir='ltr'><strong>tus,</strong></span> <span class='ocrx_word' id='word_1_388' title='bbox 343 1594 372 1617; x_wconf 87' lang='lat' dir='ltr'><strong>et</strong></span> <span class='ocrx_word' id='word_1_389' title='bbox 387 1592 596 1626; x_wconf 74' lang='lat' dir='ltr'><strong>supercoslestes</strong></span> <span class='ocrx_word' id='word_1_390' title='bbox 606 1593 740 1625; x_wconf 87' lang='lat' dir='ltr'><strong>thesauri,</strong></span> <span class='ocrx_word' id='word_1_391' title='bbox 762 1593 840 1621; x_wconf 88' lang='lat' dir='ltr'><strong>chori</strong></span> <span class='ocrx_word' id='word_1_392' title='bbox 856 1601 889 1621; x_wconf 91' lang='lat' dir='ltr'><strong>ac</strong></span> <span class='ocrx_word' id='word_1_393' title='bbox 907 1594 977 1622; x_wconf 87' lang='lat' dir='ltr'><strong>festa</strong></span> <span class='ocrx_word' id='word_1_394' title='bbox 993 1602 1057 1623; x_wconf 84' lang='lat' dir='ltr'><strong>san-</strong></span> 
     </span>
    </p>
   </div>
   <div class='ocr_carea' id='block_1_55' title="bbox 265 1637 1055 1671">
    <p class='ocr_par' dir='ltr' id='par_1_55' title="bbox 265 1637 1055 1671">
     <span class='ocr_line' id='line_1_55' title="bbox 265 1637 1055 1671; baseline 0.008 -9"><span class='ocrx_word' id='word_1_395' title='bbox 265 1640 374 1663; x_wconf 90' lang='lat' dir='ltr'><strong>ctorum</strong></span> <span class='ocrx_word' id='word_1_396' title='bbox 390 1637 561 1671; x_wconf 77' lang='lat' dir='ltr'><strong>angelorum.</strong></span> <span class='ocrx_word' id='word_1_397' title='bbox 579 1638 653 1671; x_wconf 84' lang='lat' dir='ltr'><strong>Quin</strong></span> <span class='ocrx_word' id='word_1_398' title='bbox 664 1639 709 1666; x_wconf 88' lang='lat' dir='ltr'><strong>isti</strong></span> <span class='ocrx_word' id='word_1_399' title='bbox 722 1643 827 1666; x_wconf 87' lang='lat' dir='ltr'><strong>tantum</strong></span> <span class='ocrx_word' id='word_1_400' title='bbox 843 1640 949 1667; x_wconf 87' lang='lat' dir='ltr'><strong>homini</strong></span> <span class='ocrx_word' id='word_1_401' title='bbox 966 1641 1055 1668; x_wconf 90' lang='lat' dir='ltr'><strong>mani-</strong></span> 
     </span>
    </p>
   </div>
   <div class='ocr_carea' id='block_1_56' title="bbox 265 1681 1056 1720">
    <p class='ocr_par' dir='ltr' id='par_1_56' title="bbox 265 1681 1056 1720">
     <span class='ocr_line' id='line_1_56' title="bbox 265 1681 1056 1720; baseline 0.006 -12"><span class='ocrx_word' id='word_1_402' title='bbox 265 1681 334 1709; x_wconf 87' lang='lat' dir='ltr'><strong>festa</strong></span> <span class='ocrx_word' id='word_1_403' title='bbox 355 1681 434 1715; x_wconf 78' lang='lat' dir='ltr'><strong>finiit,</strong></span> <span class='ocrx_word' id='word_1_404' title='bbox 446 1682 494 1717; x_wconf 88' lang='lat' dir='ltr'><strong>qui</strong></span> <span class='ocrx_word' id='word_1_405' title='bbox 508 1684 729 1718; x_wconf 82' lang='lat' dir='ltr'><strong>experimentum</strong></span> <span class='ocrx_word' id='word_1_406' title='bbox 743 1692 840 1712; x_wconf 90' lang='lat' dir='ltr'><strong>eorum</strong></span> <span class='ocrx_word' id='word_1_407' title='bbox 858 1686 978 1720; x_wconf 89' lang='lat' dir='ltr'><strong>ceperit;</strong></span> <span class='ocrx_word' id='word_1_408' title='bbox 999 1693 1056 1713; x_wconf 89' lang='lat' dir='ltr'><strong>non</strong></span> 
     </span>
    </p>
   </div>
   <div class='ocr_carea' id='block_1_57' title="bbox 265 1727 1055 1767">
    <p class='ocr_par' dir='ltr' id='par_1_57' title="bbox 265 1727 1055 1767">
     <span class='ocr_line' id='line_1_57' title="bbox 265 1727 1055 1767; baseline 0.008 -14"><span class='ocrx_word' id='word_1_409' title='bbox 265 1727 441 1754; x_wconf 88' lang='lat' dir='ltr'><strong>introductus</strong></span> <span class='ocrx_word' id='word_1_410' title='bbox 448 1732 540 1755; x_wconf 90' lang='lat' dir='ltr'><strong>autem</strong></span> <span class='ocrx_word' id='word_1_411' title='bbox 552 1729 579 1756; x_wconf 90' lang='lat' dir='ltr'><strong>in</strong></span> <span class='ocrx_word' id='word_1_412' title='bbox 594 1729 651 1757; x_wconf 74' lang='lat' dir='ltr'><strong>haac</strong></span> <span class='ocrx_word' id='word_1_413' title='bbox 668 1730 819 1766; x_wconf 80' lang='lat' dir='ltr'><strong>adyta,nec</strong></span> <span class='ocrx_word' id='word_1_414' title='bbox 830 1731 1055 1767; x_wconf 85' lang='lat' dir='ltr'><strong>qualemcunque</strong></span> 
     </span>
    </p>
   </div>
   <div class='ocr_carea' id='block_1_58' title="bbox 265 1772 1056 1812">
    <p class='ocr_par' dir='ltr' id='par_1_58' title="bbox 265 1772 1056 1812">
     <span class='ocr_line' id='line_1_58' title="bbox 265 1772 1056 1812; baseline 0.009 -14"><span class='ocrx_word' id='word_1_415' title='bbox 265 1772 362 1799; x_wconf 87' lang='lat' dir='ltr'><strong>talium</strong></span> <span class='ocrx_word' id='word_1_416' title='bbox 377 1773 497 1802; x_wconf 85' lang='lat' dir='ltr'><strong>formare</strong></span> <span class='ocrx_word' id='word_1_417' title='bbox 511 1774 601 1802; x_wconf 90' lang='lat' dir='ltr'><strong>ideam</strong></span> <span class='ocrx_word' id='word_1_418' title='bbox 617 1780 720 1810; x_wconf 88' lang='lat' dir='ltr'><strong>potest.</strong></span> <span class='ocrx_word' id='word_1_419' title='bbox 737 1777 910 1805; x_wconf 82' lang='lat' dir='ltr'><strong>Reverenter</strong></span> <span class='ocrx_word' id='word_1_420' title='bbox 924 1777 1009 1812; x_wconf 84' lang='lat' dir='ltr'><strong>igitur</strong></span> <span class='ocrx_word' id='word_1_421' title='bbox 1021 1777 1056 1805; x_wconf 85' lang='lat' dir='ltr'><strong>de</strong></span> 
     </span>
    </p>
   </div>
   <div class='ocr_carea' id='block_1_59' title="bbox 267 1816 1055 1857">
    <p class='ocr_par' dir='ltr' id='par_1_59' title="bbox 267 1816 1055 1857">
     <span class='ocr_line' id='line_1_59' title="bbox 267 1816 1055 1857; baseline 0.009 -14"><span class='ocrx_word' id='word_1_422' title='bbox 267 1816 426 1852; x_wconf 65' lang='lat' dir='ltr'><strong>huiusmodi</strong></span> <span class='ocrx_word' id='word_1_423' title='bbox 443 1818 527 1846; x_wconf 91' lang='lat' dir='ltr'><strong>rebus</strong></span> <span class='ocrx_word' id='word_1_424' title='bbox 544 1820 620 1852; x_wconf 90' lang='lat' dir='ltr'><strong>audi,</strong></span> <span class='ocrx_word' id='word_1_425' title='bbox 643 1821 735 1855; x_wconf 88' lang='lat' dir='ltr'><strong>quoad</strong></span> <span class='ocrx_word' id='word_1_426' title='bbox 754 1821 804 1848; x_wconf 91' lang='lat' dir='ltr'><strong>tibi</strong></span> <span class='ocrx_word' id='word_1_427' title='bbox 827 1822 970 1857; x_wconf 77' lang='lat' dir='ltr'><strong>contingat</strong></span> <span class='ocrx_word' id='word_1_428' title='bbox 992 1829 1055 1850; x_wconf 87' lang='lat' dir='ltr'><strong>cre-</strong></span> 
     </span>
    </p>
   </div>
   <div class='ocr_carea' id='block_1_60' title="bbox 264 1862 1053 1899">
    <p class='ocr_par' dir='ltr' id='par_1_60' title="bbox 264 1862 1053 1899">
     <span class='ocr_line' id='line_1_60' title="bbox 264 1862 1053 1899; baseline 0.008 -10"><span class='ocrx_word' id='word_1_429' title='bbox 264 1862 355 1894; x_wconf 74' lang='lat' dir='ltr'><strong>denti.</strong></span> <span class='ocrx_word' id='word_1_430' title='bbox 373 1867 403 1891; x_wconf 93' lang='lat' dir='ltr'><strong>ut</strong></span> <span class='ocrx_word' id='word_1_431' title='bbox 421 1863 519 1899; x_wconf 68' lang='lat' dir='ltr'><strong>dignus</strong></span> <span class='ocrx_word' id='word_1_432' title='bbox 530 1865 662 1894; x_wconf 89' lang='lat' dir='ltr'><strong>habearis</strong></span> <span class='ocrx_word' id='word_1_433' title='bbox 674 1866 807 1894; x_wconf 90' lang='lat' dir='ltr'><strong>fruitione</strong></span> <span class='ocrx_word' id='word_1_434' title='bbox 823 1873 932 1895; x_wconf 88' lang='lat' dir='ltr'><strong>tuarum</strong></span> <span class='ocrx_word' id='word_1_435' title='bbox 949 1875 1053 1896; x_wconf 89' lang='lat' dir='ltr'><strong>rerum.</strong></span> 
     </span>
    </p>
   </div>
   <div class='ocr_carea' id='block_1_61' title="bbox 264 1908 1054 1947">
    <p class='ocr_par' dir='ltr' id='par_1_61' title="bbox 264 1908 1054 1947">
     <span class='ocr_line' id='line_1_61' title="bbox 264 1908 1054 1947; baseline 0.009 -13"><span class='ocrx_word' id='word_1_436' title='bbox 264 1908 299 1935; x_wconf 87' lang='lat' dir='ltr'><strong>Et</strong></span> <span class='ocrx_word' id='word_1_437' title='bbox 322 1912 388 1936; x_wconf 92' lang='lat' dir='ltr'><strong>tunc</strong></span> <span class='ocrx_word' id='word_1_438' title='bbox 407 1910 479 1936; x_wconf 82' lang='lat' dir='ltr'><strong>scies</strong></span> <span class='ocrx_word' id='word_1_439' title='bbox 497 1909 557 1944; x_wconf 90' lang='lat' dir='ltr'><strong>ipsa</strong></span> <span class='ocrx_word' id='word_1_440' title='bbox 583 1911 757 1946; x_wconf 87' lang='lat' dir='ltr'><strong>experientia</strong></span> <span class='ocrx_word' id='word_1_441' title='bbox 772 1913 918 1940; x_wconf 91' lang='lat' dir='ltr'><strong>oculorum</strong></span> <span class='ocrx_word' id='word_1_442' title='bbox 943 1914 1054 1947; x_wconf 70' lang='lat' dir='ltr'><strong>animae,</strong></span> 
     </span>
    </p>
   </div>
   <div class='ocr_carea' id='block_1_62' title="bbox 263 1954 1054 1988">
    <p class='ocr_par' dir='ltr' id='par_1_62' title="bbox 263 1954 1054 1988">
     <span class='ocr_line' id='line_1_62' title="bbox 263 1954 1054 1988; baseline 0.009 -8"><span class='ocrx_word' id='word_1_443' title='bbox 263 1954 387 1988; x_wconf 88' lang='lat' dir='ltr'><strong>qualium</strong></span> <span class='ocrx_word' id='word_1_444' title='bbox 429 1955 566 1982; x_wconf 89' lang='lat' dir='ltr'><strong>bonorum</strong></span> <span class='ocrx_word' id='word_1_445' title='bbox 607 1958 706 1985; x_wconf 61' lang='lat' dir='ltr'><strong>anima:</strong></span> <span class='ocrx_word' id='word_1_446' title='bbox 739 1958 964 1987; x_wconf 90' lang='lat' dir='ltr'><strong>Christianorum</strong></span> <span class='ocrx_word' id='word_1_447' title='bbox 993 1959 1054 1987; x_wconf 82' lang='lat' dir='ltr'><strong>ﬁeri</strong></span> 
     </span>
    </p>
   </div>
   <div class='ocr_carea' id='block_1_63' title="bbox 263 2002 1055 2041">
    <p class='ocr_par' dir='ltr' id='par_1_63' title="bbox 263 2002 1055 2041">
     <span class='ocr_line' id='line_1_63' title="bbox 263 2002 1055 2041; baseline 0.009 -15"><span class='ocrx_word' id='word_1_448' title='bbox 263 2003 405 2034; x_wconf 77' lang='lat' dir='ltr'><strong>compotes</strong></span> <span class='ocrx_word' id='word_1_449' title='bbox 416 2005 527 2036; x_wconf 86' lang='lat' dir='ltr'><strong>queant.</strong></span> <span class='ocrx_word' id='word_1_450' title='bbox 535 2002 601 2029; x_wconf 87' lang='lat' dir='ltr'><strong>Nam</strong></span> <span class='ocrx_word' id='word_1_451' title='bbox 613 2003 639 2029; x_wconf 94' lang='lat' dir='ltr'><strong>in</strong></span> <span class='ocrx_word' id='word_1_452' title='bbox 653 2004 857 2032; x_wconf 88' lang='lat' dir='ltr'><strong>resurrectione</strong></span> <span class='ocrx_word' id='word_1_453' title='bbox 869 2005 978 2040; x_wconf 91' lang='lat' dir='ltr'><strong>corpori</strong></span> <span class='ocrx_word' id='word_1_454' title='bbox 986 2013 1055 2041; x_wconf 88' lang='lat' dir='ltr'><strong>quo-</strong></span> 
     </span>
    </p>
   </div>
   <div class='ocr_carea' id='block_1_64' title="bbox 267 2046 1053 2086">
    <p class='ocr_par' dir='ltr' id='par_1_64' title="bbox 267 2046 1053 2086">
     <span class='ocr_line' id='line_1_64' title="bbox 267 2046 1053 2086; baseline 0.01 -15"><span class='ocrx_word' id='word_1_455' title='bbox 267 2053 323 2080; x_wconf 91' lang='lat' dir='ltr'><strong>que</strong></span> <span class='ocrx_word' id='word_1_456' title='bbox 336 2046 479 2081; x_wconf 78' lang='lat' dir='ltr'><strong>continget</strong></span> <span class='ocrx_word' id='word_1_457' title='bbox 492 2047 591 2074; x_wconf 90' lang='lat' dir='ltr'><strong>horum</strong></span> <span class='ocrx_word' id='word_1_458' title='bbox 606 2056 667 2076; x_wconf 86' lang='lat' dir='ltr'><strong>esse</strong></span> <span class='ocrx_word' id='word_1_459' title='bbox 680 2050 822 2085; x_wconf 84' lang='lat' dir='ltr'><strong>participi,</strong></span> <span class='ocrx_word' id='word_1_460' title='bbox 837 2050 986 2086; x_wconf 75' lang='lat' dir='ltr'><strong>Videreque</strong></span> <span class='ocrx_word' id='word_1_461' title='bbox 1007 2051 1053 2079; x_wconf 92' lang='lat' dir='ltr'><strong>illa</strong></span> 
     </span>
    </p>
   </div>
   <div class='ocr_carea' id='block_1_65' title="bbox 262 2091 1053 2131">
    <p class='ocr_par' dir='ltr' id='par_1_65' title="bbox 262 2091 1053 2131">
     <span class='ocr_line' id='line_1_65' title="bbox 262 2091 1053 2131; baseline 0.01 -15"><span class='ocrx_word' id='word_1_462' title='bbox 262 2095 294 2117; x_wconf 92' lang='lat' dir='ltr'><strong>et</strong></span> <span class='ocrx_word' id='word_1_463' title='bbox 312 2091 516 2125; x_wconf 81' lang='lat' dir='ltr'><strong>quodammodo</strong></span> <span class='ocrx_word' id='word_1_464' title='bbox 531 2092 653 2127; x_wconf 88' lang='lat' dir='ltr'><strong>palpare,</strong></span> <span class='ocrx_word' id='word_1_465' title='bbox 671 2094 782 2128; x_wconf 91' lang='lat' dir='ltr'><strong>quando</strong></span> <span class='ocrx_word' id='word_1_466' title='bbox 799 2094 890 2130; x_wconf 88' lang='lat' dir='ltr'><strong>ipsum</strong></span> <span class='ocrx_word' id='word_1_467' title='bbox 905 2095 1053 2131; x_wconf 84' lang='lat' dir='ltr'><strong>spirituale</strong></span> 
     </span>
    </p>
   </div>
   <div class='ocr_carea' id='block_1_66' title="bbox 263 2137 471 2164">
    <p class='ocr_par' dir='ltr' id='par_1_66' title="bbox 263 2137 471 2164">
     <span class='ocr_line' id='line_1_66' title="bbox 263 2137 471 2164; baseline 0.005 -1"><span class='ocrx_word' id='word_1_468' title='bbox 263 2137 366 2163; x_wconf 83' lang='lat' dir='ltr'><strong>factum</strong></span> <span class='ocrx_word' id='word_1_469' title='bbox 377 2137 471 2164; x_wconf 85' lang='lat' dir='ltr'><strong>fuerit.</strong></span> 
     </span>
    </p>
   </div>
   <div class='ocr_carea' id='block_1_67' title="bbox 1143 1224 1896 1260">
    <p class='ocr_par' dir='ltr' id='par_1_67' title="bbox 1143 1224 1896 1260">
     <span class='ocr_line' id='line_1_67' title="bbox 1143 1224 1896 1260; baseline -0.005 -6"><span class='ocrx_word' id='word_1_470' title='bbox 1143 1227 1192 1254; x_wconf 60' lang='lat' dir='ltr'><strong>II”.</strong></span> <span class='ocrx_word' id='word_1_471' title='bbox 1211 1226 1335 1253; x_wconf 77' lang='grc' dir='ltr'>Ἐπειδὰν</span> <span class='ocrx_word' id='word_1_472' title='bbox 1355 1225 1469 1253; x_wconf 81' lang='grc' dir='ltr'>ἀκοῦσαί</span> <span class='ocrx_word' id='word_1_473' title='bbox 1489 1234 1530 1252; x_wconf 91' lang='grc' dir='ltr'><strong>σοι</strong></span> <span class='ocrx_word' id='word_1_474' title='bbox 1549 1224 1653 1260; x_wconf 83' lang='grc' dir='ltr'>γένοιτο</span> <span class='ocrx_word' id='word_1_475' title='bbox 1673 1224 1738 1260; x_wconf 78' lang='grc' dir='ltr'>περὶ</span> <span class='ocrx_word' id='word_1_476' title='bbox 1754 1224 1896 1256; x_wconf 78' lang='grc' dir='ltr'>κοινωνίας</span> 
     </span>
    </p>
   </div>
   <div class='ocr_carea' id='block_1_68' title="bbox 1107 1270 1895 1308">
    <p class='ocr_par' dir='ltr' id='par_1_68' title="bbox 1107 1270 1895 1308">
     <span class='ocr_line' id='line_1_68' title="bbox 1107 1270 1895 1308; baseline -0.003 -9"><span class='ocrx_word' id='word_1_477' title='bbox 1107 1273 1224 1308; x_wconf 82' lang='grc' dir='ltr'><strong>νυμφίου</strong></span> <span class='ocrx_word' id='word_1_478' title='bbox 1243 1273 1289 1298; x_wconf 77' lang='grc' dir='ltr'>καὶ</span> <span class='ocrx_word' id='word_1_479' title='bbox 1306 1271 1424 1307; x_wconf 78' lang='grc' dir='ltr'><strong>νύμφης,</strong></span> <span class='ocrx_word' id='word_1_480' title='bbox 1438 1272 1485 1298; x_wconf 76' lang='grc' dir='ltr'>καὶ</span> <span class='ocrx_word' id='word_1_481' title='bbox 1501 1271 1599 1306; x_wconf 86' lang='grc' dir='ltr'>χορῶν,</span> <span class='ocrx_word' id='word_1_482' title='bbox 1620 1271 1667 1297; x_wconf 69' lang='grc' dir='ltr'><strong>καὶ¹</strong></span> <span class='ocrx_word' id='word_1_483' title='bbox 1685 1270 1796 1306; x_wconf 78' lang='grc' dir='ltr'><strong>ἑορτῶν,</strong></span> <span class='ocrx_word' id='word_1_484' title='bbox 1812 1271 1895 1306; x_wconf 82' lang='grc' dir='ltr'>μηδὲν</span> 
     </span>
    </p>
   </div>
   <div class='ocr_carea' id='block_1_69' title="bbox 1107 1317 1893 1353">
    <p class='ocr_par' dir='ltr' id='par_1_69' title="bbox 1107 1317 1893 1353">
     <span class='ocr_line' id='line_1_69' title="bbox 1107 1317 1893 1353; baseline -0.003 -8"><span class='ocrx_word' id='word_1_485' title='bbox 1107 1318 1199 1345; x_wconf 77' lang='grc' dir='ltr'>ὑλικὸν</span> <span class='ocrx_word' id='word_1_486' title='bbox 1221 1317 1289 1353; x_wconf 79' lang='grc' dir='ltr'>μηδὲ</span> <span class='ocrx_word' id='word_1_487' title='bbox 1309 1319 1454 1353; x_wconf 84' lang='grc' dir='ltr'>πρόσγειον</span> <span class='ocrx_word' id='word_1_488' title='bbox 1469 1318 1604 1352; x_wconf 74' lang='grc' dir='ltr'>ἐννόησον.</span> <span class='ocrx_word' id='word_1_489' title='bbox 1621 1317 1676 1344; x_wconf 77' lang='grc' dir='ltr'><strong>Καὶ</strong></span> <span class='ocrx_word' id='word_1_490' title='bbox 1691 1317 1746 1351; x_wconf 88' lang='grc' dir='ltr'><strong>γὰρ</strong></span> <span class='ocrx_word' id='word_1_491' title='bbox 1765 1318 1805 1348; x_wconf 84' lang='grc' dir='ltr'><strong>είς</strong></span> <span class='ocrx_word' id='word_1_492' title='bbox 1826 1317 1893 1343; x_wconf 79' lang='grc' dir='ltr'><strong>ὑπό-</strong></span> 
     </span>
    </p>
   </div>
   <div class='ocr_carea' id='block_1_70' title="bbox 1106 1363 1895 1399">
    <p class='ocr_par' dir='ltr' id='par_1_70' title="bbox 1106 1363 1895 1399">
     <span class='ocr_line' id='line_1_70' title="bbox 1106 1363 1895 1399; baseline -0.001 -8"><span class='ocrx_word' id='word_1_493' title='bbox 1106 1364 1206 1399; x_wconf 85' lang='grc' dir='ltr'>δειγμα</span> <span class='ocrx_word' id='word_1_494' title='bbox 1221 1365 1300 1398; x_wconf 84' lang='grc' dir='ltr'>μόνον</span> <span class='ocrx_word' id='word_1_495' title='bbox 1321 1363 1564 1397; x_wconf 81' lang='grc' dir='ltr'>συγκαταὸατικῶς</span> <span class='ocrx_word' id='word_1_496' title='bbox 1579 1363 1665 1390; x_wconf 86' lang='grc' dir='ltr'>ταῦτα</span> <span class='ocrx_word' id='word_1_497' title='bbox 1680 1363 1895 1399; x_wconf 81' lang='grc' dir='ltr'>παραλαμὸάνε-</span> 
     </span>
    </p>
   </div>
   <div class='ocr_carea' id='block_1_71' title="bbox 1106 1409 1893 1446">
    <p class='ocr_par' dir='ltr' id='par_1_71' title="bbox 1106 1409 1893 1446">
     <span class='ocr_line' id='line_1_71' title="bbox 1106 1409 1893 1446; baseline 0.003 -10"><span class='ocrx_word' id='word_1_498' title='bbox 1106 1418 1163 1437; x_wconf 88' lang='grc' dir='ltr'>ται.</span> <span class='ocrx_word' id='word_1_499' title='bbox 1191 1410 1266 1436; x_wconf 78' lang='grc' dir='ltr'>Ἐπεὶ</span> <span class='ocrx_word' id='word_1_500' title='bbox 1282 1411 1372 1436; x_wconf 78' lang='grc' dir='ltr'>ἐκεῖνα</span> <span class='ocrx_word' id='word_1_501' title='bbox 1393 1410 1501 1446; x_wconf 75' lang='grc' dir='ltr'>ἄρρητά</span> <span class='ocrx_word' id='word_1_502' title='bbox 1521 1410 1551 1436; x_wconf 81' lang='grc' dir='ltr'><strong><em>τὲ</em></strong></span> <span class='ocrx_word' id='word_1_503' title='bbox 1570 1411 1628 1437; x_wconf 75' lang='grc' dir='ltr'>ἐστι</span> <span class='ocrx_word' id='word_1_504' title='bbox 1646 1409 1694 1437; x_wconf 80' lang='grc' dir='ltr'>καὶ</span> <span class='ocrx_word' id='word_1_505' title='bbox 1709 1410 1893 1445; x_wconf 81' lang='grc' dir='ltr'>πνευματικὰ.</span> 
     </span>
    </p>
   </div>
   <div class='ocr_carea' id='block_1_72' title="bbox 1107 1454 1894 1491">
    <p class='ocr_par' dir='ltr' id='par_1_72' title="bbox 1107 1454 1894 1491">
     <span class='ocr_line' id='line_1_72' title="bbox 1107 1454 1894 1491; baseline 0.001 -10"><span class='ocrx_word' id='word_1_506' title='bbox 1107 1455 1156 1481; x_wconf 79' lang='grc' dir='ltr'>καὶ</span> <span class='ocrx_word' id='word_1_507' title='bbox 1182 1454 1330 1490; x_wconf 78' lang='grc' dir='ltr'>ὀφθαλμοῖς</span> <span class='ocrx_word' id='word_1_508' title='bbox 1355 1456 1411 1487; x_wconf 78' lang='grc' dir='ltr'>τοῖς</span> <span class='ocrx_word' id='word_1_509' title='bbox 1439 1457 1579 1490; x_wconf 82' lang='grc' dir='ltr'>σαρκικοῖς</span> <span class='ocrx_word' id='word_1_510' title='bbox 1603 1455 1746 1490; x_wconf 66' lang='grc' dir='ltr'>άψαυσταδ</span> <span class='ocrx_word' id='word_1_511' title='bbox 1770 1455 1843 1491; x_wconf 81' lang='grc' dir='ltr'>ψυχῇ</span> <span class='ocrx_word' id='word_1_512' title='bbox 1865 1455 1894 1482; x_wconf 76' lang='grc' dir='ltr'>δὲ</span> 
     </span>
    </p>
   </div>
   <div class='ocr_carea' id='block_1_73' title="bbox 1108 1500 1892 1537">
    <p class='ocr_par' dir='ltr' id='par_1_73' title="bbox 1108 1500 1892 1537">
     <span class='ocr_line' id='line_1_73' title="bbox 1108 1500 1892 1537; baseline -0.001 -9"><span class='ocrx_word' id='word_1_513' title='bbox 1108 1501 1174 1537; x_wconf 62' lang='grc' dir='ltr'>ἁγίᾳ</span> <span class='ocrx_word' id='word_1_514' title='bbox 1196 1501 1244 1528; x_wconf 67' lang='grc' dir='ltr'><strong>καὶ</strong></span> <span class='ocrx_word' id='word_1_515' title='bbox 1263 1502 1345 1537; x_wconf 83' lang='grc' dir='ltr'>πιστῇ</span> <span class='ocrx_word' id='word_1_516' title='bbox 1364 1501 1431 1537; x_wconf 72' lang='grc' dir='ltr'>πρδς</span> <span class='ocrx_word' id='word_1_517' title='bbox 1445 1501 1597 1536; x_wconf 84' lang='grc' dir='ltr'>κατάληψιν</span> <span class='ocrx_word' id='word_1_518' title='bbox 1614 1501 1734 1536; x_wconf 75' lang='grc' dir='ltr'>ἔρχεται,</span> <span class='ocrx_word' id='word_1_519' title='bbox 1746 1500 1815 1536; x_wconf 73' lang='grc' dir='ltr'>αὕτη</span> <span class='ocrx_word' id='word_1_520' title='bbox 1829 1509 1860 1527; x_wconf 81' lang='grc' dir='ltr'><strong>τε</strong></span> <span class='ocrx_word' id='word_1_521' title='bbox 1875 1502 1892 1536; x_wconf 78' lang='grc' dir='ltr'><strong>ἠ</strong></span> 
     </span>
    </p>
   </div>
   <div class='ocr_carea' id='block_1_74' title="bbox 1106 1546 1895 1582">
    <p class='ocr_par' dir='ltr' id='par_1_74' title="bbox 1106 1546 1895 1582">
     <span class='ocr_line' id='line_1_74' title="bbox 1106 1546 1895 1582; baseline 0.001 -9"><span class='ocrx_word' id='word_1_522' title='bbox 1106 1547 1233 1573; x_wconf 80' lang='grc' dir='ltr'>κοινωνία</span> <span class='ocrx_word' id='word_1_523' title='bbox 1245 1547 1294 1573; x_wconf 83' lang='grc' dir='ltr'><strong>τοῦ</strong></span> <span class='ocrx_word' id='word_1_524' title='bbox 1306 1547 1384 1580; x_wconf 80' lang='grc' dir='ltr'>ἁγίου</span> <span class='ocrx_word' id='word_1_525' title='bbox 1396 1546 1563 1582; x_wconf 80' lang='grc' dir='ltr'>Πνεύματος,</span> <span class='ocrx_word' id='word_1_526' title='bbox 1580 1547 1627 1574; x_wconf 81' lang='grc' dir='ltr'>καὶ</span> <span class='ocrx_word' id='word_1_527' title='bbox 1637 1547 1661 1574; x_wconf 76' lang='grc' dir='ltr'>οἱ</span> <span class='ocrx_word' id='word_1_528' title='bbox 1673 1547 1828 1582; x_wconf 76' lang='grc' dir='ltr'>ἐπουράνιοι</span> <span class='ocrx_word' id='word_1_529' title='bbox 1843 1548 1895 1582; x_wconf 77' lang='grc' dir='ltr'><strong>θη-</strong></span> 
     </span>
    </p>
   </div>
   <div class='ocr_carea' id='block_1_75' title="bbox 1107 1592 1894 1628">
    <p class='ocr_par' dir='ltr' id='par_1_75' title="bbox 1107 1592 1894 1628">
     <span class='ocr_line' id='line_1_75' title="bbox 1107 1592 1894 1628; baseline 0.003 -10"><span class='ocrx_word' id='word_1_530' title='bbox 1107 1593 1214 1628; x_wconf 73' lang='grc' dir='ltr'>σαυροὶ,</span> <span class='ocrx_word' id='word_1_531' title='bbox 1237 1592 1263 1619; x_wconf 79' lang='lat' dir='ltr'><strong>ot</strong></span> <span class='ocrx_word' id='word_1_532' title='bbox 1283 1593 1358 1628; x_wconf 87' lang='grc' dir='ltr'>χοροί</span> <span class='ocrx_word' id='word_1_533' title='bbox 1374 1601 1403 1619; x_wconf 86' lang='grc' dir='ltr'><strong>τε</strong></span> <span class='ocrx_word' id='word_1_534' title='bbox 1424 1593 1471 1620; x_wconf 78' lang='grc' dir='ltr'>καὶ</span> <span class='ocrx_word' id='word_1_535' title='bbox 1490 1593 1583 1628; x_wconf 78' lang='grc' dir='ltr'>ἑορταὶ</span> <span class='ocrx_word' id='word_1_536' title='bbox 1601 1593 1656 1620; x_wconf 85' lang='grc' dir='ltr'>τῶν</span> <span class='ocrx_word' id='word_1_537' title='bbox 1672 1593 1758 1628; x_wconf 81' lang='grc' dir='ltr'>ἁγίων</span> <span class='ocrx_word' id='word_1_538' title='bbox 1769 1593 1894 1628; x_wconf 83' lang='grc' dir='ltr'>ἀγγέλων</span> 
     </span>
    </p>
   </div>
   <div class='ocr_carea' id='block_1_76' title="bbox 1105 1637 1895 1677">
    <p class='ocr_par' dir='ltr' id='par_1_76' title="bbox 1105 1637 1895 1677">
     <span class='ocr_line' id='line_1_76' title="bbox 1105 1637 1895 1677; baseline 0.003 -13"><span class='ocrx_word' id='word_1_539' title='bbox 1105 1637 1145 1673; x_wconf 85' lang='grc' dir='ltr'>τῷ</span> <span class='ocrx_word' id='word_1_540' title='bbox 1159 1638 1242 1674; x_wconf 68' lang='grc' dir='ltr'>πείρᾳ</span> <span class='ocrx_word' id='word_1_541' title='bbox 1258 1638 1367 1677; x_wconf 74' lang='grc' dir='ltr'>λαϐόντι</span> <span class='ocrx_word' id='word_1_542' title='bbox 1384 1639 1457 1674; x_wconf 86' lang='grc' dir='ltr'>μόνῳ</span> <span class='ocrx_word' id='word_1_543' title='bbox 1472 1639 1613 1674; x_wconf 84' lang='grc' dir='ltr'>καταφανῆ</span> <span class='ocrx_word' id='word_1_544' title='bbox 1628 1639 1758 1673; x_wconf 80' lang='grc' dir='ltr'>γίνονται.</span> <span class='ocrx_word' id='word_1_545' title='bbox 1778 1640 1895 1675; x_wconf 79' lang='grc' dir='ltr'>ἀμυήτῳ</span> 
     </span>
    </p>
   </div>
   <div class='ocr_carea' id='block_1_77' title="bbox 1105 1683 1896 1721">
    <p class='ocr_par' dir='ltr' id='par_1_77' title="bbox 1105 1683 1896 1721">
     <span class='ocr_line' id='line_1_77' title="bbox 1105 1683 1896 1721; baseline 0.003 -11"><span class='ocrx_word' id='word_1_546' title='bbox 1105 1683 1134 1710; x_wconf 72' lang='grc' dir='ltr'>δὶ</span> <span class='ocrx_word' id='word_1_547' title='bbox 1149 1684 1211 1710; x_wconf 82' lang='grc' dir='ltr'>οὐδὲ</span> <span class='ocrx_word' id='word_1_548' title='bbox 1223 1685 1348 1720; x_wconf 69' lang='grc' dir='ltr'>ἐννοῆσαι</span> <span class='ocrx_word' id='word_1_549' title='bbox 1363 1685 1474 1712; x_wconf 81' lang='grc' dir='ltr'>δυνατὸν</span> <span class='ocrx_word' id='word_1_550' title='bbox 1496 1686 1527 1712; x_wconf 86' lang='grc' dir='ltr'><strong>τδ</strong></span> <span class='ocrx_word' id='word_1_551' title='bbox 1545 1686 1686 1721; x_wconf 83' lang='grc' dir='ltr'>παράπαν.</span> <span class='ocrx_word' id='word_1_552' title='bbox 1702 1685 1831 1718; x_wconf 59' lang='lat' dir='ltr'><strong>notam;</strong></span> <span class='ocrx_word' id='word_1_553' title='bbox 1846 1683 1896 1712; x_wconf 80' lang='grc' dir='ltr'><strong>οὖν</strong></span> 
     </span>
    </p>
   </div>
   <div class='ocr_carea' id='block_1_78' title="bbox 1106 1730 1896 1767">
    <p class='ocr_par' dir='ltr' id='par_1_78' title="bbox 1106 1730 1896 1767">
     <span class='ocr_line' id='line_1_78' title="bbox 1106 1730 1896 1767; baseline 0.004 -11"><span class='ocrx_word' id='word_1_554' title='bbox 1106 1730 1170 1765; x_wconf 82' lang='grc' dir='ltr'>περὶ</span> <span class='ocrx_word' id='word_1_555' title='bbox 1189 1730 1279 1757; x_wconf 83' lang='grc' dir='ltr'>αὐτῶν</span> <span class='ocrx_word' id='word_1_556' title='bbox 1313 1732 1407 1764; x_wconf 79' lang='grc' dir='ltr'>άκουε,</span> <span class='ocrx_word' id='word_1_557' title='bbox 1443 1732 1539 1767; x_wconf 83' lang='grc' dir='ltr'>μέχρις</span> <span class='ocrx_word' id='word_1_558' title='bbox 1573 1731 1607 1759; x_wconf 81' lang='grc' dir='ltr'>ἂν</span> <span class='ocrx_word' id='word_1_559' title='bbox 1639 1733 1687 1759; x_wconf 73' lang='grc' dir='ltr'>καὶ</span> <span class='ocrx_word' id='word_1_560' title='bbox 1716 1732 1758 1759; x_wconf 79' lang='grc' dir='ltr'>σοὶ</span> <span class='ocrx_word' id='word_1_561' title='bbox 1788 1732 1896 1766; x_wconf 80' lang='grc' dir='ltr'>γένοιτο</span> 
     </span>
    </p>
   </div>
   <div class='ocr_carea' id='block_1_79' title="bbox 1106 1776 1895 1813">
    <p class='ocr_par' dir='ltr' id='par_1_79' title="bbox 1106 1776 1895 1813">
     <span class='ocr_line' id='line_1_79' title="bbox 1106 1776 1895 1813; baseline 0.004 -11"><span class='ocrx_word' id='word_1_562' title='bbox 1106 1776 1260 1802; x_wconf 81' lang='grc' dir='ltr'>πιστεύοντι</span> <span class='ocrx_word' id='word_1_563' title='bbox 1283 1776 1484 1812; x_wconf 76' lang='grc' dir='ltr'>καταξιωθῆναι</span> <span class='ocrx_word' id='word_1_564' title='bbox 1505 1777 1560 1805; x_wconf 84' lang='grc' dir='ltr'><strong>τῶν</strong></span> <span class='ocrx_word' id='word_1_565' title='bbox 1573 1777 1702 1805; x_wconf 80' lang='grc' dir='ltr'>τοιούτων</span> <span class='ocrx_word' id='word_1_566' title='bbox 1721 1779 1829 1813; x_wconf 75' lang='grc' dir='ltr'>τυχεῖν¹</span> <span class='ocrx_word' id='word_1_567' title='bbox 1846 1780 1895 1805; x_wconf 80' lang='grc' dir='ltr'>καὶ</span> 
     </span>
    </p>
   </div>
   <div class='ocr_carea' id='block_1_80' title="bbox 1105 1822 1896 1860">
    <p class='ocr_par' dir='ltr' id='par_1_80' title="bbox 1105 1822 1896 1860">
     <span class='ocr_line' id='line_1_80' title="bbox 1105 1822 1896 1860; baseline 0.006 -13"><span class='ocrx_word' id='word_1_568' title='bbox 1105 1822 1166 1848; x_wconf 73' lang='grc' dir='ltr'>τότε</span> <span class='ocrx_word' id='word_1_569' title='bbox 1181 1822 1240 1858; x_wconf 82' lang='grc' dir='ltr'>εῐσῃ</span> <span class='ocrx_word' id='word_1_570' title='bbox 1256 1822 1325 1858; x_wconf 83' lang='grc' dir='ltr'>αὐτῇ</span> <span class='ocrx_word' id='word_1_571' title='bbox 1341 1823 1425 1858; x_wconf 72' lang='grc' dir='ltr'>πείρᾳ</span> <span class='ocrx_word' id='word_1_572' title='bbox 1443 1823 1498 1850; x_wconf 86' lang='grc' dir='ltr'>τῶν</span> <span class='ocrx_word' id='word_1_573' title='bbox 1510 1824 1657 1859; x_wconf 76' lang='grc' dir='ltr'><strong>ὀφθαλμῶν</strong></span> <span class='ocrx_word' id='word_1_574' title='bbox 1668 1825 1716 1860; x_wconf 78' lang='grc' dir='ltr'><strong>τῆς</strong></span> <span class='ocrx_word' id='word_1_575' title='bbox 1729 1824 1820 1860; x_wconf 81' lang='grc' dir='ltr'>ψυχῆς</span> <span class='ocrx_word' id='word_1_576' title='bbox 1829 1825 1896 1852; x_wconf 78' lang='grc' dir='ltr'>οἵων</span> 
     </span>
    </p>
   </div>
   <div class='ocr_carea' id='block_1_81' title="bbox 1105 1867 1895 1904">
    <p class='ocr_par' dir='ltr' id='par_1_81' title="bbox 1105 1867 1895 1904">
     <span class='ocr_line' id='line_1_81' title="bbox 1105 1867 1895 1904; baseline 0.006 -11"><span class='ocrx_word' id='word_1_577' title='bbox 1105 1867 1216 1900; x_wconf 80' lang='grc' dir='ltr'>ἀγαθῶν</span> <span class='ocrx_word' id='word_1_578' title='bbox 1236 1867 1319 1903; x_wconf 82' lang='grc' dir='ltr'>ψυχαί</span> <span class='ocrx_word' id='word_1_579' title='bbox 1343 1877 1373 1895; x_wconf 84' lang='grc' dir='ltr'><strong>τε</strong></span> <span class='ocrx_word' id='word_1_580' title='bbox 1394 1869 1566 1904; x_wconf 84' lang='grc' dir='ltr'>Χριστιανῶν</span> <span class='ocrx_word' id='word_1_581' title='bbox 1588 1869 1725 1897; x_wconf 84' lang='grc' dir='ltr'>κάνταῦθα</span> <span class='ocrx_word' id='word_1_582' title='bbox 1752 1872 1895 1899; x_wconf 85' lang='grc' dir='ltr'>κοινωνεῖν</span> 
     </span>
    </p>
   </div>
   <div class='ocr_carea' id='block_1_82' title="bbox 1104 1914 1895 1953">
    <p class='ocr_par' dir='ltr' id='par_1_82' title="bbox 1104 1914 1895 1953">
     <span class='ocr_line' id='line_1_82' title="bbox 1104 1914 1895 1953; baseline 0.006 -13"><span class='ocrx_word' id='word_1_583' title='bbox 1104 1914 1242 1941; x_wconf 81' lang='grc' dir='ltr'>δύνανται.</span> <span class='ocrx_word' id='word_1_584' title='bbox 1265 1915 1309 1941; x_wconf 85' lang='grc' dir='ltr'><strong>Ἐν</strong></span> <span class='ocrx_word' id='word_1_585' title='bbox 1332 1915 1387 1950; x_wconf 80' lang='grc' dir='ltr'>γὰρ</span> <span class='ocrx_word' id='word_1_586' title='bbox 1411 1917 1444 1952; x_wconf 80' lang='grc' dir='ltr'>τῇ</span> <span class='ocrx_word' id='word_1_587' title='bbox 1466 1916 1611 1944; x_wconf 79' lang='grc' dir='ltr'>ἀναστάσει</span> <span class='ocrx_word' id='word_1_588' title='bbox 1633 1917 1681 1944; x_wconf 74' lang='grc' dir='ltr'>καὶ</span> <span class='ocrx_word' id='word_1_589' title='bbox 1701 1918 1775 1953; x_wconf 80' lang='grc' dir='ltr'><strong>αὖτῷ</strong></span> <span class='ocrx_word' id='word_1_590' title='bbox 1791 1917 1829 1953; x_wconf 81' lang='grc' dir='ltr'>τῷ</span> <span class='ocrx_word' id='word_1_591' title='bbox 1844 1917 1895 1945; x_wconf 85' lang='grc' dir='ltr'><strong>σώ-</strong></span> 
     </span>
    </p>
   </div>
   <div class='ocr_carea' id='block_1_83' title="bbox 1106 1960 1893 1998">
    <p class='ocr_par' dir='ltr' id='par_1_83' title="bbox 1106 1960 1893 1998">
     <span class='ocr_line' id='line_1_83' title="bbox 1106 1960 1893 1998; baseline 0.005 -12"><span class='ocrx_word' id='word_1_592' title='bbox 1106 1969 1171 1995; x_wconf 85' lang='grc' dir='ltr'>ματι</span> <span class='ocrx_word' id='word_1_593' title='bbox 1194 1960 1249 1988; x_wconf 84' lang='grc' dir='ltr'>τῶν</span> <span class='ocrx_word' id='word_1_594' title='bbox 1276 1961 1402 1988; x_wconf 84' lang='grc' dir='ltr'>τοιούτων</span> <span class='ocrx_word' id='word_1_595' title='bbox 1429 1962 1562 1998; x_wconf 87' lang='grc' dir='ltr'>παρέσται</span> <span class='ocrx_word' id='word_1_596' title='bbox 1589 1965 1693 1998; x_wconf 85' lang='grc' dir='ltr'>τυχεῖν,</span> <span class='ocrx_word' id='word_1_597' title='bbox 1727 1963 1835 1998; x_wconf 80' lang='grc' dir='ltr'>βλέπειν</span> <span class='ocrx_word' id='word_1_598' title='bbox 1862 1972 1893 1990; x_wconf 84' lang='grc' dir='ltr'><strong>τε</strong></span> 
     </span>
    </p>
   </div>
   <div class='ocr_carea' id='block_1_84' title="bbox 1104 2009 1894 2047">
    <p class='ocr_par' dir='ltr' id='par_1_84' title="bbox 1104 2009 1894 2047">
     <span class='ocr_line' id='line_1_84' title="bbox 1104 2009 1894 2047; baseline 0.004 -12"><span class='ocrx_word' id='word_1_599' title='bbox 1104 2009 1175 2035; x_wconf 87' lang='grc' dir='ltr'>αὺτά</span> <span class='ocrx_word' id='word_1_600' title='bbox 1200 2009 1248 2036; x_wconf 80' lang='grc' dir='ltr'>καὶ</span> <span class='ocrx_word' id='word_1_601' title='bbox 1275 2009 1357 2037; x_wconf 84' lang='grc' dir='ltr'>οίονεὶ</span> <span class='ocrx_word' id='word_1_602' title='bbox 1381 2011 1502 2046; x_wconf 78' lang='grc' dir='ltr'>κρατεῖν,</span> <span class='ocrx_word' id='word_1_603' title='bbox 1515 2011 1615 2038; x_wconf 80' lang='grc' dir='ltr'>ὁπόταν</span> <span class='ocrx_word' id='word_1_604' title='bbox 1634 2012 1682 2039; x_wconf 80' lang='grc' dir='ltr'>καὶ</span> <span class='ocrx_word' id='word_1_605' title='bbox 1700 2011 1766 2038; x_wconf 75' lang='grc' dir='ltr'>αὐτὸ</span> <span class='ocrx_word' id='word_1_606' title='bbox 1781 2011 1894 2047; x_wconf 83' lang='grc' dir='ltr'>γένηται</span> 
     </span>
    </p>
   </div>
   <div class='ocr_carea' id='block_1_85' title="bbox 1104 2062 1225 2090">
    <p class='ocr_par' dir='ltr' id='par_1_85' title="bbox 1104 2062 1225 2090">
     <span class='ocr_line' id='line_1_85' title="bbox 1104 2062 1225 2090; baseline 0.008 -9"><span class='ocrx_word' id='word_1_607' title='bbox 1104 2062 1172 2082; x_wconf 86' lang='grc' dir='ltr'>πνευ</span> <span class='ocrx_word' id='word_1_608' title='bbox 1176 2063 1225 2090; x_wconf 87' lang='grc' dir='ltr'>μα.</span> 
     </span>
    </p>
   </div>
   <div class='ocr_carea' id='block_1_86' title="bbox 298 2181 1054 2233">
    <p class='ocr_par' dir='ltr' id='par_1_86' title="bbox 298 2181 1049 2221">
     <span class='ocr_line' id='line_1_86' title="bbox 298 2181 1049 2221; baseline 0.012 -13"><span class='ocrx_word' id='word_1_609' title='bbox 298 2181 367 2209; x_wconf 81' lang='lat' dir='ltr'><strong>XIV.</strong></span> <span class='ocrx_word' id='word_1_610' title='bbox 392 2183 507 2218; x_wconf 84' lang='lat' dir='ltr'><strong>Propria</strong></span> <span class='ocrx_word' id='word_1_611' title='bbox 533 2185 632 2213; x_wconf 67' lang='lat' dir='ltr'><strong>animae</strong></span> <span class='ocrx_word' id='word_1_612' title='bbox 660 2191 762 2215; x_wconf 76' lang='lat' dir='ltr'><strong>nostra:</strong></span> <span class='ocrx_word' id='word_1_613' title='bbox 786 2188 897 2221; x_wconf 88' lang='lat' dir='ltr'><strong>decora,</strong></span> <span class='ocrx_word' id='word_1_614' title='bbox 924 2192 953 2216; x_wconf 84' lang='lat' dir='ltr'><strong>et</strong></span> <span class='ocrx_word' id='word_1_615' title='bbox 984 2188 1049 2217; x_wconf 90' lang='lat' dir='ltr'><strong>boni</strong></span> 
     </span>
    </p>
   </div>
   <div class='ocr_carea' id='block_1_87' title="bbox 1104 2181 1894 2233">
    <p class='ocr_par' dir='ltr' id='par_1_87' title="bbox 1138 2194 1894 2231">
     <span class='ocr_line' id='line_1_87' title="bbox 1138 2194 1894 2231; baseline 0.004 -11"><span class='ocrx_word' id='word_1_616' title='bbox 1138 2195 1187 2221; x_wconf 83' lang='lat' dir='ltr'><strong>lA&#39;.</strong></span> <span class='ocrx_word' id='word_1_617' title='bbox 1199 2194 1240 2220; x_wconf 86' lang='grc' dir='ltr'><strong>Τὰ</strong></span> <span class='ocrx_word' id='word_1_618' title='bbox 1259 2194 1312 2222; x_wconf 82' lang='grc' dir='ltr'>ῐδια</span> <span class='ocrx_word' id='word_1_619' title='bbox 1328 2194 1378 2229; x_wconf 83' lang='grc' dir='ltr'><strong>τῆς</strong></span> <span class='ocrx_word' id='word_1_620' title='bbox 1398 2194 1488 2230; x_wconf 78' lang='grc' dir='ltr'>ψυχῆς</span> <span class='ocrx_word' id='word_1_621' title='bbox 1502 2195 1656 2231; x_wconf 58' lang='grc' dir='ltr'>κάλληνκαὶ</span> <span class='ocrx_word' id='word_1_622' title='bbox 1671 2196 1694 2222; x_wconf 86' lang='grc' dir='ltr'>οἱ</span> <span class='ocrx_word' id='word_1_623' title='bbox 1706 2195 1804 2230; x_wconf 77' lang='grc' dir='ltr'>ἀγαθοὶ</span> <span class='ocrx_word' id='word_1_624' title='bbox 1823 2204 1894 2231; x_wconf 83' lang='grc' dir='ltr'>καρ-</span> 
     </span>
    </p>
   </div>
   <div class='ocr_carea' id='block_1_88' title="bbox 263 2227 1051 2270">
    <p class='ocr_par' dir='ltr' id='par_1_88' title="bbox 263 2227 1051 2270">
     <span class='ocr_line' id='line_1_88' title="bbox 263 2227 1051 2270; baseline 0.013 -17"><span class='ocrx_word' id='word_1_625' title='bbox 263 2227 383 2261; x_wconf 88' lang='lat' dir='ltr'><strong>fructus,</strong></span> <span class='ocrx_word' id='word_1_626' title='bbox 414 2229 546 2257; x_wconf 87' lang='lat' dir='ltr'><strong>videlicet</strong></span> <span class='ocrx_word' id='word_1_627' title='bbox 575 2232 672 2265; x_wconf 87' lang='lat' dir='ltr'><strong>oratio,</strong></span> <span class='ocrx_word' id='word_1_628' title='bbox 700 2233 832 2266; x_wconf 87' lang='lat' dir='ltr'><strong>charitas,</strong></span> <span class='ocrx_word' id='word_1_629' title='bbox 868 2233 993 2270; x_wconf 83' lang='lat' dir='ltr'><strong>ﬁdesque</strong></span> <span class='ocrx_word' id='word_1_630' title='bbox 1022 2239 1051 2262; x_wconf 88' lang='lat' dir='ltr'><strong>et</strong></span> 
     </span>
    </p>
   </div>
   <div class='ocr_carea' id='block_1_89' title="bbox 263 2274 1049 2314">
    <p class='ocr_par' dir='ltr' id='par_1_89' title="bbox 263 2274 1049 2314">
     <span class='ocr_line' id='line_1_89' title="bbox 263 2274 1049 2314; baseline 0.01 -14"><span class='ocrx_word' id='word_1_631' title='bbox 263 2274 359 2309; x_wconf 69' lang='lat' dir='ltr'><strong>vigilia</strong></span> <span class='ocrx_word' id='word_1_632' title='bbox 391 2280 420 2302; x_wconf 89' lang='lat' dir='ltr'><strong>et</strong></span> <span class='ocrx_word' id='word_1_633' title='bbox 458 2276 603 2311; x_wconf 80' lang='lat' dir='ltr'><strong>jejunium.</strong></span> <span class='ocrx_word' id='word_1_634' title='bbox 633 2283 661 2306; x_wconf 87' lang='lat' dir='ltr'><strong>et</strong></span> <span class='ocrx_word' id='word_1_635' title='bbox 698 2279 751 2307; x_wconf 83' lang='lat' dir='ltr'><strong>alia</strong></span> <span class='ocrx_word' id='word_1_636' title='bbox 783 2279 921 2308; x_wconf 92' lang='lat' dir='ltr'><strong>virtutum</strong></span> <span class='ocrx_word' id='word_1_637' title='bbox 949 2280 1049 2314; x_wconf 81' lang='lat' dir='ltr'><strong>oﬂicia,</strong></span> 
     </span>
    </p>
   </div>
   <div class='ocr_carea' id='block_1_90' title="bbox 262 2320 1050 2359">
    <p class='ocr_par' dir='ltr' id='par_1_90' title="bbox 262 2320 1050 2359">
     <span class='ocr_line' id='line_1_90' title="bbox 262 2320 1050 2359; baseline 0.011 -13"><span class='ocrx_word' id='word_1_638' title='bbox 262 2320 310 2347; x_wconf 88' lang='lat' dir='ltr'><strong>ubi</strong></span> <span class='ocrx_word' id='word_1_639' title='bbox 327 2320 407 2348; x_wconf 88' lang='lat' dir='ltr'><strong>mista</strong></span> <span class='ocrx_word' id='word_1_640' title='bbox 427 2329 476 2357; x_wconf 89' lang='lat' dir='ltr'><strong>per</strong></span> <span class='ocrx_word' id='word_1_641' title='bbox 496 2323 736 2359; x_wconf 87' lang='lat' dir='ltr'><strong>participationem</strong></span> <span class='ocrx_word' id='word_1_642' title='bbox 762 2325 846 2354; x_wconf 89' lang='lat' dir='ltr'><strong>fuerit</strong></span> <span class='ocrx_word' id='word_1_643' title='bbox 862 2327 1050 2355; x_wconf 91' lang='lat' dir='ltr'><strong>communioni</strong></span> 
     </span>
    </p>
   </div>
   <div class='ocr_carea' id='block_1_91' title="bbox 261 2366 1049 2408">
    <p class='ocr_par' dir='ltr' id='par_1_91' title="bbox 261 2366 1049 2408">
     <span class='ocr_line' id='line_1_91' title="bbox 261 2366 1049 2408; baseline 0.01 -16"><span class='ocrx_word' id='word_1_644' title='bbox 261 2366 393 2401; x_wconf 83' lang='lat' dir='ltr'><strong>Spiritus,</strong></span> <span class='ocrx_word' id='word_1_645' title='bbox 407 2372 473 2395; x_wconf 92' lang='lat' dir='ltr'><strong>tunc</strong></span> <span class='ocrx_word' id='word_1_646' title='bbox 486 2372 514 2395; x_wconf 94' lang='lat' dir='ltr'><strong>et</strong></span> <span class='ocrx_word' id='word_1_647' title='bbox 538 2369 608 2404; x_wconf 89' lang='lat' dir='ltr'><strong>ipsa,</strong></span> <span class='ocrx_word' id='word_1_648' title='bbox 629 2372 705 2398; x_wconf 90' lang='lat' dir='ltr'><strong>velut</strong></span> <span class='ocrx_word' id='word_1_649' title='bbox 722 2371 871 2407; x_wconf 80' lang='lat' dir='ltr'><strong>thymiama</strong></span> <span class='ocrx_word' id='word_1_650' title='bbox 894 2373 1049 2408; x_wconf 87' lang='lat' dir='ltr'><strong>conjectum</strong></span> 
     </span>
    </p>
   </div>
   <div class='ocr_carea' id='block_1_92' title="bbox 262 2410 1049 2451">
    <p class='ocr_par' dir='ltr' id='par_1_92' title="bbox 262 2410 1049 2451">
     <span class='ocr_line' id='line_1_92' title="bbox 262 2410 1049 2451; baseline 0.013 -15"><span class='ocrx_word' id='word_1_651' title='bbox 262 2410 290 2437; x_wconf 92' lang='lat' dir='ltr'><strong>in</strong></span> <span class='ocrx_word' id='word_1_652' title='bbox 304 2410 406 2446; x_wconf 76' lang='lat' dir='ltr'><strong>ignem,</strong></span> <span class='ocrx_word' id='word_1_653' title='bbox 433 2413 591 2447; x_wconf 89' lang='lat' dir='ltr'><strong>opulentam</strong></span> <span class='ocrx_word' id='word_1_654' title='bbox 618 2416 749 2443; x_wconf 87' lang='lat' dir='ltr'><strong>emittunt</strong></span> <span class='ocrx_word' id='word_1_655' title='bbox 767 2416 947 2451; x_wconf 80' lang='lat' dir='ltr'><strong>fragrantiam</strong></span> <span class='ocrx_word' id='word_1_656' title='bbox 966 2427 974 2444; x_wconf 94' lang='lat'><em>:</em></span> <span class='ocrx_word' id='word_1_657' title='bbox 1000 2418 1049 2446; x_wconf 88' lang='lat' dir='ltr'><strong>sed</strong></span> 
     </span>
    </p>
   </div>
   <div class='ocr_carea' id='block_1_93' title="bbox 260 2457 1050 2499">
    <p class='ocr_par' dir='ltr' id='par_1_93' title="bbox 260 2457 1050 2499">
     <span class='ocr_line' id='line_1_93' title="bbox 260 2457 1050 2499; baseline 0.011 -17"><span class='ocrx_word' id='word_1_658' title='bbox 260 2460 289 2483; x_wconf 92' lang='lat' dir='ltr'><strong>et</strong></span> <span class='ocrx_word' id='word_1_659' title='bbox 322 2457 402 2484; x_wconf 90' lang='lat' dir='ltr'><strong>nobis</strong></span> <span class='ocrx_word' id='word_1_660' title='bbox 428 2458 554 2487; x_wconf 89' lang='lat' dir='ltr'><strong>redditur</strong></span> <span class='ocrx_word' id='word_1_661' title='bbox 585 2460 666 2488; x_wconf 84' lang='lat' dir='ltr'><strong>facile</strong></span> <span class='ocrx_word' id='word_1_662' title='bbox 695 2462 855 2489; x_wconf 86' lang='lat' dir='ltr'><strong>conversari</strong></span> <span class='ocrx_word' id='word_1_663' title='bbox 879 2470 1000 2499; x_wconf 79' lang='lat' dir='ltr'><strong>congrue</strong></span> <span class='ocrx_word' id='word_1_664' title='bbox 1014 2464 1050 2491; x_wconf 90' lang='lat' dir='ltr'><strong>ad</strong></span> 
     </span>
    </p>
   </div>
   <div class='ocr_carea' id='block_1_94' title="bbox 262 2502 1048 2544">
    <p class='ocr_par' dir='ltr' id='par_1_94' title="bbox 262 2502 1048 2544">
     <span class='ocr_line' id='line_1_94' title="bbox 262 2502 1048 2544; baseline 0.011 -15"><span class='ocrx_word' id='word_1_665' title='bbox 262 2502 434 2531; x_wconf 85' lang='lat' dir='ltr'><strong>voluntatem</strong></span> <span class='ocrx_word' id='word_1_666' title='bbox 449 2505 517 2538; x_wconf 87' lang='lat' dir='ltr'><strong>Dei;</strong></span> <span class='ocrx_word' id='word_1_667' title='bbox 543 2510 640 2541; x_wconf 89' lang='lat' dir='ltr'><strong>utpote</strong></span> <span class='ocrx_word' id='word_1_668' title='bbox 659 2515 722 2535; x_wconf 86' lang='lat' dir='ltr'><strong>cum</strong></span> <span class='ocrx_word' id='word_1_669' title='bbox 740 2508 799 2536; x_wconf 84' lang='lat' dir='ltr'><strong>sine</strong></span> <span class='ocrx_word' id='word_1_670' title='bbox 815 2509 922 2544; x_wconf 88' lang='lat' dir='ltr'><strong>Spiritu</strong></span> <span class='ocrx_word' id='word_1_671' title='bbox 940 2515 1048 2543; x_wconf 87' lang='lat' dir='ltr'><strong>sancto,</strong></span> 
     </span>
    </p>
   </div>
   <div class='ocr_carea' id='block_1_95' title="bbox 260 2550 1050 2591">
    <p class='ocr_par' dir='ltr' id='par_1_95' title="bbox 260 2550 1050 2591">
     <span class='ocr_line' id='line_1_95' title="bbox 260 2550 1050 2591; baseline 0.013 -15"><span class='ocrx_word' id='word_1_672' title='bbox 260 2550 492 2584; x_wconf 86' lang='lat' dir='ltr'><strong>quemadmodum</strong></span> <span class='ocrx_word' id='word_1_673' title='bbox 525 2554 582 2589; x_wconf 89' lang='lat' dir='ltr'><strong>jam</strong></span> <span class='ocrx_word' id='word_1_674' title='bbox 615 2559 695 2583; x_wconf 88' lang='lat' dir='ltr'><strong>antea</strong></span> <span class='ocrx_word' id='word_1_675' title='bbox 732 2555 838 2584; x_wconf 88' lang='lat' dir='ltr'><strong>dictum</strong></span> <span class='ocrx_word' id='word_1_676' title='bbox 880 2562 934 2591; x_wconf 86' lang='lat' dir='ltr'><strong>est,</strong></span> <span class='ocrx_word' id='word_1_677' title='bbox 968 2566 1050 2586; x_wconf 87' lang='lat' dir='ltr'><strong>nemo</strong></span> 
     </span>
    </p>
   </div>
   <div class='ocr_carea' id='block_1_96' title="bbox 260 2596 1050 2639">
    <p class='ocr_par' dir='ltr' id='par_1_96' title="bbox 260 2596 1050 2639">
     <span class='ocr_line' id='line_1_96' title="bbox 260 2596 1050 2639; baseline 0.013 -17"><span class='ocrx_word' id='word_1_678' title='bbox 260 2596 349 2630; x_wconf 87' lang='lat' dir='ltr'><strong>possit</strong></span> <span class='ocrx_word' id='word_1_679' title='bbox 368 2597 523 2633; x_wconf 83' lang='lat' dir='ltr'><strong>intelligere</strong></span> <span class='ocrx_word' id='word_1_680' title='bbox 548 2599 596 2627; x_wconf 90' lang='lat' dir='ltr'><strong>Dei</strong></span> <span class='ocrx_word' id='word_1_681' title='bbox 625 2601 806 2630; x_wconf 83' lang='lat' dir='ltr'><strong>voluntatem.</strong></span> <span class='ocrx_word' id='word_1_682' title='bbox 835 2603 871 2631; x_wconf 84' lang='lat' dir='ltr'><strong>Ut</strong></span> <span class='ocrx_word' id='word_1_683' title='bbox 894 2604 968 2631; x_wconf 92' lang='lat' dir='ltr'><strong>enim</strong></span> <span class='ocrx_word' id='word_1_684' title='bbox 988 2612 1050 2639; x_wconf 71' lang='lat' dir='ltr'><strong>qua:</strong></span> 
     </span>
    </p>
   </div>
   <div class='ocr_carea' id='block_1_97' title="bbox 260 2642 1049 2685">
    <p class='ocr_par' dir='ltr' id='par_1_97' title="bbox 260 2642 1049 2685">
     <span class='ocr_line' id='line_1_97' title="bbox 260 2642 1049 2685; baseline 0.011 -17"><span class='ocrx_word' id='word_1_685' title='bbox 260 2642 322 2669; x_wconf 78' lang='lat' dir='ltr'><strong>viro</strong></span> <span class='ocrx_word' id='word_1_686' title='bbox 342 2643 423 2670; x_wconf 90' lang='lat' dir='ltr'><strong>nubit</strong></span> <span class='ocrx_word' id='word_1_687' title='bbox 442 2644 552 2677; x_wconf 89' lang='lat' dir='ltr'><strong>mulier,</strong></span> <span class='ocrx_word' id='word_1_688' title='bbox 569 2645 646 2680; x_wconf 91' lang='lat' dir='ltr'><strong>prius</strong></span> <span class='ocrx_word' id='word_1_689' title='bbox 661 2646 774 2681; x_wconf 86' lang='lat' dir='ltr'><strong>quidem</strong></span> <span class='ocrx_word' id='word_1_690' title='bbox 788 2656 870 2683; x_wconf 90' lang='lat' dir='ltr'><strong>quam</strong></span> <span class='ocrx_word' id='word_1_691' title='bbox 887 2650 913 2676; x_wconf 89' lang='lat' dir='ltr'><strong>ei</strong></span> <span class='ocrx_word' id='word_1_692' title='bbox 931 2650 1049 2685; x_wconf 82' lang='lat' dir='ltr'><strong>conjun-</strong></span> 
     </span>
    </p>
   </div>
   <div class='ocr_carea' id='block_1_98' title="bbox 259 2689 1050 2729">
    <p class='ocr_par' dir='ltr' id='par_1_98' title="bbox 259 2689 1050 2729">
     <span class='ocr_line' id='line_1_98' title="bbox 259 2689 1050 2729; baseline 0.013 -16"><span class='ocrx_word' id='word_1_693' title='bbox 259 2692 349 2722; x_wconf 84' lang='lat' dir='ltr'><strong>gatur.</strong></span> <span class='ocrx_word' id='word_1_694' title='bbox 365 2689 477 2724; x_wconf 88' lang='lat' dir='ltr'><strong>proprio</strong></span> <span class='ocrx_word' id='word_1_695' title='bbox 491 2690 560 2718; x_wconf 86' lang='lat' dir='ltr'><strong>vivit</strong></span> <span class='ocrx_word' id='word_1_696' title='bbox 573 2691 700 2724; x_wconf 83' lang='lat' dir='ltr'><strong>arbitrio,</strong></span> <span class='ocrx_word' id='word_1_697' title='bbox 714 2697 742 2720; x_wconf 90' lang='lat' dir='ltr'><strong>et</strong></span> <span class='ocrx_word' id='word_1_698' title='bbox 762 2698 843 2729; x_wconf 88' lang='lat' dir='ltr'><strong>prout</strong></span> <span class='ocrx_word' id='word_1_699' title='bbox 866 2694 919 2729; x_wconf 89' lang='lat' dir='ltr'><strong>ipsi</strong></span> <span class='ocrx_word' id='word_1_700' title='bbox 939 2695 1050 2723; x_wconf 92' lang='lat' dir='ltr'><strong>libitum</strong></span> 
     </span>
    </p>
   </div>
   <div class='ocr_carea' id='block_1_99' title="bbox 260 2734 1052 2770">
    <p class='ocr_par' dir='ltr' id='par_1_99' title="bbox 260 2734 1052 2770">
     <span class='ocr_line' id='line_1_99' title="bbox 260 2734 1052 2770; baseline 0.013 -10"><span class='ocrx_word' id='word_1_701' title='bbox 260 2739 302 2760; x_wconf 87' lang='lat' dir='ltr'><strong>est</strong></span> <span class='ocrx_word' id='word_1_702' title='bbox 316 2734 351 2761; x_wconf 91' lang='lat' dir='ltr'><strong>de</strong></span> <span class='ocrx_word' id='word_1_703' title='bbox 365 2742 395 2762; x_wconf 87' lang='lat' dir='ltr'><strong>se</strong></span> <span class='ocrx_word' id='word_1_704' title='bbox 416 2736 554 2769; x_wconf 87' lang='lat' dir='ltr'><strong>consulit;</strong></span> <span class='ocrx_word' id='word_1_705' title='bbox 578 2737 660 2765; x_wconf 87' lang='lat' dir='ltr'><strong>simul</strong></span> <span class='ocrx_word' id='word_1_706' title='bbox 683 2744 773 2766; x_wconf 87' lang='lat' dir='ltr'><strong>autem</strong></span> <span class='ocrx_word' id='word_1_707' title='bbox 797 2740 849 2768; x_wconf 88' lang='lat' dir='ltr'><strong>sub</strong></span> <span class='ocrx_word' id='word_1_708' title='bbox 876 2741 968 2769; x_wconf 90' lang='lat' dir='ltr'><strong>mariti</strong></span> <span class='ocrx_word' id='word_1_709' title='bbox 985 2750 1052 2770; x_wconf 88' lang='lat' dir='ltr'><strong>con-</strong></span> 
     </span>
    </p>
   </div>
   <div class='ocr_carea' id='block_1_100' title="bbox 261 2780 1046 2815">
    <p class='ocr_par' dir='ltr' id='par_1_100' title="bbox 261 2780 1046 2815">
     <span class='ocr_line' id='line_1_100' title="bbox 261 2780 1046 2815; baseline 0.013 -10"><span class='ocrx_word' id='word_1_710' title='bbox 261 2780 369 2807; x_wconf 77' lang='lat' dir='ltr'><strong>venerit</strong></span> <span class='ocrx_word' id='word_1_711' title='bbox 384 2788 508 2813; x_wconf 84' lang='lat' dir='ltr'><strong>mauum,</strong></span> <span class='ocrx_word' id='word_1_712' title='bbox 529 2783 581 2809; x_wconf 89' lang='lat' dir='ltr'><strong>sub</strong></span> <span class='ocrx_word' id='word_1_713' title='bbox 593 2791 626 2811; x_wconf 85' lang='lat' dir='ltr'><strong>eo</strong></span> <span class='ocrx_word' id='word_1_714' title='bbox 647 2792 740 2812; x_wconf 88' lang='lat' dir='ltr'><strong>rerum</strong></span> <span class='ocrx_word' id='word_1_715' title='bbox 751 2786 875 2813; x_wconf 87' lang='lat' dir='ltr'><strong>omnium</strong></span> <span class='ocrx_word' id='word_1_716' title='bbox 891 2787 1046 2815; x_wconf 89' lang='lat' dir='ltr'><strong>actionum-</strong></span> 
     </span>
    </p>
   </div>
   <div class='ocr_carea' id='block_1_101' title="bbox 260 2828 1045 2868">
    <p class='ocr_par' dir='ltr' id='par_1_101' title="bbox 260 2828 1045 2868">
     <span class='ocr_line' id='line_1_101' title="bbox 260 2828 1045 2868; baseline 0.013 -17"><span class='ocrx_word' id='word_1_717' title='bbox 260 2831 315 2858; x_wconf 82' lang='lat' dir='ltr'><strong>que</strong></span> <span class='ocrx_word' id='word_1_718' title='bbox 326 2833 439 2853; x_wconf 89' lang='lat' dir='ltr'><strong>suarum</strong></span> <span class='ocrx_word' id='word_1_719' title='bbox 457 2828 632 2857; x_wconf 87' lang='lat' dir='ltr'><strong>moderatore</strong></span> <span class='ocrx_word' id='word_1_720' title='bbox 647 2831 726 2864; x_wconf 90' lang='lat' dir='ltr'><strong>vivit,</strong></span> <span class='ocrx_word' id='word_1_721' title='bbox 742 2839 772 2859; x_wconf 90' lang='lat' dir='ltr'><strong>se</strong></span> <span class='ocrx_word' id='word_1_722' title='bbox 792 2832 930 2867; x_wconf 88' lang='lat' dir='ltr'><strong>respicere</strong></span> <span class='ocrx_word' id='word_1_723' title='bbox 957 2833 1045 2868; x_wconf 88' lang='lat' dir='ltr'><strong>ipsam</strong></span> 
     </span>
    </p>
   </div>
   <div class='ocr_carea' id='block_1_102' title="bbox 259 2871 1044 2913">
    <p class='ocr_par' dir='ltr' id='par_1_102' title="bbox 259 2871 1044 2913">
     <span class='ocr_line' id='line_1_102' title="bbox 259 2871 1044 2913; baseline 0.013 -16"><span class='ocrx_word' id='word_1_724' title='bbox 259 2878 294 2897; x_wconf 82' lang='lat' dir='ltr'><strong>ex</strong></span> <span class='ocrx_word' id='word_1_725' title='bbox 308 2878 342 2899; x_wconf 88' lang='lat' dir='ltr'><strong>eo</strong></span> <span class='ocrx_word' id='word_1_726' title='bbox 357 2871 504 2906; x_wconf 79' lang='lat' dir='ltr'><strong>desinens;</strong></span> <span class='ocrx_word' id='word_1_727' title='bbox 528 2875 586 2909; x_wconf 85' lang='lat' dir='ltr'><strong>pari</strong></span> <span class='ocrx_word' id='word_1_728' title='bbox 606 2876 689 2904; x_wconf 88' lang='lat' dir='ltr'><strong>modo</strong></span> <span class='ocrx_word' id='word_1_729' title='bbox 703 2881 731 2905; x_wconf 81' lang='lat' dir='ltr'><strong>ct</strong></span> <span class='ocrx_word' id='word_1_730' title='bbox 754 2878 844 2905; x_wconf 87' lang='lat' dir='ltr'><strong>anima</strong></span> <span class='ocrx_word' id='word_1_731' title='bbox 869 2878 946 2913; x_wconf 85' lang='lat' dir='ltr'><strong>prius</strong></span> <span class='ocrx_word' id='word_1_732' title='bbox 962 2879 1044 2907; x_wconf 90' lang='lat' dir='ltr'><strong>habet</strong></span> 
     </span>
    </p>
   </div>
   <div class='ocr_carea' id='block_1_103' title="bbox 1100 2239 1893 2276">
    <p class='ocr_par' dir='ltr' id='par_1_103' title="bbox 1100 2239 1893 2276">
     <span class='ocr_line' id='line_1_103' title="bbox 1100 2239 1893 2276; baseline 0.004 -10"><span class='ocrx_word' id='word_1_733' title='bbox 1100 2240 1157 2273; x_wconf 80' lang='grc' dir='ltr'>ποὶ,</span> <span class='ocrx_word' id='word_1_734' title='bbox 1173 2240 1232 2276; x_wconf 76' lang='grc' dir='ltr'>ἦτοι</span> <span class='ocrx_word' id='word_1_735' title='bbox 1247 2239 1323 2275; x_wconf 81' lang='grc' dir='ltr'>εὐχὴ,</span> <span class='ocrx_word' id='word_1_736' title='bbox 1341 2240 1446 2276; x_wconf 85' lang='grc' dir='ltr'>ἀγάπη,</span> <span class='ocrx_word' id='word_1_737' title='bbox 1464 2241 1556 2272; x_wconf 85' lang='grc' dir='ltr'>πίστις</span> <span class='ocrx_word' id='word_1_738' title='bbox 1570 2250 1599 2268; x_wconf 82' lang='grc' dir='ltr'><strong>τε</strong></span> <span class='ocrx_word' id='word_1_739' title='bbox 1623 2242 1671 2268; x_wconf 81' lang='grc' dir='ltr'>καὶ</span> <span class='ocrx_word' id='word_1_740' title='bbox 1687 2241 1826 2276; x_wconf 84' lang='grc' dir='ltr'>ἀγρυπνία</span> <span class='ocrx_word' id='word_1_741' title='bbox 1846 2242 1893 2269; x_wconf 76' lang='grc' dir='ltr'>καὶ</span> 
     </span>
    </p>
   </div>
   <div class='ocr_carea' id='block_1_104' title="bbox 1100 2286 1891 2322">
    <p class='ocr_par' dir='ltr' id='par_1_104' title="bbox 1100 2286 1891 2322">
     <span class='ocr_line' id='line_1_104' title="bbox 1100 2286 1891 2322; baseline 0.001 -10"><span class='ocrx_word' id='word_1_742' title='bbox 1100 2287 1229 2321; x_wconf 81' lang='grc' dir='ltr'>νηστεία,</span> <span class='ocrx_word' id='word_1_743' title='bbox 1258 2287 1307 2313; x_wconf 78' lang='grc' dir='ltr'>καὶ</span> <span class='ocrx_word' id='word_1_744' title='bbox 1338 2286 1422 2313; x_wconf 78' lang='grc' dir='ltr'>τᾶλλα</span> <span class='ocrx_word' id='word_1_745' title='bbox 1453 2287 1507 2313; x_wconf 80' lang='grc' dir='ltr'>τῶν</span> <span class='ocrx_word' id='word_1_746' title='bbox 1541 2287 1647 2322; x_wconf 87' lang='grc' dir='ltr'>ἀρετῶν</span> <span class='ocrx_word' id='word_1_747' title='bbox 1675 2287 1891 2322; x_wconf 76' lang='grc' dir='ltr'>ἐπιτηδεύματα,</span> 
     </span>
    </p>
   </div>
   <div class='ocr_carea' id='block_1_105' title="bbox 1100 2329 1892 2368">
    <p class='ocr_par' dir='ltr' id='par_1_105' title="bbox 1100 2329 1892 2368">
     <span class='ocr_line' id='line_1_105' title="bbox 1100 2329 1892 2368; baseline 0.003 -10"><span class='ocrx_word' id='word_1_748' title='bbox 1100 2332 1209 2358; x_wconf 80' lang='grc' dir='ltr'>ἐπειδὰν</span> <span class='ocrx_word' id='word_1_749' title='bbox 1231 2332 1335 2367; x_wconf 84' lang='grc' dir='ltr'>μιγείη,</span> <span class='ocrx_word' id='word_1_750' title='bbox 1354 2332 1401 2359; x_wconf 83' lang='grc' dir='ltr'>καὶ</span> <span class='ocrx_word' id='word_1_751' title='bbox 1424 2333 1582 2368; x_wconf 87' lang='grc' dir='ltr'>κοινωνήσοι</span> <span class='ocrx_word' id='word_1_752' title='bbox 1605 2333 1654 2368; x_wconf 84' lang='grc' dir='ltr'><strong>τῆς</strong></span> <span class='ocrx_word' id='word_1_753' title='bbox 1673 2329 1720 2360; x_wconf 85' lang='grc' dir='ltr'>τοΰ</span> <span class='ocrx_word' id='word_1_754' title='bbox 1733 2333 1892 2368; x_wconf 82' lang='grc' dir='ltr'>Πνεύματος</span> 
     </span>
    </p>
   </div>
   <div class='ocr_carea' id='block_1_106' title="bbox 1101 2377 1892 2414">
    <p class='ocr_par' dir='ltr' id='par_1_106' title="bbox 1101 2377 1892 2414">
     <span class='ocr_line' id='line_1_106' title="bbox 1101 2377 1892 2414; baseline 0.001 -10"><span class='ocrx_word' id='word_1_755' title='bbox 1101 2377 1251 2409; x_wconf 82' lang='grc' dir='ltr'>κοινωνίας,</span> <span class='ocrx_word' id='word_1_756' title='bbox 1272 2378 1332 2404; x_wconf 87' lang='grc' dir='ltr'>τότε</span> <span class='ocrx_word' id='word_1_757' title='bbox 1354 2377 1400 2405; x_wconf 80' lang='grc' dir='ltr'>καὶ</span> <span class='ocrx_word' id='word_1_758' title='bbox 1422 2378 1492 2405; x_wconf 78' lang='grc' dir='ltr'>αὐτὰ</span> <span class='ocrx_word' id='word_1_759' title='bbox 1511 2377 1662 2413; x_wconf 80' lang='grc' dir='ltr'>καθαπερεὶ</span> <span class='ocrx_word' id='word_1_760' title='bbox 1679 2378 1804 2414; x_wconf 82' lang='grc' dir='ltr'>θυμίαμα</span> <span class='ocrx_word' id='word_1_761' title='bbox 1823 2379 1892 2414; x_wconf 82' lang='grc' dir='ltr'>πυρὶ</span> 
     </span>
    </p>
   </div>
   <div class='ocr_carea' id='block_1_107' title="bbox 1100 2422 1892 2459">
    <p class='ocr_par' dir='ltr' id='par_1_107' title="bbox 1100 2422 1892 2459">
     <span class='ocr_line' id='line_1_107' title="bbox 1100 2422 1892 2459; baseline 0.004 -10"><span class='ocrx_word' id='word_1_762' title='bbox 1100 2422 1208 2458; x_wconf 85' lang='grc' dir='ltr'>βληθὲν,</span> <span class='ocrx_word' id='word_1_763' title='bbox 1225 2423 1356 2450; x_wconf 84' lang='grc' dir='ltr'>πλουσίαν</span> <span class='ocrx_word' id='word_1_764' title='bbox 1379 2423 1525 2450; x_wconf 82' lang='grc' dir='ltr'>ἀποδίδωσι</span> <span class='ocrx_word' id='word_1_765' title='bbox 1539 2424 1589 2459; x_wconf 83' lang='grc' dir='ltr'>τὴν</span> <span class='ocrx_word' id='word_1_766' title='bbox 1604 2424 1718 2451; x_wconf 78' lang='grc' dir='ltr'>εὐωδίαν</span> <span class='ocrx_word' id='word_1_767' title='bbox 1730 2433 1737 2440; x_wconf 95' lang='grc'><strong>·</strong></span> <span class='ocrx_word' id='word_1_768' title='bbox 1754 2425 1821 2452; x_wconf 81' lang='grc' dir='ltr'>ἀλλὰ</span> <span class='ocrx_word' id='word_1_769' title='bbox 1844 2425 1892 2452; x_wconf 77' lang='grc' dir='ltr'>καὶ</span> 
     </span>
    </p>
   </div>
   <div class='ocr_carea' id='block_1_108' title="bbox 1099 2469 1891 2506">
    <p class='ocr_par' dir='ltr' id='par_1_108' title="bbox 1099 2469 1891 2506">
     <span class='ocr_line' id='line_1_108' title="bbox 1099 2469 1891 2506; baseline 0.003 -11"><span class='ocrx_word' id='word_1_770' title='bbox 1099 2469 1165 2504; x_wconf 85' lang='grc' dir='ltr'>ἡμῖν</span> <span class='ocrx_word' id='word_1_771' title='bbox 1190 2469 1294 2503; x_wconf 90' lang='grc' dir='ltr'>γίνεται</span> <span class='ocrx_word' id='word_1_772' title='bbox 1319 2469 1409 2504; x_wconf 75' lang='grc' dir='ltr'>ῥᾴδιον</span> <span class='ocrx_word' id='word_1_773' title='bbox 1433 2469 1588 2501; x_wconf 83' lang='grc' dir='ltr'>ἀκολούθως</span> <span class='ocrx_word' id='word_1_774' title='bbox 1606 2470 1645 2505; x_wconf 84' lang='grc' dir='ltr'>τῷ</span> <span class='ocrx_word' id='word_1_775' title='bbox 1660 2470 1793 2506; x_wconf 87' lang='grc' dir='ltr'>θελήματι</span> <span class='ocrx_word' id='word_1_776' title='bbox 1815 2471 1891 2497; x_wconf 82' lang='grc' dir='ltr'>πολι-</span> 
     </span>
    </p>
   </div>
   <div class='ocr_carea' id='block_1_109' title="bbox 1098 2513 1889 2550">
    <p class='ocr_par' dir='ltr' id='par_1_109' title="bbox 1098 2513 1889 2550">
     <span class='ocr_line' id='line_1_109' title="bbox 1098 2513 1889 2550; baseline 0.001 -9"><span class='ocrx_word' id='word_1_777' title='bbox 1098 2514 1225 2541; x_wconf 83' lang='grc' dir='ltr'>τεύεσθαι</span> <span class='ocrx_word' id='word_1_778' title='bbox 1251 2514 1298 2540; x_wconf 80' lang='grc' dir='ltr'><strong>τοῦ</strong></span> <span class='ocrx_word' id='word_1_779' title='bbox 1322 2513 1400 2541; x_wconf 80' lang='grc' dir='ltr'>Θεοῦ.</span> <span class='ocrx_word' id='word_1_780' title='bbox 1424 2514 1469 2547; x_wconf 85' lang='grc' dir='ltr'><strong><em>Ὣς</em></strong></span> <span class='ocrx_word' id='word_1_781' title='bbox 1483 2514 1546 2542; x_wconf 77' lang='grc' dir='ltr'>ἄνευ</span> <span class='ocrx_word' id='word_1_782' title='bbox 1560 2515 1719 2550; x_wconf 82' lang='grc' dir='ltr'>Πνεύματος</span> <span class='ocrx_word' id='word_1_783' title='bbox 1736 2516 1782 2543; x_wconf 77' lang='grc' dir='ltr'>τοῦ</span> <span class='ocrx_word' id='word_1_784' title='bbox 1799 2516 1889 2550; x_wconf 82' lang='grc' dir='ltr'>ἁγίου,</span> 
     </span>
    </p>
   </div>
   <div class='ocr_carea' id='block_1_110' title="bbox 1099 2559 1891 2597">
    <p class='ocr_par' dir='ltr' id='par_1_110' title="bbox 1099 2559 1891 2597">
     <span class='ocr_line' id='line_1_110' title="bbox 1099 2559 1891 2597; baseline 0.004 -11"><span class='ocrx_word' id='word_1_785' title='bbox 1099 2559 1224 2595; x_wconf 83' lang='grc' dir='ltr'>καθάπερ</span> <span class='ocrx_word' id='word_1_786' title='bbox 1246 2559 1296 2595; x_wconf 79' lang='grc' dir='ltr'>ήδη</span> <span class='ocrx_word' id='word_1_787' title='bbox 1322 2561 1455 2596; x_wconf 83' lang='grc' dir='ltr'>πρότερον</span> <span class='ocrx_word' id='word_1_788' title='bbox 1469 2561 1589 2597; x_wconf 80' lang='grc' dir='ltr'>εἴρηται,</span> <span class='ocrx_word' id='word_1_789' title='bbox 1606 2562 1701 2596; x_wconf 83' lang='grc' dir='ltr'>μηδενὶ</span> <span class='ocrx_word' id='word_1_790' title='bbox 1725 2562 1838 2589; x_wconf 81' lang='grc' dir='ltr'>δυνατὸν</span> <span class='ocrx_word' id='word_1_791' title='bbox 1859 2562 1891 2589; x_wconf 86' lang='grc' dir='ltr'>ὂν</span> 
     </span>
    </p>
   </div>
   <div class='ocr_carea' id='block_1_111' title="bbox 1099 2607 1891 2645">
    <p class='ocr_par' dir='ltr' id='par_1_111' title="bbox 1099 2607 1891 2645">
     <span class='ocr_line' id='line_1_111' title="bbox 1099 2607 1891 2645; baseline 0.003 -13"><span class='ocrx_word' id='word_1_792' title='bbox 1099 2607 1218 2633; x_wconf 86' lang='grc' dir='ltr'>συνιέναι</span> <span class='ocrx_word' id='word_1_793' title='bbox 1242 2607 1274 2634; x_wconf 74' lang='grc' dir='ltr'>τὸ</span> <span class='ocrx_word' id='word_1_794' title='bbox 1297 2607 1346 2634; x_wconf 81' lang='grc' dir='ltr'>τοῦ</span> <span class='ocrx_word' id='word_1_795' title='bbox 1372 2607 1440 2634; x_wconf 82' lang='grc' dir='ltr'>Θεοῦ</span> <span class='ocrx_word' id='word_1_796' title='bbox 1465 2608 1582 2643; x_wconf 85' lang='grc' dir='ltr'>θέλημα.</span> <span class='ocrx_word' id='word_1_797' title='bbox 1603 2609 1710 2644; x_wconf 84' lang='grc' dir='ltr'>’Ὠσπερ</span> <span class='ocrx_word' id='word_1_798' title='bbox 1734 2609 1790 2645; x_wconf 80' lang='grc' dir='ltr'>γὰρ</span> <span class='ocrx_word' id='word_1_799' title='bbox 1811 2609 1891 2643; x_wconf 79' lang='grc' dir='ltr'>ἀνδρὶ</span> 
     </span>
    </p>
   </div>
   <div class='ocr_carea' id='block_1_112' title="bbox 1099 2652 1890 2690">
    <p class='ocr_par' dir='ltr' id='par_1_112' title="bbox 1099 2652 1890 2690">
     <span class='ocr_line' id='line_1_112' title="bbox 1099 2652 1890 2690; baseline 0.003 -11"><span class='ocrx_word' id='word_1_800' title='bbox 1099 2652 1168 2687; x_wconf 82' lang='grc' dir='ltr'>πρὸς</span> <span class='ocrx_word' id='word_1_801' title='bbox 1181 2652 1269 2687; x_wconf 83' lang='grc' dir='ltr'>γάμον</span> <span class='ocrx_word' id='word_1_802' title='bbox 1284 2653 1400 2680; x_wconf 83' lang='grc' dir='ltr'>συνοῦσα</span> <span class='ocrx_word' id='word_1_803' title='bbox 1415 2653 1498 2689; x_wconf 80' lang='grc' dir='ltr'>γυνὴ,</span> <span class='ocrx_word' id='word_1_804' title='bbox 1513 2655 1646 2690; x_wconf 81' lang='grc' dir='ltr'>πρότερον</span> <span class='ocrx_word' id='word_1_805' title='bbox 1663 2655 1738 2690; x_wconf 83' lang='grc' dir='ltr'><strong>μὲνῆ</strong></span> <span class='ocrx_word' id='word_1_806' title='bbox 1752 2655 1890 2689; x_wconf 78' lang='grc' dir='ltr'>συναφθῆ-</span> 
     </span>
    </p>
   </div>
   <div class='ocr_carea' id='block_1_113' title="bbox 1098 2699 1889 2737">
    <p class='ocr_par' dir='ltr' id='par_1_113' title="bbox 1098 2699 1889 2737">
     <span class='ocr_line' id='line_1_113' title="bbox 1098 2699 1889 2737; baseline 0.001 -11"><span class='ocrx_word' id='word_1_807' title='bbox 1098 2708 1153 2731; x_wconf 85' lang='grc' dir='ltr'>ναι,</span> <span class='ocrx_word' id='word_1_808' title='bbox 1164 2699 1261 2736; x_wconf 81' lang='grc' dir='ltr'>γνώμῃ</span> <span class='ocrx_word' id='word_1_809' title='bbox 1275 2701 1308 2735; x_wconf 81' lang='grc' dir='ltr'>τῇ</span> <span class='ocrx_word' id='word_1_810' title='bbox 1322 2700 1376 2736; x_wconf 80' lang='grc' dir='ltr'>ίδίᾳ</span> <span class='ocrx_word' id='word_1_811' title='bbox 1391 2702 1502 2736; x_wconf 84' lang='grc' dir='ltr'>στοιχεῖ,</span> <span class='ocrx_word' id='word_1_812' title='bbox 1517 2701 1564 2728; x_wconf 76' lang='grc' dir='ltr'>καὶ</span> <span class='ocrx_word' id='word_1_813' title='bbox 1576 2701 1708 2737; x_wconf 76' lang='grc' dir='ltr'>θελήματι</span> <span class='ocrx_word' id='word_1_814' title='bbox 1720 2702 1775 2732; x_wconf 79' lang='grc' dir='ltr'>τοῖς</span> <span class='ocrx_word' id='word_1_815' title='bbox 1787 2701 1889 2735; x_wconf 78' lang='grc' dir='ltr'>ἑαυτῆς</span> 
     </span>
    </p>
   </div>
   <div class='ocr_carea' id='block_1_114' title="bbox 1099 2744 1889 2782">
    <p class='ocr_par' dir='ltr' id='par_1_114' title="bbox 1099 2744 1889 2782">
     <span class='ocr_line' id='line_1_114' title="bbox 1099 2744 1889 2782; baseline 0.001 -11"><span class='ocrx_word' id='word_1_816' title='bbox 1099 2745 1243 2780; x_wconf 80' lang='grc' dir='ltr'>κέχρηται,</span> <span class='ocrx_word' id='word_1_817' title='bbox 1259 2744 1369 2772; x_wconf 75' lang='grc' dir='ltr'>ἐπειδὰν</span> <span class='ocrx_word' id='word_1_818' title='bbox 1395 2745 1424 2772; x_wconf 86' lang='grc' dir='ltr'>δὲ</span> <span class='ocrx_word' id='word_1_819' title='bbox 1448 2746 1562 2782; x_wconf 83' lang='grc' dir='ltr'>συνέλθῃ</span> <span class='ocrx_word' id='word_1_820' title='bbox 1585 2747 1647 2773; x_wconf 87' lang='grc' dir='ltr'>καθ’</span> <span class='ocrx_word' id='word_1_821' title='bbox 1669 2747 1708 2779; x_wconf 80' lang='grc' dir='ltr'><strong>ἓν,</strong></span> <span class='ocrx_word' id='word_1_822' title='bbox 1727 2747 1773 2774; x_wconf 85' lang='grc' dir='ltr'><strong>ὑπ’</strong></span> <span class='ocrx_word' id='word_1_823' title='bbox 1791 2747 1889 2781; x_wconf 76' lang='grc' dir='ltr'>ἐκείνῳ</span> 
     </span>
    </p>
   </div>
   <div class='ocr_carea' id='block_1_115' title="bbox 1101 2790 1888 2828">
    <p class='ocr_par' dir='ltr' id='par_1_115' title="bbox 1101 2790 1888 2828">
     <span class='ocr_line' id='line_1_115' title="bbox 1101 2790 1888 2828; baseline 0.004 -12"><span class='ocrx_word' id='word_1_824' title='bbox 1101 2791 1214 2825; x_wconf 82' lang='grc' dir='ltr'>ἡγεμόνι</span> <span class='ocrx_word' id='word_1_825' title='bbox 1233 2790 1263 2817; x_wconf 81' lang='grc' dir='ltr'>τὸ</span> <span class='ocrx_word' id='word_1_826' title='bbox 1276 2791 1385 2818; x_wconf 88' lang='grc' dir='ltr'>σύνολον</span> <span class='ocrx_word' id='word_1_827' title='bbox 1401 2792 1446 2827; x_wconf 74' lang='grc' dir='ltr'><strong>ζῇ,</strong></span> <span class='ocrx_word' id='word_1_828' title='bbox 1463 2792 1511 2819; x_wconf 83' lang='grc' dir='ltr'>τοῦ</span> <span class='ocrx_word' id='word_1_829' title='bbox 1526 2792 1594 2828; x_wconf 73' lang='grc' dir='ltr'>πρὸς</span> <span class='ocrx_word' id='word_1_830' title='bbox 1607 2792 1705 2828; x_wconf 76' lang='grc' dir='ltr'>ἑαυτὴν</span> <span class='ocrx_word' id='word_1_831' title='bbox 1718 2793 1794 2828; x_wconf 77' lang='grc' dir='ltr'>ὁρᾷν,</span> <span class='ocrx_word' id='word_1_832' title='bbox 1810 2793 1888 2826; x_wconf 84' lang='grc' dir='ltr'>ἀφει-</span> 
     </span>
    </p>
   </div>
   <div class='ocr_carea' id='block_1_116' title="bbox 1102 2835 1886 2872">
    <p class='ocr_par' dir='ltr' id='par_1_116' title="bbox 1102 2835 1886 2872">
     <span class='ocr_line' id='line_1_116' title="bbox 1102 2835 1886 2872; baseline 0.003 -12"><span class='ocrx_word' id='word_1_833' title='bbox 1102 2835 1169 2870; x_wconf 82' lang='grc' dir='ltr'>μένη</span> <span class='ocrx_word' id='word_1_834' title='bbox 1180 2843 1187 2850; x_wconf 81' lang='lat'><strong>&#39;</strong></span> <span class='ocrx_word' id='word_1_835' title='bbox 1202 2835 1248 2862; x_wconf 80' lang='grc' dir='ltr'><strong>τὸν</strong></span> <span class='ocrx_word' id='word_1_836' title='bbox 1263 2835 1345 2862; x_wconf 76' lang='grc' dir='ltr'>αὐτὸν</span> <span class='ocrx_word' id='word_1_837' title='bbox 1359 2835 1391 2871; x_wconf 85' lang='grc' dir='ltr'>δὴ</span> <span class='ocrx_word' id='word_1_838' title='bbox 1404 2836 1503 2871; x_wconf 83' lang='grc' dir='ltr'>τρόπον</span> <span class='ocrx_word' id='word_1_839' title='bbox 1519 2837 1567 2864; x_wconf 74' lang='grc' dir='ltr'>καὶ</span> <span class='ocrx_word' id='word_1_840' title='bbox 1578 2837 1651 2872; x_wconf 82' lang='grc' dir='ltr'>ψυχὴ</span> <span class='ocrx_word' id='word_1_841' title='bbox 1673 2837 1728 2872; x_wconf 76' lang='grc' dir='ltr'>ἔχει</span> <span class='ocrx_word' id='word_1_842' title='bbox 1751 2837 1802 2872; x_wconf 79' lang='grc' dir='ltr'>μὲν</span> <span class='ocrx_word' id='word_1_843' title='bbox 1821 2836 1886 2863; x_wconf 78' lang='grc' dir='ltr'>ῖδιόν</span> 
     </span>
    </p>
   </div>
   <div class='ocr_carea' id='block_1_117' title="bbox 1099 2880 1885 2918">
    <p class='ocr_par' dir='ltr' id='par_1_117' title="bbox 1099 2880 1885 2918">
     <span class='ocr_line' id='line_1_117' title="bbox 1099 2880 1885 2918; baseline 0.003 -12"><span class='ocrx_word' id='word_1_844' title='bbox 1099 2889 1124 2906; x_wconf 84' lang='grc' dir='ltr'><strong>τι</strong></span> <span class='ocrx_word' id='word_1_845' title='bbox 1138 2880 1254 2917; x_wconf 79' lang='grc' dir='ltr'>θέλημα,</span> <span class='ocrx_word' id='word_1_846' title='bbox 1270 2881 1317 2909; x_wconf 75' lang='grc' dir='ltr'>καὶ</span> <span class='ocrx_word' id='word_1_847' title='bbox 1331 2882 1413 2913; x_wconf 80' lang='grc' dir='ltr'>ἰδίους</span> <span class='ocrx_word' id='word_1_848' title='bbox 1426 2882 1535 2918; x_wconf 77' lang='grc' dir='ltr'>νόμους,</span> <span class='ocrx_word' id='word_1_849' title='bbox 1548 2883 1596 2910; x_wconf 72' lang='grc' dir='ltr'>καὶ</span> <span class='ocrx_word' id='word_1_850' title='bbox 1612 2882 1679 2918; x_wconf 77' lang='grc' dir='ltr'>ἔργα</span> <span class='ocrx_word' id='word_1_851' title='bbox 1691 2884 1743 2910; x_wconf 79' lang='grc' dir='ltr'>ἴδια</span> <span class='ocrx_word' id='word_1_852' title='bbox 1755 2891 1760 2897; x_wconf 92' lang='grc'><strong>·</strong></span> <span class='ocrx_word' id='word_1_853' title='bbox 1776 2881 1885 2910; x_wconf 65' lang='grc' dir='ltr'>ἐπειδᾶν</span> 
     </span>
    </p>
   </div>
  </div>
