2075 3155
189 163 236 194 921

795 166 910 197 LIBER
929 166 978 197 DE
997 167 1224 200 CHARITATE.

1765 179 1819 210 922

188 222 216 249 δὲ
242 222 356 257 γένηται
378 221 441 254 ἀξία
465 221 504 257 τῷ
527 221 680 258 ἐπουρανίῳ
696 222 774 258 ἀνδρὶ
791 222 901 259 Χριστῷ
921 232 965 251 συι

1014 226 1204 255 ivoluntatem
1229 229 1375 264 quamdam
1410 232 1560 267 propriam,
1594 234 1669 270 leges
1695 243 1818 272 ususque

188 267 285 300 ελθεῖν,
301 267 482 295 ὑποτάσσεται
499 267 538 303 τῷ
548 268 625 303 τόμῳ
638 268 686 294 τοῦ
700 268 807 302 ἀνδρὸς,
819 269 870 296 οὐκ
883 270 924 297 ἔτι
938 269 978 303 τῷ

185 313 289 349 ταύτης
307 313 452 349 θελήματι,
470 313 539 341 ἀλλὰ
553 313 593 350 τῷ
606 313 707 350 ταύτης
719 314 836 350 νυμφίου
854 315 975 352 ἑπομένη

185 360 316 395 Χριστοῦ.

220 449 272 477 ιε’.
286 449 322 476 Τδ
337 448 384 476 τοῦ
397 449 488 485 γάμου
510 449 612 485 ἔνδυμα
625 450 675 486 τὴν
687 450 734 478 τοῦ
754 451 832 486 ἁγίου
845 452 976 489 Πνεῦμα-

184 502 230 526 τος
250 494 329 529 χάριν
355 494 440 528 ἠγοῦ-
463 494 512 529 τὴν
531 495 546 521 ὀ
565 495 604 529 μὴ
632 495 738 522 ἐνδύναι
754 496 874 530 γεγονὼς
889 497 975 531 ἄξιος,

184 539 233 567 τοῦ
245 540 409 574 ἐπουρανίου
423 539 513 575 γάμου
541 540 587 567 καὶ
599 541 646 568 τοῦ
664 541 772 569 δείπνου
789 542 837 570 τοῦ
852 552 976 579 πνευμα-

185 585 261 613 τικοῦ
272 585 399 617 κοινωνὸς
415 585 465 612 οὐκ
477 585 565 613 ἔσται.
588 585 686 621 Θῶμεν
700 587 818 624 σπουδὴν
832 588 878 615 τοῦ
894 597 976 616 msu-

187 630 302 666 ματικοῦ
315 631 362 657 καὶ
376 631 448 657 θείου
461 634 532 658 πιεῖν
549 631 634 664 οἴνου,
648 632 695 659 καὶ
706 632 873 669 μεθυσθῆναι
889 635 975 671 μέθην

185 676 323 711 νηφάλιον·
342 676 375 702 ἵν’
387 675 481 711 ὥσπερ
491 677 515 703 ot
528 677 601 704 οῐνου
620 677 756 713 διακορεῖς
768 678 920 715 λαλίστεροι
933 681 976 714 γί-

184 730 284 754 νονται,
299 721 370 749 οὕτω
381 722 429 749 καὶ
445 723 537 757 ἡμεῖς,
548 723 596 750 τοῦ
610 724 796 760 πνευματικοῦ
808 725 904 752 τούτου
918 725 975 753 διά-

183 767 260 794 πλεοι
275 768 416 802 γεγονότες
431 768 514 801 οῐνου,
536 770 694 805 μυστηρίων
713 770 793 797 θείων
812 770 974 807 λαλήσωμεν

182 813 338 848 διηγήματα
347 822 355 829 ·
364 814 419 840 Καὶ
434 814 467 840 τὸ
479 814 624 848 ποτήριόν
636 822 695 843 σου
708 815 774 852 γὰρ,
788 817 856 852 φησὶ
879 817 972 850 Δαϐὶδ,

179 859 334 893 μεθύσκον
345 867 394 893 με,
410 858 480 886 ὡσεί
492 861 653 893 κράτιστον
665 861 676 888 !

217 905 276 939 ις’.
289 904 364 940 Αὕτη
375 905 448 932 ἐστὶν
462 906 479 940 ἠ
496 905 591 942 πτωχὴ
607 906 646 941 τῷ
659 907 798 942 Πνεύματι
813 907 897 944 ψυχὴ,
908 908 970 944 ἥτις

181 950 356 985 ἐπιγινώσκει
379 952 430 986 μὲν
453 951 489 978 τὰ
508 952 609 987 ἑαυτῆς
622 953 778 988 τραύματα,
793 954 968 988 ἐπιγινώσκει

181 996 209 1023 δὲ
223 997 253 1023 τδ
270 997 398 1032 περιέχον
425 997 510 1033 αὐτὴν
533 998 590 1024 τῶν
611 998 706 1025 παθῶν
721 999 826 1032 σκότος,
852 999 900 1026 καὶ
918 1000 968 1036 τὴν

180 1042 235 1070 ἀπὸ
257 1043 360 1078 Κυρίου
378 1043 525 1074 διαπαντὸς
541 1043 668 1077 ἐπιζητεῖ
681 1043 831 1078 λύτρωσιν·
853 1045 870 1080 ἢ
890 1044 968 1079 φέρει

182 1087 231 1122 μὲν
249 1087 358 1119 πόνους,
379 1086 423 1113 ἐπ’
435 1086 525 1114 οὐδενὶ
539 1087 568 1114 δὲ
583 1087 639 1114 τῶν
655 1088 701 1114 ἐπὶ
713 1089 764 1123 γῆς
779 1088 889 1122 ἀγαθῶν
905 1089 967 1123 χαί-

182 1140 237 1168 ρει¹
251 1132 319 1159 ἀλλὰ
330 1132 369 1167 τῷ
379 1131 454 1167 καλῷ
466 1132 539 1168 μόνῳ
552 1132 646 1168 ίατρῷ,
656 1133 703 1159 καὶ
715 1134 748 1169 τῇ
760 1133 843 1160 αὑτοῦ
854 1134 967 1161 πέποιθε

180 1178 323 1213 θεραπείᾳ.
342 1178 405 1210 Πῶς
419 1175 467 1205 οῦν
487 1179 505 1214 ή
525 1179 781 1214 τετραυματισμένη
801 1179 870 1215 αὕτη
893 1179 966 1215 ψυχὴ

179 1223 248 1259 καλὴ
277 1224 325 1250 καὶ
348 1224 528 1259 εὐπρόσωπος
553 1223 641 1254 ἔσται.
655 1224 703 1251 καὶ
723 1224 791 1259 πρὸς
814 1224 966 1260 συμϐίωσιν

179 1268 336 1303 ἁρμόζουσα
355 1268 395 1304 τῷ
409 1268 536 1305 Χριστῷς
555 1268 614 1300 πῶς
631 1269 718 1301 ἄλλως
737 1269 754 1305 ἢ
771 1269 842 1296 κατὰ
854 1270 904 1306 τὴν
917 1269 966 1306 ἅρ-

178 1315 260 1349 χαίαν
272 1315 357 1350 αὐτῆς
370 1314 470 1348 κτίσιν,
487 1315 534 1341 καὶ
547 1315 598 1350 τὴν
610 1315 685 1350 σαφῆ
695 1315 750 1342 τῶν
763 1315 871 1342 οἰκείων
882 1316 966 1351 τραύ-

179 1361 272 1396 μάτων
290 1361 338 1387 καὶ
351 1361 402 1396 τῆς
417 1361 554 1396 πτωχείας
568 1361 732 1396 ὲπίγνωσιν;
743 1362 775 1388 Et
794 1362 849 1398 γὰρ
859 1358 900 1394 οἷς
910 1362 965 1397 ἔχει

177 1407 319 1443 τραύμασί
332 1415 363 1434 τε
379 1407 428 1434 καὶ
444 1406 557 1442 μώλωψι
569 1407 623 1434 τῶν
637 1407 732 1435 παθῶν
752 1407 790 1443 μὴ
811 1408 963 1443 συνήδεται,

179 1453 246 1488 μηδὲ
267 1454 412 1488 συνηγορεί
436 1453 493 1484 τοῖς
514 1453 679 1488 σφάλμασιν,
696 1454 726 1479 οὐ
739 1453 878 1488 λογίζεται
895 1454 963 1490 αὐτῇ

175 1498 226 1532 τὴν
237 1498 374 1534 ἀμορφίαν
388 1499 402 1524 ὁ
417 1498 529 1533 Κύριος,
545 1498 602 1525 ἀλλ’
618 1497 703 1524 ἐλθὼν
729 1499 800 1525 ίᾶται
818 1499 866 1525 καὶ
884 1497 965 1534 θερα-

1027 272 1170 306 proprios,
1181 281 1264 308 opera
1273 275 1386 310 propria
1399 285 1406 303 :
1420 282 1564 313 postquam
1573 287 1639 307 vero
1651 280 1732 316 digna
1747 282 1816 310 facta

1026 317 1111 346 fuerit
1142 327 1204 354 qua;
1231 322 1421 356 supercmlesti
1443 324 1503 351 viro
1520 325 1683 361 jungeretur
1695 327 1815 357 Christo.

1026 363 1175 398 subjicitur
1190 364 1245 400 legi
1258 366 1323 399 viri,
1340 375 1393 394 non
1407 369 1526 404 amplius
1541 377 1631 403 suam,
1646 371 1694 399 sed
1720 372 1815 408 sponsi

1026 416 1147 444 sequens
1158 411 1340 439 voluntatem.

1061 455 1119 483 XV.
1144 456 1301 492 Nuptialem
1327 464 1431 487 vestem
1462 460 1582 496 Spiritus
1614 463 1728 498 gratiam
1754 472 1816 492 esse

1026 506 1103 534 puta,
1117 510 1199 537 quam
1216 503 1263 538 qui
1277 504 1392 532 induere
1407 505 1507 540 dignus
1530 515 1586 535 non
1611 509 1705 542 fuerit,
1733 510 1817 537 coale-

1026 545 1109 574 stium
1129 549 1287 583 nuptiarum
1301 550 1432 585 epulique
1443 552 1595 586 spiritualis
1610 555 1747 590 particeps
1758 563 1813 582 non

1026 592 1090 619 erit.
1121 593 1260 622 Ponamus
1287 595 1410 624 studium
1436 597 1464 625 in
1497 599 1635 633 spirituali
1665 605 1694 627 et
1719 601 1814 628 divino

1026 635 1148 665 bibendo
1162 638 1239 670 vino.
1256 643 1285 666 et
1299 640 1471 668 inebriemur
1487 642 1625 670 ebrietate
1648 645 1753 676 sobria,
1772 649 1813 678 ut,

1026 682 1262 716 quemadmodum
1287 686 1335 720 qui
1354 687 1419 713 vino
1436 687 1509 722 pleni
1541 693 1616 721 sunt,
1641 689 1815 724 loquaciores

1025 726 1105 759 ﬁunt,
1120 729 1158 756 ita
1168 733 1197 756 et
1210 737 1272 762 nos,
1285 731 1425 765 spirituali
1449 733 1501 760 hoc
1513 734 1586 769 largc
1602 734 1700 762 hausxo
1725 743 1813 770 mero,

1025 773 1219 807 mysteriorum
1247 774 1406 804 divinorum
1434 778 1599 813 eloquamur
1628 780 1812 809 narrationes.

1024 817 1059 845 Et
1072 818 1142 845 calix
1152 823 1211 847 tuus
1221 820 1271 856 (ait
1286 821 1383 858 David)
1393 823 1526 851 inebrians
1543 833 1594 857 me,
1605 833 1686 858 quam
1697 827 1812 862 pra-cta—

1024 871 1069 889 rus
1082 867 1120 890 est
1135 864 1156 880 ¹⁷
1171 865 1178 891 l

988 892 1009 919 Β
1058 908 1128 937 XVI.
1147 910 1209 945 Ipsa
1224 916 1266 939 est
1283 911 1329 939 illa
1340 920 1445 948 pauper
1458 913 1562 949 Spiritu
1578 915 1681 949 anima,
1691 925 1752 952 quae
1765 925 1813 946 co-

1020 953 1129 988 gnoscit
1145 955 1256 990 quidem
1269 964 1319 984 sua
1333 957 1466 991 volnera;
1483 961 1624 994 cognoscit
1638 970 1704 990 vero
1727 964 1811 991 etiam

1019 1007 1078 1033 eas,
1090 1001 1193 1035 quibus
1207 1002 1450 1037 circumambitur,
1462 1006 1704 1039 perturbationum
1732 1014 1811 1037 tene-

1019 1045 1100 1078 bras;
1119 1050 1148 1074 et
1165 1054 1180 1074 a
1203 1047 1319 1075 Domino
1342 1050 1474 1077 continue
1491 1051 1683 1081 liberationem
1700 1056 1810 1090 quaerit.

1018 1091 1085 1125 Quae
1102 1093 1202 1121 tolerat
1216 1094 1328 1129 quidem
1342 1095 1463 1129 labores,
1479 1097 1513 1125 de
1540 1099 1618 1126 nullo
1641 1106 1733 1128 autem
1761 1110 1810 1130 eo-

1019 1144 1091 1168 rum,
1107 1144 1168 1172 qua).
1180 1145 1264 1173 super
1278 1143 1380 1167 terram
1395 1145 1472 1172 sunt,
1488 1141 1561 1169 bono
1573 1144 1690 1177 gaudet;
1715 1146 1763 1172 sed
1781 1147 1808 1174 in

1018 1182 1092 1209 bono
1104 1187 1211 1210 tantum
1227 1185 1345 1216 medico.
1374 1190 1402 1212 et
1429 1186 1457 1213 in
1478 1187 1537 1222 ejus
1561 1189 1706 1217 curatione
1720 1192 1808 1218 confl-

1019 1226 1070 1254 dit.
1085 1226 1231 1260 Quomodo
1248 1228 1332 1264 igitur
1347 1229 1406 1257 haec
1433 1231 1575 1259 vulnerata
1602 1234 1693 1262 anima
1708 1235 1808 1264 decora

1016 1277 1045 1300 et
1063 1272 1184 1301 formosa
1207 1274 1274 1307 erit,
1286 1279 1315 1302 et
1329 1275 1364 1302 ad
1375 1275 1438 1308 vitae
1454 1277 1612 1305 societatem
1637 1280 1806 1309 individua.“

1017 1326 1081 1346 cum
1095 1319 1206 1348 Christo
1221 1321 1369 1349 ineundam
1384 1323 1466 1357 apta?
1479 1324 1618 1358 quomodo
1633 1326 1713 1354 aliter
1723 1335 1807 1362 quam

1016 1369 1189 1399 perspectam
1204 1365 1333 1394 habendo
1344 1367 1485 1402 antiquam
1511 1376 1586 1395 suam
1606 1370 1761 1405 originem,
1778 1377 1807 1400 et

1016 1411 1120 1438 claram
1135 1419 1193 1446 pm
1213 1420 1242 1440 se
1265 1413 1379 1441 ferendo
1403 1414 1578 1449 propriorum
1606 1416 1753 1444 vulnerum
1776 1423 1806 1446 et

1015 1456 1202 1485 mendicitatis
1222 1458 1367 1485 notitiam?
1379 1459 1446 1486 Nam
1460 1459 1483 1487 si
1497 1459 1540 1492 iis,
1553 1468 1614 1495 qua
1634 1461 1727 1496 habet,
1745 1464 1806 1490 vul-

1015 1502 1129 1530 neribus
1152 1507 1180 1530 et
1197 1503 1371 1531 cicatricibus
1387 1504 1546 1539 passionum
1566 1513 1621 1534 non
1641 1507 1804 1541 delectatur,

176 1539 265 1574 πεύει,
282 1541 329 1567 καὶ
341 1540 447 1573 ἀπαθὲς
461 1541 530 1577 αὐτῇ
547 1542 593 1568 καὶ
608 1541 727 1577 ἄφθορον
741 1550 768 1568 τι
785 1542 883 1574 κάλλος
895 1543 965 1570 ἀπο-

1017 1555 1069 1575 nec
1091 1549 1280 1583 patrocinatur
1305 1549 1416 1578 delictis
1444 1550 1518 1582 suis;
1543 1558 1597 1578 non
1615 1552 1732 1588 imputat
1752 1555 1805 1589 ipsi

177 1586 340 1621 καθίστησι·
360 1586 439 1622 μόνον
465 1587 535 1622 αὑτὴ
561 1588 720 1623 προαιρέσει
743 1588 780 1623 μὴ
802 1589 965 1616 κοινωνείτω

175 1633 231 1663 τοῖς
250 1632 458 1667 πραττομένοις,
480 1632 606 1668 καθάπερ
629 1633 747 1668 εἴρηται,
766 1632 833 1668 μηδὲ
845 1634 902 1665 τοῖς
915 1634 965 1660 έν-

175 1679 351 1714 εργουμένοις
366 1679 560 1706 συνευδοκείτω
570 1680 695 1707 πάθεσιν.
714 1680 782 1706 Ἀλλ’
792 1681 840 1717 ὅλῃ
852 1680 964 1716 δυνάμει

176 1723 244 1758 πρὸς
262 1724 365 1759 Κύριον
381 1725 514 1757 ὲκὸοάτω,
533 1724 576 1752 τνα
590 1725 634 1751 διὰ
651 1725 698 1752 τοῦ
718 1725 822 1760 ἀγαθοῦ
837 1727 961 1762 Πνεύμα-

174 1777 220 1801 τος
231 1769 316 1796 αὑτοῦ
325 1770 375 1805 τῆς
388 1770 543 1806 ἐλευθερίας
554 1771 662 1803 πάντως
674 1771 774 1807 ἀξιωθῇ
787 1771 841 1799 τῶν
855 1772 960 1800 παθῶν.

174 1814 248 1850 Δῦτη
266 1815 316 1848 μὲν
328 1813 375 1842 οῦν
389 1815 407 1851 ἡ
420 1815 494 1851 ψυχὴ
513 1816 637 1851 μακαρία
648 1824 656 1832 ⁸
675 1816 738 1843 οὐαί
751 1817 779 1843 δὲ
795 1818 828 1853 τῇ
846 1818 884 1852 μὴ
900 1826 962 1844 συν-

173 1860 301 1896 αίσθησιν
315 1861 447 1897 δεχομένῃ
460 1863 635 1897 τραυμάτων,
650 1862 718 1897 μηδὲ
731 1862 805 1898 ἔχειν
819 1872 847 1890 τι
863 1864 962 1897 κακίας

173 1905 217 1932 διὰ
227 1905 328 1941 πολλὴν
344 1906 391 1932 καὶ
403 1905 522 1942 ἄμετρον
533 1907 644 1942 οίομένη
660 1908 760 1934 κακίαν
771 1916 778 1923 ·
792 1908 894 1944 ταύτην
907 1910 962 1945 γὰρ

172 1951 233 1978 οὐδὲ
259 1952 274 1978 ὁ
301 1952 401 1986 ἀγαθὸς
426 1953 621 1981 ὲπισκέπτεται
654 1954 767 1989 ίατρὸς,
794 1955 855 1981 οὐδὲ
878 1955 960 1991 θερα-

173 1997 261 2030 πεύει,
277 1997 317 2024 ὃτι
332 1998 400 2033 μηδὲ
415 1998 491 2033 μέλει
505 1999 573 2035 αὐτῇ
591 1999 644 2026 τῶν
655 2001 830 2036 τραυμάτων,
846 2002 893 2029 ἇτε
909 2011 956 2029 κα-

171 2039 226 2074 λῶς
250 2041 322 2077 ἔχειν
344 2043 392 2070 καὶ
415 2043 500 2077 ὑγιῶς
526 2044 680 2080 ἡγουμένῃ·
702 2047 743 2073 οὐ
771 2047 827 2082 γὰρ
856 2049 961 2082 χρείαν

171 2088 288 2124 ἔχουσι,
302 2090 395 2126 φησὶν,
411 2092 439 2118 οἱ
451 2091 637 2126 ὑγιαίνοντες
651 2093 762 2126 ἰατροῦ,
780 2093 849 2121 ἀλλ’
861 2095 889 2122 ol
905 2104 959 2122 κα-

170 2132 230 2166 κῶς
241 2134 375 2169 ἔχοντες.

1015 1600 1093 1620 suam
1108 1593 1310 1622 deformitatem
1332 1594 1480 1628 Dominus;
1508 1597 1556 1623 sed
1584 1598 1659 1625 venit
1678 1602 1707 1626 et
1724 1604 1805 1627 sanat

1014 1646 1046 1666 ac
1070 1643 1150 1666 curat
1175 1647 1248 1672 eam,
1273 1640 1398 1675 nullique
1419 1641 1566 1670 obnoxiam
1595 1644 1750 1672 alterationi
1775 1651 1804 1673 et

1014 1683 1275 1712 immarcescibilem
1291 1685 1437 1720 quamdam
1447 1687 1472 1714 ei
1490 1688 1610 1715 restituit
1618 1689 1804 1724 pulchritudi-

1013 1738 1086 1757 nem.
1104 1730 1223 1758 Tantum
1239 1730 1297 1766 ipsa
1312 1739 1348 1758 ne
1363 1731 1452 1759 libero
1469 1740 1583 1762 assensu
1612 1737 1757 1772 participet
1771 1738 1803 1765 iis

1013 1782 1074 1809 quin
1094 1774 1174 1807 fiunt,
1188 1779 1218 1802 ut
1240 1775 1346 1802 dictum
1373 1781 1435 1810 est;
1465 1786 1535 1806 neve
1555 1782 1756 1809 consentiendo
1769 1790 1802 1810 ea

1013 1820 1185 1855 comprobet,
1210 1828 1272 1855 qua:
1300 1821 1462 1850 inordinata:
1489 1825 1711 1858 perturbationes
1737 1835 1803 1862 ope-

1013 1869 1132 1898 rantur;
1147 1866 1195 1892 sed
1212 1869 1269 1893 tota
1285 1867 1388 1894 virtute
1412 1868 1445 1894 ad
1470 1869 1615 1897 Dominum
1641 1872 1751 1905 clamet,
1772 1879 1802 1901 ut

1012 1919 1063 1947 per
1075 1911 1179 1939 bonum
1193 1911 1279 1946 ipsius
1291 1912 1371 1947 203
1385 1913 1518 1948 Spiritum
1534 1915 1653 1944 liberare
1665 1925 1695 1945 se
1706 1918 1801 1953 digne-

1014 1962 1059 1985 tur
1080 1965 1097 1985 a
1126 1958 1233 1985 cunctis
1259 1959 1353 1993 pravis
1380 1959 1535 1988 aﬂ‘ectibus.
1567 1961 1649 1989 Beata
1675 1964 1800 1997 profecto

1012 2002 1077 2031 talis
1086 2002 1195 2030 anima:
1225 2010 1266 2030 vae
1279 2006 1371 2030 autem
1384 2004 1435 2037 illi,
1449 2012 1510 2039 quae
1531 2013 1642 2033 sensum
1672 2007 1799 2036 intimum

1011 2056 1066 2076 non
1080 2048 1171 2084 capiet
1189 2048 1336 2076 vulnerant
1360 2057 1492 2084 suorum;
1515 2059 1631 2086 quaeque
1654 2052 1744 2081 omnis
1770 2062 1799 2081 se

1010 2095 1155 2130 pravitatis
1167 2094 1291 2122 funditus
1302 2100 1441 2130 expertem
1455 2104 1504 2131 per
1513 2098 1627 2125 multam
1641 2103 1668 2126 et
1684 2099 1800 2128 immen-

1010 2149 1067 2170 sam
1078 2141 1218 2176 putaverit
1231 2140 1408 2175 pravitatem.
1418 2141 1512 2169 Talem
1525 2143 1599 2170 enim
1611 2151 1701 2179 neque
1709 2144 1801 2173 bonus

170 2179 265 2208 invisit
279 2182 414 2216 medicus,
438 2191 490 2211 nec
514 2188 608 2217 sanat;
630 2184 760 2219 quoniam
786 2185 972 2216 sollicitudine
995 2196 1050 2216 non
1081 2187 1203 2222 tangitur
1227 2187 1374 2214 vulnerum
1392 2188 1588 2223 propriorum;
1606 2194 1714 2225 .utpote
1738 2199 1799 2226 quae

169 2235 199 2256 se
213 2227 284 2256 bene
296 2228 398 2257 habere
423 2237 455 2258 ac
486 2231 579 2266 vigere
602 2231 719 2259 sanitate
743 2231 893 2261 existimet.
917 2233 976 2262 Non
997 2235 1066 2262 enim
1077 2232 1188 2269 (inquit)
1209 2238 1283 2269 egent
1294 2233 1338 2268 qui
1348 2234 1408 2261 sani
1419 2238 1480 2261 sunt
1496 2235 1605 2269 medico,
1617 2236 1663 2263 sed
1674 2238 1719 2273 qui
1729 2238 1799 2265 male

169 2276 266 2303 habent
279 2275 312 2302 ¹⁸.

203 2320 254 2347 ιιι.
278 2320 416 2355 Μακάριοι
438 2319 478 2355 τῷ
491 2320 548 2347 ὄντι
568 2321 615 2347 καὶ
635 2319 750 2356 ζηλωτοὶ
764 2321 811 2348 τοῦ
830 2321 889 2357 βίου
907 2323 953 2349 καὶ

1040 2321 1122 2349 XVll.
1139 2320 1214 2348 Beati
1229 2328 1336 2353 revera,
1352 2324 1381 2348 et
1397 2321 1538 2350 invidendi
1555 2322 1591 2350 ob
1608 2323 1671 2352 vitae
1694 2329 1721 2352 et
1747 2334 1797 2354 ex-

167 2366 217 2401 τῆς
246 2365 403 2401 ὑπερφυοῦς
424 2365 611 2398 ἀπολαύσεως,
628 2366 686 2393 ὅσοι
715 2366 759 2393 διὰ
783 2365 888 2402 θερμῆς
906 2367 955 2394 καὶ

169 2411 313 2446 φιλαρέτου
327 2411 465 2446 διαγωγῆς
481 2411 534 2438 τῶν
548 2412 718 2446 ἐπουρανίων
731 2411 779 2439 τοῦ
795 2412 954 2448 Πνεῦματος

168 2456 326 2492 μυστηρίων
343 2457 426 2492 πείρᾳ
435 2457 482 2483 καὶ
499 2456 623 2492 αἰσθήσει
637 2457 686 2493 τὴν
699 2458 800 2492 γνῶσιν
814 2458 952 2494 είλήφασι,

166 2502 213 2528 καὶ
244 2501 275 2528 τὺ
297 2501 447 2537 πολίτευμα
470 2503 499 2537 εν
521 2503 646 2538 οὐρανοῖς
665 2502 782 2538 ἔχουσιν.
803 2500 883 2530 Οὗτοι
906 2503 954 2530 καὶ

166 2547 331 2581 συμπάντων
348 2547 488 2582 κρείττους
499 2547 650 2583 ἀνθρώπων
664 2548 717 2575 εἰσί
730 2555 738 2563 ·
756 2548 804 2575 καὶ
817 2548 922 2583 φανερὰ
935 2549 951 2583 ἡ

164 2592 312 2626 ἀπόδειξις.
321 2592 380 2619 Τίνι
397 2592 451 2627 γὰρ
466 2592 520 2619 τῶν
532 2593 663 2625 δυνατῶν,
679 2593 695 2629 ἢ
715 2593 816 2628 σοφῶν,
831 2593 848 2629 ἢ
861 2594 953 2629 φρονί-

166 2645 222 2671 μων
233 2637 354 2664 ἀνελθεῖν
365 2638 406 2670 είς
416 2637 461 2664 τὸν
473 2637 586 2673 οὐρανὸν
597 2638 718 2673 ὑπῆρξεν
729 2639 951 2674 ἐπιστρεφομένῳ

165 2683 228 2717 περὶ
241 2683 291 2717 τὴν
306 2683 368 2718 γῆν,
386 2684 444 2710 ἐκεῖ
457 2692 488 2710 τε
503 2683 673 2719 ἐργάσασθαι
685 2685 754 2719 ἔργα
767 2685 950 2720 πνευματικὰ,

165 2727 211 2753 καὶ
230 2727 264 2754 τὰ
285 2726 372 2762 κάλλη
387 2729 433 2755 τοῦ
454 2729 609 2764 Πνεύματος
624 2729 825 2763 κατοπτεῦσαι;
845 2730 904 2756 νυνὶ
920 2730 949 2756 δὲ

165 2771 249 2806 πένης
275 2781 315 2803 τις
339 2774 370 2800 τὸ
384 2774 557 2808 φαινόμενον,
574 2775 660 2809 πένης
674 2775 766 2810 ἄκρως
780 2775 827 2802 καὶ
843 2775 949 2808 ἐξουδε-

1005 2366 1160 2401 superantis
1169 2370 1274 2393 natura:
1282 2365 1393 2392 modum
1406 2366 1546 2395 fruitionis
1554 2367 1724 2403 felicitatem,
1735 2372 1797 2406 qui-

1005 2419 1114 2448 cunque
1130 2420 1179 2447 per
1195 2411 1347 2439 ferventem
1375 2411 1468 2444 ﬁdem,
1485 2417 1513 2440 et
1534 2413 1644 2441 vivendi
1658 2423 1738 2443 usum
1760 2418 1794 2445 ad

1004 2459 1135 2486 virtutem
1150 2465 1275 2485 normam
1294 2462 1433 2490 exactum,
1457 2459 1694 2493 supercoelestium
1706 2464 1793 2490 sancti

1006 2504 1126 2540 Spiritus
1142 2503 1334 2539 mysteriorum
1346 2510 1428 2531 sensu
1445 2505 1651 2540 ctexperientia
1667 2508 1792 2536 notitiam

1004 2552 1198 2584 perceperunt,
1220 2552 1248 2576 et
1263 2548 1502 2575 conversationem
1531 2549 1558 2576 in
1579 2550 1655 2578 caelis
1680 2551 1794 2580 habent.

1005 2595 1084 2622 Tales
1101 2594 1236 2627 omnium,
1247 2593 1294 2628 qui
1310 2594 1416 2627 uspiam
1432 2593 1528 2620 vivunt
1549 2593 1702 2629 hominum,
1725 2605 1792 2632 prae-

1005 2639 1166 2667 stantissimi
1179 2643 1253 2667 sunt.
1266 2638 1295 2665 ld
1307 2637 1380 2673 quod
1391 2637 1572 2665 demonstrari
1584 2640 1728 2668 manifesto
1743 2649 1792 2676 po-

1005 2689 1069 2713 test.
1086 2684 1137 2713 Cui
1153 2685 1227 2712 enim
1244 2687 1398 2719 potentum,
1414 2687 1461 2711 aut
1475 2684 1640 2719 sapientum,
1662 2691 1710 2713 aut
1724 2695 1791 2721 pru-

1003 2731 1126 2763 dentum,
1142 2729 1290 2758 ascendere
1305 2729 1333 2756 in
1354 2729 1452 2756 caelum
1472 2730 1595 2765 contigit,
1603 2731 1712 2759 interim
1725 2732 1790 2760 dum

1004 2781 1151 2805 versantur
1180 2777 1207 2804 in
1225 2781 1300 2804 terra
1323 2780 1352 2805 et
1370 2775 1424 2803 illic
1437 2776 1545 2811 operari
1561 2784 1643 2812 opera
1660 2777 1790 2814 spiritua-

203 2861 223 2877 ”
243 2861 311 2889 Psal.
332 2871 395 2896 un,
409 2864 436 2892 5.
476 2865 497 2882 ¹⁹
512 2865 608 2894 Matth.
625 2873 661 2898 Ix,
684 2865 735 2898 12;
751 2873 795 2892 xu.
814 2865 858 2898 l7;
876 2865 941 2893 Luc.
957 2874 983 2899 ι’,
997 2866 1041 2893 51.
