2075 3155
275 164 328 197 923

909 161 940 191 5.
962 161 1122 191 MACARII
1142 161 1305 192 .EGYPTII

1854 163 1910 195 924

273 222 320 254 tia,
336 224 365 247 et
379 216 599 255 pulchritudines
616 215 705 243 divini
722 214 842 251 Spiritus
856 216 977 244 intueri?
990 217 1067 244 Nunc

1127 217 1248 252 ρώμενος,
1261 218 1308 244 καὶ
1324 218 1384 245 οὐδὲ
1398 219 1454 250 τοῖς
1468 218 1632 253 ἑγγειτόνων
1644 218 1744 254 μικροῦ
1759 218 1908 254 γνώριμος,

273 273 340 293 vero
357 271 461 300 pauper
475 263 575 297 aliquis
590 261 618 288 in
632 261 765 296 speciem,
790 269 897 289 summe
917 269 1024 297 pauper
1037 267 1066 290 et

273 311 447 342 exinanitus;
486 317 518 337 ac
551 316 586 335 ne
600 308 702 335 vicinis
714 308 827 343 quidem
850 309 892 336 vel
920 308 1066 335 minimum

274 362 367 388 notus.
383 355 529 391 procidens
541 355 569 382 in
591 355 689 382 faciem
714 363 791 382 suam
823 363 915 382 coram
938 355 1066 387 Domino,

274 402 398 430 ascendit
427 402 454 428 in
466 402 567 429 ctelum
585 401 706 428 ducente
735 407 832 429 sancto
848 402 964 436 Spiritu,
988 406 1016 430 et
1040 401 1068 428 in

274 449 358 483 plena
373 447 472 474 ﬁducia
494 455 550 474 sua:
573 447 682 479 animae,
702 447 875 474 mirabilibus
904 447 960 474 illic
986 447 1069 474 rebus

274 494 448 526 delectatur;
487 493 579 527 ibique
605 497 747 527 operatur,
773 493 810 520 ibi
839 493 1004 525 diversatur,
1031 493 1068 520 ibi

278 539 521 566 conversationem
541 538 633 570 habet,
655 539 732 574 juxta
757 538 881 566 divinum
908 539 1068 573 Apostolum

279 586 417 613 dicentem
435 594 441 612 :
455 585 552 612 Nostra
573 589 661 611 autem
677 585 838 611 conventuin
854 585 881 611 in
895 585 965 611 cwlis
981 589 1019 611 est
1035 586 1067 611 “⁹.

275 633 310 659 Ει
327 640 424 659 rursus
445 639 451 656 ε
475 631 540 663 Quae
564 630 654 657 oculus
679 639 731 656 non
760 631 835 662 uidit,
858 635 882 657 et
913 632 986 658 auris
1016 639 1068 657 mm

276 678 397 708 audivit,
418 685 464 703 nec
490 677 518 703 in
554 684 598 702 cor
631 676 743 702 hominis
779 676 974 708 ascenderunt,
1011 684 1070 711 qua

276 723 438 757 praeparavit
459 722 528 748 Deus
544 722 576 748 iis
591 722 638 756 qui
667 721 779 756 diligunt
792 721 867 748 illum
879 722 911 748 ".
929 721 989 748 Mox
1004 722 1069 749 sub-

273 769 364 804 jungit
388 777 394 794 :
418 768 497 795 Nobis
519 773 607 794 autem
632 767 756 794 reuelauit
778 767 847 794 Deus
871 775 916 802 per
940 767 1070 803 Spiritum

274 824 362 842 suum.
381 815 413 842 lli
439 818 504 842 sunt
525 822 590 841 vere
608 813 746 848 sapientes
769 817 798 840 et
823 818 961 848 potentes,
990 814 1018 840 1ιί
1042 818 1070 842 et

276 861 383 888 nobiles
396 865 423 888 ct
439 860 599 895 prudentes.

1117 265 1304 299 προσπίπτων
1316 264 1364 290 ἐπὶ
1377 265 1525 299 πρόσωπον
1535 264 1618 292 αὐτοῦ
1632 263 1672 299 τῷ
1689 264 1794 300 Κυρίῳ,
1807 265 1912 292 ἄνεισιν

1118 311 1157 342 είς
1173 310 1217 337 τὸν
1229 311 1344 346 οὐρανὸν
1364 310 1417 338 ὑπὸ
1434 310 1592 346 Πνεύματος
1607 310 1800 346 ὁδηγούμενος,
1816 311 1865 338 καὶ
1880 313 1911 338 ὲν

1119 344 1289 392 πληροφορίᾳ
1310 357 1361 391 τῆς
1383 357 1482 383 ἑαυτοῦ
1496 344 1584 391 ψυχῆς
1605 344 1659 382 τῶν
1677 344 1913 391 ὲκεϊδθαυμασίων

1119 404 1290 438 κατατρυφᾷ,
1319 404 1378 429 ἐκεῖ
1401 411 1432 429 τε
1453 402 1612 438 ἐργάζεται,
1629 402 1689 429 ἐκεῖ
1709 402 1740 429 τὸ
1759 403 1913 437 πολίτευμα

1119 450 1187 485 ἔχει,
1203 450 1274 476 κατὰ
1286 450 1331 476 τὸν
1346 449 1418 477 θεῖον
1436 449 1613 476 ’Δπόστολον-
1633 449 1729 484 Ἠμῶν
1739 450 1794 484 τὰρ
1809 450 1843 476 τὸ
1856 457 1914 476 πο-

1119 497 1254 530 λίτευμα,
1273 496 1365 531 φησὶν,
1381 496 1416 523 ἐν
1432 495 1571 530 οὐρανοῖς
1585 495 1727 529 ὑπάρχει·
1752 496 1799 522 καὶ
1814 495 1912 522 πάλιν·

1123 542 1153 569 Ἀ
1170 542 1324 576 ὀφθαλμὸς
1343 543 1398 568 οὐκ
1411 540 1482 574 εἶδε,
1502 541 1552 568 καὶ
1567 539 1622 572 οὖς
1635 542 1691 568 οὐκ
1711 540 1838 575 ἤκουσε,
1860 540 1914 567 καί

1119 587 1168 614 ἐπὶ
1184 587 1309 622 καρδίαν
1322 587 1485 622 ἀνθρώπων
1499 589 1554 614 οὐκ
1568 587 1670 620 ἀνέϐη,
1687 587 1706 614 ἆ
1720 587 1886 621 ἡτοίμασεν
1898 588 1916 613 ὁ

1121 633 1194 665 Θεὸς
1206 633 1268 666 τοῖς
1279 633 1436 667 ἀγαπῶσιν
1448 633 1552 661 αὐτόν.
1569 631 1635 660 Εἶτα
1651 633 1749 666 ἐπάγει
1759 641 1766 648 ”
1787 633 1870 666 Ἡμῖν
1878 632 1916 660 δὲ

1120 679 1298 713 ἁπεκάλυψε
1312 679 1360 706 διὰ
1374 679 1427 706 τοῦ
1441 680 1616 714 Πνεύματος
1629 680 1733 707 αὐτοῦ.
1750 677 1829 707 Οὗτοί
1844 682 1914 708 είσιν

1120 726 1144 751 oi
1170 725 1198 751 ὲν
1215 725 1329 761 ἀληθείᾳ.
1347 726 1434 760 σοφοὶ,
1450 725 1474 752 οἱ
1489 725 1606 757 δυνατοὶ,
1622 723 1695 752 οὗτοι
1716 727 1763 752 καὶ
1788 726 1913 760 εὐγενεῖς

1121 770 1168 796 καὶ
1187 771 1327 806 φρόνιμοι.

313 907 406 934 XVIII.
422 894 590 939 Quinetiam.
603 914 657 933 non
677 905 771 932 habita
789 906 895 932 ratione
916 904 1069 932 caelestium

1157 899 1210 926 IH’.
1231 899 1284 925 Kal.
1305 899 1401 934 χωρὶς.
1416 899 1493 934 φησὶ,
1506 899 1560 926 τῶν
1569 899 1703 934 οὐρανίων
1716 899 1838 933 ἐκείνων,
1858 901 1914 927 ἀπὸ

278 953 400 984 illorum,
417 960 432 980 e
447 953 514 979 solis
526 953 570 979 his
586 960 646 986 qua:
661 951 808 986 praesentia
827 955 892 978 sunt
910 951 945 978 de
966 952 1070 978 sanctis

275 998 413 1033 judicans,
427 1006 482 1025 non
498 998 647 1030 dubitabis,
663 1005 711 1024 eos
724 997 848 1024 omnium
874 998 953 1032 longe
979 997 1070 1024 homi-

278 1052 345 1071 num
359 1044 525 1071 celsissimos
542 1044 733 1078 pronuntiare.
752 1043 821 1078 Age,
837 1051 880 1070 res
905 1043 1072 1078 dijudicetur

279 1090 332 1117 hoc
347 1090 447 1117 modo:
468 1090 726 1117 Nabuchodonosor
745 1089 894 1124 Babylonis
908 1089 1070 1123 imperator,

277 1135 461 1170 congregatis,
478 1136 580 1170 quibus
598 1140 724 1170 praeerat,
739 1135 871 1170 gentibus
887 1135 920 1161 ad
934 1134 1072 1161 adoratio-

279 1189 341 1208 nem
358 1185 455 1208 statum
471 1188 552 1215 quam
561 1185 701 1214 erexerat,
712 1180 758 1208 Dei
769 1181 820 1207 hoc
829 1180 1072 1215 itasapientissime

279 1227 439 1254 moderante
457 1226 640 1261 providentia,
665 1231 696 1253 ut
715 1229 743 1253 et
768 1234 916 1260 puerorum
944 1226 1073 1252 omnibus

279 1273 426 1306 conspicua
443 1272 531 1298 virtus
547 1272 635 1303 ﬁeret,
658 1275 687 1297 et
719 1271 811 1298 cuncti
829 1271 968 1298 discerent
989 1277 1073 1297 unum

279 1326 339 1345 esse
357 1318 442 1344 Deum
456 1325 563 1349 verum,
577 1317 662 1352 quiin
679 1318 757 1344 cmlis
772 1317 878 1344 habitat
891 1326 897 1344 :
917 1321 972 1343 tres
983 1316 1073 1351 pueri,

280 1363 355 1398 iique
370 1363 482 1398 captivi,
499 1371 531 1390 ac
556 1363 686 1390 libertate
709 1363 822 1398 privati,
849 1362 908 1390 ausi
931 1367 997 1389 sunt
1023 1362 1074 1397 ipsi

279 1408 431 1440 obsistere;
453 1412 481 1434 et
498 1407 615 1438 cunctis,
630 1415 663 1434 ex
679 1407 766 1434 multo
780 1412 866 1439 metu,
883 1407 1074 1438 ador-antibus,

281 1462 333 1481 nec
373 1454 524 1488 quidquam
558 1457 658 1488 praeter
687 1453 853 1488 obsequium
887 1453 1074 1484 tcntantibus,

282 1504 418 1526 mutarum
432 1499 487 1525 ritu
498 1498 647 1534 pecudum,
658 1506 713 1532 quo
733 1498 925 1530 trahebantur,
935 1498 1077 1532 sequenti-

283 1545 351 1578 bus,
364 1545 403 1571 illi
417 1550 521 1572 lantum
550 1545 698 1571 abfuerunt
715 1549 745 1571 ut.
758 1544 858 1571 similia
872 1544 933 1571 aliis
952 1548 1077 1578 patcrcn-
1091 1561 1112 1588 ο

282 1595 328 1617 tur
341 1599 348 1623 ;
361 1596 391 1617 nt
402 1598 492 1624 neque
512 1590 632 1625 ignorari
643 1589 698 1617 sint
713 1590 785 1624 passi
803 1597 880 1617 suam
897 1590 931 1616 de
946 1590 1077 1624 religione

283 1637 471 1668 sententiam,
501 1643 554 1662 nec
576 1635 663 1662 latere
679 1635 873 1666 sustinuerint,
897 1634 944 1661 sed
969 1634 1078 1661 cunctis

284 1682 461 1710 audientibus
491 1682 631 1709 dixerint:
657 1681 723 1708 Deos
753 1686 810 1708 tuos
845 1689 897 1707 non
917 1680 1077 1712 colimus,”

281 1733 402 1756 statuam
416 1736 537 1759 auream,
560 1736 641 1762 quam
664 1728 778 1759 eruisti,
805 1735 858 1753 non
879 1727 1023 1753 adoramus
1043 1727 1076 1753 ’⁸.

285 1774 359 1807 Quos
373 1783 435 1802 eum
451 1775 477 1801 in
492 1781 599 1809 pteuam
619 1774 748 1801 terribilis
776 1773 822 1800 illa
842 1773 940 1800 fornax
951 1773 1078 1808 excepis-

284 1826 337 1853 set,
355 1828 408 1847 nou
424 1827 490 1847 sane
502 1819 558 1846 vim
578 1827 655 1846 suam
677 1819 809 1851 exseruit,
830 1826 861 1846 ac
874 1818 953 1853 quasi
968 1823 997 1846 et
1020 1818 1079 1853 ipsa

285 1872 415 1894 venerata
435 1867 508 1901 ipsos
523 1870 604 1898 esset,
626 1874 641 1892 a
653 1865 732 1892 malis
746 1873 795 1892 eos
812 1865 950 1892 immunes
964 1872 1079 1892 conser-

285 1914 378 1939 vavit:
398 1912 535 1939 universis
550 1919 582 1938 ac
615 1919 678 1946 rege
705 1911 765 1945 ipso
789 1911 875 1938 Deum
899 1912 955 1946 jam
979 1918 1078 1938 verum

285 1958 509 1994 agnoscentibus.
527 1958 582 1985 Hos
593 1957 722 1992 equidem
739 1965 794 1984 non
814 1957 900 1992 magis
925 1961 1014 1984 terras
1039 1957 1081 1984 in-

285 2005 449 2037 colentium,
462 2012 545 2039 quam
566 2004 593 2031 in
609 2004 687 2031 caelis
710 2004 868 2038 degentium
886 2003 963 2030 chori
980 2003 1079 2038 plausu

288 2050 475 2077 celebrarunt.
514 2050 581 2077 Nam
622 2049 734 2077 lieroica
766 2049 888 2077 facinora
919 2053 1078 2076 sanctorum

288 2095 500 2130 haudquaquam
515 2102 575 2122 esse
587 2095 678 2129 ignota
691 2094 753 2122 θαιΙί
768 2095 878 2128 incolis,
897 2094 945 2122 sed
963 2095 1013 2122 hos
1027 2095 1080 2122 illis

287 2147 405 2167 accursu
425 2144 453 2166 et
468 2143 553 2166 testes
565 2139 672 2172 adesse,
684 2139 795 2166 divinus
812 2139 903 2166 innuit
919 2139 1079 2173 Apostolus,

289 2185 355 2212 dum
369 2185 422 2212 ait:
437 2184 622 2220 Spectaculum
636 2185 699 2219 facti
713 2193 803 2212 sumus
816 2184 917 2220 angelis
930 2189 954 2211 et
966 2184 1081 2211 homini-

1120 945 1176 970 τῶν
1193 945 1334 979 παρόντων
1357 945 1458 979 κρίνων
1476 945 1539 976 τοὺς
1555 945 1661 977 ἁγίους,
1685 946 1736 972 οὐκ
1747 946 1915 977 ὲπιδοιάσεις

1122 990 1231 1016 πάντων
1261 989 1442 1024 ὑψηλοτέρους
1471 989 1565 1016 εἰπών.
1587 990 1731 1025 Κρινέσθω
1758 990 1787 1016 δὲ
1806 989 1913 1021 οὕτως·

1122 1036 1358 1070 Ναϐουχοδονόσορ
1380 1036 1394 1061 ό
1414 1035 1570 1066 Βαϐυλῶνος
1592 1034 1689 1070 ἄρξας,
1701 1035 1781 1061 ὁπότε
1798 1034 1833 1061 τὰ
1850 1035 1914 1071 ἔθνη

1122 1082 1196 1117 αὐτῷ
1208 1082 1297 1108 πάντα
1312 1082 1352 1112 είς
1367 1081 1552 1116 προσκύνησιν
1563 1078 1597 1116 ἦς
1608 1081 1686 1116 ἔτυχε
1703 1082 1916 1113 κατασκευάσας

1123 1129 1226 1159 εἰκόνος
1239 1127 1396 1163 ὴθροίζετω
1411 1127 1451 1161 τῷ
1469 1126 1496 1153 δὲ
1515 1126 1574 1161 Θεῷ
1585 1126 1666 1152 τοῦτο
1683 1127 1829 1159 πανσόφως
1846 1127 1915 1162 ᾠκο-

1123 1174 1240 1208 νομεῖτο,
1257 1173 1301 1200 ἶνα
1314 1173 1361 1199 καὶ
1378 1173 1394 1208 ἠ
1408 1172 1461 1199 τῶν
1478 1172 1581 1199 παίδων
1596 1172 1682 1207 ἀρετὴ
1696 1173 1763 1198 ώσι
1775 1171 1916 1207 γνώριμος

1124 1220 1256 1254 καταστῇ.
1273 1219 1320 1245 κα)¹
1336 1218 1442 1253 μάθωσι
1470 1218 1582 1250 πάντες,
1599 1218 1640 1244 δτι
1662 1218 1728 1249 Θεὸς
1740 1218 1844 1253 ἀληθὴς
1862 1215 1914 1249 εἷς,

1124 1265 1152 1295 ὃς
1174 1265 1237 1296 τοὺς
1253 1263 1385 1298 οὐρανοὺς
1403 1265 1539 1290 κατοικεῖ·
1557 1264 1631 1299 τρεῖς
1651 1263 1753 1296 παῖδες,
1773 1264 1821 1290 καὶ
1836 1264 1916 1290 αὐτοὶ

1125 1308 1294 1343 αἰχμάλωτοι
1308 1308 1354 1335 καὶ
1369 1308 1418 1342 τὴν
1429 1308 1586 1343 ἐλευθερίαν
1603 1309 1777 1345 ἀφῃρημένοι
1791 1309 1916 1344 inappa-

1127 1355 1254 1381 σιάααντο
1268 1354 1338 1388 πρὸς
1352 1355 1443 1386 αὑτὸν,
1458 1355 1505 1380 καὶ
1523 1355 1632 1381 πάντων
1655 1354 1745 1389 πολλῷ
1760 1355 1814 1381 δέει
1830 1363 1916 1390 προσ-

1126 1401 1288 1433 κυνούντων,
1302 1402 1350 1428 καὶ
1367 1401 1427 1436 μηδ’
1445 1401 1514 1433 ὅλως
1535 1401 1560 1428 εί
1584 1401 1622 1437 μὴ
1637 1401 1778 1428 πείθεσθαι
1796 1401 1918 1436 τολμών-

1126 1456 1190 1480 των,
1216 1448 1284 1474 ἀλλὰ
1315 1447 1408 1482 σχεδὸν
1437 1447 1544 1481 ἁφόνων
1575 1447 1621 1474 [σα
1644 1447 1692 1474 καὶ
1712 1449 1772 1479 ταῖς
1796 1448 1919 1474 κτίσεσιν

1128 1493 1291 1528 ἑλκομένων,
1311 1494 1387 1520 αὐτοὶ
1403 1493 1529 1521 τοσοῦτον
1543 1493 1691 1528 ἀπέχοντες
1713 1493 1760 1520 τοῦ
1780 1493 1814 1520 τὰ
1837 1493 1920 1527 ὅμοια

1128 1539 1183 1569 τοῖς
1207 1538 1297 1570 ἄλλοις
1318 1538 1424 1570 παθεῖν,
1441 1539 1479 1570 ὡς
1496 1539 1557 1574 μηδ’
1571 1539 1750 1570 εὐσεὸοῡντας
1763 1539 1920 1573 ἀγνοεῖσθαι

1130 1584 1282 1619 βούλεσθαι,
1310 1584 1371 1619 μηδ’
1396 1585 1541 1619 ὑπομένειν
1565 1583 1667 1617 λαϐεῖν,
1693 1584 1751 1611 ἀλλ’
1770 1586 1811 1616 εἰς
1834 1585 1920 1620 ἀκοὴν

1129 1630 1239 1656 πάντων
1267 1629 1373 1664 λέγειν·
1393 1629 1466 1662 Τοὺς
1486 1630 1574 1663 θεούς
1596 1638 1655 1657 σου
1674 1631 1710 1657 οὐ
1723 1631 1920 1665 λατρεύομεν,

1129 1675 1178 1702 καὶ
1196 1675 1233 1709 τῇ
1245 1677 1338 1703 εικόνι
1350 1675 1386 1710 τῇ
1401 1675 1512 1710 χρυσῇ,
1525 1675 1566 1709 ἢν
1580 1676 1722 1711 ἕστηκας,
1739 1678 1774 1703 οὑ
1787 1685 1924 1710 προσκυη

1129 1721 1256 1755 νοῦμεν·
1274 1721 1385 1753 τούτους
1404 1722 1444 1753 εἰς
1464 1721 1599 1756 τιμωρίας
1620 1722 1698 1755 λόγον
1720 1722 1767 1748 καὶ
1786 1723 1802 1756 ἡ
1816 1722 1924 1757 φοῦερὰ

1130 1767 1222 1802 ἐκείνη
1248 1767 1443 1803 παραλασοῦσα
1467 1768 1582 1802 κάμινος
1601 1766 1645 1803 ἦν.
1671 1768 1732 1794 οὐδὲ
1749 1768 1799 1803 τὴν
1821 1769 1924 1803 ἑαυτῆς

1130 1814 1273 1848 ἐνέργειαν
1285 1813 1455 1847 ὑπεδείξατο,
1475 1814 1569 1849 ὥσπερ
1581 1814 1609 1840 δὲ
1629 1814 1677 1840 καὶ
1691 1814 1760 1849 αὑτὴ
1777 1814 1924 1848 διευλαὸη-

1132 1859 1207 1887 θεῖσα
1221 1860 1342 1893 τούτους,
1357 1860 1473 1892 ἀπαθεῖς
1484 1861 1578 1887 κακῶν
1594 1859 1748 1894 διεφύλαξε,
1761 1860 1808 1886 καὶ
1822 1861 1924 1892 πάντες

1131 1906 1179 1933 καὶ
1199 1906 1325 1942 βασιλεὺς
1350 1907 1432 1939 αὐτὸς
1455 1908 1500 1934 τὺν
1516 1907 1604 1942 ἀληθῆ
1619 1907 1653 1933 δι’
1668 1907 1781 1933 ἐκείνων
1793 1906 1860 1933 Θεὸν
1875 1908 1925 1933 ἐπ-

1131 1952 1263 1986 έγνωσαν.
1285 1953 1421 1984 Ἐκείνους
1437 1953 1486 1988 οὐχ
1505 1954 1529 1979 οἱ
1547 1954 1576 1979 ἐν
1590 1954 1625 1988 γῇ
1643 1953 1734 1988 μόνον,
1749 1953 1818 1979 ἀλλὰ
1834 1953 1880 1979 καὶ
1895 1953 1925 1979 ἐν

1131 1998 1254 2032 οὐρανοῖς
1273 1999 1349 2033 χοροὶ
1367 1998 1596 2033 κατεπλάγησαν·
1616 1997 1663 2025 καὶ
1682 1997 1737 2033 γὰρ
1754 1998 1793 2029 είς
1805 1998 1855 2028 τὰς
1869 1997 1926 2024 τῶν

1131 2046 1217 2079 ἁγίων
1236 2046 1436 2081 ἀνδραγαθείας
1453 2046 1513 2072 οὐδὲ
1530 2046 1594 2077 τοὺς
1614 2047 1643 2072 ὲν
1657 2047 1782 2081 οὐρανοῖς
1802 2046 1924 2078 ἀπεῖναι,

1131 2092 1199 2119 ἀλλὰ
1221 2093 1373 2128 συμφοιτᾷν
1393 2093 1540 2124 κάκείνοις,
1562 2093 1576 2118 ὁ
1592 2092 1663 2124 θεῖος
1684 2091 1844 2124 ’Λπόστολος
1860 2093 1926 2118 ὑπτ-

1132 2138 1225 2171 φάνει·
1239 2137 1369 2171 Θέατρον
1383 2138 1450 2173 γὰρ,
1464 2138 1556 2172 φησὶν,
1573 2137 1756 2172 ἐγενήθημεν
1768 2137 1818 2164 καὶ
1835 2137 1925 2171 ἀγγέ-

1131 2186 1197 2217 ⁸ιοις
1212 2183 1260 2211 καὶ
1275 2184 1453 2218 ἀνθρώποις.
1473 2185 1565 2220 Ἔχεις
1578 2184 1689 2211 τοιαῦτα
1705 2184 1751 2210 καὶ
1768 2185 1814 2210 ἐπὶ
1832 2184 1926 2210 Ἠλίαν

287 2231 335 2258 bus
348 2233 382 2258 ".
397 2232 477 2259 Potes
489 2236 517 2258 et
531 2232 590 2258 haec
607 2231 634 2258 in
650 2231 707 2258 Elia
721 2231 827 2263 videre,
837 2232 896 2266 qui,
906 2239 978 2259 unus
997 2231 1076 2258 homo

1133 2228 1198 2264 ὸρᾷν
1209 2237 1216 2244 ·
1232 2229 1273 2262 ὃς,
1288 2227 1328 2261 εἷς
1350 2230 1493 2265 ἅνθρωπος
1519 2229 1568 2261 ὢν,
1581 2231 1650 2266 προς
1670 2230 1813 2261 πλείστους
1830 2230 1926 2264 ἴσχυσε

288 2285 353 2305 cum
368 2283 450 2310 esset,
476 2282 572 2304 contra
601 2277 737 2311 plurimos
756 2277 910 2311 pra‘valuit,
932 2284 982 2312 per
996 2277 1081 2304 devo-

288 2324 428 2352 cationem
443 2324 634 2360 ignisecoelo.
662 2323 715 2351 Sed
743 2329 771 2351 et
799 2323 904 2359 Moyses
927 2323 1083 2350 universam

287 2371 435 2406 ngyplum
453 2377 480 2398 et
492 2371 662 2398 Pharaonem
676 2370 756 2405 204
771 2374 915 2406 tyrannum
932 2368 1083 2404 superavit.

289 2419 364 2446 Idem
380 2419 408 2445 in
424 2418 457 2445 iis
470 2426 530 2452 qua:
543 2417 577 2444 de
589 2417 671 2447 Loth.
690 2418 718 2444 in
731 2417 764 2444 iis
774 2425 836 2452 qua:
848 2417 881 2444 de
891 2417 959 2449 Noe,
973 2424 1035 2451 qua:
1051 2415 1084 2443 de

291 2466 384 2493 multis
395 2465 457 2492 aliis
470 2468 627 2496 narrantur,
642 2472 755 2491 cernere
767 2468 820 2496 est,
833 2464 953 2498 quicum
968 2471 1083 2498 appare-

293 2515 355 2538 rent
364 2509 597 2545 contemptibiles,
609 2509 703 2536 multis
717 2508 871 2536 illustribus
886 2514 914 2536 ct
924 2508 1084 2543 potentibus

291 2556 452 2590 superiores
465 2559 623 2583 evaserunt.

331 2601 401 2628 XIX.
414 2601 501 2629 Unius
515 2601 572 2628 fere
587 2601 732 2637 cujusque,
748 2609 816 2635 quas
835 2600 961 2628 videmus
978 2607 1082 2632 rerum,

293 2655 328 2676 ea
344 2647 468 2674 conditio
480 2651 533 2679 est,
551 2651 591 2679 ut,
608 2647 636 2673 ni
651 2646 691 2673 eis
703 2646 850 2673 subveniat
864 2646 961 2672 aliena:
979 2651 1084 2673 natur-.1:

296 2695 440 2728 auxilium,
461 2698 595 2729 quantum
612 2694 639 2720 in
656 2693 724 2729 ipsis
740 2697 793 2723 est.
812 2693 845 2719 ad
860 2693 1029 2727 operaudum
1046 2693 1087 2719 in—

299 2742 380 2768 utiles
405 2740 591 2774 ini‘ormesque
614 2740 817 2774 relinquantur.
845 2738 995 2765 lneﬂ'abilis
1013 2739 1086 2766 enim

299 2786 346 2813 Dei
363 2785 497 2821 sapientia
513 2785 641 2821 mysteria
657 2789 684 2812 et
698 2790 776 2821 typos
788 2793 837 2819 per
857 2793 888 2811 ea
899 2792 960 2819 qua:
975 2784 1004 2812 iu
1018 2793 1083 2812 ocu-

1133 2275 1178 2301 διὰ.
1197 2275 1247 2310 τῆς
1266 2275 1314 2301 τοῦ
1336 2276 1463 2310 οὐρανίου
1488 2277 1572 2312 πυρὸς
1592 2278 1755 2312 καταγωγῆς
1770 2285 1777 2291 ·
1794 2276 1863 2303 ἀλλὰ
1879 2277 1928 2303 καὶ

1134 2321 1255 2356 Μωῡσῆς
1281 2321 1345 2357 ὅλης
1370 2322 1508 2356 Αἰγύπτου
1534 2323 1581 2349 καὶ
1601 2323 1701 2359 Φαραὼ
1721 2322 1768 2349 τοῦ
1792 2323 1928 2357 τυράννου

1136 2367 1319 2401 περιεγένετο,
1331 2367 1417 2394 Τοῦτο
1432 2369 1479 2394 καὶ
1493 2369 1539 2395 ἐπὶ
1552 2368 1625 2402 Λὼτ,
1635 2368 1715 2395 τοῦτο
1729 2369 1777 2395 καὶ
1791 2369 1838 2395 ἐπὶ
1853 2368 1928 2399 Νῶε,

1136 2413 1247 2439 καὶιὲπὶ
1260 2413 1365 2451 πολλῶν
1382 2413 1447 2445 ἴδοις
1464 2414 1565 2450 ἑτέρων
1575 2423 1583 2430 ο
1595 2415 1694 2446 οἵτινες
1715 2414 1755 2450 τῷ
1770 2414 1929 2448 φαινομένῳ

1139 2459 1239 2493 πολλὴν
1255 2459 1392 2487 εὐτέλειαν
1407 2460 1596 2496 ὑπερχόμενοι,
1608 2461 1713 2488 πολλῶν
1727 2461 1860 2495 ἐκράτουν
1875 2462 1930 2488 ἑπι-

1139 2505 1172 2540 σή
1176 2514 1233 2541 μων
1248 2505 1294 2533 καὶ
1308 2506 1436 2533 δυνατῶν.

1173 2598 1223 2626 ΙΘ’.
1250 2599 1374 2635 Ἐκάστῳ
1393 2599 1448 2626 τῶν
1463 2600 1643 2634 φαινομένων,
1664 2599 1697 2634 ἣν
1715 2599 1752 2634 μὴ
1772 2599 1819 2626 καὶ
1835 2599 1931 2635 ἑτέρω

1137 2654 1178 2676 τις
1201 2644 1264 2681 ξένη
1291 2646 1371 2681 φύσις
1396 2646 1465 2682 πρὸς
1490 2646 1617 2682 βοήθειαν
1640 2647 1803 2681 ἐπιγένοιτο,
1820 2647 1850 2673 τὸ
1869 2648 1932 2673 ὅσον

1140 2694 1201 2720 καθ’
1219 2694 1299 2720 ἑαυτὸ
1313 2695 1480 2730 ἀνέργαστον
1495 2697 1552 2722 ἐστι
1569 2695 1617 2722 καὶ
1631 2696 1796 2731 ἀκόσμητον.
1813 2695 1867 2721 Καὶ
1877 2696 1932 2730 γὰρ

1141 2738 1214 2773 ἡτοῦ
1226 2739 1293 2765 Θεοῦ
1308 2740 1446 2774 ἄφραστος
1463 2741 1543 2774 σοφία
1562 2742 1698 2776 μυστήρια
1713 2741 1760 2766 καὶ
1775 2740 1876 2771 τύπους
1889 2741 1934 2767 δε

1138 2786 1191 2812 τῶν
1205 2786 1353 2821 ὁρωμένων
1361 2786 1506 2820 δείκνυσιν,
1521 2787 1616 2822 ὅτιπερ
1633 2787 1649 2822 ἡ
1665 2786 1824 2823 ἀνθρωπίνη
1838 2786 1930 2821 φύσις,

337 2885 358 2902 ι’
376 2885 492 2920 Philipp.
512 2893 550 2917 IIl,
569 2885 614 2912 20.
654 2885 675 2901 ὀ
697 2885 706 2912 I
723 2884 787 2912 Cor.
803 2893 830 2918 ιι,
848 2886 874 2913 9.
914 2886 934 2902 “
952 2886 1020 2915 Dan.
1033 2894 1074 2918 ut,
1093 2887 1135 2914 l8.
1176 2887 1198 2903 "
1215 2885 1303 2914 ICor.
1318 2895 1353 2921 Iv,
1369 2888 1395 2915 9.
