2075 3155
192 165 245 195 925

795 165 911 195 LIBER
930 163 979 194 DE
998 163 1228 195 CHARITATE.

1773 163 1827 196 926

190 221 251 246 καθ’
266 220 366 254 ἑαυτὴν
379 216 458 251 οὖσα,
470 219 519 255 τὴν
532 219 627 254 ἐντελῆ
643 219 697 246 τῶν
711 220 816 255 ἀρετῶν
829 220 980 255 διακόσμη-

1034 219 1072 247 los
1089 219 1249 252 incurrunt,
1265 219 1355 256 iisque
1367 224 1504 248 monstrat
1524 224 1650 247 naturam
1665 220 1826 253 humanam,

193 274 236 292 σιν
250 265 298 292 καὶ
322 265 371 300 τὴν
385 265 572 301 πνευματικὴν
586 265 754 301 εὐπρέπειαν
766 266 816 301 τῆς
825 266 982 302 ἁγιωσύνης

191 311 281 344 ἐκτὸς,
298 312 323 338 ει
333 311 371 347 μὴ
385 312 432 338 καὶ
446 313 495 346 τῆς
513 311 587 344 Θείας
601 312 749 339 ἁπολαύσοι
768 313 869 348 χειρὸς,
885 313 982 340 ἀδύνα-

189 358 235 389 τός
256 358 331 384 ἐστιν
351 358 546 390 ἐπιδείξασθαι.
562 356 624 385 Οἷον
640 360 656 394 ὴ
678 359 725 394 γῆ,
744 359 804 386 καθ’
820 359 919 393 ἑαυτῆς
939 359 984 394 μέε

190 411 283 435 νουσα,
298 404 322 429 εί
337 403 375 438 μὴ
393 404 521 439 μετάσχοι
540 404 589 439 τῆς
604 404 649 431 διὰ
667 404 721 431 τῶν
736 405 864 439 γηπόνων
884 406 983 440 ἐπιμε-

190 449 284 480 λείας,
309 446 369 475 εἷτα
389 449 435 475 καὶ
453 449 503 483 τὴν
521 449 553 476 ἑκ
571 449 625 476 τῶν
640 450 752 486 ὁμόρων
771 451 818 477 καὶ
838 450 886 477 τοῦ
904 450 982 485 ἡλίου

191 494 371 530 καταδέξηται
385 495 540 530 συνεργίαν,
553 495 738 531 ἀνεπιτήδειός
752 497 868 523 ἐστικαὶ
882 497 983 532 ἥκιστα

191 540 304 575 διαρκὴς
331 541 399 575 πρὸς
422 543 616 577 καρπογονίαν.
640 543 695 569 Καὶ
716 541 790 574 οἶκος
811 543 840 569 δὲ
860 544 915 574 πᾶς
935 543 983 570 τοῦ

191 586 303 622 ἡλιακοῦ
319 586 394 612 τοῦδε
407 587 493 614 δεῖται
507 589 606 622 φωτὸς,
620 589 749 623 ὃπερούκ
763 589 821 615 ἔστι
836 589 885 624 τῆς
898 590 984 622 αὐτῆς

191 633 287 668 ἐκείνῳ
304 632 428 666 φύσεως·
449 634 511 660 ἐπεὶ
529 635 642 667 σκότους
659 635 693 662 ἂν
709 636 752 670 εἴη
767 636 983 672 πεπληρωμένος

191 678 239 704 καὶ
259 679 412 714 ἄχρηστος³
433 680 480 706 καὶ
503 679 588 715 ἕτερα
602 680 631 707 δὲ
646 680 751 713 τούτοις
768 682 869 716 ὁμοίως
888 682 984 717 ἔχοντα

191 723 262 758 ὕψει.
275 724 326 750 Τὸν
341 724 421 751 αὑτὸν
439 723 486 752 οὖν
502 727 603 760 τρόπον
620 727 666 752 καὶ
685 727 701 762 ἠ
721 727 880 762 ἀνθρωπίνη
903 727 985 761 φύσις

193 769 339 801 ἀδυνάτως,
347 770 407 796 καθ’
420 771 519 806 ἑαυτὴν
527 772 638 806 σχοῦσα,
646 772 709 803 τοὺς
721 773 845 808 καρποὺς
857 773 911 799 τῶν
922 774 985 809 ἁρε-

191 814 246 841 τῶν
276 814 396 847 τελείους
424 816 588 850 ἀποδιδόναι,
612 818 697 844 δεῖται
723 818 770 845 τοῦ
796 819 984 853 πνευματικοῦ

191 861 311 899 γηπόνῠυ
329 862 383 892 τῶν
404 863 548 898 ἡμετέρων
565 863 670 899 ψυχῶν,
692 864 816 892 τουτέστι
833 865 881 892 τοῦ
898 866 984 892 Πνεύ-

192 919 276 944 ματος
286 910 333 937 τοῦ
343 908 461 946 Χριστοῦ
473 917 485 926 ι
495 910 563 944 ὅπερ
574 910 619 936 καὶ
629 910 694 937 αὐτὸ
703 910 778 943 ξένον
787 912 837 947 τῆς
847 912 983 948 ἡμετέρας

192 955 312 991 ἀτεχνῶς
330 956 437 991 φύσεως
448 965 455 972 ·
471 956 574 992 κτίσμα
589 956 644 992 γὰρ
655 958 735 991 ἡμεῖς
744 978 752 991 ,
767 957 826 984 τόδε
839 958 967 986 ἄκτιστον
977 967 983 974 '

193 1000 236 1027 ἵνα
256 1002 303 1027 καὶ
320 1003 352 1036 τῇ
375 1001 428 1037 ἰδίᾳ
440 1002 521 1038 τέχνῃ
538 1002 701 1038 γεωργῆσαν
716 1002 771 1029 τῶν
786 1004 890 1031 πιστῶν
912 1013 985 1039 φημι

192 1046 241 1078 τὰς
259 1047 382 1082 καρδίας,
397 1047 446 1079 τὰς
460 1047 514 1082 ὅλῳ
524 1047 654 1083 θελήματι
672 1048 772 1080 ἑαυτὰς
782 1048 821 1083 τῷ
833 1057 984 1085 πνευματι-

193 1092 234 1128 κῷ
251 1093 368 1128 γεωργῷ
386 1092 569 1128 παραδούσας,
585 1093 704 1126 τελείους
723 1094 787 1125 τοὺς
802 1096 924 1130 καρποὺς
937 1095 983 1122 τοῦ

194 1138 353 1173 11νιύματος
376 1138 521 1166 ἀποδοῦναι
545 1140 753 1176 παρασκευάσῃ,
781 1139 876 1176 λάμψῃ
898 1149 927 1167 τε
953 1142 984 1168 τὸ

194 1183 289 1210 ἑαυτοῦ
304 1183 362 1217 φῶς
383 1184 413 1210 ἐν
429 1185 463 1219 τῇ
476 1184 659 1220 ὲσκοτισμένῃ
671 1186 726 1217 τοῖς
739 1185 857 1212 πάθεσιν
867 1185 917 1220 τῆς
931 1185 984 1220 ψυ-

193 1230 244 1264 χῆς
260 1228 338 1264 ἡμῶν
348 1229 432 1264 οἰκίᾳ.

229 1273 273 1299 ις’.
287 1272 404 1305 Διπλοῦς
426 1274 486 1301 ἐστι
503 1276 559 1307 τοῖς
575 1275 748 1311 Χριστιανοις
762 1276 777 1302 δ
791 1276 919 1311 πόλεμος,
936 1277 984 1303 καὶ

194 1318 274 1354 διπλῆ
301 1319 319 1354 ἡ
344 1319 435 1354 πάλη·
464 1321 533 1356 πρός
551 1329 582 1347 τε
601 1321 636 1348 τὰ
649 1321 777 1357 ὁρώμενα
796 1322 836 1357 τῷ
851 1323 983 1359 ὀφθαλμῷ

193 1364 297 1400 colitur
316 1365 470 1401 ὑπερετίζει
486 1366 540 1402 γὰρ
555 1367 640 1394 ταῦτα
652 1367 700 1394 καὶ
715 1368 924 1404 διαγαργαλίζει
935 1370 983 1396 καὶ

195 1411 348 1446 παρακαλεῖ
364 1411 414 1446 τὴν
432 1412 522 1448 ψυχὴν
536 1414 724 1449 προσπάσχειν
744 1416 836 1447 αὐτοῖς
857 1415 905 1442 καὶ
920 1425 983 1443 συν-

194 1457 304 1493 ήδεσθαι
314 1465 320 1471 ·
337 1454 397 1484 εἶτα
408 1458 455 1484 καὶ
470 1458 536 1494 πρὸς
549 1459 598 1491 τὰς
608 1459 654 1486 τοῦ
664 1460 750 1487 δεινοῦ
762 1461 983 1498 κοσμοκράτορας

194 1503 282 1537 ἀρχὰς
296 1503 344 1529 καὶ
355 1503 489 1536 ἐξουσίας.

1033 266 1084 293 sibi
1097 266 1222 293 relictam
1235 266 1365 298 soli,esse
1378 267 1587 294 insuilicientcm
1595 266 1629 293 ad
1641 266 1827 294 exhibendum

1033 312 1060 338 in
1082 320 1110 339 se
1124 312 1276 347 perfectum
1298 313 1431 340 virtutum
1455 317 1583 340 ornatum
1609 316 1637 340 et
1655 313 1827 348 spiritualem

1033 358 1222 385 sanctimoniae
1233 357 1372 391 decorem,
1387 358 1442 386 nisi
1454 359 1556 386 divinae
1569 359 1692 402 subsidio
1703 358 1828 393 perfrua-

1034 407 1080 430 tur
1094 411 1204 431 manus.
1215 403 1294 431 Sicut
1314 409 1399 435 terra,
1412 404 1438 431 in
1450 404 1509 431 suis
1520 412 1634 431 manens
1646 404 1827 435 naturalibus.

1033 448 1087 475 nisi
1097 449 1280 484 agricolarum
1298 450 1405 477 artibus
1426 450 1625 485 laboribusque
1639 455 1826 485 praeparetur,

1034 498 1224 529 praetereaque
1233 495 1286 522 nisi
1299 500 1326 522 et
1342 495 1472 522 imbrium
1488 500 1515 522 et
1530 496 1596 522 solis
1611 496 1746 531 benignos
1758 496 1828 523 reci~

1035 539 1093 574 piat
1109 540 1240 572 inﬂuxus,
1260 541 1352 575 inepta
1370 545 1414 568 est
1439 546 1468 568 et
1494 541 1607 568 minimc
1629 542 1766 569 suiliciens
1793 542 1827 569 ad

1034 585 1184 620 gignendos
1199 586 1323 619 fructus;
1341 586 1467 614 similiter
1485 592 1514 614 et
1526 587 1625 614 domus
1638 588 1779 622 quaelibet,
1798 592 1830 615 ut

1038 629 1265 663 liatliabitabilis,
1284 634 1347 665 eget
1361 631 1465 658 lumine
1486 631 1581 663 solari,
1603 631 1704 659 alienae
1731 633 1829 667 utique

1035 675 1070 702 ab
1082 675 1140 710 ipsa
1151 681 1256 703 naturae
1266 684 1274 709 ;
1291 684 1346 711 quo
1356 677 1379 704 si
1389 681 1495 709 careat,
1506 678 1616 713 oppleta
1627 678 1748 706 tenebris
1758 679 1827 705 nulli

1035 721 1071 748 sit
1084 721 1146 748 usui
1160 730 1167 748 :
1185 722 1228 749 his
1241 722 1341 750 similia
1355 723 1440 750 multa
1454 723 1561 751 videbis
1578 732 1585 750 :
1605 724 1639 751 ad
1653 724 1727 751 hunc
1744 724 1830 760 igitur

1035 766 1148 793 modum
1168 769 1288 794 humana
1305 776 1416 803 quoque
1433 773 1532 796 natura
1558 769 1695 804 impotens
1719 776 1769 804 per
1798 777 1829 797 se

1036 810 1124 846 ipsam
1136 815 1180 839 est
1194 812 1228 839 ad
1245 812 1352 840 fructus
1364 814 1499 841 virtutum
1524 815 1663 850 perfectos
1674 815 1814 849 produoen
1823 829 1829 835 -

1036 856 1101 889 dos;
1116 856 1275 892 indigctque
1285 858 1317 884 ad
1335 858 1363 885 id
1377 867 1459 894 opera
1473 860 1624 894 spiritualis
1634 861 1759 895 agricola:
1770 859 1830 886 ani-

1039 910 1145 929 marum
1166 907 1336 936 nostrarum,
1351 904 1399 939 qui
1411 909 1453 931 est
1468 905 1589 940 Spiritus
1601 905 1715 937 Christi,
1731 907 1829 934 alienae

1035 947 1159 982 profecto
1174 955 1189 975 a
1209 953 1303 976 nostra
1319 954 1434 980 naturae.
1459 958 1522 977 cum
1538 959 1590 978 nos
1610 956 1753 984 creaturas,
1770 953 1828 987 ipse

1036 993 1178 1021 increatus
1191 994 1244 1027 sit;
1260 998 1290 1022 ut
1301 995 1462 1023 excolendis
1472 1000 1530 1023 arte
1544 996 1598 1023 sibi
1621 997 1732 1032 propria
1758 997 1828 1025 lide-

1034 1037 1102 1066 lium
1122 1039 1254 1067 cordibus
1266 1061 1274 1074 ,
1297 1041 1342 1073 iis,
1358 1041 1481 1076 inquam,
1499 1050 1559 1076 qua:
1572 1050 1601 1069 se
1616 1046 1672 1069 tota
1687 1043 1832 1071 voluntate

1033 1085 1170 1119 spirituali
1181 1085 1279 1113 colono
1292 1086 1427 1120 praebent,
1444 1086 1545 1114 eﬂiciat
1565 1095 1599 1115 ea
1620 1087 1722 1115 feracia
1739 1089 1829 1124 perfe-

1034 1135 1141 1158 ctorum
1153 1131 1277 1166 Spiritus
1285 1131 1427 1159 fructuum
1441 1141 1448 1165 ;
1465 1139 1493 1160 et
1506 1133 1600 1160 lumen
1615 1134 1675 1168 ejus
1684 1134 1831 1168 splendeat.

1034 1177 1062 1204 in
1091 1177 1273 1205 obtencbrata
1287 1178 1545 1213 perturbationibus
1562 1180 1712 1208 atl'ectuum
1729 1181 1830 1209 anima

1034 1228 1134 1250 nostra:
1149 1223 1242 1251 domo.
1634 1262 1639 1266 _

1070 1270 1129 1298 XX.
1153 1271 1258 1306 Duplex
1283 1271 1450 1300 Christianis
1473 1277 1516 1300 est
1545 1273 1648 1300 bellum
1668 1277 1697 1301 et
1723 1273 1827 1310 duplex

1033 1315 1118 1343 lucta.
1136 1316 1204 1343 Nam
1218 1321 1247 1344 et
1257 1325 1289 1345 ea
1299 1325 1360 1352 quae
1380 1325 1410 1345 se
1426 1318 1555 1352 corporis
1570 1319 1660 1346 oculis
1678 1319 1826 1355 objiciunt,

1034 1361 1162 1394 invitant,
1180 1362 1319 1390 titillando
1341 1363 1452 1391 irritant
1466 1369 1494 1392 et
1520 1370 1673 1400 provocant
1695 1366 1826 1398 animam,

1033 1408 1068 1435 ad
1085 1415 1115 1434 se
1129 1409 1229 1436 alTectu
1241 1409 1461 1443 complectenda,
1479 1414 1507 1437 et
1526 1410 1560 1437 ad
1582 1411 1682 1438 oblatis
1702 1419 1752 1446 per
1768 1411 1827 1446 ipsa

1033 1455 1221 1490 voluptatibus
1227 1455 1387 1489 fruendum;
1399 1456 1528 1491 ultraque
1537 1457 1606 1489 haec,
1614 1457 1747 1486 adversus
1755 1459 1829 1486 acris

1037 1501 1171 1536 principis
1189 1502 1284 1528 mundi
1300 1502 1470 1537 principatus
1483 1507 1511 1529 et
1526 1507 1685 1537 potestates.

230 1547 296 1575 KA'.
319 1548 351 1574 Ἦ
364 1547 426 1581 δόξα
439 1549 572 1582 Μωσέως,
584 1550 617 1586 ἢν
631 1550 677 1577 ἐπὶ
692 1550 739 1578 τοῦ
756 1551 902 1586 προσώπου
914 1551 981 1588 εἶχε,

1070 1547 1246 1575 XXI.Gloria
1258 1548 1340 1576 Mosis
1357 1556 1438 1583 quam
1460 1548 1488 1576 in
1506 1549 1575 1576 facie
1605 1549 1702 1577 habuit
1725 1551 1759 1582 ’³,
1786 1554 1828 1586 ty-

194 1593 278 1625 τύτιος
303 1594 354 1628 τῆς
377 1594 493 1630 ἀληθοῦς
514 1595 593 1631 δόξης
608 1596 655 1623 τοῦ
671 1597 804 1632 παναγίου
825 1597 984 1634 Πνεύματος

194 1636 228 1674 ἦν
239 1648 245 1654 ·
258 1639 287 1665 δν
299 1640 352 1674 γὰρ
364 1640 464 1675 τρόπον
476 1641 534 1667 ἐκεῖ
546 1643 598 1673 πᾶς
611 1643 685 1675 ὅστις
702 1643 825 1670 ἀτενίσαι
840 1644 982 1676 ἀδύνατος.

195 1684 273 1711 οὕτω
287 1684 334 1711 καὶ
348 1686 394 1712 νῦν
407 1685 509 1722 ταύτην
518 1687 568 1723 τὴν
582 1688 673 1722 δόξαν,
688 1689 738 1724 τὴν
752 1689 841 1725 ψυχὴν
853 1691 983 1725 Χριστια-

195 1730 243 1766 νὴν
264 1731 481 1767 ὲπιλάμπουσαν,
506 1732 536 1759 τὸ
549 1733 603 1760 τῶν
618 1734 712 1761 παθῶν
733 1735 828 1767 σκότος
849 1736 898 1770 οὐχ
916 1737 983 1763 ὑπο-

197 1777 289 1813 μένει·
313 1778 370 1805 ἀλλ’
390 1779 442 1805 ὑπὸ
465 1779 516 1814 τῆς
533 1780 621 1815 αὐγῆς
642 1781 744 1817 ταύτης
765 1782 983 1818 ἁποδιωκόμενον

196 1825 336 1858 φεύγεται.

232 1869 295 1897 ΚΒ¹.
311 1870 356 1906 Τῷ
375 1871 517 1907 φιλαλήθει
537 1872 584 1898 καὶ
598 1871 714 1907 φιλοθέῳ
736 1873 783 1899 καὶ
797 1873 847 1908 τῆς
863 1874 983 1910 ἐπουρα-

196 1914 251 1942 νίου
267 1915 434 1950 γλυκύτητος
451 1917 623 1952 γευσαμένῳ,
638 1916 758 1952 ἔμφυτόν
774 1925 804 1943 τε
819 1917 867 1944 καὶ
882 1926 982 1953 κεκρα-

198 1961 282 1997 μένην
301 1962 330 1988 ὲν
353 1964 385 1997 τῇ
406 1962 480 1998 ψυχῇ
496 1962 658 1998 κεκτημένῳ
675 1963 725 1997 τὴν
741 1964 831 1999 χάριν,
853 1965 899 1990 καὶ
915 1965 983 1996 ὅλως

196 2008 290 2034 ἑαυτὸν
324 2009 380 2040 τοῖς
408 2008 542 2044 Θελήμασι
571 2010 621 2044 τῆς
650 2009 762 2045 χάριτος
793 2010 981 2046 ὲπιτρέψαντι,

196 2054 285 2081 πάντα
309 2054 356 2080 τοῦ
375 2054 473 2086 αἰῶνος
487 2054 564 2082 τοῦδε
582 2055 626 2082 διὰ
649 2056 745 2090 μίσους
757 2056 828 2082 ἐστί·
849 2057 983 2093 κρείττων

195 2100 250 2135 γὰρ
277 2097 354 2132 οὗτος
376 2100 430 2127 τῶν
455 2100 503 2127 τοῦ
530 2101 633 2136 κόσμου
651 2102 771 2137 κατέστη
788 2103 915 2130 πάντων·
931 2103 982 2130 κᾶν

196 2147 295 2182 χρυσὸν
310 2147 400 2182 εῐπῃς,
426 2146 478 2173 κᾶν
505 2147 637 2183 ἄργυρον,
659 2147 712 2174 κᾶν
728 2148 811 2183 τιμὰς
830 2149 877 2176 καὶ
893 2149 981 2182 δόξας,

196 2192 246 2219 κᾶν
270 2193 462 2228 μακαρισμοὺς
478 2193 525 2220 καὶ
540 2193 684 2225 ἐπαίνους·
702 2195 747 2220 ὑπ’
762 2194 866 2226 οὐδενὸς
882 2195 981 2222 ἁλῶναι

195 2237 249 2264 τῶν
263 2237 391 2264 τοιούτων
407 2237 517 2264 δύναται
532 2246 538 2252 ·
551 2238 645 2264 καθότι
657 2238 770 2265 πλούτου
784 2238 865 2266 ἄλλου
879 2240 926 2266 καὶ
939 2249 981 2267 τι-

198 2285 251 2320 μῆς
264 2285 358 2321 ἄλλης,
375 2285 471 2320 ἐτέρας
491 2285 520 2311 δὲ
536 2285 614 2321 δόξης
631 2287 670 2318 είς
684 2289 780 2322 πεῖραν
796 2289 919 2322 ἀφῖκται.
934 2290 981 2316 καὶ

197 2335 276 2370 ἡδονῇ
295 2334 426 2369 ἀφθάρτῳ
448 2334 576 2368 τρέφεται
593 2333 642 2368 τὴν
664 2334 764 2369 ψυχὴν,
783 2335 831 2361 καὶ
855 2335 981 2371 αἴσθησιν

198 2380 254 2414 ἕχει
277 2380 325 2406 καὶ
341 2380 528 2415 πληροφορίαν
542 2380 632 2406 πᾶσαν
647 2380 690 2407 διὰ
707 2379 758 2416 τῆς
773 2381 915 2413 κοινωνίας
934 2382 980 2408 τοῦ

198 2426 218 2451 Il
223 2425 267 2451 νεύ
271 2433 365 2460 ματος.
380 2445 381 2449 η

232 2471 296 2497 Kl".
319 2467 413 2502 Οὗτος,
440 2470 526 2505 ὁπόση
551 2470 590 2506 τῷ
612 2471 714 2506 λογικῷ
735 2471 845 2507 ποιμένι
868 2471 983 2507 διαφορὰ

197 2516 264 2552 πρὸς
277 2516 311 2542 τὰ
322 2515 405 2549 ἄλογα
423 2515 579 2551 Θρέμματα,
596 2516 722 2543 τοσοῦτον
733 2518 762 2543 ἐν
775 2517 880 2544 συνέσει
896 2527 925 2544 τε
937 2519 983 2545 καὶ

195 2562 295 2596 γνώσει
311 2562 358 2588 καὶ
371 2561 517 2597 διακρίσει,
529 2561 583 2588 τῶν
599 2562 750 2597 ἀνθρώπων
759 2562 895 2599 διαφέρων
908 2564 966 2591 ἐστί
975 2573 982 2580 ·

196 2609 243 2634 καὶ
251 2607 304 2642 γὰρ
312 2607 392 2634 ἄλλου
402 2607 471 2633 Πνεύ
476 2607 624 2642 ματος,καὶ
631 2607 710 2635 ἄλλου
719 2607 788 2640 νοὸς,
796 2607 878 2643 ἄλλης
885 2617 914 2635 τε
924 2617 985 2636 συν-

197 2655 278 2685 έσεως
293 2655 339 2681 καὶ
352 2653 448 2688 σοφίας
459 2653 535 2687 παρὰ
541 2653 591 2687 τὴν
597 2652 643 2679 τοῦ
656 2653 759 2688 κόσμου
769 2653 864 2680 τούτου
876 2655 985 2691 μετέχει

199 2699 293 2733 σοφίαν
303 2707 310 2714 ·
326 2700 441 2733 Σοφίαν
465 2699 531 2734 γὰρ,
545 2699 623 2734 φησὶ,
642 2698 797 2732 λαλοῦμεν
812 2698 847 2725 ἐν
857 2699 919 2733 τοῖς
940 2709 986 2727 τε·

200 2747 292 2780 λείοις
300 2754 307 2761 ο
320 2749 432 2782 σοφίαν
440 2745 473 2772 δὲ
485 2746 520 2772 οὐ
532 2745 584 2772 τοῦ
595 2745 701 2777 αἰῶνος
715 2745 833 2777 τούτου,
846 2746 917 2773 οὐδὲ
924 2747 984 2773 τῶν

200 2794 352 2827 ἀρχόντων
376 2793 431 2819 τοῦ
453 2791 559 2825 αῖῶνος
577 2792 685 2819 τούτου
703 2791 762 2818 τῶν
783 2793 983 2828 καταργουμέ-

237 2887 258 2901 ¹⁵
273 2885 357 2912 Exod.
374 2894 462 2919 xxxiv,
475 2888 518 2914 30.
556 2888 578 2904 “
595 2887 617 2914 ιι
635 2886 697 2914 Cor.
712 2895 749 2920 ιιι,
763 2887 788 2914 7.

1035 1602 1087 1629 pus
1101 1601 1173 1621 verae
1189 1594 1283 1630 gloriae
1303 1594 1473 1622 sanctissimi
1494 1595 1616 1630 Spiritus
1636 1599 1713 1629 erat;
1731 1603 1830 1631 quem-

1034 1639 1183 1667 admodum
1201 1641 1276 1667 enim
1303 1639 1360 1667 illic
1383 1648 1464 1668 nemo
1479 1645 1587 1676 poterat
1602 1641 1747 1669 intendere
1759 1649 1828 1669 ocu-

1034 1686 1076 1713 los
1099 1687 1126 1712 in
1151 1685 1233 1713 Mosis
1254 1685 1351 1713 faciem
1369 1686 1403 1719 ",
1428 1686 1469 1714 sic
1492 1690 1521 1714 et
1546 1694 1621 1714 nunc
1647 1687 1829 1722 resplenden-

1035 1736 1090 1758 tem
1102 1731 1130 1758 in
1147 1731 1239 1758 anima
1253 1731 1408 1759 Christiana
1424 1732 1560 1767 ejusmodi
1579 1732 1692 1767 gloriam
1707 1733 1832 1761 tenebrat

1034 1778 1185 1805 affectuum
1197 1785 1254 1804 non
1267 1777 1420 1804 sustinent:
1433 1777 1481 1805 sed
1494 1778 1529 1805 ab
1543 1778 1591 1805 illo
1603 1778 1706 1805 abacta:
1720 1779 1833 1814 fulgore-

1035 1823 1194 1858 diﬂ'ugiunt.
1494 1838 1520 1866 ι

1070 1869 1153 1896 XXII.
1168 1870 1199 1897 Ei
1215 1869 1263 1904 qui
1276 1869 1422 1896 veritatem
1445 1873 1474 1897 et
1499 1870 1586 1897 Deum
1614 1874 1700 1903 amat,
1721 1870 1830 1905 quique

1033 1916 1176 1943 caelestem
1189 1915 1363 1942 dulcedinem
1383 1915 1514 1950 gustavit,
1538 1919 1566 1942 et
1581 1915 1695 1942 insitam
1712 1923 1829 1943 concre-

1035 1966 1146 1996 tamque
1163 1961 1274 1996 penitus
1289 1960 1386 1988 anima?
1402 1960 1525 1995 possidet
1541 1960 1667 1995 gratiam,
1684 1965 1831 1996 totumque

1034 2015 1063 2035 se
1086 2007 1209 2035 arbitriis
1235 2007 1330 2042 gratiae
1352 2006 1488 2041 permisit,
1503 2006 1595 2034 omnia
1621 2006 1714 2033 saeculi
1744 2006 1832 2042 hujus

1033 2061 1118 2081 exosa
1138 2057 1214 2080 sunt.
1227 2053 1406 2081 Pratstantior
1426 2052 1527 2088 quippe
1545 2052 1590 2080 hic
1607 2057 1635 2080 et
1645 2054 1773 2087 superior
1797 2058 1826 2080 et

1033 2101 1245 2136 quibuscunque
1270 2099 1366 2126 mundi
1384 2099 1485 2131 rebus,
1517 2098 1575 2125 sive
1595 2106 1694 2126 aurum
1710 2098 1823 2132 dixeris,

1033 2147 1091 2175 sive
1116 2151 1276 2182 argentum;
1295 2146 1353 2173 sive
1380 2145 1502 2172 lionorcs
1528 2149 1556 2173 et
1579 2145 1738 2181 dignitates,
1767 2147 1825 2174 sive

1034 2193 1287 2228 congratulationcs
1325 2196 1353 2220 et
1382 2191 1496 2224 laudes;
1525 2191 1600 2218 nullo
1633 2192 1732 2219 talium
1764 2191 1831 2227 capi.

1034 2244 1136 2275 potest.
1150 2239 1281 2274 quoniam
1298 2238 1413 2266 aliarum
1429 2238 1509 2273 longe
1523 2238 1693 2271 divitiarum,
1711 2239 1833 2266 alterius.

1033 2286 1239 2314 excellentioris
1268 2284 1410 2320 dignitatis
1440 2289 1549 2319 gustum
1579 2284 1747 2319 experiendo
1763 2291 1831 2319 per-

1033 2333 1117 2368 cepit,
1130 2337 1158 2360 et
1169 2332 1308 2366 voluptate
1331 2330 1533 2365 incorruptibili
1551 2331 1641 2356 anima
1653 2330 1712 2364 ejus
1726 2330 1822 2363 alitur;

1033 2385 1172 2412 sensuque
1200 2376 1297 2403 intimo
1319 2382 1352 2402 ac
1377 2375 1550 2409 possessione
1570 2374 1650 2401 beata
1672 2374 1829 2401 communi—

1036 2425 1106 2452 catis
1119 2424 1153 2450 ab
1171 2421 1343 2450 inhabitantc
1368 2421 1420 2455 ipsi
1440 2420 1545 2455 Spiritu
1566 2419 1668 2446 fruitur
1684 2419 1775 2446 bonis.

1071 2469 1167 2497 XXIII.
1180 2469 1268 2504 Hujus
1285 2472 1358 2496 tanta
1373 2471 1415 2494 est
1441 2473 1525 2500 supra
1550 2466 1678 2500 vulgares
1700 2465 1832 2492 homines.

1036 2515 1210 2547 excellentia,
1225 2518 1360 2549 quantum
1379 2513 1484 2540 ratione
1499 2511 1630 2546 przeditus
1645 2515 1740 2546 pastor
1754 2511 1826 2538 emi-

1037 2567 1086 2590 net
1100 2570 1183 2597 supra
1198 2561 1295 2588 brutas
1313 2559 1452 2595 pecudes;
1472 2562 1586 2590 tantum,
1613 2557 1735 2592 inquam,
1750 2557 1828 2584 auti-

1038 2612 1093 2634 stat
1108 2606 1267 2633 mortalium
1282 2604 1389 2631 caeteris
1403 2603 1547 2638 sapientia.
1570 2602 1694 2635 scientia,
1718 2602 1829 2630 discre—

1040 2653 1124 2684 tione,
1138 2652 1240 2686 quippe
1259 2650 1306 2686 qui
1323 2650 1406 2677 alium
1430 2648 1574 2683 Spiritum,
1591 2648 1671 2675 aliam
1689 2654 1829 2681 mentem,

1039 2699 1120 2726 aliam
1132 2697 1306 2733 prudentiam
1329 2703 1361 2723 ac
1386 2694 1560 2730 sapientiam,
1577 2701 1659 2728 quam
1678 2692 1831 2728 prudentia

1040 2744 1135 2771 mundi
1152 2747 1205 2773 est.
1225 2742 1357 2777 possidet.
1374 2740 1539 2776 Sapientiam
1562 2739 1648 2772 enim,
1663 2738 1771 2773 inquit,
1787 2738 1830 2766 lc»

1037 2791 1142 2826 quimur
1150 2788 1229 2824 205
1237 2789 1304 2815 inter
1311 2787 1447 2823 perfectos,
1454 2786 1611 2821 sapientium
1619 2793 1678 2812 vera
1687 2793 1737 2812 non
1744 2785 1833 2821 Ιιιιλιια
