2075 3155
252 168 303 200 927

866 161 899 191 S.
918 158 1079 191 MACARII
1100 157 1263 189 EGYPTII

1822 155 1878 189 9‘28

251 225 352 258 urat-ull;
361 232 445 259 neque
453 223 601 259 principum
612 220 690 256 hujus
700 218 799 249 saeculi.
807 218 852 254 qui
857 218 1041 247 destruantur,

1101 222 1168 241 νων·
1185 214 1266 242 ἀλλὰ
1276 214 1430 249 λαλοῦμεν
1442 214 1556 249 σοφίαν
1570 213 1654 245 Θεοῦ,
1668 213 1703 240 ἐν
1711 217 1876 249 μυστηρίῳ.

252 272 297 299 sed
309 270 442 306 loquimur
455 268 503 296 Dei
515 267 671 302 sapientiam
686 265 714 292 iu
729 264 852 300 mysterio
868 263 902 289 ’⁵.
923 263 1040 297 Propter

254 318 312 344 haec
325 316 432 343 cunctis
442 313 610 344 hominibus,
618 310 712 338 mundi
724 309 851 344 spiritum
861 308 1039 339 habentibus,

255 363 295 391 uti
310 363 414 389 dictum
429 364 482 403 est,
493 367 543 386 seu
558 357 720 393 prudentiae.
742 364 791 383 seu
807 355 949 390 sapientia:
964 361 1040 381 com-

255 408 408 444 paratione,
426 399 471 433 ille
494 413 510 431 a
525 404 606 431 nobis
623 403 778 436 descriptus
803 401 937 428 immenso
957 399 1042 426 inter-

255 454 326 480 vallo
353 450 557 487 supereminet;
585 448 720 484 siquidem
750 447 796 474 hic
824 454 912 473 omnes
926 445 1041 472 homines

254 499 382 534 dijudicat
400 498 433 530 ",
451 496 602 525 secundum
630 494 704 529 quod
720 493 851 527 scriptum
874 496 935 519 est:
959 490 1042 526 spiri-

255 544 347 576 tualis,
373 543 497 578 inquam,
521 541 662 576 cognoscit
688 545 922 574 unumquemque,
939 537 1044 564 discer-

257 599 326 618 nens
346 589 418 616 unde
446 589 584 622 loquatur,
607 586 654 613 ubi
667 590 730 618 stet,
752 585 779 612 in
794 584 895 619 quibus
905 587 1042 610 versetur.

256 637 348 672 Ipsum
381 640 473 664 autem
507 634 629 662 vicissim
662 631 841 667 dignoscendi
867 634 916 658 aut
943 629 1044 664 dijudi-

256 683 348 715 candi.
365 681 469 710 nemini
486 681 613 716 spiritum
630 679 726 706 mundi
742 677 903 705 habentium
927 676 1043 704 facultas

257 734 318 761 est;
335 729 388 756 nisi
404 727 450 762 qui
468 726 573 762 pariter
596 733 659 753 cum
671 732 705 752 eo
720 723 873 751 divinitatis
885 722 1045 757 impertitus

258 774 362 810 Spiritu
379 773 481 800 fuerit:
508 776 539 799 ut
564 771 603 798 ait
626 771 660 798 de
687 770 790 798 talibus
807 771 923 804 loquens
935 768 1045 796 divinus

256 819 422 854 Apostolus:
449 816 638 852 Spiritualibus
659 815 814 851 spiritualia
838 819 1044 850 comparantes;

257 864 381 892 animalis
399 868 487 891 autem
499 865 575 890 homo
590 871 642 890 non
659 862 768 896 percipit
783 869 841 896 qum
855 864 916 888 sunt
931 859 1045 895 Spiritus

257 912 314 939 Dei.
333 910 453 938 Stultitia
467 911 536 936 enim
549 913 586 936 est
598 908 638 936 illi
652 916 661 940 ,'
678 907 825 942 spiritualis
845 910 933 933 autem
941 905 1045 940 judicat

257 958 357 988 omnia,
376 961 400 983 et
417 957 472 991 ipse
484 963 499 981 a
513 955 616 981 nemine
631 953 770 989 judicatur
783 952 815 978 ".

293 1002 389 1029 XXIV.
408 1001 468 1028 Non
491 1000 571 1027 aliter
590 999 719 1033 cuiquam
746 996 907 1032 contingere
931 994 1047 1023 sanctis-

258 1048 320 1075 simi
346 1048 428 1082 hujus
452 1045 572 1080 Spiritus
596 1043 770 1079 participatio
795 1046 896 1077 potest,
917 1047 998 1076 quam
1024 1040 1046 1067 si

259 1095 339 1130 plane
354 1092 514 1128 peregrinus
526 1091 614 1118 factus
633 1090 699 1117 huic
713 1089 823 1120 sarculo,
845 1091 934 1114 totum
951 1094 980 1114 se
997 1085 1046 1112 ad—

258 1140 333 1167 dicat
349 1137 520 1173 inquisitioni
536 1135 679 1164 cbaritatis
693 1134 813 1166 Christi;
845 1132 881 1160 ita
906 1136 937 1159 ut
961 1131 1049 1158 omni-

259 1185 312 1212 bus
331 1191 392 1218 qna:
408 1183 482 1210 circa
501 1180 643 1208 materiam
665 1183 821 1209 versantur.
844 1177 920 1205 curis
942 1177 1049 1204 solutus

259 1231 379 1261 animus,
396 1228 443 1255 uni
458 1227 524 1254 huic
540 1224 713 1260 assequendo
735 1231 819 1258 scopo
836 1226 924 1254 vacet,
940 1229 995 1256 quo
1009 1221 1050 1248 sic

259 1274 359 1309 dignus
375 1271 421 1299 ﬁat
434 1271 462 1298 in
477 1278 561 1297 unum
582 1277 645 1296 cum
667 1267 778 1295 Christo
801 1267 955 1294 coalescere
970 1265 1050 1299 spiri-

260 1325 329 1351 tum,
347 1323 378 1345 ut
393 1318 431 1345 ait
453 1316 619 1351 Apostolus:
641 1313 692 1346 Qui
704 1313 820 1340 adliceret
845 1312 970 1343 Domino,
982 1319 1049 1337 unus

259 1366 369 1401 spiritus
394 1363 471 1390 est".
492 1362 596 1389 Animae
623 1367 688 1388 vero
714 1367 775 1394 qua:
792 1358 906 1385 omnino
932 1357 1050 1391 cuipiam

261 1419 354 1439 rerum
368 1410 450 1444 hujus
465 1407 557 1436 saeculi
574 1405 662 1434 defixa
685 1410 738 1437 est,
759 1408 806 1432 aut
825 1403 853 1430 in
875 1411 935 1430 eam
951 1402 1050 1429 all‘ectu

262 1457 356 1491 aliquo
379 1453 551 1490 propendet;
569 1456 634 1487 puta
656 1451 772 1482 divitiis,
793 1450 897 1485 gloriae,
915 1452 962 1476 aut
984 1447 1052 1474 ami-

262 1501 334 1528 citiae
353 1498 508 1529 mundanae.
525 1504 580 1524 non
603 1496 656 1523 erit
679 1495 810 1530 possibile
835 1494 929 1528 fugere
952 1498 980 1520 et
996 1496 1051 1519 tra-

1090 260 1139 287 Διὰ
1154 260 1242 287 ταῦτα
1253 260 1300 287 καὶ
1317 260 1425 287 πάντων
1437 259 1492 287 τῶν
1502 259 1655 295 ἀνθρώπιον
1669 261 1700 286 τὸ
1715 259 1764 287 τοῦ
1775 261 1879 295 κόσμου

1091 306 1199 341 πνεῦμα
1226 306 1354 341 ἑχόντων,
1380 305 1505 341 καθάπερ
1527 305 1645 340 είρηται,
1667 306 1722 332 εἴτε
1741 305 1879 341 φρονίμων

1090 352 1144 378 εἴτε
1172 352 1273 387 σοφῶν,
1301 352 1316 378 ὁ
1341 351 1443 378 τοιόσδε
1469 352 1525 383 τοῖς
1549 351 1620 383 ὅλοις
1648 351 1804 386 διενήνοχε·
1834 352 1880 379 καὶ

1091 395 1208 429 πάντας
1233 395 1292 431 μὲν
1307 395 1483 430 ἀνθρώπους
1507 395 1673 430 ἀνακρίνει,
1694 397 1766 423 κατὰ
1787 396 1818 423 τὸ
1834 405 1882 431 γε-

1092 441 1262 476 γραμμένον.
1290 440 1320 467 '0
1339 441 1460 472 τοιοῦτος
1479 441 1608 475 γινώσκει
1622 450 1653 468 τε
1665 441 1780 468 ἕκαστον
1798 442 1881 468 πόθεν

1091 494 1120 512 τε
1138 486 1223 520 λέγει,
1244 485 1291 513 καὶ
1304 485 1354 512 ποῦ
1369 487 1479 522 ἔστηκε,
1499 487 1528 513 ὲν
1543 486 1629 518 ποίοις
1646 487 1737 513 ἐστίν·
1757 487 1882 514 αὒτδνῑδ

1092 531 1181 558 οὐδενὶ
1199 531 1253 558 τῶν
1269 531 1386 566 ἑχόντων
1400 531 1430 558 τὸ
1446 531 1493 558 τοῦ
1513 532 1616 567 κόσμου
1631 532 1741 568 πνεῦμα
1754 532 1883 567 διαγινώ-

1094 585 1169 604 σκειν
1183 585 1213 604 τε
1229 578 1276 604 καὶ
1289 577 1445 612 ἀνακρίνειν
1461 577 1589 612 δύναμις·
1602 578 1644 605 ὃτι
1657 579 1695 614 μὴ
1707 579 1803 614 ἐκείνῳ
1815 575 1838 613 ᾧ
1851 579 1884 605 τὺ

1092 621 1186 657 ὅμοιόν
1208 623 1267 649 ιστι
1289 623 1338 657 τῆς
1364 622 1491 658 θεότητος
1511 623 1629 658 πνεῦμα,
1649 624 1720 650 κατὰ
1743 624 1789 650 τὸν
1809 623 1883 650 θετον

1101 669 1281 695 Ἀπόστολον·
1308 668 1526 703 Πνευματικοῖς
1545 669 1731 704 πνευματικὰ
1759 670 1881 704 συγκρί-

1094 720 1216 747 νοντες·
1232 716 1361 749 ψυχικὸς
1374 714 1407 740 δὲ
1424 714 1579 748 ἅνθρωπος
1594 716 1630 742 οὺ
1646 715 1763 749 δέχεται
1778 715 1815 742 τὰ
1829 715 1885 742 τοῦ

1094 760 1267 795 Πνεύματος
1278 760 1331 787 τοῦ
1344 760 1434 786 Θεοῦο
1447 760 1542 794 μωρία
1553 759 1608 794 γάρ
1621 760 1686 787 ἐστι
1698 761 1807 792 τούτῳ*
1820 761 1837 786 ό
1850 759 1886 786 δὲ

1095 805 1296 839 πνευματικὸς
1306 805 1461 839 ἀνακρίνει
1472 804 1531 839 μὲν
1540 804 1648 838 πάντα,
1663 805 1755 838 αὐτὸς
1771 804 1822 831 ὑπ’
1834 805 1887 831 οὐ-

1096 850 1183 884 der-dc
1196 850 1395 885 ἀνακρίνεται.

1131 985 1195 1014 ΚΔ’.
1221 987 1275 1014 Τοῦ
1306 987 1441 1022 παναγίου
1466 987 1495 1015 δέ
1520 996 1588 1023 φησι
1609 988 1704 1014 τούτον
1728 986 1889 1021 Πνιύματος

1098 1034 1241 1069 ἀμήχανον
1257 1033 1346 1065 ἄλλως
1362 1035 1466 1069 τυχεῖν,
1481 1033 1506 1060 ει
1532 1033 1569 1068 μὴ
1583 1032 1693 1059 πάντων
1713 1041 1755 1063 τις
1769 1032 1824 1058 τῶν
1839 1031 1888 1058 τοῦ

1098 1079 1197 1110 αἰῶνος
1217 1080 1314 1106 τούτου
1336 1079 1410 1111 ξένος
1431 1079 1587 1114 γενόμενος,
1611 1078 1678 1114 πρὸς
1697 1078 1747 1112 τὴν
1774 1077 1889 1112 ζήτησιν

1098 1124 1148 1159 τῆς
1172 1124 1219 1150 τοῦ
1249 1124 1369 1159 Χριστοῦ
1394 1124 1506 1159 ἀγάπης
1531 1123 1627 1150 ἑαυτὸν
1653 1122 1824 1154 ἀποτάξειεν,
1844 1121 1889 1148 τνα

1100 1170 1195 1196 πασῶν
1211 1169 1265 1196 τῶν
1285 1169 1356 1196 κατὰ
1371 1169 1420 1204 τὴν
1432 1169 1498 1204 ὕλην
1515 1169 1655 1204 μεριμνῶν
1670 1168 1776 1199 ἀνεθεὶς
1789 1167 1803 1193 6
1813 1167 1888 1200 νοῦς,

1100 1215 1164 1249 περὶ
1179 1215 1225 1241 τὸν
1237 1214 1286 1240 ἕνα
1297 1214 1393 1241 τοῦτον
1409 1214 1512 1241 σκοπὸν
1526 1213 1715 1249 ἀπασχολῆται
1731 1213 1824 1248 μόνον·
1841 1213 1889 1239 καὶ

1100 1261 1171 1288 οὓτω
1180 1261 1363 1296 καταξιωθείη
1384 1261 1453 1296 μετὰ
1465 1260 1584 1296 Χριστοῦ
1610 1260 1649 1291 εἰς
1664 1260 1693 1286 ἓν
1710 1259 1820 1294 πνεῦμα
1840 1266 1890 1292 γε-

1101 1307 1203 1339 νέσθαι,
1218 1307 1256 1338 ὥς
1270 1315 1352 1342 φησιν
1364 1307 1378 1333 ὁ
1400 1306 1561 1338 Ἀπόοτολος
1571 1314 1580 1322 ·
1604 1306 1636 1333 '0
1647 1305 1838 1339 κολλώμενος
1848 1303 1890 1336 τῷ

1101 1353 1207 1386 Κυρίῳ,
1223 1353 1310 1379 ἔσται
1323 1353 1367 1384 εις
1377 1351 1412 1378 ἓν
1428 1352 1556 1386 πνεῦμα.
1571 1352 1652 1387 Ψυχῇ
1663 1351 1691 1377 δὲ
1705 1352 1737 1386 τῇ
1756 1351 1824 1382 ὅλως
1834 1350 1890 1377 τινὶ

1101 1397 1156 1424 τῶν
1170 1397 1218 1425 τοῦ
1233 1399 1331 1430 αίῶνος
1347 1398 1442 1425 τούτου
1461 1398 1640 1433 συνδεδεμένη
1654 1397 1702 1424 καὶ
1723 1397 1791 1432 πρὸς
1809 1397 1891 1423 αὑτὸν

1102 1443 1201 1479 ἐχούσῃ
1210 1463 1218 1476 ,
1226 1441 1282 1471 οἷον
1301 1444 1408 1479 πλούτῳ
1425 1444 1442 1479 ἢ
1457 1443 1531 1480 δόξῃ,
1542 1444 1559 1480 ἢ
1569 1443 1647 1478 φιλίᾳ
1655 1444 1687 1478 τῇ
1697 1443 1768 1470 κατὰ
1776 1443 1891 1477 κόσμον,

1102 1491 1152 1516 οὐκ
1163 1490 1240 1517 ἔσται
1255 1490 1368 1517 δυνατὸν
1381 1490 1478 1524 φυγεῖν
1500 1490 1548 1516 καὶ
1561 1489 1726 1525 διαπερᾶσαι
1745 1490 1777 1516 τὸ
1793 1489 1889 1521 σκότος

259 1544 382 1581 jiciendo
403 1549 580 1579 perrumpere
603 1541 731 1568 tenebras
751 1540 950 1567 diabolicarum
973 1542 1051 1574 pote-

1102 1536 1156 1562 τῶν
1170 1544 1238 1570 πιινη
1243 1536 1297 1572 ρῶν
1311 1535 1462 1571 δυνάμεων.

263 1594 376 1618 statum.

301 1636 382 1664 XXV.
396 1635 526 1663 Veritatis
548 1638 576 1662 ct
603 1633 650 1661 Dei
670 1636 795 1660 amantes
815 1630 924 1664 animae,
941 1637 976 1657 ne
992 1630 1056 1657 bre-

264 1691 325 1711 vem
353 1682 465 1717 quidem
486 1680 719 1708 intermissionem
745 1677 892 1707 admittere
920 1676 1056 1703 sustinent

264 1728 367 1756 amoris
386 1735 442 1762 quo
466 1735 529 1761 erga
547 1725 693 1753 Dominum
711 1724 845 1758 ﬂagrant;
867 1722 915 1749 sed
937 1726 1002 1749 tota:
1019 1729 1053 1748 ex

265 1779 323 1802 toto
345 1774 422 1800 cruci
442 1773 524 1808 hujus
545 1771 680 1803 confixae,
705 1769 877 1804 spiritualem
900 1767 1053 1803 profectum

265 1828 348 1848 sensu
363 1819 481 1854 quodam
499 1817 596 1845 intimo
614 1820 643 1843 et
668 1823 768 1843 arcana
792 1814 951 1850 intelligunt
976 1821 1058 1848 expe-

266 1865 376 1896 rientia.
394 1865 550 1892 Vulneratae
575 1863 660 1898 igitur
680 1861 732 1889 isto
749 1860 904 1892 desiderio,
921 1864 959 1892 et,
971 1863 1001 1885 ut
1018 1859 1058 1886 sic

265 1911 366 1943 dicam,
394 1910 526 1938 famelica}
551 1908 666 1944 iustitiae
697 1907 876 1941 omniumque
910 1904 1055 1941 virtutum,

264 1961 347 1992 atque
367 1955 560 1984 illustrationis
588 1953 653 1981 boni
684 1952 815 1988 Spiritus,
838 1950 891 1979 etsi
919 1949 1058 1986 mysteriis

265 2003 353 2037 dignae
366 2002 466 2029 divinis
479 2022 486 2033 ,
501 2000 552 2028 etsi
567 1999 668 2026 laetitiie
684 1997 804 2026 caelestis
818 2001 847 2024 et
865 1995 962 2032 gratiae
974 1995 1058 2031 parti-

266 2049 342 2083 cipes
357 2048 436 2075 facta).
445 2048 509 2079 sint,
527 2054 583 2074 non
598 2051 689 2073 tamen
703 2045 731 2071 in
745 2051 775 2072 se
798 2043 951 2076 conﬁdunt,
969 2050 1058 2077 neque

267 2103 328 2123 esse
355 2102 384 2121 se
410 2093 516 2128 aliquid
541 2096 660 2127 putant;
679 2091 727 2119 sed
745 2094 848 2125 quanto
871 2089 1059 2117 abundantius

266 2143 476 2173 consequuntur
492 2137 645 2172 spiritualia
661 2136 743 2167 dona,
757 2139 833 2164 tanto
854 2134 963 2161 avidius
983 2134 1060 2161 inex-

268 2184 406 2218 plebiliter
417 2183 523 2210 inhiant
539 2180 664 2208 ulteriori
680 2178 885 2215 participationi
901 2178 1056 2206 caelestium

268 2230 438 2265 gratiarum;
454 2232 586 2262 tantoque
603 2226 637 2253 ad
664 2214 736 2252 hanc
754 2232 784 2252 se
809 2224 975 2251 laboriosius
997 2224 1056 2251 eni-
1072 2214 1093 2241 ί)

268 2274 352 2302 tendo
368 2273 528 2308 disponunt.
545 2272 651 2299 Rursus
672 2273 775 2305 quanto
799 2269 908 2296 dulcius
932 2269 1056 2296 sentiunt

267 2328 297 2348 se
314 2319 448 2355 proﬁcere
465 2318 493 2345 in
506 2317 617 2352 spiritu,
633 2320 710 2343 tanto
730 2314 808 2350 quasi
831 2314 954 2349 gulosius
973 2321 1056 2349 appe-

268 2370 331 2394 tunt
346 2364 553 2400 perceptionem
575 2363 737 2390 deliciarum
755 2359 933 2391 earumdem;
954 2364 982 2387 et
1000 2361 1056 2395 spi-

269 2411 407 2438 ritualiter
429 2409 613 2444 locupletataz,
637 2406 702 2439 sibi,
718 2409 850 2440 quantum
871 2404 900 2432 in
921 2404 988 2440 ipsis
1004 2410 1057 2439 est,

269 2461 404 2491 pauperes
412 2453 552 2485 videntur,
567 2453 643 2488 juxta
658 2450 779 2479 divinam
795 2448 966 2483 Scripturam
979 2457 988 2476 :
1007 2448 1059 2482 Qui

268 2501 348 2528 edunt
366 2507 416 2533 me,
440 2499 524 2526 adhuc
551 2497 667 2525 esuriem
677 2505 687 2530 ,'
704 2500 729 2523 et
748 2495 792 2531 qui
805 2494 893 2522 bibunt
907 2502 958 2526 me,
974 2495 1059 2522 adhuc

268 2546 356 2573 sitiant
363 2545 397 2572 ".

304 2591 396 2618 XXVI.
412 2590 492 2617 Tales
505 2589 603 2617 animae
623 2593 651 2616 et
671 2587 787 2623 gratiam
809 2586 950 2621 accipiunt
971 2585 1059 2620 plenae

269 2636 469 2665 liberationisa
496 2634 750 2670 perturbationibus
766 2632 932 2664 affectuum;
950 2635 978 2658 et
993 2631 1057 2658 illu-

269 2682 430 2711 strationem
443 2679 695 2708 etcommunionem
713 2678 798 2706 divini
808 2677 961 2712 Spiritusin
970 2676 1059 2711 pleni-

271 2729 366 2756 tudine
382 2726 475 2763 gratiaa
492 2725 613 2760 perfecte
636 2728 834 2759 assequuntur.
863 2723 983 2750 Diversze
1008 2730 1058 2749 au-

272 2778 326 2800 tem
338 2773 373 2800 ab
389 2773 433 2800 his
446 2772 540 2808 pigrze,
559 2771 684 2798 labormn
704 2769 889 2805 impatientes,
914 2776 968 2796 non
981 2776 1055 2804 quaa-

308 2869 429 2897 "lCor.
446 2877 474 2900 ιι,
492 2870 518 2897 6.
558 2871 579 2885 “
595 2869 661 2897 ibid.
703 2869 743 2896 l5.

1140 1628 1206 1656 KE’.
1233 1629 1266 1655 Δί
1281 1627 1439 1663 φιλαλήθης
1451 1627 1537 1662 ψυχαὶ
1563 1626 1612 1653 καὶ⁸
1633 1625 1750 1661 φιλόθεοι
1766 1626 1826 1653 οὐδὲ
1842 1626 1894 1661 τὴν

1107 1675 1237 1710 βραχεῖαν
1252 1674 1348 1709 ὕφεσιν
1371 1673 1419 1700 τοῦ
1434 1673 1504 1707 πρὸς
1528 1673 1574 1699 τδν
1591 1671 1694 1708 Κύριον
1706 1671 1807 1706 ἔρωτος
1825 1672 1894 1698 ὑπο-

1107 1720 1232 1756 μένουσιν
1242 1727 1250 1735 ο
1266 1719 1323 1746 ἀλλ’
1332 1719 1392 1746 ὅλαι
1405 1718 1438 1746 δι’
1451 1719 1513 1746 ὅλου
1525 1718 1564 1754 τῷ
1577 1718 1687 1753 σταυρῷ
1700 1718 1797 1744 τούτου
1807 1726 1894 1754 προσ-

1106 1767 1255 1802 ηλωμέναι,
1271 1766 1322 1800 τὴν
1342 1764 1392 1799 τῆς
1406 1765 1596 1799 πνευματικῆς
1607 1764 1749 1798 προκοπῆς
1761 1763 1891 1797 αίσθησιν

1106 1813 1135 1838 ἔν
1154 1812 1264 1842 ἑαυταῖς
1289 1810 1436 1845 γινομένην
1467 1809 1689 1843 ἐπιγινώσκωσι.
1718 1809 1896 1844 Τετρωμέναι

1106 1857 1172 1891 γοῦν
1192 1856 1280 1891 τούτῳ
1291 1854 1330 1890 τῷ
1343 1854 1429 1891 πόθῳ,
1447 1855 1506 1888 καὶ,
1518 1855 1556 1886 ὡς
1569 1855 1666 1887 εἰπεῖν,
1683 1854 1803 1881 ἐκπεινοι
1816 1854 1895 1882 οὖσαι

1108 1901 1174 1937 περὶ
1191 1900 1241 1936 τὴν
1255 1900 1429 1934 δικαιοσύνην
1439 1900 1492 1926 τῶν
1508 1899 1626 1935 ἀρετῶν,
1641 1900 1690 1926 καὶ
1702 1899 1751 1934 τὴν
1765 1900 1813 1926 τοῦ
1823 1901 1896 1934 ἀγα-

1108 1947 1155 1974 θοῦ
1181 1946 1343 1981 Πνεύματος
1372 1945 1520 1980 ελλαμψιν,
1549 1945 1602 1971 κᾶν
1637 1946 1794 1980 μυστηρίων
1821 1947 1895 1979 ἄξιαι

1110 1993 1201 2026 θείων,
1219 1992 1272 2019 κᾶν
1286 1991 1458 2027 εὐφροσύνης
1475 1990 1637 2026 ἐπουρανίου
1652 1991 1698 2018 καὶ
1714 1991 1825 2026 χάριτος
1845 1991 1895 2026 μέ-

1109 2048 1183 2074 τοχοι
1198 2038 1334 2074 γένονται,
1345 2038 1376 2064 οὺ
1393 2037 1541 2064 πεποίθασι
1555 2038 1620 2073 περὶ
1632 2038 1739 2070 αὑταῖς,
1754 2037 1814 2064 οὐδὲ
1825 2036 1896 2064 εἷναί

1107 2093 1135 2111 τι
1150 2085 1250 2112 οἴονται
1261 2091 1268 2100 ·
1280 2083 1338 2111 ἀλλ’
1352 2084 1407 2119 ὅσῳ
1422 2083 1600 2119 χαρισμάτων
1616 2083 1754 2115 ἀξιοῦνται
1770 2092 1897 2118 πνευμα-

1108 2129 1203 2161 τικῶν,
1222 2127 1342 2164 τοσούτῳ
1354 2128 1454 2163 μᾶλλον
1467 2128 1614 2163 ἀπλήστως
1624 2128 1734 2163 ἔχουσαι
1744 2128 1798 2156 τῶν
1814 2129 1897 2164 οὐρα-

1110 2174 1174 2201 νίων
1184 2173 1400 2209 φιλοπονώτερον
1413 2173 1568 2209 ὲκζητοῦσι·
1579 2174 1625 2200 καὶ
1637 2174 1692 2209 ὅσῳ
1705 2175 1896 2210 πνευματικῆς

1108 2219 1282 2247 αἰσθάνονται
1306 2219 1459 2255 προκοπῆς,
1473 2218 1591 2254 τοσούτῳ
1610 2219 1642 2255 δὴ
1668 2219 1715 2246 καὶ
1743 2219 1895 2255 λιχνότεραι

1109 2264 1177 2299 πρὸς
1189 2264 1238 2299 τὴν
1255 2263 1408 2299 μετάληψιν
1423 2263 1524 2291 τούτων
1538 2264 1670 2298 γίνονται,
1684 2265 1732 2290 καὶ
1745 2273 1898 2299 πνευματι-

1109 2310 1163 2342 κῶς
1193 2309 1369 2341 πλουτοῦσαι,
1393 2310 1424 2336 τό
1446 2317 1478 2344 γε
1504 2309 1570 2345 παρ’
1591 2310 1713 2341 ἑαυταῖς,
1733 2310 1897 2345 πενομὲναις

1108 2356 1231 2387 ἐοίκασι,
1253 2355 1325 2382 κατὰ
1348 2354 1398 2389 τὴν
1420 2354 1497 2382 θείαν
1515 2355 1645 2390 Γραφήν·
1670 2356 1703 2382 οι
1732 2355 1897 2391 τρώγωντες

1107 2401 1163 2436 γάρ
1179 2410 1229 2436 με,
1245 2401 1338 2436 φησιν,
1354 2401 1398 2428 ἔτι
1412 2401 1607 2434 πεινάσουσι,
1633 2401 1684 2428 καὶ
1703 2403 1730 2428 οι
1754 2402 1898 2436 πίνοντές

1105 2457 1143 2482 με
1158 2448 1202 2474 ἔτι
1217 2446 1416 2482 διψήσουσιν.

1144 2584 1218 2617 κεῖν.
1236 2583 1269 2609 Al
1284 2582 1408 2610 τοιαῦται
1421 2582 1507 2618 ψυχαὶ
1518 2583 1566 2610 καὶ
1575 2583 1625 2618 τῆς
1643 2582 1698 2610 τῶν
1713 2583 1807 2611 παθῶν
1821 2584 1897 2611 ἐλευ-

1109 2627 1202 2663 θερίας
1232 2629 1407 2656 παντάπασιν
1437 2628 1586 2662 ἀξιοῦνται,
1614 2629 1661 2656 καὶ
1682 2629 1732 2665 τὴν
1755 2629 1803 2656 τοῦ
1821 2631 1895 2657 Θείου

1109 2675 1267 2708 Πνεύματος
1280 2674 1413 2710 ἔλλαμψίν
1424 2683 1454 2701 τε
1469 2675 1516 2702 καὶ
1531 2675 1673 2702 κοινωνίαν
1685 2676 1713 2702 ἑν
1730 2675 1896 2711 πληρώματι

1108 2720 1158 2755 τῆς
1177 2721 1288 2755 χάριτος
1317 2720 1427 2751 τελείως
1444 2720 1613 2754 κομίζονται.
1630 2720 1711 2747 Ὅσαι
1730 2721 1759 2747 δὲ
1779 2720 1895 2756 ὀκνηραί

1109 2774 1138 2792 τε
1155 2765 1202 2793 καὶ
1215 2765 1391 2801 ἀφερέπονοι,
1408 2765 1454 2792 καὶ
1470 2765 1507 2800 μὴ
1521 2765 1651 2801 ζητοῦσαι
1665 2765 1711 2792 τὸν
1721 2765 1771 2801 τῆς
1781 2766 1896 2802 καρδίας

781 2870 803 2885 ’⁷
815 2869 881 2897 ibid.
897 2868 937 2895 l5.
975 2868 998 2884 ’λ
1009 2867 1017 2894 Ι
1030 2866 1093 2894 Cor.
1106 2874 1142 2899 vi,
1160 2865 1201 2892 l7.
1240 2865 1262 2881 "
1274 2864 1360 2893 Eccli.
1375 2873 1449 2897 xxxv.
1463 2866 1508 2893 29.
