2075 3155
193 165 246 198 929

788 164 902 195 LIBER
920 162 969 194 DE
984 159 1213 192 CHARITATE.

1756 157 1808 189 930

193 220 342 257 ἀγιασμδν,
350 219 474 248 ἐντεῦθεν
484 219 522 251 ὡς
535 219 564 246 ιν
575 219 658 255 σαρκὶ
670 218 710 246 ἔτι
720 219 911 254 τυγχάνουσιν,
923 218 975 245 οὐκ
987 243 988 247 η

1040 230 1091 253 unt
1105 222 1350 253 sanctificationem
1362 222 1455 251 cordis
1464 222 1549 258 (unde
1558 226 1587 250 et
1595 222 1673 257 quasi
1685 222 1713 250 in
1726 230 1809 251 carne

193 268 227 293 ὲκ
243 267 341 303 μέρους
365 266 423 296 ἀλλ’
447 265 603 302 ὁλοκλήρως
625 265 658 292 δι’
685 265 824 300 ὑπομονῆς
848 265 976 297 δέξασθαι

195 313 242 339 καὶ
263 311 470 347 μακροθυμίας·
494 311 561 346 μηδὲ
587 311 752 345 κοινωνῆσαι
774 311 813 346 τῷ
836 310 977 345 Πνεύματι

195 357 234 393 τῷ
249 357 419 392 παρακλὴτῳ
435 356 507 383 κατὰ
520 357 611 383 πᾶσαν
631 356 758 391 αἴσθησιν
770 355 816 383 καὶ
841 355 978 391 πληροφο-

196 403 259 438 ρίαν
271 402 413 437 ἠλπίκασι,
425 402 472 428 καὶ
484 402 518 429 δι’
528 401 633 429 ἐκείνου
645 402 699 429 τῶν
710 401 805 428 παθῶν
818 402 867 436 τῆς
878 402 978 433 κακίας

195 448 384 482 ἀπαλλαγῆναι
412 445 502 480 αὗται,
520 448 571 474 κᾶν
589 447 700 482 χάριτος
725 446 800 478 θείας
819 446 977 478 ἀξιωθεῖεν·

193 493 253 520 ἀλλ’
271 493 324 520 ὑπὸ
347 493 397 528 τῆς
412 493 512 524 κακίας
528 493 711 528 κλεπτδμεναι
729 492 819 528 πάσης
840 492 979 528 φροντίδος

196 539 295 571 ἑαυτὰς
312 539 417 574 ἀνῆκαν
426 545 434 553 “
450 538 497 566 ἅτε
510 538 640 566 λαδοῦσαι
654 538 704 574 τὴν
719 539 811 574 χάριν,
827 538 875 565 καὶ
889 538 940 572 τῆς
950 538 980 570 ἐξ

197 585 283 619 αὐτῆς
299 584 483 619 τυγχάνουσαι
498 584 708 619 παρακλήσεως,
729 583 777 610 καὶ
792 584 980 619 πνευματικῆς

198 629 366 665 γλυκύτητος
393 629 588 658 ἀπολαύουσαι.
606 629 700 666 Ταύτῃ
722 629 769 656 καὶ
795 629 884 665 ῥᾴδιαί
912 630 981 656 εἰσιν

196 676 334 712 οἰηθῆναι,
353 676 390 711 μὴ
414 675 622 711 συντριϐόμεναι
643 675 694 710 τὴν
717 675 841 710 καρδίαν,
860 675 927 710 μηδὲ
941 675 981 710 τῷ

199 722 352 757 φρονήματι
370 721 594 756 ταπεινοῦμεναι,
624 721 691 756 μηδὲ
704 720 808 755 ἔκδιψοι
829 719 918 752 οὖσαι,
933 721 981 748 καὶ

200 767 268 802 πρὸς
278 766 308 793 τδ
320 766 422 793 τέλειον
435 766 533 802 μέτρον
545 766 595 801 τῆς
605 766 736 798 ἀπαθείας
746 766 979 800 κατατεινόμεναι·

200 810 414 846 ὲναπομείνασαι
430 811 460 837 δὲ
469 811 502 846 τῇ
516 810 594 846 ὀλίγῃ
607 810 694 846 ταύτῃ
702 810 753 845 τῆς
766 809 875 846 χάριτος
890 817 980 844 παρα-

200 857 305 892 κλήσει,
322 858 369 883 καὶ
385 857 427 889 είς
442 856 567 890 ἔπαρσιν,
580 855 630 882 οὐκ
646 856 686 887 είς
700 854 865 883 ταπείνωσιν
879 854 980 888 προκό-

199 903 295 938 ψασαι,
320 903 420 938 μᾶλλον
440 902 488 930 καὶ
507 898 592 937 οὗπερ
613 900 769 936 ἠξιώθησαν
795 901 982 937 χαρίσματος,

201 946 276 974 ἐστιν
287 947 331 974 ὅτε
347 946 576 982 ἀπογυμνοῦνται,
596 945 678 981 Ψυχὴ
692 945 747 981 γὰρ
759 946 796 977 ὡς
816 945 924 980 ἀληθῶς
938 953 984 979 φι-

201 991 305 1024 λόθεος,
320 992 358 1023 ὠς
372 991 387 1018 ό
401 991 482 1026 λόγος
499 990 570 1026 ἔφθη
585 989 719 1026 δηλώσας,
737 990 789 1017 κᾶν
805 990 905 1026 μυρίας
920 999 986 1025 μετ-

206 1038 270 1074 έλθῃ
293 1038 474 1070 δικαιοσύνας,
491 1037 545 1064 κᾶν
562 1036 660 1072 ἄκραις
685 1036 850 1071 ἀγρυπνίαις
865 1035 983 1073 ὲκτρίψῃ

202 1083 234 1110 τὸ
248 1083 338 1118 σῶμα.
353 1082 406 1110 κᾶν
416 1081 593 1118 χαρισμάτων
606 1080 653 1108 τοῦ
664 1081 822 1116 Πνεύματος
838 1081 985 1116 διαφόρων,

201 1128 400 1164 ἀποκαλύψεών
417 1136 447 1155 τε
470 1128 517 1155 καὶ
545 1127 702 1163 μυστηρίων
730 1126 870 1162 ἀξιωθείη,
896 1126 982 1158 οὕτως

203 1175 259 1210 ἔχει
287 1175 404 1211 μετρίως
431 1173 469 1206 ὡς
496 1174 580 1209 μήπω
606 1173 656 1208 τῆς
688 1173 760 1199 κατά
784 1172 851 1199 Θεὸν
874 1172 985 1207 ἀγωγῆς

202 1221 340 1257 ἠργμένη,
362 1220 429 1256 μηδὲ
441 1220 599 1255 κτησαμένη
610 1228 636 1246 τι
648 1219 703 1246 τῶν
719 1218 895 1254 δεξιωτέρων,
917 1219 986 1253 ὲρω-

203 1267 288 1298 τικῶς
305 1267 352 1293 καὶ
367 1266 513 1302 ἀπλήστως
526 1266 594 1302 πρὸς
606 1265 655 1300 τὴν
666 1264 738 1292 κατὰ
750 1264 866 1299 Χριστὸν
876 1264 987 1299 ἀγάπην

201 1312 375 1348 διακειμένη.

205 1360 424 1395 pmsuntiorum
436 1359 464 1387 in
477 1359 520 1387 via
532 1358 650 1394 Spiritus
660 1358 778 1386 aestimet
805 1358 910 1387 dolium
922 1366 931 1392 ;
963 1362 1021 1386 tota

159 1404 169 1408 ⁵
204 1407 399 1434 insatiabiliter
413 1407 561 1434 amandum
577 1407 750 1434 incumbens.

240 1453 303 1479 KZ'.
322 1453 369 1484 Είς
395 1453 429 1479 τὰ
457 1452 543 1488 μέτρα
571 1453 600 1479 δὲ
630 1452 773 1488 ἐφικέσθαι
801 1451 897 1485 ταῦτα,
924 1451 986 1480 οὕτε

205 1498 320 1533 ἀθρόως,
338 1498 399 1525 οὗτε
424 1498 522 1534 ῥᾳδίως
539 1498 649 1533 ἐφικτὸν
665 1498 768 1525 οὐδενί·
790 1498 858 1525 ἀλλά
882 1498 987 1526 πολλῶν

207 1545 296 1570 πόνων
312 1544 360 1570 καὶ
387 1544 501 1578 ἀγώνων
526 1544 718 1579 ἡγησαμένων,
749 1544 853 1579 χρόνων
879 1553 910 1571 τε
939 1544 988 1572 καὶ

209 1589 336 1623 σπουδῆς,
351 1589 422 1615 κατὰ
434 1589 597 1624 δοκιμασίας
612 1590 659 1616 καὶ
674 1588 834 1625 πειρασμῶν
847 1589 986 1622 ποικίλων,

206 1633 271 1669 ἄχρι
289 1635 336 1661 καὶ
350 1634 396 1660 τοῦ
416 1634 530 1666 τελείου,
554 1635 636 1669 φημὶ,
655 1634 705 1668 τῆς
724 1634 857 1667 ἀπαθείας
881 1635 990 1671 μέτρου.

207 1678 287 1705 Οὕτω
301 1678 356 1715 γὰρ
372 1679 441 1714 πρὸς
456 1679 546 1707 πάντα
561 1679 643 1707 πόνον
658 1680 706 1707 καὶ
725 1680 809 1707 κόπον
826 1681 991 1714 ὲξετασθεὶς,

207 1725 256 1751 καὶ
267 1724 344 1756 ὅλους
358 1725 527 1760 πειρασμοὺς
539 1725 603 1757 τοὺς
617 1725 670 1752 ὑπὸ
680 1725 730 1760 τῆς
747 1725 847 1757 κακίας
856 1727 993 1762 ἐπαγομέ-

210 1779 271 1801 νους
297 1770 422 1805 εὐψύχως
442 1770 609 1805 ὑπενεγκὼν,
639 1772 700 1798 τότε
724 1771 842 1798 καὶτῶν
868 1772 993 1806 μεγάλων

211 1815 299 1850 τιμῶν
312 1815 360 1842 καὶ
375 1817 550 1851 χαρισμάτων
562 1816 609 1842 τοῦ
622 1816 792 1851 Πνεύματος,
801 1816 850 1842 καὶ
863 1816 909 1842 τοῦ
922 1817 992 1843 θείου

213 1861 329 1888 πλούτου
348 1861 526 1894 καταξιοῦται
536 1870 543 1878 ο
564 1859 624 1889 εἶτα
637 1862 686 1889 καὶ
703 1862 870 1898 κληρονόμος
883 1863 933 1898 τῆς
949 1863 994 1889 οὐ-

217 1907 309 1942 ρανίου
318 1908 423 1942 γίνεται
443 1907 588 1942 βασιλείας.

245 1951 313 1980 KH'.
339 1952 370 1978 'H
396 1952 468 1987 ψυχὴ
487 1952 516 1978 δὲ
533 1953 583 1980 οὐκ
597 1952 695 1988 ἔχουσα
721 1954 770 1988 μὲν
784 1954 833 1990 τὴν
846 1954 994 1990 εἰρημένην

210 1999 260 2034 τῆς
275 1999 414 2032 πολιτείας
428 2000 573 2035 ἀκρίϐειαν
584 2007 591 2015 ·
607 2001 689 2035 μήπω
701 2000 729 2027 δὲ
740 2001 787 2028 τοῦ
800 2001 936 2037 ἁγιασμοῦ
947 2001 993 2028 τοῦ

211 2045 240 2070 ὲν
264 2045 297 2079 τῇ
314 2044 413 2079 καρδίᾳ
427 2045 478 2079 τὴν
489 2045 616 2079 αἴσθησιν
637 2045 782 2080 δεξαμένη.
803 2046 934 2073 πενθείτω
947 2046 995 2073 καὶ

212 2089 327 2124 ζητείτω
347 2090 423 2125 παρὰ
435 2090 480 2116 τοῦ
499 2090 602 2125 Κυρίου
625 2090 745 2126 θερμῶς,
761 2091 806 2118 ἵνα
825 2091 872 2118 τοῦ
892 2092 994 2125 ἀγαθοῦ

210 2134 306 2161 τούτου
333 2134 381 2161 καὶ
397 2135 446 2170 τῆς
462 2135 603 2170 ἐνεργείας
629 2136 680 2170 τῆς
700 2137 728 2163 ὲν
744 2135 782 2171 νῷ
809 2137 843 2163 δι’
869 2138 995 2173 ἀρρήτων

212 2179 334 2215 θεωριῶν
349 2180 496 2215 γινομένης
512 2180 559 2207 τοῦ
575 2181 734 2216 ῐΙνεύματος
748 2181 873 2216 ἐπιτύχῃ.
888 2182 995 2217 Ὠσπερ

211 2226 240 2253 δὲ
258 2226 330 2253 κατὰ
352 2227 398 2253 τὸν
414 2227 640 2260 ἐκκλησιαστικὸν
672 2228 764 2263 νόμον,
778 2229 802 2254 oi.
829 2231 994 2263 σωματικοῖς

211 2271 321 2303 ἀλόντες
334 2271 543 2307 ἁμαρτήμασιν,
572 2271 748 2306 ἀφορίζονται
774 2272 823 2307 μὲν
850 2273 926 2308 παρὰ
946 2272 994 2299 τοῦ

213 2316 308 2352 ἱερέως
319 2317 349 2343 τὸ
360 2316 493 2352 πρότερον
504 2324 511 2332 ·
527 2313 587 2342 εἶτα
603 2316 651 2351 τὴν
664 2317 734 2343 κατὰ
757 2316 835 2350 λόγον
851 2317 995 2351 μετάνοιαν

212 2361 434 2396 ὲπιδεδειγμένοι,
458 2361 504 2388 καὶ
524 2361 573 2396 τῆς
597 2362 741 2393 κοινωνίας
766 2363 994 2397 μεταποιοῦνται·

212 2407 271 2433 ὅσοι
291 2407 320 2434 δὲ
349 2407 483 2438 ἀπτώτως
511 2407 558 2433 καὶ
596 2408 725 2443 καθαρῶς
754 2407 910 2442 βεβιώκασι,
928 2417 996 2442 προ-

214 2453 347 2479 κόπτουσι
359 2461 389 2479 τε
402 2453 469 2488 πρὸς
490 2453 649 2488 ἱερωσύνην,
664 2454 711 2480 καὶ
730 2454 784 2480 ἀπὸ
799 2454 847 2481 τοῦ
863 2454 995 2490 ὲξωτέρου

211 2499 295 2524 τύπου
306 2498 355 2533 τὴν
370 2497 423 2524 ἔσω
438 2498 484 2525 τοῦ
504 2498 701 2534 θησιαστηρίου
718 2500 885 2534 μετάστασιν
905 2508 936 2526 τε
950 2500 998 2526 καὶ

211 2544 288 2576 τάξιν
302 2543 551 2579 ἀπολαμσάνουσιν,
569 2545 612 2571 ἴνα
635 2545 789 2580 λειτουργοὶ
802 2546 849 2572 καὶ
869 2546 997 2582 πάρεδροι

212 2590 250 2626 τῷ
266 2590 362 2625 Κυρίῳ
376 2589 537 2616 διατελῶσιν
547 2598 553 2604 ·
576 2589 647 2616 οὕτω
664 2589 697 2626 δὴ
711 2591 856 2626 σκοπῶμεν
871 2591 919 2617 καὶ
935 2590 998 2625 περὶ

212 2636 263 2670 τῆς
281 2635 415 2670 μυστικῆς
431 2635 478 2662 τοῦ
494 2635 654 2670 Πνεύματος
667 2635 819 2668 κοινωνίας,
831 2637 894 2671 περὶ
912 2633 946 2671 ἧς
960 2636 998 2670 τῷ

219 2681 371 2715 ’Λποστόλῳ
390 2680 516 2716 εἴρηται·
542 2681 579 2708 Ἡ
601 2681 687 2715 χάρις
703 2681 755 2708 τοῦ
783 2681 892 2714 Κυρίου
914 2681 999 2715 ἡμῶν

220 2726 321 2760 Ἰησοῦ
338 2727 478 2762 Χριστοῦ,
491 2727 540 2754 καί
557 2728 577 2761 ἠ
594 2727 695 2762 ἀγάπη
710 2727 764 2754 τοῦ
783 2727 858 2755 Θεοῦ
872 2728 921 2755 καὶ
937 2729 997 2754 Πα-

215 2771 294 2804 τρὸς,
305 2773 354 2800 καί
367 2773 386 2807 ἡ
405 2773 547 2800 κοινωνία
565 2772 618 2800 τοῦ
636 2773 722 2807 ἁγίου
734 2772 998 2807 Πνεύμαινος.ὐψει

218 2815 372 2852 σωζομένην
381 2817 542 2845 ἀκολουθίαν
556 2826 562 2833 '
574 2819 674 2845 ἐνοικεῖ
687 2818 736 2853 μὲν
747 2817 801 2853 γὰρ
813 2820 829 2853 ἡ
842 2818 901 2844 θεία
914 2818 997 2853 Τριὰς

252 2861 308 2888 ".Il
322 2861 385 2890 Cor.
396 2871 454 2896 xttt,
478 2865 519 2892 I5.

397 2909 531 2941 l’naot.
549 2910 605 2942 Gn.
624 2910 765 2941 XXXIV.

1024 271 1116 299 adhuc
1137 270 1283 303 exsistunt)
1307 275 1362 296 non
1386 276 1420 296 ex
1442 272 1520 303 parte
1539 267 1588 295 sed
1613 267 1745 302 integram
1763 275 1812 302 per

1025 307 1256 352 perseverantiam
1281 318 1309 342 et
1329 314 1489 350 patientiam
1514 314 1659 348 recipere;
1684 321 1745 348 quin
1763 321 1813 341 ne-

1025 369 1080 398 que
1106 365 1219 396 sperant
1238 361 1367 388 omnibus
1391 360 1518 388 sensibus
1544 363 1573 387 et
1602 360 1682 394 plena
1714 359 1812 387 fiducia

1027 407 1119 435 cordis
1143 406 1292 442 participes
1313 406 1434 441 Spiritus
1461 405 1592 440 paracleti
1619 404 1690 435 fieri.
1709 412 1813 440 perque

1023 454 1118 490 ipsum
1146 461 1161 481 a
1184 453 1440 488 perturbationibus
1464 453 1576 480 malitiae
1599 452 1722 483 liberari.
1749 453 1815 479 licet

1029 498 1146 534 gratiam
1157 497 1278 526 divinam
1292 498 1397 533 adepta:
1417 498 1483 525 sint.
1507 497 1561 526 Sed
1577 505 1593 525 a
1610 498 1712 525 malitia
1728 498 1815 525 illum

1030 551 1141 571 omnem
1156 543 1369 571 sollicitudinem
1389 543 1544 575 remittunt,
1559 543 1643 570 veluti
1661 543 1817 578 receperint

1028 590 1083 624 jam
1099 590 1224 624 gratiam,
1237 594 1266 617 et
1281 597 1343 624 qum
1358 597 1392 617 ex
1410 590 1468 624 ipsa
1491 588 1562 621 ﬂuit,
1586 589 1815 619 consolationem,

1029 638 1058 662 et
1075 635 1212 670 spirituali
1226 635 1374 662 dulcedine
1388 635 1577 669 perfruantur.
1593 634 1671 661 Unde
1681 638 1711 660 et
1723 634 1818 661 faciles

1031 678 1059 705 in
1074 682 1211 706 tumorem
1230 679 1331 706 mentis
1346 678 1483 710 incidunt,
1498 686 1554 706 non
1572 678 1698 705 contrita:
1722 678 1816 710 corde,

1029 729 1081 749 nec
1091 722 1225 753 sitientes,
1232 729 1283 749 nec
1292 722 1452 750 anhelantes
1460 722 1493 749 ad
1504 722 1651 757 perfectam
1658 721 1817 749 exstinclio-

1030 767 1074 794 nis
1081 767 1228 796 aﬂ‘ectuum
1236 775 1391 796 mensuram
1399 768 1493 803 ;206
1501 768 1709 803 acquiescentcs
1720 768 1817 802 exigua

1033 812 1084 841 hac
1100 813 1194 848 gratiae
1216 813 1421 847 consolatione;
1447 818 1476 841 et
1498 814 1585 847 magis
1608 814 1636 840 itt
1657 813 1817 845 elationem,

1032 866 1115 893 quam
1139 858 1168 886 in
1193 859 1378 886 humilitatem
1402 858 1591 894 proficientes,
1606 859 1679 886 unde
1692 863 1719 886 et
1733 859 1818 894 gratia

1033 904 1136 939 potius,
1151 911 1233 939 quam
1257 904 1399 931 consecuti
1414 908 1504 935 erant,
1520 903 1683 938 spoliantur.
1703 903 1763 930 Non
1781 904 1821 930 sic

1032 956 1098 976 vere
1115 948 1163 976 Dei
1188 956 1283 976 amans
1308 949 1410 979 anima,
1436 952 1467 975 ut
1491 948 1648 983 praecedens
1670 948 1822 975 declaravit

1032 1000 1144 1026 sermo;
1159 993 1363 1028 quantumlibet
1374 994 1449 1021 enim
1470 994 1621 1021 lnnumeris
1635 1001 1664 1021 se
1680 1001 1822 1022 commen—

1034 1040 1151 1068 dabilem
1165 1041 1263 1068 fecerit
1276 1040 1374 1068 ciliciis
1391 1041 1543 1075 virtutum;
1558 1041 1666 1069 etiamsi
1679 1041 1823 1069 acerrimis

1034 1085 1136 1121 vigiliis
1149 1093 1250 1120 corpus
1265 1085 1428 1120 extriverit;
1449 1091 1591 1121 utcunque
1611 1086 1690 1114 donis
1704 1085 1824 1121 Spiritus

1035 1132 1140 1168 magnis
1167 1137 1195 1160 et
1227 1132 1319 1165 variis,
1335 1133 1419 1160 etiam
1440 1133 1639 1160 revelationum
1654 1136 1685 1160 et
1701 1140 1825 1160 commu-

1037 1176 1183 1205 nicationis
1199 1177 1394 1212 mysteriorum
1417 1177 1500 1204 fuerit
1519 1177 1602 1212 digna
1620 1177 1713 1204 habita
1726 1198 1734 1209 ,
1747 1178 1781 1205 de
1794 1185 1824 1206 se

1039 1226 1130 1249 tamen
1147 1221 1217 1249 adeo
1231 1221 1315 1248 sentit
1329 1221 1446 1254 modice,
1460 1226 1491 1249 ut
1504 1221 1557 1248 sibi
1573 1221 1710 1254 videatur,
1731 1230 1766 1250 ne
1778 1231 1825 1250 ru-

1039 1265 1191 1294 dimentum
1213 1265 1325 1301 quidem
1342 1266 1433 1293 adhuc
1454 1273 1556 1301 ponere
1576 1266 1682 1301 cepisse
1703 1268 1765 1295 vitae
1782 1275 1826 1299 se-

1041 1311 1163 1339 cundum
1191 1312 1277 1339 Deum
1305 1316 1405 1339 rectas:
1420 1312 1522 1339 nedum
1542 1319 1571 1339 se
1586 1312 1727 1346 possidere
1742 1312 1825 1340 ullam

1040 1359 1162 1394 interim,
1190 1359 1346 1388 vehementi
1369 1359 1513 1387 eharitatis
1537 1359 1598 1387 nisu
1623 1358 1658 1386 ad
1685 1358 1825 1386 Christum

1074 1454 1181 1482 XXVII.
1193 1454 1234 1482 Ad
1250 1454 1325 1482 hunc
1338 1453 1452 1490 gradum
1477 1453 1642 1488 pertingere.
1655 1460 1746 1488 neque
1760 1453 1826 1484 cito.

1039 1507 1130 1536 neque
1148 1500 1228 1528 facile
1242 1500 1378 1535 contingit
1395 1501 1454 1528 ulli.
1472 1500 1525 1528 Sed
1541 1499 1696 1535 praecedant
1711 1506 1826 1527 necesse

1040 1550 1083 1573 est
1108 1546 1188 1573 multi
1213 1546 1323 1573 labores
1345 1550 1373 1573 et
1397 1545 1560 1578 certamina,
1586 1552 1670 1572 morae
1693 1544 1782 1579 longa:
1799 1550 1828 1572 et

1041 1591 1162 1618 studium
1188 1598 1251 1618 cum
1278 1591 1442 1626 probatione
1466 1595 1494 1618 et
1515 1590 1716 1618 tentationibus
1731 1589 1826 1622 variis,

1040 1643 1130 1671 usque
1143 1636 1207 1663 dum
1222 1636 1255 1663 ad
1270 1636 1419 1670 perfectam
1432 1643 1588 1664 mensuram
1601 1635 1702 1670 quietis
1716 1639 1828 1670 pertur-

1043 1681 1184 1708 bationum
1196 1681 1384 1716 perveniatur.
1399 1681 1438 1708 Ita
1448 1681 1522 1708 enim
1537 1681 1648 1708 demum
1664 1688 1714 1715 per
1728 1685 1829 1707 cuncta

1042 1725 1249 1753 contentionum
1270 1733 1511 1760 aerumnarumque
1538 1733 1638 1760 genera
1658 1724 1827 1759 exploratus,

1043 1775 1071 1798 et
1087 1770 1284 1798 tentationibus
1301 1777 1317 1797 a
1334 1770 1437 1797 malitia
1453 1770 1594 1797 suscitatis
1617 1770 1739 1796 animose
1762 1769 1830 1796 tole-

1043 1815 1120 1845 ratis.
1146 1823 1306 1850 magnorum
1328 1815 1448 1850 denique
1473 1815 1621 1847 honorum,
1645 1820 1673 1842 et
1693 1814 1829 1841 donorum

1043 1859 1173 1895 Spiritus,
1186 1867 1325 1895 opumque
1338 1860 1494 1888 divinarum
1505 1860 1603 1888 beatur
1615 1867 1623 1892 ;
1635 1864 1830 1895 postremoque

1044 1905 1130 1933 haeres
1146 1905 1176 1933 fit
1187 1906 1267 1941 regni
1285 1905 1416 1934 caelestis.
1582 1911 1585 1913 λ

1079 1955 1196 1983 XXVIII.
1218 1955 1315 1983 Anima
1336 1963 1402 1983 vero
1417 1963 1472 1982 non
1497 1954 1602 1982 habens
1621 1953 1734 1988 quidem
1747 1953 1830 1986 hanc,

1044 2000 1078 2028 de
1098 2008 1152 2035 qua
1180 2000 1311 2032 diximus,
1333 2000 1476 2035 exquisitae
1504 1998 1723 2027 conversationis
1743 1998 1833 2026 soler-

1045 2046 1229 2080 tiamzneque
1245 2045 1310 2073 dum
1328 2045 1417 2073 intimi
1442 2053 1539 2073 sensus
1565 2044 1754 2080 experimento
1779 2044 1832 2072 sibi

1044 2091 1154 2118 conscia
1169 2091 1238 2126 ejus,
1254 2099 1315 2126 qua:
1335 2095 1377 2118 est
1396 2091 1423 2118 in
1446 2091 1530 2119 corde
1553 2098 1614 2123 suo.
1639 2091 1835 2119 sanctificatio-

1045 2135 1099 2167 nis,
1115 2136 1206 2171 lugcat
1225 2140 1253 2163 et
1268 2140 1373 2171 qttterat
1388 2144 1403 2163 a
1421 2136 1538 2164 Domino
1551 2136 1699 2168 ferventer,
1720 2140 1752 2163 ut
1767 2136 1833 2164 boni

1046 2181 1128 2216 hujus
1145 2185 1173 2208 et
1198 2181 1368 2216 operationis
1388 2181 1528 2216 Spiritus,
1554 2189 1616 2217 quae
1635 2181 1662 2208 in
1690 2185 1782 2209 mente
1803 2181 1834 2208 fit

1011 2244 1032 2271 υ
1046 2235 1096 2262 per
1118 2236 1233 2255 arcanas
1259 2228 1521 2263 contemplationes,
1551 2228 1686 2256 efficiatur
1710 2235 1832 2262 compos.

1047 2275 1133 2302 Porro
1149 2274 1379 2309 quemadmodum
1401 2275 1478 2310 juxta
1502 2274 1831 2308 ecclesiasticamlegem,

1046 2319 1074 2346 ln
1088 2319 1197 2346 delictis
1216 2319 1381 2353 deprehensi
1407 2318 1559 2353 corporeis,
1581 2322 1758 2353 segregantur
1772 2317 1833 2352 qui-

1047 2363 1109 2391 dem
1135 2364 1254 2398 primum
1273 2371 1322 2398 per
1346 2364 1535 2396 sacerdotem;
1553 2363 1654 2390 deinde
1674 2363 1834 2398 prtescripta

1047 2408 1200 2435 canonibus
1225 2407 1389 2442 paenitentia
1420 2407 1553 2439 exhibita,
1577 2406 1763 2434 communioni
1790 2414 1834 2434 re-

1047 2452 1218 2485 stituuntur;
1235 2451 1283 2486 qui
1300 2459 1365 2479 vero
1379 2452 1440 2479 sine
1456 2452 1608 2479 oﬂ‘ensione
1628 2456 1657 2479 et
1670 2458 1739 2486 pure
1757 2453 1833 2479 vixe-

1046 2502 1121 2528 runt.
1134 2502 1334 2533 promoventur
1350 2497 1383 2525 ad
1401 2497 1597 2530 sacerdotium,
1610 2501 1638 2525 et
1654 2497 1688 2524 ab
1702 2498 1832 2526 exteriori

1046 2543 1107 2570 loco
1125 2542 1240 2570 interius
1265 2542 1298 2570 ad
1321 2542 1416 2569 altaris
1440 2542 1569 2569 viciniam
1591 2541 1713 2575 admissi,
1732 2547 1833 2570 statum

1044 2589 1099 2624 jam
1112 2592 1140 2615 et
1153 2587 1278 2615 ordinem
1302 2586 1451 2621 accipiunt,
1466 2591 1496 2613 ut
1510 2587 1628 2614 ministri
1640 2591 1668 2614 et
1682 2594 1834 2614 assessores

1049 2634 1163 2661 Domino
1176 2632 1260 2665 fiant;
1278 2631 1312 2658 ad
1327 2631 1498 2659 consimilem
1521 2631 1633 2659 modum
1659 2639 1715 2659 rem
1738 2640 1767 2659 se
1786 2633 1835 2659 ha-

1051 2680 1116 2707 bere
1136 2683 1296 2714 reputetnus
1316 2679 1344 2706 in
1366 2678 1418 2705 hac
1432 2678 1546 2713 mystica
1569 2677 1689 2713 Spiritus
1700 2684 1834 2713 pommu-

1052 2725 1146 2756 nione,
1165 2732 1219 2759 qua
1234 2724 1339 2752 dictum
1352 2723 1387 2751 ab
1402 2723 1533 2758 Apostolo
1547 2728 1606 2750 est:
1623 2723 1716 2751 Gratia
1729 2723 1835 2751 Domini

1051 2771 1133 2798 nostri
1149 2770 1211 2798 Jan
1226 2770 1335 2803 Christi,
1349 2769 1463 2796 charittu
1473 2768 1521 2796 Dei
1537 2773 1561 2795 et
1575 2768 1674 2801 Patris,
1686 2774 1709 2797 ω
1721 2776 1835 2803 commu-

1051 2817 1148 2844 nicatio
1161 2816 1246 2843 sancti
1268 2814 1421 2851 Spiritus".
1438 2814 1559 2847 Videbis,
1577 2815 1699 2850 inquam,
1719 2815 1835 2843 similent

1631 2909 1720 2946 30,
