2075 3155
286 158 336 190 931

901 157 932 187 S.
955 155 1114 187 MACARII
1134 155 1295 187 EGYP’I‘II

1852 156 1910 189 93!

286 215 333 243 hie
344 221 452 250 quoque
469 213 547 250 quasi
559 213 712 249 disciplina
727 213 862 242 ordinem.
874 213 986 241 Habitat
999 212 1068 241 enim

1126 212 1156 238 ἐν
1169 213 1202 247 τῇ
1219 211 1347 247 καθαρῶς
1361 211 1461 248 ἐχούσῃ
1471 210 1556 248 ψυχῇ,
1573 210 1624 248 τῆς
1637 212 1712 244 θείας
1725 212 1909 248 χρηστότητος

284 259 379 286 divina
398 259 519 286 Trinitas
542 258 569 285 in
592 259 683 286 anima
702 265 771 294 pure
786 257 907 291 vivente,
920 265 983 285 cum
996 257 1073 293 adju-

285 309 368 331 vante
390 304 475 339 ipsam
492 303 592 331 divinae
614 303 792 338 benignitatis
816 303 937 337 auxilio;
967 302 1073 330 habitat

285 354 376 377 autem
390 356 445 376 non
462 348 488 375 in
509 353 644 383 quantum
657 349 685 376 in
702 356 731 376 se
749 353 808 381 cst;
829 349 867 376 sic
880 348 955 375 enim
972 351 1015 374 est
1029 347 1073 374 in-

284 395 540 430 comprehensibilis
563 395 708 427 universae,
722 399 825 429 quanta
846 397 899 426 est,
918 396 1071 423 creaturae;

283 441 332 467 sed
346 441 373 467 in
386 444 519 475 quantum
534 444 614 475 aptus
627 444 655 467 et
668 447 752 474 capax
765 443 808 467 est
819 439 912 466 homo.
924 438 1071 471 Postquam

282 493 350 513 vero
366 487 456 513 anima
473 486 501 513 in
526 485 657 521 quopiam
683 485 840 517 oﬂ‘cnderit,
868 482 1073 518 transgrediens

282 531 410 559 ordinem
431 532 565 563 divinum,
586 539 618 559 ac
640 531 688 558 Dei
705 531 834 566 spiritum
855 528 1070 560 contristaverit,

281 575 394 610 ejicitur
413 580 441 603 et
460 579 619 611 segregatur
631 583 646 602 a
660 574 797 609 spirituali
817 572 913 600 laetitia
927 579 1015 603 mens,
1030 570 1072 597 di-

281 621 347 649 vina
362 621 473 656 quidem
493 621 594 656 gratia,
617 624 646 648 et
669 620 804 647 charitate
830 618 916 650 omni,
933 622 961 644 et
975 623 1072 651 opera-

283 666 358 694 tione
374 666 495 701 Spirilus
509 673 569 694 sese
582 665 828 695 contrahentibus:
850 664 924 697 lapsa
945 661 972 689 in
994 660 1071 688 defe-

283 717 358 740 ctum
373 713 462 739 anima
475 711 670 739 afﬂictionibus
681 710 802 742 interim,
816 713 844 737 et
859 707 1069 739 tentationihus,

283 763 312 787 et
338 759 519 793 malignorum
548 758 696 792 spirituum
722 755 924 786 venationibus,
948 753 1068 786 tradita;

282 803 373 838 quoad
389 811 484 830 rursus
506 809 580 830 reete
603 803 659 838 jam
679 802 833 833 ambulans,
859 800 950 827 denuo
977 807 1006 827 se
1035 799 1069 826 ad

282 849 400 884 Spiritus
433 848 634 882 beneplacitum
662 846 849 882 adaptaverit;
875 844 974 872 deinde
994 843 1069 871 velut

1127 257 1388 292 συνεφαπτομένης·
1404 258 1506 284 ὲνοικεῖ
1521 257 1550 284 δι
1570 258 1601 284 οὐ
1623 258 1685 285 καθ’
1700 258 1715 284 ὃ
1729 259 1820 284 ἐστιν·
1837 257 1910 292 ἀχώ.

1126 311 1208 338 ρητος
1224 301 1278 336 γὰρ
1289 302 1337 328 καὶ
1352 302 1420 338 αὐτῇ
1438 302 1513 338 πάσῃ
1526 303 1559 338 τῇ
1576 303 1681 330 κτίσει·
1695 302 1764 330 ἀλλά
1776 302 1838 330 καθ’
1848 303 1910 330 ὅσον

1122 348 1188 382 γοῦν
1214 347 1374 382 ἐπιτηδείως
1406 347 1462 382 ἔχει
1487 348 1536 375 καὶ
1558 348 1692 380 δεκτικῶς
1716 348 1731 375 ό
1753 347 1909 383 ἄνθρωπος·

1123 393 1235 420 ἐπειδὰν
1250 393 1279 420 δέ
1290 402 1315 420 τι
1332 395 1500 429 παρατραπῇ
1516 394 1565 428 τῆς
1580 393 1619 428 τῷ
1638 393 1699 428 Θεῷ
1714 394 1785 420 κατά
1796 393 1911 427 γνώμην

1122 439 1274 473 διαγωγῆς,
1285 439 1332 466 καὶ
1345 438 1376 465 τὸ
1398 438 1470 465 θεῖον
1482 438 1596 474 Πνεῦμα
1608 439 1767 475 λυπήσειεν,
1781 438 1910 465 ὲκσάλλι-

1121 493 1167 512 ται
1190 485 1238 511 καὶ
1260 484 1421 520 ἀφορίζεται
1436 484 1487 519 τῆς
1507 485 1697 520 πνευματικῆς
1715 484 1884 520 εὐφροσύνης
1896 484 1911 510 ὀ

1122 530 1262 566 νοῦςιτῆς
1288 530 1337 566 μὲν
1358 530 1433 562 θείας
1453 529 1566 565 χάριτος
1588 531 1635 556 καὶ
1656 530 1706 565 τῆς
1727 529 1847 564 ἀγάπης,
1863 529 1910 556 καὶ

1122 576 1212 610 πάσης
1228 575 1279 610 τῆς
1290 575 1396 610 ἀγαθῆς
1409 575 1457 601 τοῦ
1469 574 1627 610 Πνεύματος
1643 574 1783 610 δνεργείας
1799 574 1909 602 συστελ-

1121 620 1238 656 λομένης
1248 628 1255 636 ·
1274 620 1381 647 ἐκείνου
1395 620 1423 647 δὲ
1441 619 1548 655 θλίψισι
1567 628 1597 646 τε
1612 621 1660 647 καὶ
1683 621 1848 657 πειρασμοῖς
1862 619 1909 647 καὶ⁸

1121 667 1251 702 πονηροῖς
1276 667 1415 701 πνεύμασι
1430 667 1663 702 παραδιδομένου·
1683 667 1730 694 καὶ
1755 667 1853 702 μέχρις
1875 667 1908 694 ἂν

1122 712 1204 739 πάλιν
1219 712 1421 747 ὀρθοποδίσειεν
1434 713 1451 747 ἡ
1463 712 1535 747 ψυχὴ
1548 712 1616 748 πρὸς
1628 712 1680 747 τὴν
1691 712 1738 739 τοῦ
1751 712 1909 746 Πνεύματος

1120 758 1300 793 εὐαρέστησιν
1311 764 1318 772 ⁸
1335 755 1394 784 εἷτα
1412 757 1456 784 διὰ
1469 758 1560 793 πάσης
1572 757 1793 793 ἑξομολογήσεώς
1807 765 1837 784 τε
1861 758 1908 784 καὶ

1120 802 1313 834 ταπεινώσεως
1330 802 1380 838 τὴν
1395 803 1538 838 μετάνοιαν
1554 802 1762 838 ὲπιδειξαμένη,
1782 802 1843 829 τότε
1862 803 1908 829 καὶ

1121 846 1198 880 αὖθις
1213 848 1263 883 τῆς
1276 849 1430 884 ἐπισκοπῆς
1453 847 1578 881 ἀξιοῦται
1597 848 1647 882 τῆς
1661 848 1783 883 χάριτος,
1799 848 1847 874 καὶ
1859 847 1908 882 τήν

282 902 332 930 per
346 901 442 921 omnes
455 892 642 920 circumducta
659 890 852 927 pwnitentium
869 889 979 925 gradus,
1003 896 1068 916 con-

1119 895 1244 930 οὐράνιον
1264 893 1435 929 εὐφροσύνην
1461 894 1544 921 πλέον
1564 893 1580 929 ἢ
1606 894 1677 921 κατὰ
1702 893 1812 929 πρῶτον
1838 894 1909 920 ἁπο-

281 939 403 967 fessione
418 946 518 973 nempe
534 943 563 966 et
577 938 778 970 humiliatione,
789 936 949 964 visitatione
963 935 1071 962 tandem

283 985 383 1012 iterum
401 984 496 1020 gratia:
520 984 635 1016 beatur;
655 983 722 1018 quin
737 981 767 1009 et
784 981 904 1009 caelestis
915 980 1071 1008 uberiorem

282 1030 421 1058 interdum
442 1032 599 1057 mensuram
619 1029 720 1056 laetitia
735 1027 850 1062 recipit.~
859 1026 936 1060 Quod
959 1026 982 1054 si
998 1026 1071 1053 nulla

283 1077 310 1103 in
334 1083 363 1103 re
386 1075 517 1110 Spiritum
533 1074 748 1106 contristaverit,
759 1073 806 1101 sed
827 1073 903 1108 juxta
925 1073 974 1100 Dei
988 1072 1072 1099 bene-

281 1121 412 1157 placitum
431 1120 539 1153 vixerit,
552 1120 661 1148 cunctis
681 1119 774 1154 pravis
793 1118 1005 1153 cogitationibus
1020 1125 1067 1145 va-

280 1168 336 1196 lide
368 1167 508 1199 resistens,
537 1167 707 1201 Dominoque
740 1164 875 1192 indivulse
904 1163 1067 1198 adhaerens;

281 1213 344 1241 talis
359 1212 459 1240 merito
471 1219 503 1240 ac
524 1216 727 1247 consequenter
744 1218 886 1246 nunquam
912 1211 1068 1245 interrupto

281 1264 363 1286 auctu
387 1258 496 1293 prolicit
511 1258 613 1290 anima,
638 1256 772 1291 doniSque
788 1255 974 1283 inetl‘abilibus
987 1255 1067 1290 207

280 1304 445 1337 instruitur;
466 1311 517 1331 nec
539 1311 596 1330 non
609 1310 624 1329 a
641 1302 727 1338 gloria
752 1302 780 1329 in
804 1301 929 1337 gloriam,
943 1309 959 1328 a
973 1301 1068 1335 quiete

280 1352 309 1380 in
337 1352 529 1388 perfectiorem
553 1351 674 1387 quietem
691 1351 883 1378 transferetur.
900 1348 1023 1383 Denique
1039 1353 1067 1376 et

1120 939 1264 975 λαμϐάνει.
1285 940 1317 966 Εί
1331 939 1359 966 δὲ
1376 939 1445 975 πρὸς
1457 939 1542 974 μηδὲν
1565 939 1597 966 τδ
1617 938 1731 974 Πνεῦμα
1748 939 1906 974 λυπήσειεν,

1120 986 1177 1013 ἀλλ’
1193 986 1235 1020 είη
1248 985 1323 1018 ζῶσά
1335 994 1364 1012 τε
1380 985 1547 1020 εὐαρέστως,
1559 985 1608 1013 καὶ
1619 985 1761 1020 λογισμοῖς
1778 986 1828 1020 μὲν
1839 985 1908 1012 πᾶσι

1121 1032 1249 1066 πονηροῖς
1275 1031 1500 1067 ἀντιταττομένη,
1520 1031 1558 1066 τῷ
1585 1031 1681 1067 Κυρίῳ
1705 1031 1733 1058 δὲ
1749 1031 1908 1066 κολλωμένη

1121 1076 1311 1111 διαπαντὸς,ή
1332 1076 1444 1111 τοιαύτη
1470 1075 1583 1107 δικαίως
1604 1076 1658 1110 ἀρα
1682 1075 1731 1103 καὶ
1750 1075 1907 1106 ἀκολούθως

1121 1122 1270 1157 προκόπτει
1286 1121 1369 1157 ψυχὴ,
1388 1122 1436 1149 καὶ
1452 1121 1562 1157 δωρεῶν
1576 1121 1688 1155 ἀφάτων
1701 1121 1835 1154 ἀξιοῦται,
1853 1121 1909 1147 ἀπὸ

1120 1168 1200 1203 δόξης
1210 1169 1250 1200 είς
1261 1168 1351 1201 δόξαν,
1365 1169 1413 1194 καὶ
1424 1167 1479 1195 ἀπὸ
1490 1168 1671 1199 ἀναπαύσεως
1684 1168 1724 1199 είς
1733 1167 1905 1202 τελειοτέραν

1121 1214 1276 1241 ἀνάπαυσιν
1297 1213 1485 1248 μετατίθεται.
1504 1210 1571 1240 Εἶτα
1583 1214 1631 1240 καὶ
1645 1214 1685 1244 είς
1697 1213 1728 1240 τὺ
1744 1213 1847 1240 τέλειον
1858 1211 1908 1239 τοῦ

1120 1259 1336 1296 Χριστιανισμοῦ
1351 1258 1449 1295 μέτρον
1461 1259 1627 1295 ἀφικομένη,
1637 1261 1694 1291 τοῖς
1704 1259 1817 1290 τελείοις
1826 1259 1909 1294 ἐργά-

1119 1314 1190 1336 ταις,
1215 1305 1263 1331 καὶ
1293 1305 1349 1336 τοῖς
1372 1304 1498 1340 ἀμώμοις
1523 1304 1570 1331 τοῦ
1596 1304 1716 1340 Χριστοῦ
1742 1304 1909 1338 λειτουργοῖς

1120 1349 1191 1376 κατά
1205 1349 1255 1385 τὴν
1267 1348 1376 1376 αἰώνιον
1392 1349 1474 1375 αὑτοῦ
1491 1350 1689 1385 συνταγήσεται
1706 1348 1855 1385 βασιλείαν.

281 1407 368 1436 usque
390 1399 422 1428 ad
449 1405 692 1435 supremumque
717 1397 869 1433 perducere
892 1396 1117 1425 Christianismus
1129 1397 1270 1425 hominem
1292 1401 1392 1433 potest,
1417 1397 1595 1432 perfectionis
1621 1398 1726 1432 apicem
1749 1403 1906 1432 progressa,

279 1448 412 1483 perfectis
427 1446 571 1483 operariis,
593 1450 621 1472 et
640 1445 785 1479 inculpatis
800 1444 904 1472 Christi
933 1443 1065 1471 ministris
1084 1444 1112 1472 in
1129 1449 1234 1472 aeterno
1247 1452 1333 1480 regno
1347 1443 1521 1480 adjtmgetur.

316 1493 412 1521 XXIX.
430 1493 491 1520 iltec
507 1500 568 1527 quas
589 1491 717 1518 videmus
736 1491 762 1518 in
785 1490 867 1526 paulo
884 1495 947 1517 ante
963 1497 1066 1517 memo-

281 1544 342 1566 rato
355 1546 495 1566 sacrorum
513 1538 578 1570 ritu,
595 1537 696 1572 ﬁguras
707 1544 768 1563 esse
782 1540 847 1570 puta
859 1540 887 1563 et
899 1536 1009 1562 umbras
1020 1542 1067 1562 oc-

281 1586 430 1612 cultorum.
454 1583 596 1617 Templum
620 1585 685 1616 puta
708 1581 827 1613 visibile,
848 1580 959 1613 cordis;
975 1588 1067 1608 saccr-
1081 1597 1103 1627 Ο

280 1631 384 1662 dotem,
399 1628 455 1656 veri
468 1626 619 1655 sacerdotis
634 1626 737 1654 Christi
755 1625 871 1661 gratiam
885 1634 892 1652 :
909 1630 937 1653 et
949 1625 989 1653 sic
1003 1633 1068 1660 por-

281 1682 323 1702 ro.
341 1674 376 1702 Ut
398 1674 481 1709 igitur
511 1673 539 1700 in
557 1671 679 1699 Ecclesia
704 1671 806 1698 visibi‘li
829 1670 882 1698 nisi
901 1671 978 1705 prius
1003 1669 1069 1697 [iant

281 1728 366 1749 sacrae
389 1721 532 1752 lectiones,
547 1723 576 1746 et
597 1725 658 1754 qua:
685 1722 784 1745 caetera
806 1725 912 1745 canone
939 1717 1069 1744 ecclesia-

281 1768 351 1795 stico
376 1765 507 1801 consequi
537 1765 650 1796 debent,
667 1763 828 1799 procedant.
855 1763 1013 1798 psalmodiae
1041 1767 1069 1790 et

281 1821 388 1841 sacrum
417 1813 507 1847 ipsum
532 1810 692 1846 mysterium
723 1809 850 1844 corporis
872 1813 900 1836 et
927 1808 1069 1844 sanguinis

279 1859 381 1888 Christi
407 1857 499 1894 peragi
523 1865 538 1884 a
560 1856 714 1887 sacerdote,
728 1855 931 1890 inconsequens
951 1859 1003 1883 est.
1019 1855 1067 1884 Vi-

279 1907 372 1935 cissim
395 1910 498 1936 autem,
519 1903 542 1931 si
565 1903 609 1930 vel
628 1901 743 1930 maxime
766 1901 968 1929 ecclesiasticus
981 1908 1068 1928 canon

279 1953 406 1987 expletus
423 1949 517 1981 fuerit,
540 1947 643 1975 oblatio
668 1951 759 1974 autem
790 1946 906 1981 mystica
926 1953 981 1973 non
995 1946 1068 1973 cele-

279 1997 375 2024 bretur
390 1994 568 2025 asaccrdote,
592 1999 643 2019 nec
670 1990 836 2018 eucharistia
859 1995 887 2017 et
911 1991 1069 2018 communio

280 2041 405 2076 corporis
420 2039 522 2068 Christi
538 2037 757 2069 administretur,
779 2035 851 2062 haud
877 2035 998 2070 perfecte
1022 2035 1069 2063 ab-

280 2087 396 2114 soivitur
410 2084 659 2112 ecclesiasticarum
683 2081 910 2108 caeremoniarum
937 2080 1016 2113 ordo,
1040 2085 1069 2108 et

279 2138 394 2158 mancus
412 2129 583 2162 mutilusque
600 2126 648 2154 Dei
671 2126 763 2153 cultus
785 2133 817 2152 ac
838 2125 933 2159 religio
948 2130 1000 2152 est.
1023 2125 1069 2154 Sic

279 2175 348 2203 mihi
364 2179 393 2202 tu
413 2174 446 2201 de
457 2173 614 2201 Christiano
624 2170 748 2205 quolibet
761 2170 859 2204 cogita.
873 2169 899 2196 Si
911 2170 985 2196 enim
1003 2169 1026 2197 is
1040 2171 1068 2197 in

277 2220 384 2258 jejunio
398 2218 510 2255 quidem
523 2222 550 2245 et
567 2215 670 2251 vigilia,
690 2219 718 2242 et
740 2214 768 2241 in
792 2213 944 2248 psalmodia
964 2214 1029 2240 item
1041 2220 1069 2243 et

1156 1489 1220 1517 KO’.
1238 1490 1278 1516 Τά
1303 1490 1457 1525 φαινόμενα
1480 1490 1567 1517 ταῦτα
1595 1489 1698 1522 τύπους
1712 1489 1769 1517 οίου
1794 1498 1840 1525 μοι
1861 1490 1909 1517 καὶ

1121 1535 1200 1567 σκιὰς
1223 1536 1277 1562 τῶν
1291 1537 1416 1572 κρυφίων
1436 1534 1523 1563 εἶναι·
1542 1536 1587 1563 τδν
1610 1536 1674 1564 ναὸν
1698 1536 1744 1563 τὸν
1768 1536 1909 1572 ὁρώμενον

1120 1581 1166 1608 τοῦ
1182 1581 1231 1616 τῆς
1244 1582 1357 1618 καρδίας
1370 1582 1445 1614 ναοῦ,
1461 1582 1507 1609 τὸν
1518 1582 1603 1618 ἱερέα,
1613 1581 1660 1608 τοῦ
1673 1581 1799 1617 ἀληθινοῦ
1813 1582 1910 1616 ίερέως

1117 1627 1167 1663 τῆς
1181 1627 1228 1654 τοῦ
1244 1627 1364 1660 Χριστοῦ
1374 1628 1485 1663 χάριτος
1494 1636 1502 1645 ε
1518 1628 1565 1654 καὶ
1576 1627 1673 1662 ἑφεξῆς
1685 1627 1780 1658 οὕτως.
1800 1627 1909 1659 Ὥσπερ

1118 1670 1165 1699 οὖν
1180 1673 1251 1700 κατὰ
1267 1673 1348 1709 τήνδε
1364 1674 1413 1709 τὴν
1425 1673 1526 1709 ὀρατὴν
1547 1673 1718 1708 Ἐκκλησίαν,
1737 1672 1771 1699 ἀν
1786 1673 1823 1707 μὴ
1838 1673 1909 1707 πρό-

1118 1727 1196 1753 τερον
1209 1719 1237 1745 αι
1251 1718 1434 1753 ἀναγνώσεις.
1450 1719 1478 1747 at
1489 1719 1645 1755 ψαλμῳδίαι
1660 1726 1691 1746 τε
1706 1718 1755 1745 καὶ
1773 1719 1816 1750 τίς
1832 1721 1908 1746 ἐστιν

1118 1763 1265 1791 ἀκολουθία
1287 1765 1335 1792 τοῦ
1359 1763 1586 1801 ἑκκλησιαστικοῦ
1619 1764 1736 1800 βαθμοῦ,
1760 1765 1909 1800 προχωρή-

1122 1816 1205 1842 σειεν,
1225 1809 1292 1836 αὐτὸ
1307 1809 1338 1836 τὺ
1354 1809 1426 1836 θεῖον
1445 1811 1596 1845 μυστήριον
1605 1809 1653 1836 τοῦ
1670 1809 1799 1844 σώματός
1815 1818 1845 1836 τε
1858 1811 1908 1837 καὶ

1119 1855 1235 1889 αἵματος
1258 1854 1306 1882 τοῦ
1322 1855 1442 1890 Χριστοῦ
1465 1856 1510 1882 τδν
1534 1855 1608 1890 ἱερέα
1625 1855 1760 1882 ἐπιτελεῖν
1774 1856 1824 1881 οὐκ
1840 1855 1907 1882 ἀκό-

1119 1898 1224 1926 λουθον.
1247 1897 1312 1926 Εἶτα
1329 1899 1383 1926 κᾶν
1405 1899 1459 1931 πᾶς
1476 1899 1526 1934 μὲν
1540 1899 1554 1925 ὸ
1576 1899 1802 1935 ὲκκλησιαστικὸς
1816 1899 1907 1926 κανὼν

1119 1944 1267 1979 ἑπιτεθείη,
1293 1946 1310 1979 ἡ
1336 1945 1453 1981 μυστικὴ
1476 1945 1505 1971 δὲ
1528 1946 1577 1979 τῆς
1603 1946 1760 1980 προσφορᾶς
1786 1946 1839 1972 ὑπὸ
1858 1946 1907 1972 τοῦ

1121 1990 1216 2024 ἱερέως
1230 1990 1398 2026 εὐχαριστία,
1418 1991 1466 2017 καὶ
1485 1991 1502 2026 ἡ
1519 1991 1646 2017 κοινωνία
1655 1990 1701 2017 τοῦ
1717 1990 1842 2026 σώματος
1857 1990 1906 2018 τοῦ

1118 2036 1237 2071 Χριστοῦ
1262 2036 1300 2071 μὴ
1315 2037 1438 2071 γένηται,
1463 2036 1526 2063 οὗτε
1542 2037 1557 2063 6
1578 2037 1802 2072 ἐκκλησιαστικδς
1817 2037 1908 2068 ὲτελε·

1120 2079 1270 2116 σιουργήθη
1284 2080 1395 2115 θεσμὸς,
1417 2081 1465 2108 καὶ
1483 2081 1595 2117 ἐλλιπής
1608 2081 1682 2108 ἐστιν
1696 2082 1713 2116 ἡ
1727 2081 1839 2116 λατρεία
1856 2081 1906 2109 τοῦ

1121 2125 1289 2161 μυστηρίου·
1309 2125 1380 2152 οὕτω
1398 2134 1443 2160 μοι
1464 2126 1512 2153 καὶ
1526 2126 1561 2152 τὰ
1583 2126 1633 2152 τοῦ
1654 2125 1818 2161 Χριστιανοῦ
1830 2126 1904 2152 νόει·

1119 2170 1153 2198 ἂν
1169 2170 1222 2205 γὰρ
1238 2171 1365 2205 νηστείαν
1383 2170 1433 2206 μὲν
1448 2171 1495 2198 καὶ
1508 2171 1662 2206 ἀγρυπνίαν
1674 2171 1722 2198 καὶ
1732 2170 1905 2206 ψαλμῳδίαν,

1118 2216 1182 2252 ὅλην
1197 2225 1226 2243 τε
1241 2216 1358 2251 ἄσκησιν
1372 2217 1419 2243 καὶ
1434 2217 1535 2252 ἀρετὴν
1548 2218 1640 2244 πᾶσαν
1656 2216 1837 2252 κατορθωκὼς
1849 2217 1904 2251 εἴη·

281 2267 310 2295 ἰη
335 2265 443 2294 cunctis
464 2263 560 2291 ofﬁciis
577 2262 710 2289 virtutum
736 2260 927 2287 universarum
946 2260 1019 2287 omni
1036 2267 1066 2288 se

1119 2262 1135 2297 ἡ
1149 2262 1268 2298 μυστικὴ
1280 2262 1308 2289 δὲ
1321 2263 1368 2289 τοῦ
1388 2263 1547 2299 Πνεύματος
1563 2263 1689 2298 ἐνέργεια
1702 2263 1741 2298 τῷ
1755 2263 1906 2298 θυσιαστηο

280 2313 423 2348 diligentia
437 2309 593 2339 exercuerit
607 2317 613 2335 :
630 2314 681 2335 nec
699 2311 788 2334 tamen
801 2312 835 2332 eo
847 2312 966 2339 unquam
983 2305 1066 2339 proﬁ-

281 2357 542 2396 ciendo_pertingat,
559 2358 590 2381 ut
610 2352 724 2387 mystica
748 2351 868 2386 Spiritus
890 2350 1014 2385 operatio
1036 2350 1064 2377 in

279 2404 359 2432 altari
382 2403 473 2431 cordis
492 2402 552 2437 ejus
574 2408 589 2427 a
611 2398 697 2434 gratia
721 2404 784 2425 cum
806 2403 888 2423 sensu
914 2396 1022 2428 intimo,
1037 2399 1065 2423 et

279 2452 371 2479 onmis
390 2449 542 2485 spiritualis
567 2445 666 2482 quietis
693 2452 794 2472 arcana
814 2443 981 2478 experientia
1001 2451 1064 2478 per-

280 2501 385 2531 agatur,
400 2493 558 2530 imperfecta
576 2491 660 2519 fuerit
675 2493 730 2517 tota
749 2489 795 2516 illa
813 2487 972 2523 praecedens
981 2488 1067 2516 series

1118 2307 1169 2343 ρίῳ
1181 2308 1232 2342 τῆς
1246 2308 1329 2335 αὑτοῦ
1345 2309 1461 2344 καρδίας
1475 2309 1527 2336 ὑπὸ
1542 2311 1593 2344 τῆς
1603 2309 1713 2344 χάριτος
1728 2308 1789 2336 κατ’
1802 2308 1885 2343 αίσθη
1894 2322 1904 2328 -

1116 2360 1159 2379 σιν
1176 2353 1266 2379 πᾶσαν
1285 2354 1331 2380 καὶ
1356 2355 1547 2390 πνευματικὴν
1571 2355 1727 2382 ἀνάπαυσιν
1743 2354 1781 2389 μὴ
1796 2346 1905 2380 ⁸ἐπιτε-

1115 2398 1197 2432 λοῖτο,
1212 2399 1311 2435 ἀτελὴς
1323 2400 1339 2436 ἡ
1355 2400 1444 2427 τοιάδε
1459 2401 1533 2427 πᾶσα
1544 2400 1594 2435 τῆς
1605 2401 1748 2435 ἀσκήσεως
1758 2399 1906 2426 ἀκολουθία

1115 2445 1163 2471 καὶ
1185 2445 1279 2480 σχεδὸν
1304 2446 1387 2481 ἀργὴ,
1411 2446 1459 2472 οὑκ
1482 2446 1583 2480 ἔχουσα
1606 2445 1654 2480 τὴν
1675 2445 1722 2472 τοῦ
1745 2444 1905 2479 Πνεύματος

1117 2490 1278 2523 ἀγαλλίασιν
1290 2492 1429 2527 μυστικῶς
1443 2492 1471 2518 εν
1487 2493 1520 2526 τῇ
1535 2491 1635 2526 καρδίᾳ
1648 2491 1857 2526 ἐνεργουμένην.

279 2543 468 2577 religiosarum
490 2537 724 2568 observationem.
740 2538 770 2562 et
798 2533 885 2561 ferme
902 2533 1007 2560 inutilis
1041 2541 1097 2561 non
1115 2534 1220 2563 habens
1240 2536 1451 2565 exsultatiOnem
1466 2537 1648 2575 spirituaiem,
1664 2543 1763 2564 arcane
1779 2536 1808 2563 in
1821 2535 1905 2563 corde

278 2590 451 2625 productam.

313 2634 398 2664 XXX.
421 2630 525 2660 Bonum
545 2635 588 2659 est
608 2629 754 2666 jejunium,
775 2628 847 2655 bona
868 2627 970 2662 vigilia.
990 2627 1062 2655 bona

278 2675 407 2708 similiter
414 2679 504 2706 omnis
512 2676 684 2709 exercitatio,
692 2679 721 2702 et
731 2674 786 2701 vita
795 2680 908 2708 peregre
922 2672 1062 2706 traducta;

278 2731 407 2753 extorum
431 2725 489 2751 haec
503 2722 635 2758 prooemia
650 2724 715 2749 sunt
729 2724 817 2747 status
831 2723 859 2746 et
873 2718 1061 2745 conversatio-

278 2772 322 2798 nis
334 2771 419 2798 Deum
435 2777 499 2797 vere
515 2769 683 2801 amantium;
707 2766 780 2794 unde
802 2764 987 2792 inconsultum
1000 2771 1063 2798 pro-

278 2819 350 2845 tecto
357 2821 400 2844 est
414 2816 448 2843 iis
462 2822 626 2851 magnopere
637 2813 785 2841 conlidere.
798 2811 845 2838 Est
854 2811 941 2843 enim,
952 2810 1062 2845 quando

278 2862 371 2898 gratiae
392 2861 533 2897 cujusdam
548 2859 697 2896 participes
710 2858 808 2886 ﬁamus
820 2865 827 2883 :
841 2860 868 2883 et
886 2860 943 2883 tum
959 2855 1062 2883 malitia

1147 2627 1187 2654 A'.
1212 2626 1301 2654 Καλὸν
1327 2628 1343 2663 ἡ
1363 2628 1484 2664 νηστεία,
1510 2629 1592 2656 καλὸν
1616 2629 1634 2664 ή
1648 2627 1797 2664 ἀγρυπνία,
1815 2627 1905 2656 οκαλδν

1094 2673 1212 2708 ’ὁμοίως
1230 2673 1386 2708 ήᾶσκησις,
1409 2675 1456 2701 καὶ
1476 2675 1492 2709 ἡ
1516 2675 1563 2701 ἐπὶ
1585 2674 1666 2709 ξένης
1691 2675 1834 2710 διαγωγή·
1858 2675 1905 2700 καὶ

1116 2717 1249 2752 προοίμια
1265 2718 1352 2745 ταῦτα
1370 2718 1508 2750 πολιτείας
1525 2719 1665 2753 θεοφιλοῦς
1680 2727 1687 2735 ·
1713 2719 1855 2753 ἀλόγιστον
1873 2717 1904 2744 δὲ

1116 2763 1236 2799 ἀτεχνῶς
1250 2763 1280 2790 τὺ
1292 2764 1387 2796 άπλῶς
1404 2766 1460 2796 τοῖς
1483 2765 1615 2797 τοιούτοις
1633 2765 1803 2802 ὲπιθιρρεἶν.
1823 2763 1904 2797 Ἔτει

1116 2809 1170 2844 γὰρ
1184 2810 1227 2835 ὅτε
1243 2810 1290 2836 καὶ
1308 2810 1420 2845 χάριτός
1435 2819 1508 2843 τινος
1523 2811 1553 2838 ὲν
1573 2814 1674 2847 μετοχῇ
1696 2809 1883 2845 καθιστάμεθα
1895 2818 1902 2825 ·

1117 2855 1191 2890 καὶὴ
1207 2856 1291 2882 κακία
1306 2855 1379 2883 ἔνδον
1402 2856 1610 2893 ὑποκαθημένη,
1638 2857 1766 2892 καθάπερ
1794 2857 1822 2883 ἑν
1846 2856 1902 2885 τοῖς
