2075 3155
195 174 256 210 ,933

793 175 909 208 LIBER
928 176 976 206 DE
996 176 1222 208 CEARITATE.

1766 174 1817 207 θοι

205 229 262 255 ἀνω
275 227 410 260 λέλεκται,
434 227 573 262 σοφίζεται
596 227 644 256 καὶ
669 227 939 264 ὺποχωρεῖ,ἐκοῦσα,
956 229 987 255 οὺ

1041 228 1114 257 intus
1126 230 1155 257 in
1168 229 1250 258 nobis
1264 229 1409 258 subsidens
1432 229 1526 266 (prout
1548 227 1676 264 superius
1693 231 1736 257 est
1760 236 1819 256 me-

207 273 324 308 πράττει
338 272 373 299 τὰ
395 273 496 307 ἑαυτῆς
510 281 517 288 ·
534 273 602 300 ἀλλά
617 274 692 299 ποιεῖ
702 273 813 310 νομίσαι
826 273 873 300 τδν
887 273 988 309 ἀνθρω-

207 327 269 351 πον,
287 317 501 353 διακεκαθάρθαι
516 318 562 344 τὸν
577 317 639 345 νοῦν
652 325 659 334 ’
679 318 727 345 καὶ
745 318 776 346 τὸ
790 319 882 346 λοιπὸν
895 319 988 353 ἐξάγει

206 364 274 398 πρὸς
291 363 379 398 οἴησιν
391 363 573 398 τελειότητος.
590 360 658 390 Εἶτα
671 363 826 399 λῃστρικῶν
838 364 988 391 ἐπιτίθεται

205 409 252 435 καὶ
263 408 318 435 τῶν
335 409 498 435 κατωτάτων
513 409 577 443 ἀχρι
589 409 737 444 καταφέρει
750 410 799 444 τῆς
813 409 876 444 γῆς.
892 409 924 435 Ui.
935 409 989 445 γὰρ

204 452 343 488 ἄνθρωποι
372 452 502 483 πολλάκις
528 452 629 479 εἴκοσιν
653 453 700 489 ἐτη
732 453 872 488 γενόμενοι
891 453 988 489 λῃσταί

206 507 279 530 τινες
289 498 306 533 ἢ
321 497 489 532 στρατιῶται
502 498 532 524 τὸ
545 498 727 533 ἐπιτήδευμα,
743 498 867 534 μηχανάς
877 507 907 525 τε
919 499 990 526 κατὰ

206 544 260 571 τῶν
282 543 419 578 πολεμίων
445 543 616 575 ἐπίστανται,
633 544 820 579 ὑποκάθηνταί
835 553 864 571 τε
883 545 931 571 καὶ
950 544 991 571 ἐν·

207 587 287 623 έδρας
309 588 455 620 ἐπινοοῦσι,
472 589 518 614 καὶ.
540 589 573 615 τὰ
588 589 643 615 τῶν
674 589 779 624 ἐχθρῶν
805 589 990 625 λαμϐάνουσιν

206 629 274 664 ὦτα,
286 634 333 660 καὶ
346 634 496 660 κτείνουσιν
507 633 676 666 ἀνελπίστως
692 635 894 670 περιϐαλόντες.
911 635 989 671 Πόσῳ

207 688 238 714 γε
255 679 354 714 μᾶλλον
369 680 386 715 ὴ
407 679 490 706 κακία
505 679 640 714 τοσαύτας
657 679 778 715 χιλιάδας
792 680 859 707 ἐτῶν
873 688 990 716 γεγενη-

209 725 288 760 μένη,
309 725 357 752 καὶ
373 724 453 751 τοῦτο
474 725 554 760 ἔργον
565 725 667 760 ἑαυτῆς
679 725 832 761 τεθειμένη,
855 725 885 752 τὺ
908 734 991 752 σπου·

207 770 345 797 δαιότατον
369 770 399 797 τὸ
413 771 523 797 ἀπολεῖν
545 770 645 806 ψυχὰς,
663 771 773 806 ἐνέδρας
794 769 847 798 εἶδε
863 771 990 803 τοιαύτας

208 818 238 844 ἐν
254 816 406 852 ἀποκρύφῳ
416 817 465 852 τῆς
472 817 587 852 καρδίας
598 818 726 849 ἐπινοεῖν,
737 817 865 844 καὶκατὰ
878 817 991 852 καιροὺς

209 865 338 900 ἀτρεμεῖν
357 864 492 899 ἐπίτηδες,
511 865 558 892 καὶ
574 864 611 900 μὴ
634 865 755 900 ἐνεργεῖν
766 872 773 880 ⁸
794 864 864 891 ὥστε
875 864 924 900 τὴν
938 864 991 899 ψυ-

209 910 259 946 χὴν
284 910 396 937 ὲλκῦσαι
420 910 488 946 πρὸς
513 911 601 946 οῖησιν
632 911 816 947 τελειότητος;
842 911 871 938 '0
899 912 991 946 μέντοι

209 956 334 990 θεμέλιος
347 955 393 983 τοῦ
407 955 635 991 Χριστιανισμοῦ,
653 956 705 984 κᾶν
717 956 807 988 πάσας
820 965 861 990 τις
875 957 992 994 μετέλθῃ

207 1001 391 1033 δικαιοσύνας,
410 1002 447 1036 μὴ
464 1001 686 1029 ἐπαναπαύεσθαι
705 1002 818 1033 τούτων,
842 1002 909 1036 μηδέ
932 1002 992 1028 ἐπι-

209 1047 332 1083 θαρρεῖν,
346 1047 414 1082 μηδὲ
433 1047 504 1082 μέγα
519 1056 545 1074 τι
559 1047 739 1083 πεποιηκέναι
753 1047 908 1081 λογίζεσθαι
919 1056 927 1064 ·
939 1047 992 1074 κᾶν

211 1093 323 1128 μέτοχος
337 1094 448 1129 χάριτος
459 1095 590 1129 καταστῇ,
606 1093 644 1129 μὴ
657 1087 768 1128 νομίσαι
781 1093 989 1128 κατειληφέναιο

210 1138 278 1172 μηδὲ
291 1139 452 1174 κατακόρως
466 1138 540 1174 ἔχειν
549 1145 556 1154 ο
572 1139 639 1165 ἀλλὰ
653 1139 749 1173 πεινᾷν
773 1137 834 1164 τότε
851 1139 898 1164 καὶ
912 1138 991 1174 διψᾷν

206 1182 246 1214 δὲ,
273 1183 383 1210 πενθεῖν
398 1184 445 1210 καὶ
469 1184 583 1217 κλαίειν,
601 1184 648 1212 καὶ¹
672 1183 906 1219 συντετριμμένην
922 1183 991 1216 ὅλως

207 1227 257 1262 τὴν
268 1228 382 1264 καρδίαν
397 1229 480 1264 ἔχειν.

1038 279 1174 302 moratum
1193 282 1209 302 a
1225 274 1316 309 nobis)
1340 274 1457 302 subdole
1477 274 1532 310 agit
1549 277 1578 301 et
1600 277 1697 310 sponte
1710 280 1739 300 se
1756 273 1821 301 sub-

1039 321 1139 354 trahit;
1154 328 1206 349 nec
1218 324 1359 356 operatur,
1375 328 1436 356 qua:
1459 327 1509 348 sua
1527 324 1602 347 sunt.
1613 318 1667 347 Sed
1681 318 1820 346 hominem

1039 365 1154 398 inducit,
1167 370 1198 393 ut
1209 365 1346 393 existimet
1378 369 1498 393 mentem
1517 372 1593 392 suam
1614 371 1673 391 esse
1690 363 1823 391 emunda-

1039 415 1112 438 tam:
1126 414 1154 438 et
1173 409 1213 438 sic
1226 418 1309 446 porro
1324 410 1439 445 impellit
1454 409 1582 437 eumdem
1600 408 1629 435 in
1643 408 1822 443 perfectionis

1038 457 1254 492 persuasionem.
1279 456 1350 483 Tum
1372 463 1438 482 vero
1459 455 1595 482 latronum
1611 454 1665 481 ritu
1690 454 1718 480 in
1731 453 1821 488 ipsum

1039 503 1103 531 facit
1117 503 1259 538 impetum,
1275 510 1394 538 eumque
1410 503 1437 530 in
1456 501 1548 529 infima
1560 508 1645 535 usque
1660 504 1740 528 terrae
1754 507 1822 535 pra:-

1038 549 1145 584 cipitat.
1164 550 1234 577 Sunt
1254 550 1380 577 homines
1405 548 1532 576 innutriti
1559 547 1716 575 tractationi
1733 554 1824 574 armo-

1040 603 1112 628 rum,
1129 595 1175 630 qui
1190 595 1271 622 annis
1283 594 1379 630 viginti
1399 598 1447 621 aut
1471 593 1627 625 latrocinio,
1649 596 1695 619 aut
1718 592 1823 619 militia;

1039 650 1205 676 assuevere;
1221 642 1322 677 quippe
1347 641 1439 669 sciunt
1460 641 1678 668 machinationes
1699 639 1727 666 in
1739 639 1824 666 rebus

1039 687 1213 715 militaribus.
1235 687 1269 715 Hi
1283 686 1437 718 subsident,
1453 690 1481 714 et
1497 685 1605 713 insidiis
1619 684 1776 724 intendunt,
1791 691 1824 711 ac

1040 733 1159 760 hostium
1176 737 1306 761 avertunt
1316 740 1413 765 aures;
1426 736 1455 759 et
1466 732 1505 759 sic
1522 731 1675 758 insilientes
1684 729 1824 756 trucidant

1039 783 1073 804 ex
1092 777 1251 812 improviso.
1278 777 1386 810 Quanto
1410 777 1496 812 magis
1520 775 1636 808 malitia,
1650 779 1690 802 tot
1705 773 1823 801 millium

1039 828 1185 854 annorum,
1198 826 1226 850 et
1240 830 1309 857 opus
1322 822 1375 849 hoc
1393 821 1526 857 perdendi
1543 821 1647 849 animas
1658 819 1709 848 sibi
1723 826 1825 854 propo-

1041 872 1120 898 nens,
1137 866 1252 893 insidias
1272 866 1380 893 noverit
1397 865 1532 901 ejusmodi
1549 865 1579 892 in
1596 864 1689 892 cordis
1706 863 1824 890 abscon-

1004 896 1028 927 Β
1042 909 1100 937 dito
1114 896 1308 941 comminisci,
1325 913 1354 937 et
1379 896 1548 945 temporibus
1562 907 1725 943 opportunis
1736 907 1770 934 de
1783 906 1826 933 in-

1039 954 1167 982 dustria?
1179 954 1238 982 imo
1252 955 1374 990 quietam
1387 962 1448 982 esse
1467 958 1496 982 et
1510 962 1566 981 non
1583 952 1704 988 operari,
1720 956 1751 979 ut
1763 950 1825 977 ani-

1040 1007 1112 1027 mam
1123 1000 1210 1036 ipsam
1220 1001 1248 1027 in
1260 1001 1465 1035 persuasionem
1477 999 1654 1035 perfectionis
1670 996 1826 1033 pertrahat?

1040 1045 1261 1073 Fundamentum
1290 1046 1383 1081 itaque
1410 1044 1614 1074 Christianismi
1634 1047 1687 1075 est,
1707 1045 1825 1078 quanta-

1040 1099 1149 1127 cunque
1165 1092 1227 1127 quis
1248 1091 1350 1119 obierit
1369 1091 1491 1119 omnium
1507 1090 1595 1118 oilicia
1613 1089 1759 1121 virtutum,
1782 1086 1826 1114 his

1039 1140 1131 1165 tamen
1145 1145 1201 1164 non
1220 1137 1413 1172 acquiescere;
1440 1143 1496 1163 non
1522 1136 1557 1162 iis
1584 1133 1742 1165 conﬁdere;
1769 1138 1826 1158 non

1039 1182 1103 1210 inde
1113 1191 1242 1218 magnum
1255 1183 1322 1218 quid
1343 1191 1373 1210 se
1386 1182 1483 1210 fecisse
1509 1185 1657 1216 reputare;
1671 1185 1761 1214 neque
1777 1177 1825 1204 ubi

1038 1231 1132 1266 gratiae
1151 1232 1290 1266 particeps
1300 1235 1342 1259 est
1357 1231 1456 1263 factus,
1470 1234 1596 1265 repente.
1609 1236 1641 1256 ac
1653 1235 1682 1256 se
1702 1234 1827 1262 compre~

208 1276 337 1303 hendisse
346 1277 473 1304 arbitrari
487 1285 494 1310 ;
511 1277 599 1305 multo
611 1276 702 1305 minus
714 1277 789 1305 velut
800 1277 855 1313 jam
869 1281 994 1306 saturum
1010 1278 1107 1312 otiari;
1121 1279 1188 1315 quin
1206 1283 1265 1306 tum
1288 1278 1375 1314 magis
1397 1277 1503 1309 esurire
1515 1284 1549 1304 ac
1573 1275 1668 1308 sitire;
1683 1273 1777 1309 lugere
1792 1280 1825 1300 ac

208 1323 284 1355 flere,
298 1331 330 1351 ac
341 1324 490 1351 contritum
507 1324 616 1359 penitus
627 1332 676 1352 cor
690 1325 802 1353 habere.

243 1368 307 1396 ΛΝ.
323 1369 386 1395 Νόει
398 1378 442 1404 μοι
456 1371 505 1404 τὴν
518 1370 706 1406 πνευματικὴν
721 1372 889 1399 κατάστασιν
904 1372 991 1404 οὕτως

207 1413 290 1448 ἔχειν.
319 1413 436 1440 ’Υπόθου
459 1413 521 1441 τινὰ
543 1411 613 1441 εἶναι
635 1415 776 1450 βασιλικὸν
790 1414 881 1442 οἷκον·
901 1415 990 1451 τούτῳ

206 1458 236 1486 δὲ
250 1459 333 1490 αὐλὰς
348 1459 455 1486 ὑπεῖναι
469 1459 626 1495 διαφόρους,
651 1461 700 1487 καὶ
725 1460 850 1496 πρόθυρα
866 1469 927 1488 τινα
943 1461 990 1488 καὶ

206 1504 296 1536 οῑκίας
318 1505 402 1537 ἄλλας
422 1505 574 1541 ἐξωτέρας·
599 1506 648 1532 καὶ
669 1505 740 1533 οὕτω
766 1506 848 1533 πάλιν
873 1506 944 1533 κατὰ
959 1506 990 1533 τὸ

207 1550 355 1577 ἀκόλουθον
370 1550 522 1586 ὲνδοτέρας,
540 1552 569 1578 ἐν
582 1549 627 1583 αἷς
641 1551 691 1587 τὴν
705 1552 851 1588 πορφύραν
866 1551 914 1579 καὶ
927 1552 990 1584 τοὺς

207 1594 362 1630 θησαυροὺς
382 1595 456 1627 εἰκὸς
472 1595 646 1623 ἀποκεῖσθαι.
667 1595 734 1623 Εἶτα
755 1597 802 1623 καὶ
825 1597 875 1632 τὴν
889 1597 990 1624 τούτων

206 1637 286 1671 αὖθις
301 1639 450 1675 ἐσωτέραν,
465 1640 532 1667 ὅπου
545 1641 595 1675 τὴν
611 1641 755 1677 βασιλικὴν
766 1639 834 1668 εῖναι
851 1642 991 1677 διαγωγὴν

207 1685 370 1720 ἐπιτήδειον.
390 1686 497 1721 Ὠσπερ
509 1683 556 1713 οὖν
568 1686 597 1712 εῖ
618 1695 661 1718 τις
679 1687 729 1718 τὰς
750 1687 887 1722 ἐξωτέρας
908 1687 991 1718 αὐλάς

206 1739 237 1756 τε
255 1731 303 1757 καὶ
329 1730 414 1765 μονὰς
427 1731 597 1766 ἀπαντήσας,
609 1732 634 1758 εί
651 1731 720 1764 δόξει
736 1732 799 1764 τοὺς
812 1732 886 1759 ένδον
902 1733 992 1764 οῖκους

207 1775 410 1811 κατειληφέναι,
429 1777 619 1812 πεπλάνηται·
644 1777 714 1804 οὕτω
737 1778 770 1813 δὴ
797 1778 845 1804 καὶ
869 1778 940 1805 κατὰ
962 1779 992 1804 τδ

207 1822 393 1857 πνευματικὸν
406 1821 570 1854 ἀκολούθως.
582 1823 615 1849 Ol
632 1823 701 1858 πρὸς
713 1823 835 1858 γαστέρα
852 1823 899 1850 καὶ
909 1823 992 1850 ὕπνον

207 1866 413 1902 διαμαχόμενοι,
427 1867 545 1902 ψαλμοῖς
553 1875 584 1893 τε
597 1867 646 1894 καὶ
660 1867 755 1902 εὒχαῖς
765 1867 896 1902 διηνεκῶς
909 1875 993 1901 προσ-

209 1913 344 1947 κείμενοι,
361 1912 398 1947 μὴ
415 1912 602 1948 νομιζέτωσαν
614 1912 664 1948 ἤδη
688 1911 735 1939 τοῦ
754 1912 848 1944 τέλους
871 1912 919 1938 καὶ
942 1912 992 1947 τῆς

209 1957 406 1990 καταπαύσεως
438 1957 577 1990 ἐπιϐῆναι.
605 1958 710 1990 Πόθεν;
738 1958 798 1984 Ἔτι
824 1957 878 1992 γὰρ
902 1958 993 1990 αὐτοῖς

211 2004 276 2040 περὶ
291 2004 325 2031 τὰ
338 2004 464 2040 πρόθυρα
481 2004 529 2031 καὶ
544 2004 594 2035 τὰς
608 2004 693 2036 αὐλὰς
713 2005 730 2040 ὴ
745 2004 904 2040 ἀναστροφή
915 2012 924 2020 ·
944 2003 993 2039 οὐχ

210 2049 255 2076 ῖνα
267 2048 316 2084 τὴν
335 2049 478 2085 πορφύραν
500 2049 547 2076 καὶ
566 2050 630 2082 τοὺς
654 2049 809 2085 θησαυροὺς
833 2048 993 2079 ὑποκεῖσθαι

210 2094 272 2122 τοὺς
283 2093 437 2129 βασιλικοὺς
452 2093 570 2129 ὑπάρχει
580 2101 587 2108 '
601 2093 652 2120 κᾶν
666 2094 777 2130 χάριτός
787 2102 860 2125 τινος
872 2102 993 2128 πνευμα-

210 2139 290 2174 τικῆς
303 2138 459 2174 ἠξιώθησαν
470 2148 478 2155 ·
490 2139 558 2174 μηδὲ
568 2139 648 2166 τοῦτο
657 2139 738 2166 πάλιν
747 2139 844 2171 αὐτοὺς
853 2139 992 2172 ἀπατάτω,

210 2185 256 2211 τοῦ
264 2185 358 2216 τέλους
367 2186 507 2220 ἐπιτυχεῖν
515 2193 523 2200 ·
533 2186 647 2221 ἐρευνᾷν
659 2183 705 2212 οὗν
713 2185 861 2220 προσῆκεν,
877 2185 901 2211 εί
915 2181 994 2220 εὗρεν

1076 1372 1173 1401 XXXI.
1192 1372 1287 1408 Cogita
1305 1371 1383 1404 mihi,
1407 1371 1449 1399 sic
1472 1377 1502 1402 se
1528 1369 1629 1397 habere
1653 1366 1822 1403 spiritualem

1041 1421 1153 1445 statum.
1169 1418 1253 1453 Finge
1275 1417 1325 1445 tibi
1345 1417 1437 1445 animo
1462 1414 1594 1450 palatium
1623 1412 1759 1448 quoddam
1781 1419 1826 1439 re-

1041 1462 1126 1498 gium,
1138 1463 1208 1490 aulis
1219 1468 1348 1491 constans
1364 1462 1498 1494 diversis;
1513 1468 1545 1488 ac
1563 1459 1699 1487 vestibula
1712 1457 1824 1493 quidem

1042 1508 1179 1543 principio
1203 1513 1320 1541 exstare,
1348 1512 1495 1543 partesque
1525 1505 1678 1533 anteriores
1706 1502 1824 1534 aadium;

1043 1556 1101 1580 tum
1120 1552 1276 1580 introrsum-
1289 1553 1419 1580 continua
1437 1551 1508 1580 sarie
1527 1550 1647 1585 penitius
1667 1547 1827 1575 recedentes

1041 1598 1119 1630 alias,
1143 1598 1170 1626 in
1196 1599 1298 1634 quibus
1312 1602 1340 1626 et
1352 1605 1501 1634 purpuram
1516 1602 1545 1624 et
1566 1596 1709 1623 thesauros
1729 1593 1827 1622 verisi-

1041 1644 1105 1671 mile
1123 1643 1159 1670 sit
1177 1644 1263 1671 latere
1287 1644 1417 1679 reposita.
1439 1642 1543 1670 Deinde
1566 1647 1663 1669 rursus
1689 1643 1750 1675 post
1776 1639 1827 1666 has

1041 1690 1132 1718 adhuc
1143 1690 1274 1717 interiora
1288 1690 1371 1724 208
1383 1689 1543 1716 conclavia:
1567 1687 1614 1715 ubi
1631 1687 1765 1715 diversari
1779 1693 1828 1714 rex

1042 1735 1100 1771 ipse
1115 1736 1246 1763 creditur.
1260 1736 1296 1764 Ut
1311 1735 1395 1770 igitur
1411 1734 1434 1761 si
1448 1734 1584 1769 quispiam
1605 1732 1760 1760 istiusmodi
1778 1739 1827 1759 ex-

1043 1778 1122 1805 timas
1140 1782 1244 1805 tantum
1263 1778 1395 1813 quasdam
1415 1777 1487 1804 forte
1507 1777 1648 1811 ingressus
1660 1775 1828 1806 mansiones.

1041 1824 1212 1851 existimaret
1226 1831 1256 1851 se
1269 1824 1327 1859 ipsa
1337 1824 1391 1859 jam
1406 1823 1557 1858 penetralia
1575 1821 1707 1850 domicilii
1724 1826 1827 1854 tenere,

1042 1870 1221 1898 vehementer
1232 1873 1355 1898 erraret:
1372 1869 1410 1897 ita
1433 1869 1462 1896 in
1482 1869 1566 1896 rebus
1590 1867 1782 1903 spiritualihus
1797 1874 1829 1894 se

1042 1923 1086 1943 res
1103 1916 1205 1949 habet;
1221 1915 1268 1951 qui
1286 1915 1388 1943 bellum
1404 1914 1494 1942 ventri
1507 1918 1536 1941 et
1553 1921 1649 1942 somno
1667 1913 1827 1945 inferentes,

1043 1961 1072 1988 in
1091 1961 1259 1996 psalmorum
1276 1968 1387 1996 quoque
1409 1959 1613 1992 decantatione,
1635 1963 1664 1986 et
1682 1958 1828 1986 continua-

1044 2006 1119 2034 tione
1134 2013 1248 2041 precum
1263 2008 1450 2041 perseverant,
1462 2012 1497 2032 ne
1513 2008 1609 2039 putent
1626 2011 1656 2031 se
1670 2002 1830 2038 pervenisse

1041 2051 1098 2086 jam
1113 2051 1147 2079 ad
1164 2055 1276 2084 metam,
1291 2058 1323 2080 ac
1336 2050 1437 2085 quietis
1451 2050 1621 2078 inscendisse
1636 2049 1736 2077 cubile.
1751 2048 1830 2077 Unde

1043 2098 1117 2126 enim
1137 2098 1196 2125 haec
1217 2098 1377 2133 persuasio?
1390 2097 1487 2125 Adhuc
1505 2103 1601 2124 eorum
1618 2096 1645 2123 in
1659 2095 1830 2130 primoribus

1044 2143 1199 2179 porticibus
1219 2147 1247 2170 et
1260 2142 1334 2170 circa
1357 2143 1434 2170 aulas
1454 2142 1539 2169 haeret
1556 2140 1745 2173 conversatio;
1759 2148 1829 2167 non-

1045 2189 1111 2216 dum
1127 2189 1174 2216 ubi
1190 2196 1311 2224 purpura
1334 2193 1363 2216 et
1387 2188 1510 2216 thesauri
1525 2187 1591 2223 regii
1613 2191 1677 2214 sunt
1697 2186 1829 2221 repositi;

211 2231 240 2257 tv
263 2231 302 2266 τῷ
321 2230 475 2266 ὀστρακίνῳ
500 2231 587 2266 τούτῳ
613 2231 705 2258 σκεύει
726 2231 772 2258 τὸν
796 2231 946 2266 θησαυρόνο
967 2230 992 2257 εί

1045 2235 1108 2263 licet
1118 2235 1211 2270 gratia:
1220 2235 1370 2270 spiritualis
1378 2234 1493 2270 alicujus
1505 2235 1561 2262 sint
1571 2233 1659 2266 beati;
1672 2240 1718 2265 ne,
1726 2239 1829 2267 quaeso,

211 2275 353 2303 ἐνεδύσατο
374 2275 421 2303 τοῦ
449 2276 608 2311 Πνεύματος
635 2276 685 2311 τὴν
712 2276 875 2312 πορφύραν*
901 2278 924 2303 εί
947 2277 994 2304 τὸν

211 2321 324 2356 βασιλέα
339 2319 393 2347 εἶδε
408 2321 456 2347 καὶ
464 2321 648 2348 ἀνεπαύσατο.
662 2321 716 2348 Καὶ
724 2321 779 2357 γὰρ
790 2323 846 2348 οἵου
857 2330 901 2357 μοι
913 2322 995 2349 πάλιν

209 2367 260 2403 τὴν
274 2367 323 2402 μὲν
341 2367 430 2402 ψυχὴν
453 2367 534 2401 βάθος
548 2376 574 2394 τι
585 2367 656 2403 ἔχειν
682 2367 730 2395 καὶ
752 2367 819 2403 μέλη
835 2367 931 2402 πολλὰ,
945 2367 995 2403 τὴν

211 2413 240 2439 δὲ
256 2412 393 2448 ἁμαρτίαν
414 2413 625 2440 ὐπεισελθοῦσαν
644 2413 677 2440 τὰ
695 2414 762 2449 μέλη
779 2414 879 2446 πάντα,
894 2413 942 2441 καὶ
961 2413 996 2441 τὰ

211 2459 258 2493 vei,
263 2467 337 2491 ματα
344 2458 392 2492 τῆς
399 2459 512 2494 καρδίας
521 2459 685 2486 καταλαϐεῖν
695 2468 702 2475 ·
712 2459 771 2486 εἶτα
781 2460 995 2495 ἐπιζητήσαντος

212 2504 260 2531 τοῦ
275 2504 434 2540 Πνεύματος
447 2506 496 2540 τὴν
511 2506 602 2541 χάριν.
619 2506 717 2538 ἐλθεῖν,
732 2506 780 2533 καὶ¹
794 2505 842 2533 δύο
851 2506 932 2541 τυχὸν
946 2505 996 2541 τῆς

210 2550 298 2586 ψυχῆς
325 2551 394 2586 μέρη
419 2551 593 2586 περιλαὸεῑν’
610 2552 655 2578 τὸν
676 2551 724 2579 οὖν
743 2552 865 2587 ἀπείρως
888 2551 994 2587 έχοντα¹

210 2598 279 2633 πρὸς
294 2597 344 2633 τῆς
363 2597 475 2632 χάριτος
501 2598 602 2632 ταύτης
617 2597 861 2632 παρακαλούμενον
885 2597 996 2632 δόκησις

213 2643 281 2678 ἔχει,
297 2643 386 2670 πάντα
407 2644 442 2669 τὰ
458 2643 527 2678 μέλη
543 2643 593 2677 τῆς
617 2642 707 2678 ψυχῆς
733 2642 923 2677 κατειλῆφθαι.
948 2642 996 2669 καὶ

213 2688 262 2722 τὴν
280 2688 417 2722 ἁμαρτίαν
433 2687 503 2720 ὅλως
518 2687 696 2723 ὲκριζῶσθαι,
725 2687 762 2723 μὴ
776 2687 874 2718 εἰδότα,
901 2687 942 2713 ὃτι
966 2687 997 2713 τὸ

215 2732 338 2759 πλεῖστον
357 2734 438 2768 μέρος
462 2734 547 2769 αὐτῆς
562 2733 602 2765 ἔτι
626 2733 793 2768 κατάσχετον
817 2732 863 2759 ὑπ’
889 2732 996 2767 ἐκείνης

214 2778 299 2805 ἐστίν.
320 2779 395 2805 Ἐνδν
409 2779 475 2815 γὰρ,
497 2779 535 2812 ὡς
550 2779 680 2811 πολλάκις
702 2778 858 2814 δεδήλωται,
884 2778 932 2805 καὶ
947 2778 997 2812 τὴν

215 2822 295 2857 χάριν
308 2823 485 2857 ἀδιαλείπτως
505 2826 638 2861 ἐνεργεῖν,
653 2824 683 2852 δν
696 2824 798 2860 τρόπον
813 2822 952 2858 ὀφθαλμὸν
969 2823 997 2849 ἐν

215 2868 254 2904 τῷ
268 2868 385 2904 σώματι,
402 2870 449 2897 καὶ
471 2873 589 2899 συνιῖναι
601 2871 654 2906 τὴν
662 2870 760 2898 κακίαν
772 2869 997 2897 ὺποκλέπτουσαν

1045 2280 1098 2309 hoc
1111 2288 1159 2308 eos
1172 2280 1302 2315 decipiat,
1319 2284 1350 2307 ut
1367 2279 1471 2315 apicem
1488 2279 1640 2314 arripuisse
1653 2279 1708 2313 jam
1724 2285 1754 2304 se
1768 2284 1831 2311 per-

1044 2325 1173 2354 fectionis
1184 2329 1293 2361 putent.
1307 2325 1456 2361 Explorare
1473 2325 1591 2360 aliquem
1605 2324 1711 2359 aquius
1729 2322 1829 2354 fuerit;

1045 2373 1144 2409 ecquid
1164 2373 1193 2401 in
1221 2380 1271 2401 suo
1290 2381 1355 2401 vase
1385 2373 1462 2401 ﬁctili
1492 2373 1649 2400 thesaurum
1676 2369 1831 2397 invenerit?

1045 2418 1152 2454 Ecquid
1165 2418 1221 2454 jam
1234 2417 1355 2446 induerit
1370 2417 1489 2453 Spiritus
1504 2416 1721 2452 purpuram?An
1737 2422 1830 2450 regem

1044 2462 1156 2496 viderit,
1170 2467 1198 2490 et
1215 2462 1426 2497 conquieverit?
1448 2462 1555 2489 Etenim
1575 2460 1700 2488 existima
1719 2466 1830 2486 rursum

1045 2508 1165 2535 animam
1179 2507 1289 2542 quidem
1308 2506 1523 2543 profunditatem
1547 2505 1703 2541 quampiam
1716 2504 1830 2534 habere.

1045 2558 1074 2581 et
1096 2553 1219 2582 membra
1241 2553 1345 2586 multa;
1376 2556 1520 2588 peccatum
1541 2556 1632 2579 autem
1660 2549 1829 2584 subrepsisse

1046 2603 1124 2634 putet
1150 2599 1177 2626 in
1202 2599 1324 2627 membra
1348 2598 1450 2630 omnia,
1472 2602 1500 2625 et
1522 2597 1701 2632 cogitationes
1720 2601 1830 2630 quoque

1046 2642 1138 2669 cordis
1153 2649 1311 2677 occupasse.
1321 2641 1424 2669 Deinde
1435 2644 1579 2676 postquam
1593 2639 1676 2666 homo
1686 2636 1830 2672 requisivit

1047 2686 1166 2722 Spiritus
1188 2687 1316 2723 gratiam,
1339 2694 1399 2715 eam
1419 2686 1524 2718 venire,
1546 2690 1574 2713 et
1594 2684 1662 2712 duas
1682 2683 1820 2718 apprehen

1047 2731 1120 2760 disse
1137 2732 1252 2760 forsitan
1267 2732 1365 2759 anima:
1383 2737 1484 2767 partes.
1496 2731 1525 2758 Id
1540 2737 1603 2758 cum
1618 2729 1732 2757 sentiret
1745 2728 1830 2763 impe-

1047 2776 1118 2804 ritus
1136 2777 1230 2812 gratim
1251 2777 1343 2813 hujus,
1358 2777 1497 2812 opinatur,
1513 2776 1641 2803 universa
1657 2774 1761 2809 pariter
1769 2774 1830 2802 ani-

1048 2829 1099 2850 ma:
1112 2822 1234 2849 membra
1249 2822 1345 2857 gratia:
1359 2821 1556 2856 comprehensa
1569 2821 1593 2848 vi
1608 2819 1706 2853 teucri,
1717 2827 1749 2848 ac
1765 2826 1831 2855 paco

1048 2872 1139 2895 catum
1148 2875 1183 2895 ex
1195 2873 1360 2910 eaﬂprorsus
1380 2867 1566 2899 eradicatum:
1582 2866 1709 2895 nesciens
1725 2864 1827 2902 plerar-
