2075 3155
263 166 314 214 π

894 182 923 212 S.
944 181 1105 212 MACARII
1124 179 1286 212 ᾸΞΘΥΡΤῙῘ

1839 183 1893 215 9Ἶ6

262 247 317 276 que
330 238 421 267 adhuc
438 237 535 267 animae
548 241 640 275 partes
664 238 794 273 occupari
809 246 824 266 a
840 243 963 275 peccato.
982 238 1058 267 Con<

1112 238 1156 274 τὴν
1164 238 1294 265 διάνοιαν.
1313 237 1344 264 '0
1355 237 1445 264 τοίνυν
1460 238 1498 274 μὴ
1510 238 1658 274 διακρίνειν
1670 239 1760 271 εἰδὼς,
1769 238 1807 270 ὡς
1824 240 1893 274 μέγα

263 291 342 312 cesso
359 284 432 312 enim
447 284 489 320 (ut
510 283 609 318 saepius
629 283 847 315 demonstratum
865 284 918 318 est)
933 283 1051 319 gratiam

262 329 452 357 indesinenter
473 328 601 363 operari,
622 328 692 356 sicut
719 328 828 356 oculum
858 329 887 356 in
917 336 1050 363 corpore;

263 383 325 403 cum
339 383 372 402 eo
395 379 487 402 tamen
516 375 697 402 nihilominus
714 380 756 402 est
771 382 877 408 verum,
893 374 975 402 simul
989 382 1052 402 cum

263 427 296 448 ea
315 421 429 448 subesse
446 421 550 455 pariter
569 421 712 453 malitiam,
727 421 846 449 latenter
865 425 985 448 mentem
1002 420 1053 448 fal-

262 467 376 495 lentem.
391 467 442 500 Qui
453 475 520 502 ergo
531 467 605 494 haud
622 467 688 494 satis
701 467 778 494 novit
792 467 961 500 discernere,
974 467 1054 502 quasi

263 519 392 547 magnum
404 511 470 547 quid
483 513 538 548 jam
555 512 751 544 sitassecutus,
763 519 890 547 magnum
903 512 1007 547 aliquid
1019 511 1054 539 de

264 564 294 584 se
313 557 372 591 ipso
395 557 542 591 opinatur;
563 560 591 584 et
611 557 689 591 quasi
712 557 807 584 ultima
830 557 991 592 purgatione
1019 557 1053 584 ad

264 610 365 637 purum
388 606 518 630 excoctus
543 603 588 635 sit,
613 601 734 629 inﬂatur.
752 602 804 630 Sed
821 602 938 629 multum
957 610 973 629 a
988 610 1054 630 vero

264 648 344 676 abest
359 648 417 675 haec
431 649 490 684 ejus
506 648 653 676 vanissima
669 648 821 684 persuasio.
839 649 874 677 Ut
892 649 966 676 enim
983 656 1054 684 pra:-

265 693 366 721 cedens
379 701 468 721 sermo
479 694 652 728 monstravit,
666 702 711 721 ars
721 694 779 721 lucc
793 699 834 722 est
846 693 952 722 Satanae
962 715 970 728 ,
985 701 1055 729 quo-

265 739 328 766 dam
345 744 468 774 tcmpore
483 739 516 766 de
532 739 667 767 industria
687 748 716 767 se
730 740 911 773 abscondere,
921 748 964 772 ac,
977 740 1055 775 quasi

266 784 435 817 recessisset,
451 785 633 813 intermittere
653 786 758 820 operari
776 793 836 821 quae
861 786 989 819 solebat;
1004 786 1057 813 hoc

266 830 433 865 spectantis,
462 835 492 858 ut
515 836 691 866 arrogantem
720 831 762 859 sui
795 831 924 858 ﬁduciam
956 839 1055 866 parum

266 876 356 903 cautis
392 876 583 910 spiritualibus
619 877 770 912 ingeneret.
812 877 1057 905 Verumenimvero

1106 292 1134 310 τι
1149 283 1320 318 κατειληφὼς
1338 282 1401 319 ἠδη,
1419 283 1490 319 μέγα
1504 293 1531 311 τι
1545 285 1609 320 περὶ
1624 285 1721 312 ἐαυτοῦ
1736 286 1832 316 οἴεται,
1848 285 1895 311 καὶ

1108 329 1145 362 ὡς
1158 329 1206 365 τὴν
1229 330 1347 365 ἐσχάτην
1364 329 1497 364 κάθαρσιν
1522 330 1696 366 συνεσχηκὼς
1724 331 1893 364 τετύφωται·

1107 375 1179 410 ἐχειν
1194 374 1285 411 δὲτὴν
1311 375 1440 410 ἀλήθειαν
1463 376 1667 411 συνηγοροῦσαν
1690 375 1775 411 αὐτῷ,
1797 375 1895 402 πολλοῦ
1925 395 1928 398 «

1107 429 1139 455 γε
1156 420 1204 447 καὶ⁵
1218 417 1267 447 δεῖ.
1287 420 1332 452 Ὠς
1345 420 1400 456 γὰρ
1414 421 1428 447 ό
1447 420 1526 455 λόγος
1547 421 1653 455 φθάσας
1669 421 1799 455 ἐδήλωσε,
1815 421 1895 456 τέχνη

1107 465 1146 500 τῷ
1163 466 1271 492 Σατανᾶ
1292 464 1341 492 καὶ
1356 462 1444 500 αὕτη·
1465 465 1536 493 κατά
1559 474 1635 498 τινας
1662 466 1774 502 χρόνους
1800 467 1895 493 ἑκόντα.

1109 510 1296 545 παραχωρεῖν,
1325 509 1372 536 καὶ
1395 509 1431 537 τὰ
1455 508 1570 536 εἰωθότα
1603 510 1640 545 μὴ
1669 510 1802 545 ἐνεργεῖν,
1827 511 1897 537 κατὰ

1111 555 1222 586 σκοπὸν,
1242 554 1290 581 τοῦ
1316 554 1403 589 οῐησιν
1436 553 1605 590 τελειότητος
1635 556 1692 587 τοῖς
1718 555 1898 590 ἀσκουμένοις

1110 600 1256 628 ὑποϐαλεῖν
1270 609 1276 616 ·
1291 600 1359 627 ἀλλὰ
1372 601 1409 636 μὴ
1421 601 1435 627 ὁ
1444 600 1568 635 φυτεύων
1581 600 1730 636 ἀμπελῶνα
1739 601 1898 636 παραπόδας

1110 646 1142 673 λα
1147 646 1237 682 μϐάνῃ
1253 646 1300 672 καὶ
1313 646 1359 672 τὸν
1369 646 1474 681 καρπόν
1488 654 1495 660 ·
1512 646 1528 681 ἢ
1541 646 1555 673 ὁ
1572 645 1692 681 σπείρων
1705 645 1739 672 τὰ
1753 646 1899 681 σπέρματα

1110 693 1139 720 ἐν
1153 694 1185 728 τῇ
1202 694 1236 728 γῇ
1263 693 1309 720 καὶ
1329 692 1378 727 τὴν
1403 691 1569 727 συγκομιδὴν
1591 692 1673 724 εὐθὺς
1693 692 1850 728 ἐποιήσατο.
1866 690 1899 718 ΤΞ

1110 737 1157 770 δέ;
1172 738 1205 764 τὸ
1215 737 1359 773 ἀρτιγενές
1371 738 1478 765 παιδίον
1497 737 1585 772 ἥψατο
1607 738 1777 774 παραχρῆμα
1790 739 1839 774 τῆς
1855 746 1899 764 τε-

1113 783 1268 818 λειότητος;
1285 783 1450 819 ’Δπόδλεψον
1470 783 1510 815 είς
1534 783 1580 810 τὸν
1614 783 1734 819 Ἰησοῦν
1762 785 1795 811 ἐκ
1822 783 1901 815 ποίας

1111 829 1190 865 δόξης
1216 830 1280 861 Υἱὸς
1294 829 1363 857 Θεοῦ
1388 830 1436 857 καὶ
1454 830 1520 861 Θεὸς
1537 829 1575 856 ὣν
1599 830 1614 856 ὁ
1637 830 1765 865 Χριστὸς.
1793 830 1833 861 εἰς
1857 826 1901 855 οἶα

1114 875 1198 910 πάθη.
1214 875 1262 902 καὶ
1275 876 1399 910 ἀτιμίαν,
1413 876 1460 902 καὶ
1478 875 1595 911 σταυρὸν
1610 875 1713 910 κατέϐη
1723 883 1730 891 δ
1751 875 1799 901 καὶ
1821 874 1901 901 πάλιν

266 920 315 955 qui
337 921 442 955 plantat
467 921 585 953 vincant,
609 921 682 949 haud
706 922 798 949 statim
820 922 970 950 vindemiat
994 923 1055 958 ejus

1112 921 1186 952 ὅπως
1202 921 1246 947 διὰ
1265 921 1367 956 ταύτην
1391 921 1475 948 αὑτοῦ
1497 921 1546 956 τὴν
1565 921 1728 948 ταπείνωσιν
1744 920 1899 956 ὑπερήρθη,

266 966 398 993 fructum.
417 966 512 1001 Neque
537 967 584 1002 qui
609 975 703 995 semen
728 968 756 994 in
781 972 883 995 terram
904 969 980 1003 jacit,
999 968 1058 996 fru—

269 1015 393 1038 mentum
411 1012 508 1040 eodem
533 1016 657 1048 tempore
671 1013 698 1040 iu
714 1013 814 1041 horrea
834 1014 973 1043 convehit.
986 1014 1057 1048 Quid

268 1056 355 1090 ergo?
371 1063 405 1083 an
423 1063 520 1084 recens
542 1062 622 1084 natus
648 1057 738 1085 infans
752 1058 882 1092 perfectae
903 1059 995 1086 subito
1020 1059 1062 1087 in-

267 1105 439 1128 crementum
461 1101 624 1136 adipiscitur
644 1103 754 1131 aetatis?
772 1104 888 1139 Respice
905 1104 933 1131 in
954 1105 1059 1132 Jcsum.

268 1144 307 1172 Ex
318 1150 420 1180 quanta
438 1146 524 1181 gloria
533 1142 619 1174 Filius
634 1147 682 1174 Dei
695 1152 723 1174 et
735 1148 807 1176 Deus
819 1156 880 1175 cum
896 1153 970 1176 esset
981 1149 1062 1177 Chri-

268 1195 338 1222 stus,
353 1190 381 1217 in
399 1195 467 1226 quot
483 1192 632 1227 qualesque
652 1193 858 1228 perpessiones,
882 1194 1060 1229 ignominiam

268 1240 297 1263 et
317 1243 427 1263 crucem
451 1234 644 1271 descenderit;

1113 967 1160 994 καὶ
1175 968 1204 994 ὲν
1222 966 1298 1003 δεξιᾷ
1309 967 1356 994 τοῦ
1373 967 1479 1003 Πατρὺς
1490 967 1628 994 ἐκάθισεν.
1651 967 1681 993 '0
1694 967 1722 993 δέ
1736 975 1768 1001 γι
1782 966 1902 1001 πονηρὸς

1113 1013 1175 1047 δφις
1187 1012 1220 1039 ἐκ
1234 1011 1346 1048 πρώτης
1360 1012 1399 1048 τῷ
1417 1012 1503 1047 Ἀδὰμ
1519 1012 1686 1048 ὑποσπείρας
1702 1007 1827 1047 θεότητος
1843 1012 1903 1038 ἐπι-

1116 1057 1228 1092 θυμίαν,
1239 1058 1278 1089 είς
1288 1058 1347 1085 οίαν
1362 1058 1443 1085 αὑτὸν
1453 1059 1610 1094 κατήγαγεν
1621 1058 1733 1092 ἀτιμίαν
1746 1057 1790 1084 διὰ
1800 1057 1902 1090 ταύτης

1113 1103 1145 1138 δὴ
1158 1103 1207 1138 τῆς
1219 1103 1344 1138 οἰήσεως.
1357 1103 1450 1130 Ταῦτα
1464 1103 1554 1130 τοίνυν
1567 1103 1647 1135 αὐτὸς
1660 1103 1759 1129 ἐννοῶν
1770 1102 1903 1136 ἀσφάλιζε

1115 1150 1228 1176 σεαυτὸν
1251 1150 1299 1184 ὅση
1317 1149 1443 1185 δύναμις,
1467 1150 1515 1177 καὶ
1536 1150 1669 1182 σπούδαξε
1689 1148 1836 1176 ταπεινοῦν
1859 1149 1903 1174 ἀεὶ

1114 1195 1165 1231 τὴν
1180 1195 1306 1231 καρδίαν,
1324 1195 1371 1222 καὶ
1388 1196 1622 1231 συντετριμμένην
1639 1196 1722 1231 ἔχειν.

687 1244 715 1266 ct
743 1246 839 1266 rursus
880 1244 994 1275 propter
1019 1240 1094 1268 illam
1114 1241 1201 1277 ipsum
1233 1241 1293 1276 ejus
1319 1240 1541 1269 humiliationem
1572 1241 1793 1276 superexaltatus
1829 1239 1902 1267 idem

270 1281 364 1313 fuerit,
376 1281 446 1308 adeo
461 1286 490 1309 ut
504 1281 599 1310 sedeat
614 1283 648 1310 ad
663 1283 754 1312 Patris
772 1284 925 1312 dexteram.
945 1284 980 1312 At
993 1285 1081 1312 malus
1100 1292 1215 1320 serpens
1236 1285 1423 1313 subseminata
1441 1285 1531 1321 primo
1549 1293 1600 1313 suo
1614 1293 1728 1314 susurro
1761 1287 1789 1314 in
1807 1286 1901 1313 Adami

269 1327 361 1354 animo
378 1328 528 1363 cupiditate
542 1327 705 1362 divinitatis,
718 1330 747 1356 in
755 1335 884 1364 quantam
902 1330 991 1365 ipsum
1006 1330 1107 1366 dejecit
1125 1331 1315 1366 ignominiam,
1338 1331 1412 1358 illius
1437 1331 1627 1366 superbissimi
1653 1332 1727 1367 justa
1757 1332 1902 1366 punitione

269 1372 410 1401 desiderii.
436 1373 500 1402 Haec
526 1375 611 1410 igitur
630 1375 689 1410 ipse
708 1381 849 1411 reputans,
868 1377 980 1404 consule
997 1377 1058 1410 tibi,
1095 1377 1268 1406 constituens
1284 1382 1417 1414 quantum
1433 1382 1512 1413 potes
1543 1377 1573 1404 in
1589 1385 1688 1406 securo
1712 1385 1758 1405 res
1782 1383 1860 1410 tuas;
1874 1382 1903 1405 et

268 1419 350 1448 stude
365 1428 474 1456 semper
490 1422 639 1450 humiliare
660 1427 738 1451 tuum
761 1431 819 1457 cor,
835 1428 864 1451 et
879 1423 945 1451 illud
959 1423 1061 1452 habere
1078 1425 1240 1453 contritum.

668 1496 678 1504 ι

272 1518 402 1526 —_—

345 1598 943 1688 ΜΑΚΑΡΙΟΥ
1000 1600 1225 1687 ΤΟΥ
1279 1601 1822 1690 ΜΕΓΑΛΟΥ

746 1738 875 1781 ΠΕΡΙ
907 1735 1250 1783 ΕΛΕΥΘΕΡΙΑΣ
1286 1740 1434 1783 ΝΟοΣ

1013 1828 1155 1861 ΛΟΓΟΣ,

705 1990 1105 2070 MACARII
1171 1988 1480 2069 MAGNI

644 2133 728 2178 DE
794 2132 1204 2178 LIBERTATE
1277 2132 1544 2179 MENTIS

1004 2229 1165 2261 LIBER.
1389 2235 1391 2240 ‘

309 2383 391 2419 209
403 2383 424 2411 l.
433 2382 501 2411 Cum
523 2382 646 2410 audieris
654 2380 830 2409 descendisse
838 2380 978 2409 Christum
989 2381 1015 2408 in
1024 2381 1058 2408 in.

1152 2381 1192 2408 A'.
1211 2382 1294 2409 Ὀταν
1317 2381 1455 2418 ἀκούσῃς,
1480 2382 1520 2409 ὅτι
1540 2382 1678 2410 κατελθὼν
1701 2383 1716 2410 ὀ
1732 2383 1849 2418 Χριστὸς
1867 2385 1907 2416 εἰς

275 2432 358 2464 feros,
368 2436 396 2458 et
413 2430 539 2458 detentas
553 2430 610 2457 illic
626 2430 730 2457 animas
742 2429 874 2457 liberasse
885 2450 892 2462 ,
910 2436 965 2457 non
980 2429 1060 2464 longe

275 2477 377 2505 distare
394 2477 439 2504 illa
450 2476 484 2503 ab
508 2476 561 2508 his,
576 2483 637 2510 quae
650 2483 725 2502 nunc
742 2479 886 2510 geruntur,
903 2479 979 2509 puta.
1009 2474 1061 2502 Co-

275 2523 329 2559 gita
346 2522 411 2549 mihi
429 2521 586 2556 sepulcrum
598 2529 659 2548 esse
686 2527 745 2547 cor.
759 2520 798 2547 lbi
826 2520 1005 2555 cogitationes
1034 2525 1062 2548 et

275 2572 382 2596 mentes
396 2566 520 2594 defossas
529 2566 603 2601 gravi
616 2566 703 2593 teneri
712 2565 926 2600 comprehensas
934 2565 1060 2600 caligine.

274 2613 356 2641 Venit
380 2612 463 2648 igitur
477 2612 610 2639 Dominus
632 2611 666 2638 ad
684 2611 790 2638 animas
804 2611 832 2638 in
863 2610 960 2638 inferis
972 2611 1061 2646 ipsum

276 2660 397 2687 clamore
409 2664 508 2692 magno
522 2657 692 2688 invocantes,
710 2656 738 2683 in
756 2655 923 2691 profundum
938 2656 1068 2684 videlicet

276 2705 368 2733 cordis
386 2702 518 2734 advenit;
544 2706 572 2729 et
605 2701 642 2728 ibi
657 2701 738 2729 morti
761 2701 912 2736 imperans.
929 2701 1041 2728 Dimitte
1057 2721 1064 2732 ,

275 2752 324 2783 ait,
348 2750 456 2777 clausas
490 2747 572 2775 isthic
598 2747 714 2779 animas,
739 2754 783 2774 me
805 2746 852 2781 qui
880 2745 991 2781 possum
1016 2753 1063 2773 eas

274 2796 405 2827 liberare,
432 2798 463 2821 ut
485 2793 512 2821 id
539 2793 635 2820 l‘aciam
669 2796 789 2820 orantes.
821 2791 927 2818 Deinde
953 2798 1062 2826 gravem

274 2840 395 2876 lapidem
417 2846 561 2868 removens
575 2838 779 2873 superpositum
806 2836 915 2868 animae,
928 2835 1062 2863 tumulum

275 2885 374 2922 aperit,
387 2889 415 2914 et
441 2892 503 2922 qua
519 2891 584 2913 vere
601 2888 660 2912 erat
676 2886 796 2916 mortua,
811 2881 972 2909 resuscitat:
989 2889 1064 2916 quae-

1114 2426 1197 2463 ᾷδου,
1224 2427 1272 2459 τὰς
1298 2427 1430 2463 κατόχους
1455 2428 1515 2455 ἐκεῖ
1535 2428 1624 2464 ψυχὰς
1664 2430 1850 2465 ἀνεῤῥὺσατο,
1871 2431 1907 2465 μὴ

1116 2471 1224 2508 μακρὰν
1240 2470 1307 2498 εἶναι
1321 2473 1408 2499 ταῦτα
1425 2472 1472 2499 καὶ
1486 2472 1540 2500 τῶν
1554 2473 1601 2500 νῦν
1613 2474 1784 2509 τελουμένων
1799 2475 1904 2509 νόμιζε.

1116 2517 1179 2545 Οἴου
1196 2525 1241 2552 μοι
1254 2518 1308 2554 γὰρ
1324 2520 1455 2554 μνημεῖον
1468 2517 1538 2547 εἶναι
1551 2520 1601 2555 τὴν
1615 2521 1739 2555 καρδίαν⁸
1753 2521 1833 2547 κάκεῖ
1843 2521 1906 2551 τοὺς

1115 2564 1261 2599 λογισμοὺς
1292 2565 1339 2591 καὶ
1361 2565 1407 2591 τὸν
1428 2565 1491 2592 νοῦν
1513 2565 1690 2601 κατωρύχθαι
1714 2566 1793 2602 βαρεί
1817 2567 1907 2593 σκότει

1116 2609 1494 2646 κατειλημμένους.”Ερχεται
1508 2611 1654 2647 τοιγαροῦν
1667 2612 1681 2638 ό
1693 2611 1795 2647 Κύριος
1808 2613 1848 2643 εἰς
1857 2611 1907 2643 τὰς

1115 2657 1143 2682 ἐν
1159 2655 1221 2691 ᾅδου
1237 2655 1425 2692 ἐπιϐοωμένας
1441 2657 1522 2685 αὑτὸν
1537 2657 1645 2693 ψυχὰς,
1664 2658 1704 2689 είς
1718 2657 1748 2684 τὸ
1764 2657 1845 2692 βάθος
1860 2657 1906 2692 δη-

1115 2701 1182 2737 λαδὴ
1200 2702 1247 2737 τῆς
1261 2702 1384 2737 καρδίας,
1402 2704 1482 2730 κάκεί
1498 2703 1537 2739 τῷ
1552 2703 1660 2738 θανάτῳ
1675 2703 1887 2738 ἐγκελευόμενος
1897 2709 1904 2717 ·

1117 2745 1285 2781 Ἀνάπεμπε,
1298 2746 1389 2780 λέγει,
1406 2747 1456 2779 τὰς
1465 2746 1722 2784 ἐγκ[εκ]λεισμένας
1737 2747 1837 2782 ψυχὰς,
1859 2748 1906 2779 τὰς

1117 2792 1167 2826 ἐμὲ
1176 2791 1221 2818 τὸν
1231 2792 1364 2827 ῥύσασθαι
1378 2793 1525 2829 δυνάμενον
1535 2793 1651 2829 ἐκζητού
1656 2802 1715 2825 σας.
1726 2791 1794 2820 Εἶτα
1804 2794 1849 2820 τὸν
1861 2794 1907 2828 βα·

1106 2838 1168 2878 ιρὺν
1176 2838 1248 2866 λίθον
1258 2839 1354 2874 διάρας
1361 2839 1406 2866 τὸν
1416 2841 1448 2875 τῇ
1457 2839 1529 2876 ψυχῇ
1540 2840 1724 2875 ἐπικείμενον,
1733 2840 1780 2866 τόν
1787 2848 1817 2866 τε
1823 2839 1905 2873 τάφον

1117 2883 1236 2918 ἀνοίγει,
1255 2884 1302 2910 καὶ
1316 2883 1362 2911 τὸν
1377 2885 1407 2911 ἐν
1422 2885 1536 2920 ἀληθείᾳ
1550 2885 1646 2921 νεκρὸν
1660 2885 1757 2920 ἁνιστᾷ
1769 2906 1776 2919 ,
1796 2886 1844 2911 καὶ
1859 2885 1906 2920 τῆς
