2075 3155
242 168 296 199 939

870 168 898 197 S.
919 167 1076 197 MACARII
1097 167 1256 198 [EGYPTII

1809 165 1862 197 9‘0

243 225 313 250 enim
328 231 382 255 vos.
403 221 452 255 ait,
476 222 524 249 um'
551 222 607 250 uiro
626 222 753 257 virginem
779 226 883 249 castam
907 221 1027 248 exhibere

1078 221 1136 254 καὶ,
1148 222 1235 256 Πάσῃ
1248 221 1372 257 φυλακῇ
1386 221 1467 256 τήρει
1479 221 1537 256 τὴν
1546 220 1681 256 καρδίαν,
1692 218 1743 255 τῆς
1751 219 1864 256 Γραφῆς

243 267 346 295 Christo
356 266 387 294 “.
420 265 492 293 Audi
517 273 627 300 quoque
654 265 824 300 Scripturam
860 264 998 292 dicentem
1019 272 1027 292 :

244 311 322 340 Omni
337 311 455 338 custodia
468 318 543 337 serva
555 318 601 337 cor
610 315 684 337 tuum
694 318 703 342 ;
715 311 778 345 quia
794 317 825 336 ea:
837 309 894 344 ipso
904 309 957 336 vita
968 315 1029 344 pro-

243 357 311 384 cedit
320 357 352 383 ³⁸.
363 357 396 384 Et
411 364 418 382 :
431 356 573 383 Pet-versas
588 357 756 391 cogitationes
767 363 893 387 separare
907 363 923 381 a
935 353 988 380 Deo
994 353 1028 386 ²⁶;

245 410 339 430 rurss
371 402 445 429 disce
479 409 495 429 a
518 401 611 429 divina
635 402 663 429 id
677 401 794 429 docente
804 400 956 435 Scriptura.

279 445 310 473 V.
329 445 475 473 Rationem
492 446 583 480 exigat
601 454 615 472 ιι
627 452 677 473 sua
708 444 899 480 unusquisque
913 444 1004 471 anima
1019 463 1028 476 ,

244 491 405 519 discernens
428 495 456 518 et
470 490 626 525 explorans,
649 490 682 518 ad
692 498 818 525 quaenam
840 488 984 517 adiciatur.
995 488 1030 516 Et

244 536 267 562 si
283 535 358 563 haud
370 543 524 563 consonans
538 536 586 563 Dei
595 535 701 571 legibus
714 533 860 570 contigerit
869 534 962 561 videre
970 541 1028 566 cor;

244 580 318 606 omni
336 584 435 607 conatu
446 579 678 614 quemadmodum
693 587 803 614 corpus,
818 579 855 605 ita
869 582 897 606 et
909 581 1029 604 mentem

244 633 408 653 conservare
426 625 612 660 incorruptam
624 625 743 656 studeat,
759 629 841 658 atque
858 623 974 658 impuris
986 630 1031 650 as-

244 677 355 696 sensum
375 670 590 704 cogitationibus
608 673 764 704 negantem.
781 669 810 697 Si
830 668 941 703 quidem
964 667 1031 694 velit

241 706 318 742 .luxla
354 715 566 750 promissionem
605 713 744 742 introduci
771 714 799 741 in
819 713 977 741 convictum
1003 715 1031 739 et

242 760 344 788 choros
363 768 492 796 purarum
507 761 647 796 virginum
660 760 693 786 ³⁷.
705 759 881 787 Cohabitatio
901 759 976 786 enim
1003 762 1032 786 et

243 805 386 834 familiaris
394 806 565 834 conversatio
574 806 650 841 puris
660 805 773 833 omnino
781 809 809 834 ct
819 805 847 832 in
858 804 926 833 recti
939 811 1031 832 amore

244 852 304 879 ﬁxis
322 852 455 887 promissa
473 857 517 880 est
530 852 684 879 animabus.

1078 267 1160 294 ἄκουε
1173 268 1317 302 λεγούσης·
1336 269 1371 295 ἐκ
1386 268 1441 303 γὰρ
1455 268 1568 295 τούτων
1583 267 1683 300 ἔξοδοι
1697 266 1788 300 ζωῆς·
1807 266 1863 298 καὶ,

1078 312 1225 345 Σκολιοὺς
1247 313 1281 339 δὲ
1304 313 1468 348 λογισμοὺς
1488 311 1621 347 χωρίζειν
1636 311 1695 339 ἀπὸ
1709 311 1800 344 Θεοῦ,
1818 311 1865 338 καὶ

1079 355 1161 383 πάλιν
1174 356 1225 392 τῆς
1238 357 1313 389 θείας
1326 357 1505 393 διδασκούσης
1516 357 1629 393 Γραφῆς
1647 356 1777 391 μάνθανε.

1113 442 1152 472 Ε’.
1181 443 1268 478 Λόγον
1288 442 1439 470 ἀπαιτείτω
1460 443 1510 478 τὴν
1530 441 1626 469 ἑαυτοῦ
1642 441 1732 476 ψυχὴν
1750 441 1865 472 ἕκαστος

1079 490 1233 525 ἀνακρίνων
1257 489 1304 515 καὶ
1330 488 1481 523 βασανίζων
1495 507 1502 519 ,
1529 487 1585 514 τισι
1608 487 1789 522 πρόσκειται·
1817 485 1865 512 καὶ

1079 536 1103 563 εἱ
1120 536 1157 570 μὴ
1174 533 1374 569 συμφωνοῦσαν
1390 533 1534 568 συμϐαίνει
1557 532 1613 564 τοῖς
1626 531 1674 558 τοῦ
1688 531 1757 558 Θεοῦ
1771 531 1865 565 νόμοις

1078 582 1128 615 τὴν
1143 580 1257 616 καρδίαν
1272 581 1354 616 όρᾷν,
1374 580 1449 614 πάσῃ
1464 578 1579 613 δυνάμει
1592 577 1717 612 καθάπερ
1730 577 1760 603 τὺ
1774 577 1863 610 σῶμα,

1079 628 1150 654 οὕτω
1164 627 1197 662 δὴ
1219 628 1268 654 καὶ
1288 627 1334 653 τὸν
1347 624 1410 653 νοῦν
1430 625 1570 660 διατηρεῖν
1585 623 1703 658 ἄφθορον
1716 620 1865 652 σπουδαζέ-

1079 681 1129 704 τω,
1144 673 1192 699 καὶ
1206 673 1261 704 τοῖς
1276 673 1403 707 πονηροῖς
1416 670 1560 697 ἀσύνθετον
1573 670 1722 704 λογισμοῖς.
1739 668 1774 694 Et
1785 675 1817 701 γε
1831 667 1864 701 δὴ

1081 719 1200 754 βούλοιτο
1226 719 1297 746 κατὰ
1319 719 1369 754 τὴν
1389 718 1538 753 ὑπόσχεσιν
1557 716 1607 752 τὴν
1626 714 1750 750 καθαρὰν
1763 713 1864 740 ἐσοικι-

1081 768 1194 792 σασοαι·
1220 765 1359 799 ἐνοικῆσαι
1374 764 1428 800 γὰρ
1443 765 1489 791 καὶ
1504 762 1724 798 ἐμπεριπατῆσαι
1739 761 1800 790 ταῖς
1812 767 1864 785 κα-

1081 811 1178 847 θαραῖς
1196 810 1306 842 πάντως
1332 809 1379 837 καὶ
1400 808 1555 843 φιλοκάλοις
1570 807 1669 842 ψυχαῖς
1685 804 1863 840 ἐπήγγελται.

281 896 324 924 Vl.
337 897 413 924 Sicut
423 897 480 932 agri
495 897 600 931 proprii
614 896 841 931 diligentissimus
852 895 966 924 colonus
976 903 1028 924 no-

1117 899 1162 932 ς’.
1175 898 1282 933 Ὠσπερ
1297 898 1312 924 ό
1324 896 1373 932 τῆς
1383 896 1450 928 [δίας
1459 896 1509 931 γῆς
1522 895 1732 930 ἐπιμελέστατος
1743 893 1865 929 γεωργὸς

243 943 290 967 vat
301 947 363 967 eum
383 940 460 975 prius
480 943 509 967 et
528 947 562 967 ex
578 947 612 967 eo
629 940 722 974 spinas
745 939 832 971 tollit;
848 947 881 967 ac
898 943 955 966 tum
981 938 1030 966 de-

244 991 320 1011 mum
336 984 566 1019 injicitsemina;
589 984 627 1011 ita
653 988 682 1012 et
703 983 750 1018 qui
770 991 786 1012 a
810 984 867 1012 Deo
890 987 1030 1019 exspeth

244 1035 394 1057 sementem
416 1030 511 1065 gratias
530 1029 666 1064 accipere,
695 1037 813 1065 purgare
835 1029 913 1064 prius
947 1028 1030 1056 debet

245 1075 345 1102 animat
361 1082 417 1102 suat
427 1082 538 1110 agrum;
562 1079 592 1102 ut
606 1082 699 1111 semen
713 1074 813 1102 deinde
840 1074 868 1101 in
881 1081 945 1102 eum
959 1073 1029 1101 inci-

245 1119 314 1148 dens
332 1120 463 1154 Spiritus,
487 1119 624 1155 perfectos
635 1123 664 1147 et
677 1119 845 1154 multiplices
858 1119 955 1147 reddat
970 1118 1029 1146 fru-

245 1170 315 1194 ctus.
331 1165 399 1193 Nam
415 1166 443 1192 ni
471 1165 524 1193 hoc
541 1165 587 1192 fiat
598 1169 662 1193 ante
691 1165 783 1192 omnia
795 1184 803 1197 ,
818 1169 847 1192 et
864 1164 918 1191 nisi
947 1171 1029 1191 mun~

244 1211 351 1238 daverit
371 1210 434 1245 quis
453 1210 574 1245 seipsum
593 1210 628 1237 ab
646 1210 721 1237 omni
743 1209 954 1244 inquinamento
967 1216 1029 1236 car-

243 1256 289 1284 nis
307 1260 336 1283 et
349 1255 474 1291 spiritus,
490 1262 555 1282 caro
568 1258 652 1282 estet
666 1254 788 1290 sanguis,
799 1258 828 1281 et
847 1254 928 1289 longe
947 1253 1030 1281 distat

244 1308 260 1328 a
273 1300 340 1327 vita.

280 1345 335 1373 VII.
358 1345 546 1380 Undecunque
564 1344 653 1372 hostis
671 1343 892 1371 machinationes
913 1346 1029 1375 astulas,

244 1391 322 1420 dolos
334 1395 362 1418 et
379 1390 523 1423 maleﬁcia,
549 1390 760 1424 circumspicere
778 1392 895 1424 oportet.
921 1388 1030 1416 Etenim

245 1439 276 1463 ut
293 1435 413 1470 Spiritus
442 1439 554 1462 sanctus
564 1442 614 1469 per
630 1435 744 1462 Paulum
758 1442 765 1460 :
785 1433 827 1460 Fit
841 1433 959 1460 omnibus
974 1440 1030 1459 om-

245 1480 302 1511 nia,
318 1483 346 1505 ut
360 1486 448 1506 omnes
464 1478 550 1506 salvos
562 1478 644 1513 faciat
664 1478 706 1504 ³⁸;
721 1478 760 1505 sic
779 1481 807 1505 et
828 1477 938 1512 spiritui
958 1476 1030 1503 malo

245 1528 275 1554 in
297 1525 389 1554 studio
400 1530 453 1558 est,
468 1525 562 1553 omnia
579 1525 650 1557 ﬁeri,
670 1529 700 1552 ut
710 1531 805 1552 omnes
823 1523 851 1550 in
886 1523 1028 1550 interitum

246 1571 390 1606 propellat.
406 1571 501 1605 Itaque
516 1570 540 1597 is
569 1577 632 1597 cum
664 1570 809 1597 orantibus
842 1569 924 1596 simul
948 1576 1028 1596 orare

245 1617 374 1648 simulat,
391 1616 419 1643 id
435 1620 574 1651 spectans,
603 1619 634 1642 ut
656 1622 690 1642 ex
705 1614 762 1649 ipsa
787 1614 913 1642 oratione
941 1618 1031 1642 sumat

245 1671 339 1692 ansam
353 1663 508 1698 decipiendi
525 1666 649 1690 orantem
663 1661 844 1697 subjiciatque
850 1661 942 1690 eidem
956 1668 1031 1689 arro-

244 1714 354 1746 gantem
370 1708 591 1741 confidentiam;
623 1707 882 1743 cumjejunantibus
899 1707 1004 1743 ieiunat
1021 1726 1029 1740 ,

245 1759 277 1782 ιιι
290 1754 365 1789 ipsos
387 1753 517 1782 inanibus
527 1753 647 1788 decipiat
663 1757 691 1780 et
704 1752 863 1786 dementet;
875 1752 1031 1788 Scriptura-

246 1807 307 1827 rum
319 1798 487 1827 habentibus
496 1798 635 1832 notitiam,
663 1798 801 1825 similibus
829 1798 877 1826 dat
894 1805 1005 1833 operam
1021 1817 1030 1831 ,

245 1844 298 1876 sub
313 1844 405 1879 specie
431 1844 553 1872 scientiae
568 1844 682 1878 cupiens
696 1851 744 1871 eos
769 1844 940 1874 subvertere.
961 1843 1031 1872 Cum

245 1890 329 1925 aliqui
347 1889 525 1917 revelationis
540 1889 645 1917 lumine
665 1889 794 1923 beantur,
811 1889 921 1917 videtur
933 1894 961 1917 et
972 1889 1031 1924 ipse

245 1935 380 1971 ejusmodi
397 1935 511 1963 habere.
536 1935 719 1970 Transﬁgurat
731 1936 800 1962 enim
815 1936 865 1969 (ait
883 1935 995 1970 Paulus)
1003 1943 1030 1962 se

246 1980 362 2008 Satanas
376 1981 405 2008 in
423 1980 546 2016 angelum
559 1981 623 2007 lucis
639 1979 672 2008 ³⁸.
683 1981 718 2009 Ut
728 1981 858 2015 opinione
877 1981 946 2009 ﬁcta!
962 1981 1031 2009 lucis

245 2025 376 2060 deceptos
392 2024 427 2052 ad
452 2032 482 2052 se
508 2024 636 2053 adducat.
657 2024 701 2058 Et,
733 2031 763 2053 ut
783 2031 880 2054 cuncta
895 2026 1031 2062 ejusmodi

245 2072 331 2099 semel
345 2072 482 2107 colligam,
502 2071 572 2098 mira
599 2077 628 2098 se
648 2072 748 2099 artium
771 2073 923 2100 subtilitate
940 2073 1031 2100 omnia

244 2117 333 2143 variat
347 2137 355 2148 ,
376 2124 431 2151 quo
455 2115 634 2143 similitudine
658 2117 826 2152 subjugatos,
850 2117 915 2145 boni
940 2117 1031 2152 specie

246 2161 402 2195 apparentis
426 2161 454 2188 in
467 2168 560 2188 veram
574 2161 674 2188 alliciat
699 2162 958 2197 irreparabilemque
970 2170 1032 2197 per—

1080 945 1189 971 ἀνανεοῖ
1200 943 1301 978 ταύτην
1316 942 1458 978 πρότερον,
1469 942 1517 969 καὶ
1527 942 1577 972 τὰς
1587 941 1707 972 ἀκάνθας
1715 940 1863 976 περιαιριῖ,

1079 988 1129 1017 εῐθ*
1153 990 1225 1016 οὕτω
1244 989 1409 1016 καταϐάλλει
1432 988 1466 1015 τὰ
1488 987 1632 1022 σπέρματα
1644 995 1651 1002 ·
1670 985 1741 1012 οὕτω
1756 986 1803 1012 καὶ
1818 984 1866 1012 τὸν

1079 1035 1155 1070 παρὰ
1168 1034 1235 1062 Θεοῦ
1251 1033 1444 1070 προσδοκῶντα
1458 1034 1508 1068 τῆς
1521 1033 1631 1068 χάριτος
1646 1031 1748 1066 σπόρον
1759 1030 1863 1063 λαϐεῖν,

1079 1081 1221 1116 καθαίρειν
1245 1080 1378 1116 πρότερον
1405 1079 1458 1115 χρὴ
1483 1079 1533 1113 τῆς
1558 1077 1655 1105 ἑαυτοῦ
1676 1077 1789 1112 καρδίας
1813 1076 1864 1111 τὴν

1079 1127 1141 1162 γῆν,
1158 1126 1191 1152 ἵν’
1206 1126 1220 1152 ό
1234 1125 1333 1160 σπόρος
1348 1125 1442 1151 πεσὼν
1456 1124 1504 1150 τοῦ
1516 1123 1674 1158 Πνεύματος
1689 1121 1804 1152 ἐντελεῖς
1817 1120 1865 1147 καὶ

1080 1171 1294 1203 πολλαπλασίους
1310 1170 1401 1205 ἀποδῷ
1416 1170 1479 1201 τοὺς
1491 1168 1627 1203 καρτωύς¹
1646 1168 1684 1199 ὡς
1697 1168 1721 1194 si
1735 1167 1771 1202 μὴ
1784 1166 1865 1193 τοῦτο

1079 1217 1185 1252 γένοιτο
1199 1216 1342 1252 πρότερον,
1358 1215 1405 1242 καὶ
1418 1214 1525 1249 καθάρῃ
1538 1222 1579 1245 τις
1593 1212 1687 1240 ἑαυτὸν
1700 1211 1753 1238 ἀπὸ
1764 1211 1864 1242 παντὸς

1081 1262 1219 1299 μολυσμοῦ
1234 1261 1334 1297 σαρκὸς
1350 1261 1397 1288 καὶ
1411 1260 1576 1295 πνεύματος,
1595 1259 1663 1293 σάρξ
1675 1259 1749 1285 ἐστιν
1763 1257 1804 1284 ἔτι
1816 1256 1865 1283 καὶ

1079 1306 1159 1343 αἷμα,
1176 1308 1224 1335 καὶ
1240 1307 1348 1342 μακρὰν
1361 1306 1500 1340 ἀφέστηκε
1514 1305 1564 1340 τῆς
1578 1304 1661 1339 ζωῆς.

1116 1356 1152 1383 Ζ’.
1181 1355 1353 1390 Πανταχόθεν
1367 1354 1415 1385 τὰς
1427 1353 1475 1380 τοῦ
1490 1351 1586 1388 ἐχθροῦ
1604 1351 1783 1387 μαγγανείας,
1800 1349 1864 1380 τοὺς

1080 1401 1172 1433 δόλους
1183 1409 1214 1428 τε
1229 1400 1277 1428 καὶ
1289 1400 1338 1430 τὰς
1351 1398 1519 1433 κακουργίας
1529 1417 1536 1430 ,
1555 1397 1671 1430 ὀξύτατα
1685 1396 1864 1431 περισκοπεῖν

1080 1447 1130 1474 δεῖ.
1154 1446 1210 1473 Καὶ
1228 1446 1283 1481 γὰρ
1307 1445 1344 1477 ὡς
1367 1444 1398 1470 τὸ
1419 1443 1532 1478 Πνεῦμα
1553 1443 1584 1469 τὸ
1604 1443 1681 1476 ἂγιον
1696 1442 1739 1468 διὰ
1756 1441 1864 1468 Παύλου

1079 1491 1113 1518 τὰ
1128 1491 1217 1518 πάντα
1229 1490 1357 1525 γενέσθαι
1371 1489 1465 1524 φησὶν,
1483 1489 1525 1515 ῐνα
1539 1489 1602 1520 τοὺς
1615 1488 1719 1518 πάντας
1733 1487 1863 1522 κερδήσῃ·

1043 1548 1064 1577 c
1080 1536 1151 1564 οὕτω
1167 1536 1199 1572 δὴ
1222 1535 1268 1563 καὶ
1283 1536 1316 1570 τῇ
1331 1535 1416 1570 κακίᾳ
1432 1534 1553 1569 γίνεσθαι
1567 1533 1656 1560 πάντα
1670 1532 1715 1559 διὰ
1730 1531 1860 1565 σπουδῆς,

1079 1582 1117 1613 ὡς
1141 1581 1204 1613 τοὺς
1228 1581 1332 1612 πάντας
1357 1579 1530 1615 παραπέμψῃ
1551 1580 1584 1614 τῇ
1605 1578 1744 1613 ἀπωλείᾳ·
1767 1577 1863 1612 ἀμέλει

1079 1626 1137 1657 τοῖς
1157 1624 1314 1660 εὐχομένοις
1338 1623 1377 1655 ὡς
1396 1623 1591 1658 συνευχόμενος
1605 1621 1778 1656 ὑποκρίνεται
1794 1618 1865 1646 κατὰ

1081 1671 1182 1698 σκοπὸν
1205 1669 1254 1696 τοῦ
1276 1669 1413 1705 προφάσει
1430 1667 1514 1703 εὐχῆς
1530 1667 1682 1702 ἐμϐαλόντα
1695 1666 1763 1701 πρὸς
1776 1666 1864 1700 οἴησιν

1080 1716 1219 1751 ἀπατῆσαι
1232 1723 1239 1730 ’
1265 1716 1324 1746 τοῖς
1344 1713 1504 1749 νηστεύουσι
1530 1711 1720 1748 συννηστεύειν
1733 1732 1741 1743 ,
1765 1710 1864 1741 αὐτοὺς

1080 1763 1168 1797 οἰήσει
1191 1760 1335 1796 φενακίσαι
1359 1759 1540 1795 βουλόμενος·
1570 1758 1626 1789 τοῖς
1650 1757 1740 1791 ἔχουσι
1762 1755 1866 1789 γνῶσιν

1080 1807 1196 1842 Γραφῶν
1212 1806 1364 1841 ἐπιτηδεύει
1381 1805 1415 1832 τὰ
1428 1805 1510 1840 ὃμοια
1521 1823 1530 1836 ,
1548 1803 1722 1838 προσχήματι
1738 1801 1866 1835 γνώσεως

1080 1852 1218 1880 ἐπιποθῶν
1242 1851 1341 1883 αὐτοὺς
1364 1849 1622 1885 παρακρούσασθαι·
1648 1849 1704 1879 τοῖς
1726 1846 1863 1874 ἀποκαλύ-

1080 1897 1153 1932 ψεων
1168 1896 1256 1931 φωτὸς
1269 1894 1471 1927 καταξιωθεῖσι,
1483 1893 1684 1929 παραπλησίως
1697 1891 1768 1927 ἔχειν
1777 1891 1863 1917 δοκεῖ,

1081 1939 1369 1975 Μετασχηματίζέται
1384 1939 1450 1974 γὰρ,
1465 1938 1556 1974 γησὶν,
1575 1939 1591 1965 ὁ
1606 1935 1741 1969 Σατανᾶς
1755 1937 1798 1969 εις
1813 1936 1864 1970 dr-

1080 1988 1172 2021 τελον
1182 1986 1289 2020 φωτός·
1307 1985 1351 2011 ἵνα
1366 1985 1398 2020 τῇ
1412 1985 1521 2019 δοκήσει
1535 1983 1582 2010 τοῦ
1595 1983 1763 2018 καταλλήλου
1776 1982 1864 2016 φωτὸς

1081 2032 1236 2067 ἀπατήσας,
1253 2031 1293 2062 εις
1305 2030 1402 2058 ἑαυτὸν
1417 2029 1605 2064 ἐπαγάγηταγ
1626 2029 1673 2056 καὶ
1688 2028 1779 2058 ἁπλῶς
1793 2027 1866 2054 οὕτω

1081 2077 1151 2112 πρὸς
1166 2076 1254 2103 πάντα
1268 2075 1436 2102 ποικίλλεται
1449 2075 1497 2102 καὶ
1509 2076 1565 2106 τοῖς
1575 2075 1667 2105 πᾶσιν,
1680 2073 1722 2100 ἵνα
1732 2073 1769 2107 τῷ
1780 2072 1865 2108 ὁμοίῳ

1081 2119 1256 2155 χειρούμενος
1271 2119 1446 2153 εὐλογοφανεῖ
1465 2118 1598 2154 προφάσει
1616 2117 1731 2153 προξενῇ
1749 2117 1798 2151 τὴν
1813 2117 1866 2143 ἀπα

1082 2164 1179 2191 ώλειαν
1193 2173 1200 2180 ·
1228 2163 1409 2198 Λογισμοὺς,
1424 2163 1500 2198 φησὶ,
1516 2162 1725 2196 καθαιροῦντες
1739 2161 1787 2189 καὶ
1802 2160 1862 2188 πᾶν

245 2206 346 2234 niciem
357 2214 364 2232 :
377 2205 505 2239 Comitia,
515 2206 615 2241 inquit,
625 2207 785 2233 dem-uentos
796 2211 820 2233 et
843 2215 945 2234 omnem
964 2208 1027 2234 alti-

1079 2209 1188 2243 ὕψωμα
1199 2209 1394 2243 ἐπαιρόμενον
1411 2207 1486 2234 κατὰ
1500 2207 1554 2241 τῆς
1564 2207 1700 2242 γνώσεως
1713 2206 1765 2233 τοῦ
1777 2206 1863 2233 Θεοῦ.

246 2251 365 2278 tudinem
377 2251 545 2278 extollentem
554 2260 581 2278 se
605 2252 730 2278 adversus
756 2253 892 2279 scientiam
913 2252 961 2279 Dei
986 2253 1008 2269 ⁸⁸
1021 2273 1029 2280 .

245 2297 312 2325 Vide
322 2286 465 2332 quousque
487 2297 621 2332 superbus
635 2297 681 2324 ille
697 2298 830 2332 impostor
845 2298 962 2326 audendi
971 2307 1030 2334 pro.

245 2344 359 2371 terviam
374 2344 513 2375 extendat,
529 2348 560 2371 ut
579 2351 634 2370 non
644 2343 751 2370 dubitet
777 2343 871 2371 conari
893 2352 941 2372 eos
956 2345 1031 2380 ipsos

247 2389 375 2424 dejicere,
391 2389 437 2424 qui
455 2388 534 2423 211
547 2388 670 2415 divinum
704 2387 810 2416 Numen
831 2388 857 2416 in
874 2390 1029 2425 cognitione

247 2434 369 2462 veritatis
379 2433 546 2468 possideant.
562 2431 598 2459 Ut
613 2431 681 2459 adeo
700 2439 925 2468 unumquemque
947 2442 1029 2469 opor-

247 2483 301 2507 teat
313 2486 362 2515 eor
376 2485 456 2506 suum
471 2476 545 2504 omni
556 2477 680 2504 custodia
691 2485 816 2511 servare;
833 2479 1000 2515 multamque
1013 2487 1029 2508 a

247 2525 304 2552 Deo
315 2523 488 2559 prudentiam
498 2529 620 2557 poscere,
633 2522 717 2550 utdel.
731 2524 810 2552 nobis
824 2525 1029 2560 deprehendere

245 2567 389 2596 diabolica:
395 2565 572 2601 malignitatis
582 2570 665 2594 artes.
675 2567 860 2604 Praetereaque
869 2571 1028 2608 exercitare,

244 2621 276 2641 ac
285 2612 365 2648 quasi
373 2611 515 2650 elaborare
531 2615 651 2638 mentem
671 2619 704 2640 ac
723 2613 902 2648 cogitationes
921 2620 1029 2649 nostras

244 2657 381 2686 elimando
407 2664 458 2692 per
486 2656 655 2690 spiritualem
681 2664 774 2685 curam
806 2659 864 2686 sine
888 2659 1028 2696 intermis-

245 2704 322 2731 sione
333 2701 470 2736 convenit.
484 2704 513 2728 et
522 2701 555 2728 ad
565 2701 613 2729 Dei
623 2703 790 2731 voluntatem
800 2704 928 2740 adaptarc
939 2705 1026 2740 ipsas;

1081 2254 1152 2290 Ὅρα
1167 2254 1249 2289 μέχρι
1263 2254 1310 2280 καὶ
1322 2254 1402 2280 τίνων
1415 2253 1547 2285 όάλαζὼν
1560 2253 1674 2279 ἐκτείνει
1685 2252 1715 2278 τὺ
1725 2251 1863 2286 τόλμημα,

1079 2299 1118 2334 τῷ
1138 2299 1279 2334 βούλεσθαι
1302 2299 1350 2325 καὶ
1369 2298 1432 2329 τοὺς
1447 2297 1497 2333 ἤδη
1512 2298 1542 2324 τὺ
1554 2298 1631 2324 Θείον
1644 2297 1705 2324 κατ’
1718 2297 1865 2330 ἐπίγνωσιν

1079 2343 1208 2378 ἀληθείας
1232 2343 1342 2378 ἔχοντας
1363 2342 1547 2376 κατενεγκεῖν.
1561 2342 1642 2368 Ὥστε
1664 2341 1738 2377 πάσῃ
1757 2341 1863 2376 φυλακῇ

1079 2390 1172 2423 τηρεῖν
1198 2388 1248 2423 τὴν
1271 2387 1368 2414 ἑαυτοῦ
1390 2387 1502 2423 καρδίαν
1515 2387 1586 2422 χρὴ,
1615 2387 1715 2422 πολλήν
1736 2395 1766 2413 τε
1787 2387 1865 2421 παρὰ

1079 2434 1147 2461 Θεοῦ
1162 2435 1212 2469 τὴν
1223 2433 1330 2460 σύνεσιν
1345 2433 1442 2464 αἰτεῖν,
1454 2433 1498 2459 ῐνα
1511 2432 1548 2467 δῷ
1563 2433 1630 2468 ἡμῖν
1644 2433 1692 2464 τὰς
1705 2432 1753 2466 τῆς
1764 2433 1864 2463 κακίας

1079 2478 1176 2513 τέχνας
1189 2479 1294 2513 φωρᾷν.
1314 2476 1494 2513 Ἐργάξεσθαι
1503 2477 1533 2504 δὲ
1546 2478 1593 2505 καὶ
1607 2479 1731 2504 ἐκπονεῖν
1744 2477 1791 2504 τὸν
1801 2477 1864 2504 νοῦν

1080 2525 1108 2550 ἐν
1133 2524 1240 2550 συνέσει
1265 2524 1312 2551 καὶ
1333 2524 1395 2555 τοὺς
1409 2524 1556 2559 λογισμοὺς
1570 2525 1703 2559 προσήκει
1719 2524 1862 2558 διηνεκῶς.

1079 2570 1126 2596 καὶ
1147 2570 1216 2604 πρὸς
1229 2569 1276 2596 τοῦ
1289 2569 1358 2596 Θεοῦ
1373 2569 1478 2605 Θιλημα
1495 2570 1668 2605 καταρτίζειν
1680 2569 1796 2600 αὐτούς·
1813 2569 1863 2596 οὐκ

1081 2615 1138 2642 ἔστι
1153 2615 1246 2642 τούτου
1263 2615 1355 2651 μεῐζον
1368 2615 1449 2650 ἔργον
1468 2615 1485 2651 ἢ
1505 2615 1685 2651 τιμιώτερον·
1705 2614 1863 2649 Ἐξομολό-

1078 2669 1167 2694 τησις
1187 2660 1256 2695 γὰρ,
1276 2660 1358 2695 φησι,
1387 2659 1437 2687 καὶ
1457 2660 1696 2695 μεγαλοπρέπεια
1720 2659 1753 2685 τὸ
1773 2659 1861 2693 ἔργον

1077 2706 1180 2734 αὑτοῦ.

245 2756 299 2784 quo
312 2756 369 2776 non
381 2749 470 2784 majus
479 2754 534 2784 nec
547 2748 695 2783 pretiosius
713 2757 782 2785 opus
793 2754 844 2779 est.
859 2750 1005 2790 Confessio,
1020 2751 1092 2783 enim
1107 2751 1156 2784 ait,
1165 2753 1192 2778 et
1203 2751 1399 2787 magniﬁcentia
1409 2759 1472 2787 opus
1480 2752 1537 2786 ejus
1548 2752 1581 2780 δι.

291 2817 313 2858 ff
333 2817 429 2858 ξέσον.
447 2819 565 2858 {1,2,}:
573 2820 654 2858 Prov.
671 2828 707 2852 iv,
726 2820 771 2858 gs.
809 2821 906 2856 "Sap.
927 2822 986 2855 1,3,.

1078 2823 1158 2858 Apoc.
1176 2831 1204 2857 x,
1225 2822 1270 2850 22.

247 2851 269 2868 ιθ
283 2852 316 2880 ιι.
337 2851 402 2880 Cor.
417 2854 478 2886 x,5.
516 2855 536 2871 δ¹
549 2855 646 2885 Psalm.
661 2851 704 2888 cx,
725 2855 752 2883 5.

1322 2821 1438 2850 I'lCor.
1458 2829 1496 2858 ιι,
1515 2823 1560 2854 22.
1613 2822 1635 2838 ³⁸
1648 2821 1669 2850 ll
1683 2821 1745 2850 Cor.
1764 2821 1858 2855 11,16.
