2075 3155
201 2825 209 2840 Ι

211 173 263 209 941.

731 171 847 203 LIBER
867 171 916 202 DE
935 171 1147 203 LIBERTATE
1166 173 1320 205 MENTIS.

1783 173 1836 206 9-42

245 229 285 257 H'.
309 228 349 263 τῇ
366 225 481 262 φιλοθέῳ
494 225 567 263 ψυχῇ
577 247 585 260 ,
603 226 657 254 κᾶν
671 227 760 254 πάντα
774 228 808 255 τὰ
823 227 913 263 ἀγαθὰ
929 228 1000 264 πρά-

1087 229 1155 258 VIII.
1177 230 1226 258 Dei
1248 230 1350 258 amanti
1359 230 1468 263 anlmaa,
1494 235 1633 266 utcunque
1647 232 1738 259 omnia
1763 232 1834 259 bona

209 273 290 306 ξειεν,
308 272 384 299 οὐδὲν
400 272 495 307 ἑαυτῇ,
511 271 581 298 ἀλλὰ
594 271 633 306 τῷ
645 271 704 308 Θεῷ
717 272 820 300 ἕκαστα
832 273 996 308 ἐπιγράφειν

207 320 276 350 ἔθος.
305 317 397 353 Ταύτῃ
426 326 468 344 τοι
494 317 541 344 καὶ
557 317 571 344 ὁ
585 317 651 350 Θεὸς
666 318 747 345 πάλιν
761 319 795 354 τῇ
810 318 883 352 ὑγιεῖ
895 319 997 353 ταύτης

208 364 255 391 καὶ
279 363 346 399 ὀρθῇ
371 363 478 392 συνέσει
499 362 547 390 καὶ
570 361 669 397 γνώσει
686 362 824 398 προσχὼν,
841 363 997 390 τούναντίον

207 409 298 445 ἐκείνῃ
313 408 403 436 πάντα
414 408 564 443 λογίζεται·
582 408 629 436 καὶ
642 409 680 440 ὡς
693 409 779 444 αὐτῆς
792 408 934 444 καμούσης
950 410 997 436 καὶ

208 454 273 490 παρ’
288 454 386 489 ἑαυτῆς
400 454 430 480 τὸ
441 453 500 481 ὅλον
511 454 711 491 ἐργασαμένης,
724 455 773 487 τὰς
783 455 931 487 ἀντιδόσεις
941 457 998 482 ὲπι-

209 500 318 536 μετρεῖ’
340 498 433 526 καίτον
446 500 523 533 δόξαν
537 499 611 535 αὐτῷ
631 501 699 534 πρὸς
713 500 802 534 κρίσιν
820 501 887 536 ἡμῖν
898 501 996 533 ὲλθεῖν,

207 546 282 572 οὐδὲν
308 545 377 581 πρὸς
396 544 526 580 ἀλήθειαν
550 545 589 581 τῷ
609 545 745 582 ἀνθρώπῳ
764 546 867 573 δίκαιον
882 546 997 582 εὑρεθή-

208 600 294 619 σεται·
313 592 375 618 ἐπεὶ
390 591 437 619 καὶ
451 593 486 618 τὰ
499 592 640 627 χρήματα,
659 592 706 619 καὶ
720 591 755 619 τὰ
767 592 896 620 δοκοῦντα
909 593 998 620 πάντα

207 637 287 662 ταυτὶ
307 635 397 670 ἀγαθὰ
409 655 417 668 ,
446 635 480 662 δι’
497 632 535 662 ὦν
551 636 599 662 καὶ
614 636 734 663 εὐποιετν
749 636 863 669 ἕκαστος
875 637 997 670 δύναται,

209 681 312 708 ἐκείνου
326 681 391 714 stet,
408 681 444 716 γῆ
460 681 508 708 καὶ
522 682 610 708 πάντα
624 682 658 709 τὰ
673 682 702 708 ἔν
715 682 784 718 αὐτῇ
794 691 801 700 ο
820 682 887 710 αὐτὸ
902 683 932 710 τδ
947 683 999 710 σῶ-

211 735 260 762 μα,
277 727 324 753 καλ¹
340 726 408 762 αὺτὴ
424 727 441 762 ἠ
453 727 537 762 ψυχή·
554 727 583 753 οὐ
598 727 652 762 μὴν
664 727 732 754 ἀλλὰ
744 729 790 755 καὶ
802 727 868 754 αὐτὸ
878 727 909 754 τὸ
916 727 996 761 εἶναι,

208 771 353 806 ἄνθρωπος
370 772 440 797 κατὰ
454 771 534 806 χάριν
550 771 616 806 ἔχει.
634 771 666 798 Τί
678 771 769 799 τοίνυν
786 772 861 808 αὐτῷ
875 772 998 800 λείπεται

209 817 275 844 ἴδιον
287 837 296 850 ,
322 817 365 852 ἐφ’
380 814 401 851 ᾧ
418 817 448 843 τὸ
463 818 590 853 οἰηθῆναι
607 817 624 853 ἢ
639 817 818 853 δικαιωθῆναι
833 819 905 846 κατὰ
919 818 998 853 λόγον

208 862 283 896 ἱξει;
304 863 373 897 πλὴν
389 862 456 890 ἀλλὰ
470 862 572 898 ταύτην
588 864 603 890 ὁ
616 863 683 896 Θεὸς
700 864 833 900 μεγίστην
849 863 879 897 ἐξ
891 864 997 899 ἀνθρώ-

210 916 268 934 πων
283 908 389 943 δέχεται
406 908 502 943 χάριν,
527 897 574 935 καὶ
596 908 675 934 τοῦτο
765 897 997 945 προσφερομένων
1013 897 1035 927 Β

209 954 308 989 ἐκείνῳ
322 955 351 981 τὸ
364 955 553 989 χαριέστατον,
565 954 596 981 τὺ
607 954 657 989 τὴν
669 954 758 990 ψυχὴν
772 955 860 987 καλῶς
873 955 998 990 ἐπιγνοῦ-

211 1008 260 1029 σαν
274 1001 347 1032 ὅπως
361 1000 417 1035 ἔχει
430 999 464 1026 τὰ
475 1000 549 1032 ὄντα,
567 1000 655 1027 πάντα
669 1000 771 1035 ὅσαπερ
786 1000 818 1027 ἂν
831 1002 894 1036 ποιῇ
907 1001 999 1035 ἀγαθὰ

211 1046 258 1072 καὶ
280 1046 329 1072 ὅσα
350 1045 449 1080 κάμνει
474 1045 519 1072 διὰ
535 1045 612 1077 Θεὸν,
629 1045 680 1072 ὅσα
692 1054 722 1071 τε
736 1045 842 1079 συνίησι
858 1046 904 1072 καὶ
916 1045 999 1080 γινώ-

211 1098 286 1123 σκει,
308 1089 383 1126 αὑτῷ
397 1089 568 1125 λογίζεσθαι,
587 1089 634 1118 καὶ
662 1090 736 1126 αὺτῷ
751 1090 782 1117 τδ
805 1089 916 1126 σύμπαν
933 1091 999 1118 ἁνα-

210 1136 325 1164 τιθέναι.

1047 273 1144 306 faciat,
1156 275 1225 302 nihil
1241 275 1304 308 sibi,
1320 276 1368 304 sed
1383 277 1437 304 Deo
1448 281 1545 304 cuncta
1557 276 1693 304 ascribere
1708 285 1767 304 mos
1782 281 1834 304 est.

1045 319 1081 346 At
1093 320 1166 347 Deus
1179 320 1299 348 vicissim
1321 329 1413 348 sanam
1429 322 1489 356 ejus
1500 325 1528 348 et
1552 325 1654 349 rectam
1665 342 1672 353 .
1699 329 1761 351 cum
1788 322 1836 349 nd-

1046 364 1177 392 mistione
1186 365 1348 399 prudentiae.
1374 365 1518 394 scientiam
1547 366 1701 398 attendens,
1723 366 1750 393 in
1771 374 1837 393 con-

1047 410 1162 437 trarium
1176 410 1255 444 plane
1269 410 1380 437 modum
1391 410 1483 438 omnia
1506 410 1557 445 ipsi
1575 411 1706 445 imputat;
1718 419 1750 438 ac
1762 412 1836 439 velut

1047 450 1092 481 illa
1107 454 1164 481 sola
1174 454 1334 486 laborasset.
1347 459 1375 482 et
1389 456 1446 483 suis
1461 455 1543 483 unius
1556 455 1661 483 viribus
1673 456 1700 483 in
1717 456 1835 485 solidum

1047 503 1145 526 cuncta
1162 499 1323 534 peregisset,
1348 500 1387 528 sic
1406 501 1432 527 ei
1449 500 1688 530 remunerationes
1716 501 1835 530 admeti-

1048 547 1103 571 tur.
1122 544 1270 572 Enimvero
1289 545 1312 572 si
1327 545 1383 572 Deo
1398 545 1507 573 luberet
1523 546 1610 581 rigido
1625 546 1768 574 nobiscum
1793 547 1837 582 ju-

1047 589 1120 617 dicio
1145 597 1225 625 agere
1239 610 1246 622 ,
1264 590 1332 617 nihil
1363 598 1477 626 prorsus
1502 591 1607 618 homini
1620 591 1654 619 ab
1669 600 1775 619 eovcrc
1789 592 1836 619 de-

1047 634 1136 662 bitum
1165 636 1348 670 reperiretur,
1380 637 1602 672 quandoquidem
1628 637 1833 671 possessiones,

1047 681 1175 717 pecunia,
1204 686 1357 717 cuni-taque
1370 682 1451 717 hujus
1465 683 1528 711 vita:
1551 684 1630 716 bona,
1647 692 1708 718 quae
1732 684 1835 711 instru-

1047 731 1141 754 menta
1156 727 1226 754 bene
1244 727 1382 762 operandi
1398 728 1478 755 bonis
1501 732 1575 761 sunt,
1590 728 1618 755 in
1647 728 1763 756 solidum
1776 728 1836 763 ejus

1049 773 1173 800 dominio
1188 773 1340 808 subjacent.
1374 773 1487 800 Terram
1513 777 1540 800 et
1558 774 1685 801 universa
1711 781 1771 808 quae
1790 773 1836 801 illa

1048 818 1102 846 fert
1122 823 1170 847 aut
1184 819 1329 852 continet;
1358 818 1446 853 ipsum
1464 827 1573 854 corpus,
1597 820 1682 854 ipsam
1694 819 1810 846 animam
1825 838 1833 851 ,

1049 863 1096 892 sed
1116 868 1145 890 et
1172 864 1260 899 ipsum
1272 871 1344 896 esse,
1361 864 1443 892 homo
1465 871 1514 899 per
1526 865 1640 900 gratiam
1659 864 1752 892 habet.
1764 864 1834 897 Quid

1050 910 1133 947 igitur
1154 910 1208 946 ipsi
1229 911 1396 946 relinquitur
1417 912 1570 946 proprium,
1602 913 1675 940 unde
1700 913 1786 948 possit
1807 913 1834 940 in

1050 954 1243 982 confidentiam
1269 954 1370 987 inﬂari,
1393 959 1440 982 aut
1455 962 1530 990 spem
1544 949 1688 991 concipere
1713 965 1776 984 vera
1794 965 1836 984 ra-

1051 1000 1125 1026 tione
1145 999 1236 1026 nixam
1252 998 1395 1026 obtinendi
1419 999 1544 1028 districto
1558 1000 1663 1036 judicio
1676 1001 1754 1036 quasi
1774 1002 1835 1036 jure

1051 1045 1103 1073 sibi
1123 1044 1247 1072 debitum
1266 1044 1428 1079 quidpiam?
1442 1045 1578 1073 Caeterum
1593 1046 1665 1074 hanc
1691 1046 1835 1073 maximam

1052 1097 1086 1118 ex
1102 1089 1261 1117 hominibus
1277 1089 1348 1116 Deus
1365 1090 1484 1125 percipit
1494 1090 1608 1126 gratiam
1622 1099 1629 1124 ;
1642 1095 1670 1118 et
1683 1091 1737 1118 hoc
1753 1099 1785 1118 ex
1802 1091 1836 1118 iis

1050 1144 1111 1172 quas
1138 1135 1189 1171 ipsi
1213 1135 1368 1164 olferunlnr
1393 1145 1478 1164 unum
1504 1137 1583 1172 longe
1606 1137 1834 1172 iucundissimum

210 1183 327 1215 accidit;
349 1182 440 1210 anima
463 1190 519 1215 res,
537 1182 578 1210 uti
617 1189 646 1210 se
675 1190 740 1210 vere
753 1182 866 1215 habent,
878 1187 1023 1218 agnoscat;
1043 1186 1071 1210 et
1083 1190 1252 1218 quaecunque
1265 1182 1330 1210 facit
1345 1182 1426 1215 bona,
1439 1190 1609 1218 quzecunque
1621 1188 1732 1218 propter
1749 1183 1834 1211 Deum

211 1229 281 1257 mala
301 1229 406 1260 tolerat.
423 1236 591 1264 quwcunque
623 1228 750 1264 intelligit
765 1233 794 1257 et
807 1229 901 1262 sentit,
920 1229 1037 1264 imputet
1051 1237 1180 1264 supremo
1196 1229 1338 1264 largitori,
1359 1233 1387 1256 et
1403 1229 1449 1256 uni
1466 1229 1491 1257 ei
1513 1234 1623 1264 accepta
1641 1229 1751 1257 referat.

245 1275 284 1303 6’.
304 1276 409 1310 Ὥσπερ
430 1275 537 1311 Ἰσραὴλ
552 1276 605 1308 ἕως
621 1276 671 1311 μὲν
686 1275 840 1312 εὐαρέστως
855 1274 911 1311 εἶχε
926 1276 994 1311 πρὸς

211 1322 257 1349 τὸν
279 1321 434 1356 Δεσπότην,
463 1321 584 1355 καίτοιγε
608 1321 736 1348 οὐδέποτε
761 1322 810 1356 μὲν
835 1321 873 1353 ὡς
893 1322 995 1356 ἐχρῆν·

211 1368 281 1404 πλὴν
295 1367 351 1394 ἀλλ’
365 1365 412 1394 οὖν
424 1366 476 1397 ἓως
488 1367 574 1394 ἐδόκει
588 1367 651 1402 ὑγιῆ
663 1375 724 1394 τινα
736 1367 827 1399 ποσῶς
838 1367 906 1402 πρὸς
917 1367 997 1394 αὑτὸν

212 1414 285 1449 εχειν
310 1413 359 1448 τὴν
380 1413 489 1445 πίστιν,
517 1412 613 1444 στύλος
637 1412 722 1448 πυρὸς
739 1413 787 1440 καὶ
801 1413 899 1448 νεφέλη
916 1412 999 1440 αὐτοῦ

212 1460 368 1495 προηγεῖτο,
383 1457 504 1486 θάλασσα
523 1458 551 1486 δὲ
564 1458 638 1494 αὐτῷ
657 1458 804 1495 ὑπεχώρει,
822 1460 870 1487 καὶ
896 1458 1001 1495 μυρίων

212 1505 299 1532 ἄλλων
312 1504 433 1532 ἀπέλαυε
453 1504 612 1539 θαυμασίων
625 1512 633 1520 ·
644 1505 723 1532 ὁπότε
739 1505 767 1532 δὲ
790 1505 840 1540 τῆς
853 1505 921 1541 πρὸς
934 1505 1000 1532 Θεδν

213 1549 320 1581 εὐνοίας
333 1549 466 1584 ἀφίστατο
475 1570 482 1581 ,
501 1550 562 1576 τότε
578 1551 626 1576 καὶ
639 1551 696 1581 τοῖς
709 1550 817 1586 ἐχθροῖς
831 1550 998 1586 παρεδίδοτο,

213 1595 260 1622 καὶ
280 1595 412 1627 δουλείαις
433 1597 546 1630 πικραῖς
565 1595 771 1631 κατειργάξιτο.
790 1595 869 1623 οὕτω
887 1604 931 1630 μοι
943 1595 998 1622 νόει
1011 1585 1033 1614 C

213 1642 261 1668 καὶ
277 1641 322 1668 ἐπὶ
336 1641 386 1676 τῆς
397 1640 502 1676 ψυχῆς·
526 1642 542 1676 ἢ
564 1641 608 1668 διὰ
624 1641 673 1676 τῆς
686 1642 797 1676 χάριτος
809 1641 855 1668 τὸν
867 1641 933 1668 Θεὸν
946 1642 997 1668 ἑπ-

213 1687 296 1720 έγνω,
315 1687 361 1714 καὶ
375 1686 428 1713 ἀπὸ
444 1686 537 1721 ρύπων
553 1686 603 1721 μὲν
617 1686 755 1722 ἐκαθάρθη
771 1686 876 1714 πολλῶν
890 1687 921 1713 τὸ
931 1686 998 1722 πρό-

213 1741 311 1767 τερον,
337 1730 396 1759 εἶτα
420 1733 466 1759 καὶ
488 1732 607 1767 χαρίτων
632 1732 697 1767 ἁγία
719 1732 830 1767 γέγονε,
847 1732 896 1768 τὴν
912 1741 998 1768 προσ-

213 1779 332 1813 ήκουσαν
345 1778 373 1805 δὲ
385 1778 416 1805 οὐ
430 1778 571 1812 φυλάξασα
584 1777 623 1813 τῷ
634 1778 751 1813 οὐρανίῳ
762 1777 838 1813 ἀνδρὶ
852 1778 895 1804 διὰ
906 1777 999 1810 τέλους

213 1823 330 1857 εὖνοιαν,
348 1824 460 1856 ἐξέπεσε
475 1825 526 1859 τῆς
542 1825 614 1859 ζωῆς
628 1821 663 1859 ἦς
679 1824 791 1858 μέτοχος
803 1824 934 1858 ἐγεγόνει.
950 1825 1000 1850 Δυ-

213 1870 293 1896 νατὸν
315 1870 371 1905 γὰρ
394 1870 435 1905 τῷ
456 1870 636 1905 ἀντικειμένῳ
653 1869 700 1896 καὶ
716 1869 770 1896 τῶν
786 1870 826 1901 εις
840 1869 875 1896 τὰ
888 1869 1000 1897 τοιαῦτα

215 1915 374 1950 φθασάντων
383 1915 603 1950 -κατεπαίρεσθαι
621 1915 719 1951 μέτρα.
737 1915 820 1942 Ὥστε
833 1915 999 1950 ἀγωνιστέον

213 1961 298 1995 ὁπόση
324 1961 458 1996 δύναμις,
485 1962 533 1988 καὶ
559 1961 628 1997 μετὰ⁹
651 1960 733 1995 φόϐου
756 1960 805 1987 καὶ
827 1961 928 1996 τρόμου
950 1962 999 1994 τῆς

214 2004 318 2032 ἑαυτῶν
343 2004 416 2040 ζωῆς
439 2004 618 2040 ἐπιμελητέον
631 2026 638 2038 ,
668 2004 785 2040 μάλιστα
808 2006 865 2037 τοῖς
881 2005 937 2032 ὅσοι
952 2005 999 2032 τοῦ

215 2048 373 2085 Πνεύματος
397 2049 445 2077 τοῦ
467 2051 584 2086 Χριστοῦ
608 2051 738 2085 γεγόνασι
764 2052 894 2086 μέτοχοι,
921 2051 1001 2078 τοῦτο

214 2095 281 2129 μηδὲ
309 2095 406 2131 μικρὸν
433 2096 449 2131 ἢ
474 2096 544 2130 μέγα
568 2096 602 2123 δι’
618 2096 765 2132 ὀλιγωρίαν
788 2098 884 2130 ποιεῖν,
903 2097 950 2124 καὶ
965 2097 999 2123 δι’

213 2141 279 2167 αὐτὸ
292 2141 371 2168 τοῦτο
385 2141 433 2168 τοῦ
451 2142 554 2177 Κυρίου
568 2142 680 2177 Πνεῦμα
697 2142 803 2170 λυπεῖν.
828 2143 934 2178 Ὠσπερ
947 2143 1000 2178 γὰρ

213 2186 294 2218 Χαρὰ
308 2187 418 2220 γίνεται
432 2186 467 2213 ἐν
478 2186 518 2219 τῷ
528 2186 656 2220 οὐρανῷ,
665 2187 738 2215 καθά
749 2189 855 2223 φησινὴ
864 2188 998 2224 Ἀλήθεια,

212 2229 262 2257 ἐπὶ
286 2230 330 2265 ἐν)
355 2231 517 2266 ἁμαρτωλῷ
532 2232 748 2266 μετανοοῦντι’
770 2232 843 2260 οὕτω
864 2233 910 2260 καὶ
927 2232 999 2268 λύπη

1084 1276 1131 1304 IX.
1158 1277 1236 1305 Sicut
1263 1278 1409 1309 Israelitas,
1436 1277 1524 1312 quoad
1545 1277 1654 1312 quidem
1676 1277 1710 1304 ad
1728 1277 1834 1305 Domini

1049 1321 1250 1357 beneplacitum
1262 1330 1291 1350 se
1307 1323 1514 1350 conformarunt
1528 1322 1590 1357 (etsi
1600 1330 1740 1357 nunquam
1751 1322 1777 1349 id
1795 1322 1835 1350 illi

1048 1375 1081 1395 ea
1091 1372 1311 1402 quaoportuerat
1326 1367 1467 1403 diligentia
1479 1367 1624 1400 fecerunt),
1637 1375 1732 1395 verum
1745 1376 1834 1403 quan-

1048 1411 1095 1439 diu
1111 1412 1206 1440 saltem
1220 1412 1248 1439 in
1262 1412 1381 1447 speciem
1394 1419 1458 1439 sana
1475 1412 1503 1439 in
1518 1419 1579 1439 eum
1592 1412 1646 1440 fide
1659 1420 1688 1440 sc
1706 1414 1835 1448 praeditos

1048 1462 1189 1493 utcunque
1206 1457 1345 1492 operando
1360 1462 1558 1491 monstrarunt,
1576 1459 1703 1486 columna
1726 1459 1796 1495 ignls
1807 1465 1836 1488 et

1047 1504 1138 1532 nubes
1161 1504 1288 1540 praeibat,
1313 1511 1387 1532 mare
1413 1508 1504 1531 autem
1530 1504 1563 1531 iis
1586 1504 1654 1532 dans
1680 1505 1836 1534 transituris

1049 1550 1120 1581 viam
1143 1551 1307 1584 recedebat;
1322 1550 1428 1585 ipsique
1439 1550 1645 1586 innumerisque
1667 1551 1728 1578 aliis
1750 1551 1835 1586 adjuti

1049 1596 1127 1623 miris
1142 1597 1276 1631 operibus
1285 1596 1362 1624 fuere
1374 1605 1381 1630 ;
1393 1597 1599 1632 quandoautem
1609 1605 1625 1624 a
1643 1597 1835 1625 fldelitateDeo

1047 1643 1140 1671 debita
1156 1643 1325 1677 defecerunt,
1346 1648 1412 1672 tunc
1424 1649 1451 1671 et
1465 1644 1590 1672 hostibus
1607 1648 1672 1671 sunt
1697 1644 1792 1678 dediti,
1807 1649 1836 1672 et

1048 1688 1117 1717 diris
1128 1689 1308 1725 servitutibus
1321 1689 1409 1717 attriti
1438 1693 1512 1716 sunt.
1527 1689 1572 1717 Sic
1586 1694 1614 1717 et
1629 1694 1657 1717 tu
1675 1695 1782 1724 reputa,
1799 1689 1837 1718 si-

1049 1733 1125 1761 milia
1145 1734 1304 1770 contingere
1340 1734 1448 1766 anima,
1481 1739 1625 1770 postquam
1645 1742 1695 1769 per
1719 1734 1836 1769 gratiam

1048 1780 1135 1807 Deum
1153 1784 1317 1815 agnoverat;
1333 1784 1476 1816 postquam
1492 1788 1507 1810 a
1523 1780 1617 1808 multis
1641 1788 1689 1815 per
1706 1787 1836 1807 eumsor-

1049 1826 1132 1853 dibus
1142 1826 1231 1854 fuerat
1241 1826 1346 1858 abluta,
1367 1825 1517 1861 gratiisque
1530 1830 1662 1860 praeterea
1682 1829 1833 1858 exornata;

1049 1879 1112 1899 cum
1146 1870 1228 1898 fidem
1255 1870 1472 1906 charitatemque
1489 1874 1531 1898 tot
1543 1870 1701 1897 nominibus
1728 1870 1835 1898 debitas

1050 1916 1154 1944 caelesti
1170 1924 1220 1944 suo
1237 1923 1337 1951 sponso
1354 1916 1388 1943 ad
1403 1920 1555 1944 extremum
1580 1923 1636 1943 non
1650 1915 1808 1950 praestiterit
1825 1935 1834 1949 ,

1050 1966 1081 1988 ut
1090 1961 1198 1988 excidat
1213 1961 1278 1993 vita,
1293 1960 1372 1994 cujus
1380 1960 1517 1994 particeps
1526 1963 1586 1986 erat
1593 1958 1698 1986 eﬁ'ecta.
1709 1959 1749 1986 Eo
1760 1958 1834 1986 enim

1050 2015 1137 2042 usque
1148 2007 1284 2042 potestvis
1294 2006 1411 2033 exitialis
1419 2005 1525 2034 Satana
1532 2005 1699 2040 pertingere,
1710 2004 1834 2032 utetiam

1050 2060 1098 2080 eos
1113 2051 1234 2087 dejiciat,
1257 2051 1303 2086 qui
1324 2050 1358 2078 ad
1377 2050 1584 2078 tamsublimem
1600 2050 1682 2077 istum
1693 2049 1835 2084 dignitatis

1050 2097 1237 2125 ascenderunt
1253 2096 1368 2131 apicem.
1383 2096 1518 2129 Quocirca
1541 2095 1762 2123 contendendum
1778 2098 1835 2122 tota

1050 2144 1152 2171 virtute
1169 2149 1221 2176 est,
1235 2147 1265 2170 ut
1287 2151 1351 2171 cum
1370 2143 1469 2170 timore
1493 2146 1521 2170 et
1535 2146 1653 2169 tremore
1677 2140 1836 2176 invigiletur

1051 2189 1246 2217 conservandae
1261 2188 1399 2224 spirituali
1416 2188 1478 2216 vita:
1493 2196 1501 2221 ;
1523 2187 1557 2215 iis
1570 2187 1698 2220 maxime,
1712 2186 1759 2221 qui
1775 2185 1836 2221 Spi-

1051 2234 1120 2262 ritus
1141 2234 1243 2262 Christi
1258 2234 1405 2270 participes
1426 2238 1490 2261 sunt
1519 2233 1595 2261 facti.
1614 2233 1701 2266 Quam
1715 2232 1750 2260 ad
1777 2240 1835 2262 rem

214 2275 293 2303 πάλιν
315 2277 361 2303 ἐπὶ
383 2277 433 2312 μιᾷ
447 2276 518 2312 ψυχῇ
536 2279 586 2312 τῆς
601 2278 709 2305 αἰωνίου
724 2278 797 2314 ζωῆς
812 2279 993 2315 ἔκπιπτούσῃ.

1048 2281 1199 2308 cavendum
1214 2280 1359 2316 diligenter
1378 2286 1430 2313 est,
1454 2287 1489 2307 ne
1513 2279 1580 2314 quid
1609 2280 1644 2307 ab
1669 2279 1703 2306 iis
1721 2285 1835 2313 parvum

212 2329 259 2351 aut
286 2332 414 2359 magnum
424 2325 574 2352 oscitanter
589 2326 645 2359 fiat,
677 2326 749 2354 unde
765 2326 906 2362 contingat
938 2327 1046 2355 Domini
1076 2327 1208 2364 Spiritum
1226 2328 1393 2356 contristarl.
1426 2322 1747 2361 Quemadmodum'enim
1763 2326 1836 2354 Gau-

213 2368 283 2396 dium
309 2374 347 2397 est
369 2371 397 2397 in
411 2370 485 2401 caelo.
507 2375 537 2398 ut
562 2371 670 2399 Veritas
697 2375 822 2406 testatur,
856 2381 934 2406 super
962 2382 1014 2400 una
1033 2379 1165 2410 peccatore
1189 2375 1368 2409 pauitantia!»
1383 2377 1474 2409 agente
1489 2373 1512 2389 “
1531 2382 1538 2406 ;
1556 2374 1596 2401 sic
1620 2377 1649 2400 et
1671 2379 1773 2399 mmror
1795 2371 1836 2398 vi-

212 2414 304 2441 cissim
342 2423 425 2450 super
452 2424 506 2444 una
541 2417 632 2445 anima
662 2417 805 2445 excideute
833 2418 867 2445 ab
892 2422 994 2446 aeterna
1012 2419 1078 2448 vita.

249 2461 276 2489 l'.
297 2463 382 2490 Ὅταν
406 2463 478 2498 ψυχὴ
501 2464 550 2499 τῆς
571 2463 682 2500 χάριτος
704 2464 876 2499 καταξιωθῇ,
892 2465 954 2491 τότε
969 2465 1000 2500 δὴ

213 2508 262 2536 καὶ
286 2509 410 2544 χρήσιμα
433 2509 518 2545 ταύτῃ
546 2510 664 2545 μάλιστα
687 2510 798 2545 γνῶσις,
818 2510 936 2543 σύνεσις,
954 2511 1001 2538 καὶ

211 2554 362 2589 διάκρισις·
383 2554 455 2591 ἅπερ
469 2555 536 2589 γοῦν
550 2555 598 2583 καὶ
611 2555 681 2582 αὐτὰ
695 2556 761 2587 Θεὸς
774 2556 881 2584 δίδωσιν
895 2557 1002 2592 ἐκείνης

214 2601 365 2636 αἰτούσης,
394 2602 463 2628 ὥστε
489 2602 643 2637 εὐαρέστως
668 2602 755 2638 αὐτὴν
777 2602 937 2638 διακονῆσαι
962 2603 1002 2638 τῷ

212 2647 362 2683 Πνεύματι,
380 2647 394 2675 ὃ
409 2648 457 2674 καὶ
470 2648 626 2685 κατηξιώθη
640 2648 743 2681 λαϐεῖν,
761 2649 798 2683 μὴ
812 2649 999 2684 κλεπτομένην

213 2692 265 2719 ὑπὸ
289 2693 388 2725 κακίας
399 2714 406 2726 ,
426 2693 463 2729 μὴ
481 2694 668 2729 σφαλλομένην
684 2694 717 2720 δι’
732 2694 888 2728 ἀγνωσίαν,
909 2693 1000 2729 μὴ.τῷ

215 2737 325 2771 ἀμελεῖν
340 2740 386 2766 καὶ
401 2740 510 2773 ἀφόϐως
526 2739 575 2775 ζῇν
592 2741 849 2775 παρα-τρεπομένην,
864 2740 912 2768 καὶ
926 2740 1000 2776 παρὰ

215 2781 246 2807 τδ
258 2783 419 2812 Δεσποτικόν
433 2793 460 2811 τι
475 2785 710 2825 διαπραττομένην
722 2785 838 2821 θέλημα.

253 2871 274 2886 δ’
285 2871 351 2900 Luc.
372 2881 415 2905 xv,
430 2873 469 2902 I0.

1084 2466 1118 2494 Χ.
1144 2467 1259 2500 Quando
1268 2467 1363 2502 gratiae
1376 2466 1562 2501 dignationem
1575 2464 1712 2499 acceperit
1731 2464 1833 2496 anima,

1050 2515 1116 2539 tunc
1134 2511 1158 2538 ei
1180 2511 1296 2539 maxime
1309 2511 1391 2538 utiles
1411 2514 1476 2538 sunt
1496 2510 1621 2540 scientia.
1638 2508 1782 2545 prudentia
1806 2513 1835 2536 et

1049 2556 1193 2590 discretio;
1207 2565 1276 2592 quas
1293 2562 1438 2592 propterea
1455 2557 1527 2592 ipsas
1544 2564 1589 2584 res
1602 2557 1675 2584 Deus
1693 2556 1743 2588 illi,
1756 2555 1835 2583 dum-

1049 2603 1132 2631 modo
1154 2603 1284 2638 postulet,
1299 2602 1425 2638 largitur,
1445 2607 1476 2630 ut
1500 2602 1533 2630 ad
1562 2601 1763 2636 beneplacitum
1786 2607 1836 2635 per

1049 2649 1099 2677 has
1109 2648 1196 2683 possit
1213 2649 1316 2676 servire
1328 2648 1454 2683 Spiritui,
1471 2647 1544 2683 quod
1556 2651 1587 2674 ut
1605 2647 1717 2679 faceret,
1731 2651 1773 2674 est
1794 2645 1834 2672 illi

1049 2702 1099 2729 per
1108 2694 1224 2729 gratiam
1246 2693 1395 2726 indultum;
1410 2693 1438 2720 in
1456 2701 1511 2728 quo
1534 2701 1631 2721 cavere
1651 2692 1768 2726 sollicite
1785 2691 1836 2718 dc-

1051 2739 1196 2774 bet,212
1211 2747 1246 2767 ne
1261 2739 1300 2766 illi
1322 2739 1452 2775 subrepat
1466 2738 1601 2767 insidians
1615 2739 1706 2766 innata
1719 2738 1833 2770 malitia,

1052 2792 1087 2813 ne
1106 2784 1214 2813 labatur
1228 2792 1276 2819 per
1293 2784 1492 2820 ignorantiam;
1509 2792 1545 2812 ne
1559 2783 1672 2818 idcirco,
1687 2783 1762 2818 quod
1787 2790 1835 2811 ne—
