2075 3155
262 177 315 208 9η

877 179 908 209 S.
929 178 1085 209 MACARII
1107 179 1266 211 IEGYPTII

1828 179 1879 214 ω

263 233 399 267 gligenter
417 237 444 260 et
460 232 520 260 sine
555 232 652 260 timore
676 233 759 263 vivat.
784 237 957 267 pervcrtatur
989 231 1023 258 ad
1056 232 1159 268 aliquid
1186 234 1332 269 agendum,
1356 235 1429 270 quod
1455 236 1565 265 Domini
1581 237 1717 266 voluntati
1740 245 1796 266 non
1813 245 1881 266 con-

262 283 351 312 gruat.

300 323 344 350 XI.
359 323 436 351 Sicut
450 322 575 358 operatio
587 323 746 356 aﬂ‘ectuum,
756 330 817 358 qua:
831 322 994 357 cstspiritus
1003 329 1044 348 er-

1134 321 1186 349 lA’.
1204 323 1310 359 Ὠσπερ
1326 324 1344 359 ἡ
1359 323 1485 360 ἐνέργεια
1500 325 1555 353 τῶν
1571 326 1680 359 παθῶν,
1697 327 1765 362 ὅπερ
1781 327 1840 353 ἐστὶ
1851 326 1881 352 τὺ

262 371 344 400 roris,
366 369 540 396 tenebrarum
560 375 589 398 et
612 370 716 405 peccati
739 369 871 396 mundum
893 368 968 395 hunc
990 367 1049 394 ani-

262 421 348 445 mans.
370 413 398 440 in
410 421 445 441 eo
460 413 629 442 domicilium
646 414 752 442 obtinet
769 414 890 446 homine,
920 413 968 448 qui
989 413 1048 448 ple-

261 466 316 486 nus
337 462 427 494 turget
452 459 563 488 dictatis
583 460 724 495 sapientiae
743 460 861 487 carnalis
877 468 884 493 ;
901 459 938 486 ita
953 467 968 487 e
983 465 1050 486 con-

261 504 355 536 trario,
370 505 412 532 vis
435 509 463 532 et
485 505 611 540 operatio
632 505 717 532 lucidi
746 505 867 540 Spiritus
891 505 919 532 in
936 504 1047 531 homine

260 548 430 576 sanctilicato
446 549 571 582 habitat;
587 550 664 585 juxta
690 549 826 577 dicentem
842 558 849 576 :
876 549 917 576 An
933 550 1022 584 aperi
1032 563 1046 570 -

1098 365 1244 402 ιγχὸσμιον
1266 368 1374 404 πνεῦμα
1398 369 1448 404 τῆς
1471 369 1595 405 πλάνης,
1621 371 1670 398 τοῦ
1694 371 1807 402 σκότους
1833 371 1882 406 τῆς

1099 411 1245 447 ἁμαρτίας,
1266 413 1401 450 ἀνθρώπῳ
1413 414 1528 450 τοιούτῳ
1544 416 1577 443 ἃν
1591 417 1767 452 ινοικήσειεν.
1783 417 1813 449 ὃς
1825 417 1882 444 διάη

1098 457 1187 489 πλεώς
1197 460 1256 485 ἑστι
1266 460 1440 495 φρονήματος
1452 462 1596 497 σαρκικοῦ·
1611 461 1683 489 οὕτω
1693 462 1773 489 πάλιν
1784 463 1800 497 ἡ
1812 463 1879 498 ὲνέρι

1097 503 1159 538 γειά
1172 513 1201 531 τε
1217 505 1264 531 καὶ
1276 505 1390 541 δύναμις
1401 506 1449 534 τοῦ
1463 507 1592 542 φωτεινοῦ
1606 508 1765 543 Πνεύματος
1778 508 1882 543 ὰνθρὼτ

1097 557 1141 584 τεῳ
1157 550 1196 584 τῷ
1209 550 1366 584 ἁγιασθέντι
1381 552 1547 587 evita-totust,
1567 553 1638 580 κατὰ
1650 554 1694 580 τὸν
1707 554 1828 581 εἰπόντα·
1848 556 1881 583 Et

259 597 377 620 mentum
389 595 507 629 quaeritis
520 595 586 630 ejus,
601 596 646 630 qui
660 596 688 622 in
701 603 742 622 me
752 595 877 630 loquitur,
896 594 993 622 Christi
1003 595 1026 611 “
1037 595 1044 622 ’ξ

1097 594 1224 629 δοκιμὴν
1235 595 1344 629 ζητεῖτε
1357 597 1410 625 τοῦ
1421 598 1458 625 ἐν
1473 598 1540 633 ἐμοί
1559 599 1728 632 ,λαλοῦντος
1739 599 1881 633 Χριστοῦ;

260 639 295 666 Ει
313 647 410 667 rursus
437 648 444 667 :
467 641 528 668 Vivo
549 645 635 667 autent
653 641 712 675 jam
734 649 787 667 non
809 649 879 675 ego:
900 641 963 668 vivit
988 649 1044 667 vero

1096 639 1143 666 καὶ
1156 638 1249 671 αὖθις·
1266 641 1312 667 Ζῶ
1323 641 1358 668 δὲ
1372 642 1427 668 οὐκ
1440 643 1483 670 ἔτι
1493 643 1560 678 ἐγὼ,
1577 642 1611 678 ζῇ
1628 643 1663 670 δὲ
1678 644 1713 670 ἐν
1728 644 1792 678 ἐμοὶ
1811 645 1880 677 Χρι-

259 685 288 714 in
303 694 344 712 me
358 685 475 714 Christus
484 686 517 714 ⁸⁸.
529 687 562 714 Et
579 695 586 713 :
604 686 755 722 Quicunque
769 687 797 714 in
808 687 911 715 Christo
921 688 1044 723 haptizuti

1095 687 1169 720 στός
1181 693 1189 701 ⁸
1216 688 1281 720 καὶ,
1300 688 1382 714 Ὅσοι
1405 688 1440 715 δὲ
1461 690 1504 722 εἰς
1521 689 1650 723 Χριστὸν
1671 689 1879 723 ἐϐαπτίσθητε,

260 733 332 764 estis,
346 731 477 759 Christum
490 733 612 760 induistis
630 733 663 760 ⁸⁸.
677 733 710 760 Et
726 732 859 760 Dominus
871 742 879 759 τ
912 733 1044 760 Veniamus

1095 732 1224 765 Χριστὸν
1239 733 1440 760 ἐνεδύσασθε”
1459 735 1506 760 καὶ
1521 735 1536 760 ὀ
1551 735 1662 770 Κύριοςσ
1681 735 1880 769 Ἐλευσόμεθα

261 784 308 811 ego
320 782 343 803 et
359 777 442 804 Pater
456 785 539 810 meus,
547 783 571 804 et
583 779 745 805 mansionem
757 779 828 813 apud
840 786 899 805 eum
910 779 1044 814 faciemus.

1095 777 1152 812 ἐγώ
1165 786 1198 804 τε
1221 777 1269 805 καὶ
1285 779 1301 805 ὀ
1316 778 1416 812 Πατήρ
1428 787 1488 813 μου
1500 799 1508 811 ,
1534 780 1583 806 καὶ
1601 779 1702 814 μονὴν
1720 779 1788 813 παρ’
1801 779 1880 811 οιιίτῷ

260 822 323 849 llrec
339 831 392 850 non
405 823 532 855 obscure.
546 832 634 858 neque
650 824 748 857 otiose,
769 824 817 851 sed
840 824 869 851 in
888 824 991 852 virtute
1019 829 1044 852 el

1096 823 1272 857 ποιήσομεν.
1300 823 1392 852 Ταῦτα
1415 825 1466 852 οὐκ
1487 825 1610 860 ἀδήλως,
1635 825 1689 851 οὐδ’
1710 824 1877 859 ἀνεργήτως,

262 869 375 896 ιλοιὶιιιιθ
396 869 440 903 iis,
458 870 505 904 qui
531 870 604 906 digni
618 871 766 904 habentur,
783 871 887 899 insunt.
903 871 960 898 Lex
974 866 1044 899 enim

1096 867 1154 894 ἀλλ’
1180 869 1210 894 ὲν
1233 868 1346 904 δυνάμει
1371 871 1418 897 καὶ
1442 870 1556 905 ἀληθείᾳ
1580 871 1636 900 τοῖς
1659 869 1881 904 καταξιουμένοις

261 914 337 948 prius
351 922 477 942 sermone
490 920 601 950 experte
614 916 775 947 substantiae
792 917 944 945 instruebat
956 917 1044 945 homi-

1097 912 1244 946 ἐγγίνεται.
1266 913 1295 940 '0
1321 914 1370 948 μὲν
1389 914 1444 950 γὰρ
1459 915 1540 949 νόμος
1560 915 1590 942 τὸ
1603 914 1734 950 πρότερον
1748 914 1820 949 λόγῳ
1834 915 1880 940 ἀν-

262 967 319 991 nes,
332 967 413 994 grave
426 960 493 994 ipsis
508 964 537 987 et
559 961 733 996 importahile
761 961 905 996 imponens
923 963 1019 998 jugum
1037 982 1044 996 ,

1096 958 1241 994 υποστάτῳ
1255 959 1407 994 ἐπέστρεφε
1421 959 1483 992 τοὺς
1497 959 1655 995 ἀνθρώπους
1664 979 1671 992 ,
1690 959 1774 995 βαρὺν
1789 960 1880 991 αὐτοῖς

260 1009 289 1031 ct
302 1004 407 1031 nullum
424 1004 517 1032 valens
532 1005 672 1040 porrigere
693 1006 845 1040 auxilium;
860 1015 895 1034 ex
916 1015 950 1035 eo
971 1008 1044 1042 quod

1096 1002 1144 1029 καὶ
1158 1003 1325 1039 δυτφόρητον
1338 1004 1468 1036 ἐπιτιθεὶς
1490 1005 1535 1031 τὸν
1549 1004 1631 1039 ζυγὸν
1643 1024 1651 1037 ,
1676 1005 1722 1031 καὶ
1745 1004 1880 1039 μηδεμίαν

261 1055 317 1075 non
345 1052 437 1083 posset
451 1048 583 1077 virtutem
610 1050 730 1085 Spiritus
748 1051 882 1080 conferre.
904 1051 981 1080 Sicut
1007 1052 1044 1080 ait

1095 1047 1173 1079 εἰδὼς
1183 1048 1289 1084 ὀρέγειν
1301 1048 1436 1084 βοήθειαν,
1451 1049 1528 1076 τοῦτο
1541 1049 1569 1076 δὲ
1583 1049 1658 1086 παρὰ
1669 1049 1699 1076 τὸ
1711 1049 1748 1085 μὴ
1759 1049 1880 1080 δυνατῶς

260 1093 381 1120 Paulus:
403 1093 473 1120 Nam
490 1095 559 1129 quod
569 1096 728 1130 impossibile
738 1101 797 1124 erat
813 1097 879 1133 legi,
891 1098 919 1124 in
938 1106 989 1133 quo
1003 1098 1046 1125 in-

259 1138 419 1172 ﬁrmabatur
427 1146 474 1174 per
488 1147 595 1166 carnem
610 1140 642 1172 ",
668 1145 723 1168 etc.
737 1141 779 1169 Ab
803 1142 923 1169 adventu
952 1147 1044 1170 autem

259 1183 362 1210 Christi
378 1185 480 1212 ostium
494 1185 588 1220 gratia:
599 1185 779 1214 credentibus
794 1186 822 1213 in
831 1188 948 1215 veritate
963 1196 1044 1223 aper-

260 1233 316 1255 tum
333 1229 509 1264 est;Deique
520 1229 608 1258 virtus
633 1234 660 1258 et
691 1231 815 1266 operatio
840 1231 959 1267 Spiritus
977 1233 1044 1269 ipsis

260 1273 460 1308 suppeditatur.

293 1361 351 1390 XII.
365 1363 510 1399 Postquam
521 1364 659 1397 Christus.
680 1366 767 1402 prima
780 1371 808 1395 et
816 1369 950 1396 naturalis
965 1369 1044 1396 boni-

259 1412 312 1440 tas,
328 1407 431 1436 donum
443 1409 563 1444 Spiritus
582 1411 684 1439 divinis
709 1413 861 1440 transmisit
881 1413 1042 1449 discipulis;

1095 1093 1166 1128 ἔχειν
1181 1094 1230 1129 τὴν
1244 1094 1291 1121 τοῦ
1307 1095 1464 1129 Πνεύματος
1476 1095 1588 1130 δύναμιν
1603 1096 1732 1130 παρέχειν
1743 1103 1750 1113 ·
1773 1095 1808 1122 Τὸ
1823 1095 1879 1130 γὰρ

1093 1138 1255 1172 ἀδύνατον,
1269 1140 1347 1175 φησὶ,
1363 1139 1418 1167 τοῦ
1429 1140 1524 1175 νόμου
1540 1140 1576 1167 ἐν
1587 1137 1612 1174 ᾧ
1623 1140 1746 1174 ἠσθένει
1759 1139 1808 1167 διὰ
1823 1140 1879 1174 τῆς

1093 1185 1223 1219 σαρκὸς,
1242 1185 1288 1212 καὶ
1303 1185 1376 1220 ἑξῆς.
1397 1185 1464 1212 ’Λπὸ
1478 1185 1507 1212 δὲ
1519 1185 1569 1220 τῆς
1581 1184 1698 1220 Χριστοῦ
1714 1185 1876 1220 παρουσίας»

1092 1231 1110 1267 ή
1129 1231 1198 1267 θύρα
1223 1231 1273 1267 τῆς
1290 1232 1401 1268 χάριτος
1416 1233 1474 1264 τοῖς
1489 1233 1518 1259 ἐν
1534 1232 1647 1268 ἀληθείᾳ
1662 1232 1824 1258 πιστεύσασι
1839 1231 1880 1258 δι-

1094 1276 1207 1312 ηνοίχθη
1222 1297 1230 1310 ,
1256 1276 1371 1312 δύναμίς
1384 1285 1414 1304 τε
1431 1277 1498 1304 Θεοῦ
1523 1277 1569 1304 καὶ
1583 1276 1708 1312 ἐνέργεια
1721 1276 1878 1312 Πνεύματος

1093 1323 1186 1355 αὐτοῖς
1200 1323 1368 1358 χορηγεῖ-ται.

1129 1367 1177 1395 IB'.
1204 1367 1341 1403 Χριστοῦ,
1365 1367 1416 1402 τῆς
1435 1367 1552 1402 πρώτης
1570 1367 1616 1394 καὶ
1639 1367 1756 1403 φυσικῆς
1776 1367 1878 1401 ἀγαθόο

1093 1419 1183 1446 τητος,
1198 1411 1248 1446 τὴν
1259 1411 1362 1446 δωρεὰν
1375 1410 1422 1437 τοῦ
1432 1411 1589 1446 Πνεύματος
1602 1412 1657 1443 τοῖς
1668 1411 1751 1444 θείοις
1762 1411 1878 1445 διαπέμ-

257 1453 356 1481 exinde
365 1455 542 1484 credentibus
553 1456 647 1484 divina
665 1457 710 1485 illa
725 1459 815 1486 virtus
824 1459 1003 1492 obumbrans,
1015 1465 1044 1488 et

1094 1455 1193 1490 ψαντος
1220 1455 1369 1490 μαθηταῖς,
1397 1454 1501 1481 ἐκεῖθεν
1525 1455 1612 1481 amet
1632 1455 1689 1486 τοῖς
1704 1454 1878 1481 πιστεύουσιν

258 1506 352 1526 eorum
364 1500 520 1528 inhabitans
533 1502 649 1535 animas,
672 1503 798 1531 medetur
811 1505 922 1539 quidem
937 1505 1043 1540 passio-

1094 1502 1110 1537 ἡ
1125 1501 1186 1528 θεία
1199 1501 1315 1536 δύναμις
1329 1500 1421 1535 ἐκείνη
1435 1499 1649 1532 ἐπισκιάζουσα,
1667 1501 1713 1527 καὶ
1729 1500 1789 1529 ταῖς
1803 1499 1878 1526 ὲκείε

260 1544 341 1572 nibus
352 1547 468 1580 peccati,
484 1547 607 1575 tenebris
621 1553 713 1576 autem
728 1553 756 1576 et
773 1554 862 1578 morte
879 1551 953 1586 ipsos
973 1551 1043 1579 libe-

1094 1555 1146 1573 νων
1162 1546 1359 1580 ἐγκατοικοῦσα
1374 1545 1472 1581 ψυχαῖς
1484 1565 1491 1578 ,
1513 1546 1572 1572 [duo
1588 1545 1637 1580 μὲν
1651 1545 1706 1572 τῶν
1720 1544 1812 1571 παθῶν
1826 1545 1894 1579 τῆς

258 1594 311 1617 rat.
327 1590 446 1618 Eatenus
460 1592 562 1626 quippe
571 1596 600 1620 et
616 1593 756 1621 vulnerata
776 1598 803 1622 et
820 1602 930 1622 carcere
951 1595 1042 1624 clausa

1094 1591 1241 1626 ἁμαρτίας,
1256 1590 1303 1617 τοῦ
1317 1590 1430 1622 σκότους
1443 1590 1472 1616 δὲ
1486 1590 1533 1616 καὶ
1546 1590 1595 1625 τῆς
1607 1589 1765 1624 νεκρώσεως
1779 1588 1877 1619 αὐτοὺς

257 1637 317 1661 erat
336 1635 445 1665 anima.
463 1641 491 1663 et
512 1637 628 1672 caligine
647 1639 751 1673 peccati
767 1640 890 1675 undique
917 1648 1043 1676 compre-

1094 1637 1248 1673 ἀπήλλαττε
1261 1644 1269 1653 ·
1296 1636 1342 1663 καὶ
1365 1637 1419 1671 γὰρ
1448 1636 1528 1671 μέχρι
1544 1635 1603 1662 τότε
1618 1634 1833 1671 τετραυμάτιστό
1845 1641 1876 1659 τε

258 1680 353 1708 hensa.
370 1681 495 1716 Denique
516 1690 590 1710 nunc
605 1691 716 1719 quoque
732 1684 823 1711 anima
848 1685 970 1713 nondum
979 1694 1041 1722 gra-

258 1726 324 1754 tiam
335 1727 430 1755 sortita
440 1728 639 1757 inhabitantem
657 1731 685 1757 in
700 1738 730 1758 se
744 1731 889 1759 Dominum
905 1732 1042 1766 habendi;

258 1780 309 1800 uec
321 1773 348 1800 in
364 1781 394 1800 se
406 1774 502 1802 intime
513 1776 649 1804 sentiendi
662 1776 854 1805 informantem
861 1779 1043 1808 animantem-

257 1827 311 1854 que
327 1827 397 1853 sese,
414 1829 446 1848 ac
460 1822 571 1856 penitus
585 1822 778 1851 fecundantem
795 1826 870 1852 omni
883 1827 1043 1861 operatione

257 1865 386 1893 virtutem
400 1866 518 1902 Spiritus
534 1867 631 1901 divini,
644 1869 673 1896 in
684 1869 805 1897 tenebris
815 1870 906 1898 adhuc
917 1877 969 1899 est.
979 1872 1044 1905 Qui-

257 1911 310 1939 l=us
321 1916 412 1940 autem
425 1912 510 1940 divini
527 1913 647 1948 Spiritus
658 1915 817 1950 supervenit
833 1917 929 1952 gratia,
942 1922 971 1945 et
982 1917 1045 1946 imis

257 1960 357 1987 mentis
372 1959 493 1994 ipsorum
509 1961 695 1995 penetralibus
710 1962 811 1990 insedit
824 1971 830 1996 ;
843 1963 886 1992 bis
911 1971 975 1992 sane
991 1965 1045 1993 Do-

258 2006 349 2033 minus
366 2006 425 2033 vice
441 2006 538 2034 animaa
552 2011 605 2035 est.
633 2006 684 2040 Qui
701 2009 770 2035 enim
783 2009 897 2036 adhaeret
911 2009 965 2037 Deo
989 2010 1043 2046 (di-

257 2053 338 2079 vinus
353 2053 392 2079 ait
404 2052 572 2086 Apostolus),
589 2054 617 2080 in
633 2062 715 2081 unum
728 2063 787 2082 cum
795 2063 824 2082 eo
833 2055 959 2089 coalescet
971 2055 1044 2090 ;Spi-

258 2098 337 2123 ritum
347 2097 380 2123 ⁵⁸.
392 2097 427 2124 Et
445 2097 503 2131 ipse
515 2097 657 2131 Dominus,
674 2098 747 2126 Sicut
757 2103 794 2133 tu,
808 2100 897 2135 Pater,
910 2102 937 2129 in
952 2109 1002 2135 me,
1020 2106 1045 2129 et

258 2151 305 2177 rgo
319 2143 346 2169 in
362 2146 397 2175 te,
408 2136 450 2170 ita
462 2147 486 2169 et
501 2145 552 2178 ipsi
564 2145 592 2171 in
601 2144 673 2172 nobis
688 2154 769 2172 unum
785 2146 838 2173 sint
851 2147 882 2175 ".
899 2147 921 2175 Ο
935 2148 1045 2176 bonita-

261 2194 317 2215 tem
330 2191 359 2214 et
370 2187 556 2223 dignationem
573 2189 707 2217 indultam
729 2194 835 2218 tantum
858 2192 994 2227 depressae
1028 2201 1044 2222 a

262 2233 365 2260 malitia
392 2233 534 2260 hominum
565 2235 687 2262 natum!
709 2234 846 2262 Caeterum
871 2237 912 2263 uti
934 2237 1044 2272 quando

260 2274 389 2310 pravitati
403 2275 533 2302 vitiorum
548 2276 716 2309 adhmrebat,
731 2276 832 2309 anima,
854 2285 937 2305 unum
958 2278 1044 2306 idem-

1094 1684 1142 1710 xat
1158 1682 1346 1718 πεφυλὰκιστο
1362 1683 1379 1717 ἡ
1393 1681 1466 1717 ψυχὴ
1479 1681 1526 1708 καὶ
1539 1681 1578 1716 τῷ
1590 1681 1664 1716 ζόφῳ
1678 1681 1727 1715 τῆς
1740 1679 1876 1716 ἁμαρτίας

1093 1729 1206 1764 κάτοχος
1227 1726 1272 1764 ἦν.
1302 1727 1411 1762 ’Δμέλει
1434 1728 1481 1754 καὶ
1500 1726 1548 1754 νῦν
1561 1727 1633 1762 ψυχὴ
1656 1727 1739 1762 μήπω
1753 1725 1878 1752 σύνοικον

1093 1774 1166 1809 ἔχειν
1192 1773 1336 1806 ἀξιωθεῖσα
1361 1774 1407 1800 τὸν
1428 1773 1546 1808 Κύριον.
1567 1773 1633 1808 μηδὲ
1647 1773 1699 1808 τὴν
1711 1772 1757 1799 τοῦ
1772 1772 1875 1806 ἀγαθοῦ

1093 1819 1251 1855 Πνεύματος
1267 1818 1382 1854 δύναμιν
1395 1819 1580 1855 ὲνεργητικῶς
1594 1819 1662 1854 αὐτῇ
1680 1819 1726 1845 καὶ
1740 1818 1811 1845 κατὰ
1825 1819 1877 1845 πᾶ-

1094 1874 1144 1893 σαν
1159 1866 1273 1901 δύναμιν
1288 1865 1335 1892 καὶ
1347 1865 1533 1901 πληροφορίαν
1547 1864 1784 1900 ἐπισκηνώσασαν,
1796 1865 1825 1890 ἐν
1838 1863 1878 1898 τῷ

1094 1911 1185 1939 σκότει
1200 1911 1283 1939 ἐστίν’
1298 1908 1339 1943 οἷς
1353 1911 1382 1938 δὲ
1396 1910 1443 1937 τοῦ
1457 1911 1530 1938 θείου
1544 1910 1877 1945 Πνεύματοςιὲπεφοίτησε

1094 1956 1174 1992 χάρις
1185 1977 1193 1990 ,
1210 1956 1258 1983 καὶ
1272 1957 1328 1988 τοῖς
1341 1956 1501 1992 βαθυτάτοις
1516 1955 1564 1982 τοῦ
1586 1955 1645 1987 νοὸς
1666 1955 1756 1982 αὐτῶν
1778 1955 1877 1989 ἐγκατ-

1094 2002 1202 2038 ῴκησε,
1219 2002 1322 2034 τούτοις
1345 2001 1378 2037 δὴ
1398 2001 1444 2028 καὶ
1466 2002 1480 2028 6
1501 2001 1603 2036 Κύριος
1614 2001 1652 2033 ὡς
1668 2000 1743 2036 ψυχὴ
1755 2000 1877 2035 γίνεται·

1101 2048 1132 2075 'O
1146 2049 1202 2082 γὰρ
1217 2047 1405 2082 κολλώμενος
1418 2047 1458 2079 τῷ
1468 2047 1573 2081 Κυρίῳ,
1591 2048 1605 2073 ὁ
1617 2047 1687 2078 θεῖός
1701 2055 1782 2082 φησιν
1799 2046 1878 2073 Ἀπό-

1096 2094 1201 2126 στολος,
1227 2094 1271 2126 εις
1285 2093 1320 2120 ἓν
1334 2093 1451 2127 πνεῦμα
1465 2093 1552 2119 ἔσται
1564 2101 1572 2108 ⁸
1595 2093 1643 2119 καὶ
1658 2092 1739 2124 αὐτὸς
1751 2092 1780 2118 δὲ
1792 2093 1807 2118 ὁ
1819 2091 1878 2118 Κύ-

1095 2147 1162 2176 ριος·
1179 2139 1293 2174 Ὥσπερ
1305 2139 1363 2173 ἐγὼ
1380 2138 1429 2165 καὶ
1444 2137 1484 2165 σὺ
1502 2138 1650 2173 ἕνέσμεν,
1667 2138 1718 2165 ἳνα
1731 2137 1780 2164 καὶ
1796 2135 1880 2165 οὗτοι

1093 2185 1129 2212 ἐν
1149 2185 1222 2220 ἡμῖν
1245 2184 1281 2212 ἓν
1301 2182 1386 2212 ὦσιν.
1405 2184 1438 2210 Ὢ
1453 2184 1620 2220 ἀγαθότητος
1639 2184 1687 2211 καὶ
1701 2183 1823 2214 εὐδοκίας
1845 2181 1878 2218 ἧς

1093 2230 1189 2265 ἔτυχεν
1214 2230 1231 2265 ἡ
1255 2229 1328 2256 οὕτω
1348 2228 1417 2264 πρὸς
1432 2228 1481 2263 τῆς
1497 2229 1595 2261 κακίας
1611 2229 1810 2256 ταπεινωθεῖσα
1824 2228 1879 2255 τῶν

1094 2274 1246 2310 ἀνθρώπων
1268 2274 1368 2309 φύσιςὶ
1396 2274 1470 2310 Πλὴν
1489 2274 1546 2300 ἀλλ’
1561 2275 1622 2301 ἐπεὶ
1636 2274 1681 2301 καὶ
1696 2275 1729 2310 τῇ
1743 2274 1880 2310 μοχθηρίᾳ

259 2328 313 2355 que
334 2321 412 2356 quasi
425 2328 486 2348 cum
504 2321 570 2356 ipsis
592 2325 668 2354 erat;
685 2326 714 2349 et
735 2329 892 2358 quanquam
904 2323 1042 2358 propriam

1095 2321 1149 2348 τῶν
1173 2320 1268 2348 παθῶν
1292 2321 1308 2356 ἠ
1331 2320 1403 2356 ψυχὴ
1429 2319 1544 2347 συνοῦσα
1558 2320 1587 2346 ἓν
1605 2320 1701 2356 ὥσπερ
1721 2320 1780 2355 μετ’
1796 2320 1880 2354 αὐτῆς

261 2364 380 2399 habeth
395 2365 575 2398 voluntatem,
594 2366 768 2400 tamenquod
784 2366 821 2393 illi
849 2366 973 2402 iubebat,
992 2376 1044 2395 ne-

260 2410 356 2445 quibat
378 2410 479 2438 facere.
495 2411 572 2444 Quod
580 2415 608 2438 et
624 2410 725 2439 Paulus
735 2411 771 2439 de
786 2419 815 2439 se
830 2412 884 2440 ait:
904 2412 962 2440 Non
976 2414 1044 2440 enim

262 2454 332 2489 quod
345 2455 402 2482 volo
413 2456 461 2482 hoc
484 2456 555 2487 facio
571 2455 616 2488 '°;
644 2460 748 2491 quanto
760 2456 856 2491 utique
877 2457 965 2492 magis
995 2457 1044 2485 Dei

259 2500 362 2529 virtute
376 2509 439 2530 eum
450 2501 619 2529 sanctiﬁcata
648 2505 678 2529 et
704 2502 786 2537 digna
812 2510 846 2530 eo
865 2502 936 2531 tacta
953 2504 1043 2532 anima

261 2545 456 2578 conveniente,
479 2547 506 2573 in
531 2554 625 2574 unam.
638 2547 684 2574 illa
704 2555 767 2574 cum
795 2547 852 2575 Deo
873 2549 1042 2577 voluntatem

260 2587 337 2614 erit?
351 2587 395 2615 Fit
407 2588 480 2615 enim
497 2588 588 2616 anima
607 2593 673 2616 tunc
697 2597 764 2617 vere
780 2591 858 2625 quasi
881 2590 970 2619 anima
983 2591 1044 2622 Dei,

261 2641 312 2668 per
330 2636 383 2661 hoe
392 2634 465 2668 quod
480 2639 586 2669 sponte,
617 2639 646 2662 et
656 2643 690 2662 ex
710 2635 852 2670 proposito
875 2637 979 2672 regenti
1013 2645 1043 2665 se

262 2679 474 2708 submittitboni
486 2681 606 2716 Spiritus
631 2681 740 2714 virtuti;
757 2685 785 2708 et
801 2689 850 2716 per
863 2683 979 2717 proprizr
994 2691 1043 2710 vo-

262 2725 377 2754 luntatis
398 2726 457 2754 vias
491 2734 545 2754 non
571 2725 689 2762 amplius
727 2726 858 2756 ambulat.
872 2726 936 2762 Quis
973 2729 1045 2756 enim

296 2838 319 2854 “
334 2837 362 2875 llr
381 2839 444 2875 fier.
457 2846 510 2871 xm,
525 2839 562 2875 5.Δ
591 2839 682 2867 “Gal.
699 2845 728 2869 ιι.
751 2839 795 2866 20.
834 2839 856 2861 "-
874 2839 933 2868 Gai.
949 2848 989 2875 ιιι,
1006 2839 1050 2869 27.

262 2873 305 2902 Π.
344 2873 455 2901 λ’]οιιιι.
475 2873 595 2907 xvn,2l.
634 2875 656 2890 ⁸ο
673 2875 751 2902 Rom.
767 2882 824 2907 van,
845 2875 886 2905 l9.

1097 2365 1131 2403 ἦν
1145 2388 1153 2400 ,
1180 2366 1232 2394 κᾶν
1257 2367 1322 2398 ἴδιος
1343 2364 1400 2402 εἶχε
1423 2367 1546 2402 θέλημα,
1569 2367 1637 2394 ἀλλὰ
1656 2367 1687 2393 τὺ
1701 2366 1796 2393 δοκοῦν
1811 2367 1879 2402 αὐτῇ

1098 2412 1184 2439 ποιεῖν
1208 2411 1258 2438 οὐκ
1279 2410 1401 2437 ἐδύνατο.
1417 2411 1450 2437 ’0
1466 2411 1514 2438 καὶ
1530 2410 1636 2441 Παῦλός
1650 2418 1749 2445 φησιν·
1769 2410 1810 2436 Οὐ
1825 2409 1880 2444 γὰρ

1098 2457 1114 2484 ὃ
1130 2457 1206 2485 θέλω
1221 2456 1308 2484 τοῦτο
1321 2455 1395 2482 ποιῶ
1405 2464 1412 2471 ·
1440 2456 1516 2491 πόσῳ
1530 2463 1561 2490 γε
1579 2455 1677 2490 μᾶλλον
1691 2456 1740 2490 τῆς
1753 2454 1800 2481 τοῦ
1812 2453 1879 2480 Θεοῦ

1096 2502 1237 2537 δυνάμεως
1257 2502 1290 2536 τῇ
1307 2500 1468 2536 ἀγιασθείσῃ
1483 2500 1530 2527 καὶ
1543 2499 1606 2536 ἀξίᾳ
1617 2499 1712 2526 τούτου
1723 2498 1879 2533 γεγενημέ-

1096 2555 1128 2583 νῃ
1151 2547 1223 2582 ψυχῇ
1250 2545 1429 2578 συνελθούσης
1438 2565 1446 2577 ,
1468 2545 1509 2576 εἰς
1523 2544 1552 2571 ἓν
1566 2543 1640 2579 αὐτῷ
1652 2544 1727 2570 ἔσται
1741 2543 1772 2570 τδ
1785 2542 1880 2569 τούτου

1094 2593 1220 2627 θέλημας
1244 2591 1349 2626 γίνεται
1371 2590 1425 2626 γὰρ
1448 2591 1464 2625 ὴ
1486 2589 1559 2625 ψυχὴ
1583 2590 1643 2616 τότε
1664 2589 1732 2623 πρὸς
1751 2588 1880 2624 ἀλήθειαν

1093 2639 1131 2669 ὡς
1149 2637 1221 2672 ψυχὴ
1238 2636 1285 2664 τοῦ
1301 2636 1404 2672 Κυρίου
1417 2644 1424 2652 ·
1451 2635 1489 2670 τῷ
1511 2636 1600 2662 ἑκοντὶ
1617 2634 1665 2662 καὶ
1681 2634 1753 2661 κατὰ
1767 2633 1880 2668 γνώμην

1094 2684 1146 2711 ὑπὸ
1160 2683 1210 2718 τῆς
1222 2682 1269 2709 τοῦ
1283 2681 1387 2716 ἀγαθοῦ
1403 2681 1561 2716 Πνεύματος
1573 2680 1717 2714 δυνάμεως
1733 2679 1878 2714 βασιλεύε-

1094 2729 1166 2764 σθαι,
1192 2727 1240 2755 καὶ
1261 2726 1394 2762 θελήματι
1409 2726 1466 2761 ιδίῳ
1482 2725 1580 2762 μηκέτι
1596 2725 1681 2760 αὐτὴν
1695 2724 1877 2760 πορεύεσθαι·

1105 2840 1126 2855 ⁸⁸
1141 2840 1218 2868 Joan.
1237 2847 1292 2872 xxv,
1307 2839 1351 2867 9.5.
1391 2838 1419 2875 ,⁸⁷
1441 2838 1520 2866 Rom.
1547 2844 1595 2870 vn,
1610 2837 1636 2864 3.
1686 2836 1708 2853 “
1732 2836 1742 2864 l
1762 2835 1877 2869 (ἴοι-Αἰ,
