2075 3155
210 183 264 217 945

716 188 832 220 LIBER
851 189 899 220 DE
918 189 1132 223 LIBERTATE
1150 191 1302 224 MENTIS.

1774 194 1828 227 9i6

211 239 260 271 Τίς
269 238 336 274 γὰρ,
345 238 438 275 φησὶν,
452 239 531 275 ἡμᾶς
542 241 662 275 χωρίσει
675 241 733 270 ἀπὸ
745 244 800 277 τῆς
811 245 928 279 ἀγάπης
940 245 992 273 τοῦ

1045 246 1156 282 (inquit)
1172 256 1217 274 nos
1224 247 1357 283 separabit
1369 257 1385 276 α
1395 247 1523 276 charitate
1531 246 1627 278 Christi
1637 249 1657 266 "
1673 249 1685 277 ’Ξ
1696 249 1760 283 Quae
1775 258 1826 278 vox

207 284 356 319 Xpto'roﬁ,‘
372 286 493 313 τουτέστι
509 286 558 322 τῆς
578 287 726 324 ἑνωθείσης
747 289 834 326 ψυχῆς
855 291 895 327 τῷ
910 291 995 319 Πνεύ-

211 338 277 365 ματι
291 330 373 366 ἁγίῳ.

217 384 221 387 ·
244 374 293 403 II".
313 375 358 411 Τῷ
376 376 530 413 βουλομένῳ
547 380 653 414 μιμητῇ
668 379 714 407 οὖν
727 381 992 420 γενέσθαιΧριστοῦ,

209 420 254 447 ἵνα
281 422 328 449 καὶ
351 422 426 458 αὺτῷ
447 423 552 457 γένοιτο
574 424 631 460 Υιῷ
645 425 714 453 Θεοῦ
730 430 993 466 προσαγορευθῆναι,

209 467 367 502 γεννηθέντι
386 469 418 495 ἐκ
432 468 600 504 Πνεύματος,
619 471 672 507 πρὸ
687 472 742 499 τῶν
756 473 844 500 ἄλλων
859 476 992 511 προσήκει

209 511 259 543 τὰς
273 512 436 544 ἀπαντώσας
451 513 554 548 θλίψεις
566 534 574 547 ,
602 516 661 550 ἦτοι
672 518 839 551 σωματικὰς
854 519 958 553 νόσους,
975 521 992 556 ἢ

208 557 258 588 τὰς
273 557 304 590 ἐξ
316 558 468 593 ἀνθρώπιον
485 559 588 595 ὕϐρεις,
604 562 652 588 καὶ
666 562 700 589 τά
711 563 816 599 ὀνείδη,
836 565 888 600 πρὸ
903 566 931 592 δὲ
947 567 993 594 καὶ

209 601 259 634 τάς
275 604 308 630 ὲκ
322 603 376 630 τῶν
391 605 514 639 ἀοράτων
534 607 679 640 ἐπιϐουλὰς
697 608 822 644 εὐψύχως
836 611 883 638 καὶ
895 620 994 647 καρτε-

211 647 294 682 ρικῶς
309 648 466 684 ὑποφέρειν.
485 651 553 677 Κατ’
568 653 723 688 οἰκονομίαν
735 654 789 690 γὰρ
801 655 868 683 Θεοῦ
881 656 911 683 τὸ
922 657 994 684 δοκί-

212 700 273 728 μιον
297 695 355 726 ταῖς
372 694 473 729 ψυχαῖς
489 696 544 723 τῶν
560 697 697 734 διαφόρων
713 703 919 737 παραχωρεϊται
936 704 993 731 θλί-

210 738 283 773 ψεων
297 759 304 771 ,
335 739 378 766 ἴνα
405 742 521 776 φανεραὶ
545 744 665 776 γένοιντο
689 745 798 777 πάντως
824 748 851 774 αι
877 748 994 784 γνησίως

210 784 355 820 ἀγαπῶσαι
378 786 425 812 τὸν
447 787 559 822 Κύριον.
585 789 701 824 Σημεῖον
721 791 749 818 δὲ
770 793 826 824 τοῖς
847 794 878 820 ἐκ
894 794 994 827 παντὸς

210 832 306 862 αἰῶνος
330 831 514 867 πατριᾴρχαις
529 841 558 859 τε
582 835 628 860 καὶ
645 837 799 871 προφήταις
817 839 864 864 καὶ
876 840 994 866 ἀποστάν

1045 295 1087 318 est
1107 292 1206 320 anima:
1221 293 1305 320 unita:
1326 293 1441 328 Spiritui
1457 297 1564 322 sancto.

1079 388 1150 416 XIII.
1163 388 1215 422 Qui
1240 389 1300 416 vult
1316 389 1438 417 imitator
1454 398 1514 417 esse
1525 390 1639 425 Christi,
1665 395 1693 419 et
1715 399 1764 426 per
1774 392 1828 420 hoc

1044 429 1186 464 consequi,
1204 432 1236 456 ut
1251 430 1405 464 appelletur
1419 429 1493 457 [ilius
1519 430 1587 463 Dei;
1604 435 1700 466 utpote
1718 433 1827 467 genitus

1043 480 1077 500 ex
1101 473 1205 508 Spiritu
1226 482 1234 503 :
1250 481 1313 501 eum
1324 477 1387 501 ante
1398 474 1490 502 omnia
1508 475 1638 502 convenit
1650 481 1828 503 occurrentes

1043 517 1216 551 alliictiones,
1229 520 1287 547 sive
1303 519 1346 547 he
1364 520 1492 555 corporei
1502 522 1592 549 morbi
1606 523 1673 555 sint,
1684 523 1742 549 sive
1754 523 1826 558 inju-

1042 561 1090 589 riae
1102 562 1316 596 abhominibus,
1345 564 1404 592 sive
1434 565 1594 599 opprobria,
1629 573 1677 593 seu
1691 567 1774 594 etiam
1794 575 1827 594 ex

1043 605 1150 634 insidiis
1162 607 1340 634 invisibilium
1350 607 1487 641 hostiumj;
1497 609 1619 636 animose
1626 617 1658 636 ac
1667 609 1776 637 fortiter
1785 615 1829 638 to-

1043 648 1142 676 lerare.
1155 649 1207 677 Per
1217 650 1338 677 divinam
1348 651 1549 685 providentiam
1558 653 1697 688 sapienter
1703 661 1734 680 ac
1743 654 1828 680 bene—

1042 695 1104 722 vole
1114 696 1196 731 213
1211 701 1310 724 cuncta
1325 697 1731 734 disponentem,permittuntur
1747 701 1829 727 adve-

1043 737 1103 765 nire
1121 739 1264 767 animabus
1280 740 1413 775 ejusmodi
1427 741 1604 775 probationes
1632 743 1828 771 adversitatum

1043 783 1191 816 variarum,
1204 788 1234 811 ut
1250 785 1459 812 manifestentur
1485 794 1545 821 quae
1561 787 1633 814 inter
1656 795 1701 815 eas
1721 788 1828 815 sincere

1041 827 1189 856 Dominum
1203 829 1330 865 diligunt.
1353 830 1466 866 Signum
1496 832 1524 859 id
1548 832 1602 860 fuit
1621 833 1655 860 ab
1674 833 1748 860 omni
1769 840 1828 860 aevo

209 875 265 908 λοις
280 877 326 903 καὶ
338 877 468 912 μάρτυσιν
478 877 523 905 διὰ
534 879 583 913 τῆς
596 881 756 916 στενοπόρου
767 882 822 910 τῶν
833 885 994 920 πειρασμῶν

1044 874 1147 901 sanctis
1159 874 1333 909 patriarchis,
1348 877 1501 911 prophetis,
1515 878 1645 913 apostolis
1663 883 1691 906 et
1700 878 1826 913 martyri-

209 922 255 948 καὶ
278 909 470 957 τῶνῖθλίψεων
492 909 605 951 διελθεῖν
626 909 729 960 ὑπῆρέε
742 947 749 957 ,
779 928 826 955 κα)⁸

1046 918 1107 950 bus.
1128 923 1159 946 ut
1179 927 1228 955 per
1244 909 1386 954 angustam
1399 909 1470 950 hanc
1485 909 1557 950 viain
1592 909 1779 951 tentalionum'
1800 927 1828 950 et

208 968 355 1002 αρεστῆσαι
380 968 456 1003 Θεῷ·
473 969 581 996 Τέκνον
594 969 657 1005 γὰρ,
682 972 762 1008 φησὶν
778 974 794 1008 ἡ
808 973 921 1009 Γραφὴ,
941 975 996 1002 ἐὰν

207 1012 360 1047 προσέρχῃ
375 1013 531 1043 δουλεύειν
545 1014 605 1047 Θεῷ
615 1035 622 1048 ,
639 1015 800 1051 ὲτοίμασον
815 1018 873 1053 τὴν
887 1020 995 1053 ψυχήν
1012 1035 1017 1039 -

207 1065 267 1085 σου
281 1059 324 1091 είς
337 1058 510 1093 πειρασμὸν,
522 1060 650 1088 εὔθυνον
667 1061 724 1095 τὴν
736 1063 861 1096 καρδίαν
873 1071 931 1092 σου
944 1065 993 1092 καί

207 1103 391 1137 καρτέρησον
400 1112 406 1118 ·
428 1105 474 1130 καὶ
487 1105 603 1140 ἀλλαχοῦ
617 1106 646 1132 δέ
658 1114 665 1121 '
684 1108 722 1134 Τὰ
736 1107 933 1144 ἑπιφερόμενά
945 1118 995 1137 σοι

206 1148 247 1181 ὡς
260 1148 355 1183 ἀγαθὰ
370 1150 547 1184 πρόσδεξαι,
572 1151 657 1185 εἰδὼς
673 1151 718 1179 ὅτι
732 1153 801 1188 ἁτε-ρ
815 1155 889 1182 Θεοῦ
904 1155 994 1183 οὐδὲν

207 1195 328 1230 γίνεται.
353 1195 410 1229 Τῆς
428 1196 567 1231 ὑπομονῆς
580 1197 670 1224 τοίνυν
687 1198 735 1225 καὶ
750 1200 800 1235 τῆς
815 1200 924 1232 ἐλπίδος
941 1201 993 1237 πρὸ

207 1238 308 1270 παντὸς
332 1239 410 1266 ἀλλου
427 1239 500 1275 ψυχῇ
521 1242 554 1276 τῇ
572 1242 751 1278 εὐαρεστῆσαι
766 1243 825 1279 Θεῷ
844 1244 993 1282 βουλομένῃ

206 1283 400 1319 ἀντιληπτέον·
419 1285 467 1320 μία
483 1285 537 1321 γὰρ
563 1288 610 1314 καὶ
625 1288 693 1323 αὑτὴ
708 1288 756 1324 τῆς
786 1290 885 1321 κακίας
899 1290 991 1326 τέχνη,

207 1328 321 1363 ἀκηδίαν
344 1330 409 1364 ἡμῖν
425 1330 570 1365 ὲμῦἀλλειν
587 1332 616 1358 ἐν
630 1332 719 1368 καιρῷ
734 1333 866 1368 ολίψεως,
884 1334 928 1362 ἵνα
942 1336 992 1371 τῆς

208 1373 276 1409 πρὸς
290 1373 334 1400 τὸν
344 1374 446 1410 Κύριον
459 1376 601 1412 ἀποστήσῃ
613 1377 729 1409 ἐλπίδος.
743 1379 875 1406 Οὐδέποτε
887 1380 916 1407 δὲ
925 1380 992 1412 Θεδς

207 1419 350 1454 ἐπιτρέπει
376 1420 425 1446 ἐπ’
449 1421 555 1447 ἐκείνου
582 1421 745 1454 ἐλπίζουσαν
770 1425 991 1461 καταπονηθῆναι

206 1466 264 1496 τοῖς
284 1467 447 1500 πειρασμοῖς
459 1486 466 1498 ,
490 1466 559 1493 ὥστε
574 1469 621 1495 καὶ
637 1469 856 1506 ἐξαπορηθῆναι·
879 1471 991 1505 Πιστὸς

205 1509 270 1544 τὰρ,
284 1511 298 1537 ό
309 1511 467 1543 ’Δπόστολός
480 1521 572 1547 φησιν,
584 1515 601 1540 ὁ
612 1515 694 1547 Θεὸς,
710 1514 742 1547 ὃς
754 1516 809 1542 οὐκ
820 1515 990 1550 ἐάσειὶύμᾶς

207 1557 407 1607 πειρασθῆναι
418 1559 494 1591 ὑπὲρ
507 1559 522 1585 ὃ
534 1559 681 1587 δύνασθο-
698 1561 779 1588 dua
794 1561 914 1596 ποιήσει
928 1562 991 1589 σὺν
1002 1577 1024 1608 C

206 1601 246 1634 τῷ
258 1602 410 1637 πειρασμῷ
425 1603 475 1630 καί
487 1604 544 1638 τὴν
556 1605 692 1638 ἔκϐασιν,
710 1606 764 1634 τοῦ
777 1606 923 1634 δύνασθαι
936 1608 992 1635 ὺπ-

206 1648 350 1682 ενετκεῖν.
365 1649 419 1674 Καὶ
433 1649 447 1675 ὁ
459 1650 575 1684 πονηρὸς
586 1650 614 1677 δὲ
629 1651 678 1686 οὐχ
702 1651 763 1679 ὅσον
776 1652 873 1688 ἐκείνῳ
884 1652 992 1688 Θέλησις

206 1692 287 1719 λυπεί
307 1693 357 1729 τὴν
375 1693 479 1729 ψυχὴν,
498 1695 554 1721 ἀλλ’
570 1696 631 1722 ὅσον
647 1697 721 1732 αὐτῷ
735 1697 841 1732 ἐφεῖται
857 1698 932 1734 παρά
944 1699 991 1725 τοῦ

207 1738 284 1766 Θεοῦ.
304 1738 335 1765 Et
350 1739 404 1775 γὰρ
419 1740 573 1775 ἀνθρώποις
587 1742 638 1769 οὐκ
649 1742 756 1777 ἄδηλον.
774 1744 856 1770 πόσον
868 1743 901 1770 ἂν
914 1744 992 1779 ἡμιό-

206 1794 244 1820 νῳ
256 1786 347 1821 βάρος,
362 1787 444 1813 πόσον
459 1787 488 1813 δὲ
501 1787 565 1822 όνῳ,
583 1788 666 1815 πόσον
678 1789 706 1816 δὲ
721 1789 836 1825 καμήλῳ
850 1789 992 1824 ἀγώγιμον

207 1831 262 1866 shy
282 1831 349 1858 ἀλλά
362 1832 408 1858 τὸν
421 1833 538 1868 φόρητον
552 1833 700 1868 ἐπιτίθησι·
719 1835 765 1861 καὶ
781 1835 819 1870 τῷ
834 1837 952 1870 κεραμεῖ
963 1835 992 1862 δὲ

207 1877 285 1912 δῆλον
300 1877 382 1904 πόσον
398 1878 438 1914 τῷ
453 1879 520 1914 πυρὶ
535 1879 587 1914 χρὴ
602 1880 637 1906 τὰ.
651 1879 734 1915 σκεύη
747 1880 914 1914 παραδοῦναι
927 1880 992 1916 χρό-

207 1931 261 1955 νον,
280 1922 324 1953 ἵνα
341 1923 409 1958 μήτε
423 1924 504 1956 πλέον
518 1925 686 1960 ἐμμείναντα
699 1926 845 1962 διαῤῥαγῇ,
859 1927 927 1962 μήτε
939 1927 992 1954 πά-

206 1968 248 1994 λιν
270 1968 324 2004 πρὺ
336 1969 384 2003 τῆς
404 1969 540 2005 ἀρκούσης
561 1971 709 2006 πυρώσεως
727 1973 893 2007 ὲκΰληθὲντα
908 1973 993 2008 ἀχρη-

207 2022 258 2041 στα
331 2016 355 2041 εί
371 2016 488 2051 τοσαύτη
504 2018 567 2052 περὶ
580 2018 625 2043 τὸν
640 2017 783 2053 ἄνθρωπον
798 2018 915 2051 σύνεσις,
933 2019 994 2054 οὐχὶ

206 2059 296 2094 πολλῷ
311 2059 390 2086 πλέον
407 2061 453 2087 καὶ
468 2061 589 2096 ἀπείρως
603 2062 694 2095 πλέον,
711 2063 727 2098 ἡ
741 2063 788 2090 τοῦ
801 2063 868 2090 Θεοῦ
885 2063 992 2096 σύνεσις

206 2101 260 2129 οἶδε
285 2104 367 2130 πόσον
391 2104 494 2140 ἑκάστῃ
515 2105 587 2141 ψυχῇ
610 2106 656 2132 τὸν
673 2108 825 2142 πειρασμὸν
840 2107 899 2134 δέον
912 2108 993 2142 brav-

206 2149 327 2184 εχθῆναι’
346 2149 389 2176 ἵνα
403 2149 513 2185 δόκιμος
527 2151 632 2185 γένοιτο
647 2152 694 2179 καὶ
709 2152 849 2189 ἐπιτηδεία
862 2153 930 2189 πρὸς
943 2153 992 2190 τὴν

206 2194 260 2221 τῶν
272 2195 394 2231 οὐρανῶν
411 2195 560 2231 βασιλείαν.

1046 965 1223 994 amictionum
1240 968 1398 1000 transirent,
1409 973 1438 996 et
1457 969 1497 996 sic
1516 970 1572 997 Deo
1593 971 1743 1005 placerent.
1765 969 1827 1004 Fili,

1046 1012 1084 1039 ait
1096 1011 1247 1047 Scriptura,
1262 1013 1386 1040 accedens
1399 1014 1433 1040 ad
1446 1015 1597 1042 servitutem
1622 1015 1681 1047 Dei,
1705 1023 1829 1050 praepara

1045 1059 1163 1085 animam
1179 1062 1262 1085 tuam
1285 1061 1320 1085 ad
1354 1060 1536 1092 tentationem,
1553 1060 1668 1096 deprime
1693 1069 1737 1088 eor
1754 1065 1829 1088 tuum

1044 1109 1070 1130 et
1084 1104 1193 1130 sustine.
1222 1104 1255 1131 Et
1277 1104 1343 1132 alibi
1369 1113 1376 1131 :
1402 1104 1467 1137 Quae
1494 1106 1645 1140 inferuntur
1668 1106 1713 1132 tibi
1739 1107 1828 1133 omnia

1043 1154 1072 1176 ut
1085 1149 1154 1176 bona
1168 1150 1256 1184 excipe
1270 1158 1280 1182 ,-
1294 1151 1377 1177 sciens
1392 1151 1518 1185 quoniam
1539 1152 1595 1178 sine
1609 1151 1663 1178 Deo
1677 1151 1743 1178 nihil
1752 1152 1826 1185 ﬁt”.

1043 1195 1185 1223 Patientize
1196 1196 1280 1231 igitur
1289 1199 1318 1223 et
1334 1195 1392 1230 spei
1405 1200 1468 1223 ante
1480 1204 1561 1224 omne
1575 1197 1649 1224 aliud
1668 1205 1750 1232 opera
1761 1197 1828 1225 dan-

1043 1240 1076 1267 da
1091 1243 1134 1267 est
1148 1240 1246 1267 animae
1265 1240 1322 1267 Deo
1348 1240 1458 1275 placere
1470 1241 1584 1268 volenti.
1610 1242 1669 1269 Una
1683 1242 1756 1269 enim
1768 1243 1826 1270 haec

1041 1289 1084 1313 est
1103 1293 1137 1312 ex
1159 1285 1265 1312 artibus
1280 1285 1392 1319 diaboli,
1418 1289 1556 1321 torporem
1578 1286 1658 1314 nobis
1672 1287 1784 1321 injicere
1799 1288 1827 1314 in

1041 1335 1165 1365 tempore
1177 1330 1341 1363 aiilictionis,
1354 1335 1384 1358 ut
1398 1335 1505 1358 avertat
1521 1338 1572 1358 nos
1585 1338 1600 1357 a
1610 1338 1656 1366 spe
1670 1332 1696 1358 in
1711 1332 1827 1359 Domino

1041 1375 1178 1410 ponenda.
1203 1375 1350 1410 Nunquam
1379 1380 1471 1404 autem
1487 1377 1560 1404 Deus
1591 1380 1695 1404 tantum
1718 1377 1827 1412 fatigari

1040 1421 1238 1448 tentationibus
1256 1421 1392 1454 permittit
1415 1421 1534 1448 animam
1549 1421 1577 1447 in
1602 1422 1692 1456 ipsum
1712 1429 1826 1456 sperau-

1041 1471 1105 1498 tem,
1119 1471 1151 1494 ut
1177 1466 1212 1493 ad
1232 1466 1330 1494 incitas
1349 1466 1468 1497 redacta,
1500 1467 1588 1494 omnis
1612 1467 1691 1501 inops
1719 1467 1826 1494 consilii

1038 1515 1145 1539 aestuet.
1169 1511 1264 1539 Fidelis
1284 1513 1354 1539 enim
1370 1511 1419 1547 (ait
1435 1511 1592 1547 Apostolus)
1611 1511 1680 1539 Deus
1709 1516 1764 1544 est,
1783 1512 1827 1546 qui

1041 1566 1093 1585 non
1103 1559 1218 1592 patietur
1231 1566 1275 1585 vos
1295 1559 1391 1585 tentari
1417 1567 1498 1593 supra
1513 1558 1539 1585 id
1567 1558 1635 1593 quod
1654 1558 1827 1593 potestis;sad

1042 1604 1120 1639 faciet
1133 1605 1213 1631 etiam
1224 1612 1282 1631 cum
1295 1605 1436 1631 tentatione
1449 1607 1580 1636 eventum,
1593 1607 1623 1630 ut
1635 1603 1736 1638 possitis
1747 1604 1827 1631 susti-

1041 1657 1102 1676 nere
1116 1649 1149 1676 ⁶³.
1181 1649 1276 1684 Neque
1294 1658 1362 1677 vero
1374 1649 1510 1681 diabolus,
1530 1652 1663 1684 quantum
1691 1649 1743 1683 ipsi
1760 1649 1826 1676 libi-

1041 1699 1099 1722 tum
1112 1698 1164 1727 est,
1179 1694 1273 1730 allligit
1282 1695 1400 1722 animam
1412 1703 1419 1727 ;
1432 1694 1480 1722 sed
1495 1702 1547 1728 qua
1559 1701 1686 1721 mensura
1702 1693 1730 1721 id
1746 1701 1827 1729 agere

1041 1740 1142 1768 sinitur
1155 1749 1170 1768 a
1183 1741 1251 1768 Deo.
1267 1741 1296 1768 Si
1312 1741 1385 1768 enim
1398 1740 1556 1768 hominibus
1571 1740 1695 1775 ignotum
1709 1748 1763 1768 non
1773 1744 1825 1773 est,

1041 1790 1174 1821 quantum
1189 1786 1281 1813 oneris
1310 1790 1418 1821 portare
1431 1786 1523 1813 mulus
1546 1786 1643 1820 possit,
1660 1791 1764 1820 quanto
1776 1794 1826 1821 par

1041 1830 1155 1858 ferendo
1174 1830 1210 1857 sit
1234 1830 1338 1861 asinus,
1348 1834 1452 1865 quanto
1468 1831 1608 1863 camelus;
1622 1830 1694 1857 unde
1708 1837 1826 1857 consen-

1043 1878 1154 1902 taneum
1168 1876 1301 1910 cujusque
1317 1875 1423 1903 viribus
1437 1876 1537 1910 cuique
1553 1875 1661 1910 pondus
1671 1876 1826 1910 imponunt;

1041 1921 1102 1948 etsi
1117 1924 1290 1955 perspectum
1308 1920 1398 1955 ﬁgulo"
1414 1925 1466 1952 est,
1477 1924 1580 1955 quanto
1595 1919 1727 1954 temporis
1739 1919 1828 1954 spatio

1041 1973 1106 1994 vasa
1125 1963 1156 1992 in
1167 1965 1279 1993 fornace
1290 1965 1409 2000 relinqui
1432 1965 1559 1997 debeant,
1576 1973 1611 1993 ne
1628 1965 1737 2000 longius
1748 1972 1828 1999 aequo

1042 2012 1082 2040 ibi
1096 2012 1226 2039 haerentia
1243 2011 1380 2038 dissiliant
1397 2019 1404 2043 ;
1425 2018 1476 2038 nec
1492 2018 1598 2042 rursus,
1612 2015 1675 2038 ante
1688 2010 1826 2045 sufﬁcien-

1043 2060 1096 2084 tem
1119 2055 1271 2083 coctionem
1291 2063 1354 2082 cum
1368 2055 1537 2087 eximuntur,
1554 2055 1662 2082 inutilia
1692 2054 1777 2082 ﬁant:
1804 2054 1827 2081 si

1043 2106 1127 2134 tanta,
1144 2102 1265 2136 inquam.
1282 2102 1310 2128 in
1345 2100 1456 2129 homine'
1483 2101 1630 2136 prudentia
1667 2106 1719 2133 est.
1742 2101 1829 2129 multo

1042 2151 1124 2182 atque
1133 2146 1202 2174 adeo
1221 2145 1337 2173 inﬁnitis
1350 2146 1473 2181 partibus
1484 2145 1687 2180 magis,:divina
1695 2145 1828 2179 sapientia

1042 2191 1184 2226 perspicit,
1196 2191 1295 2218 animat
1306 2191 1406 2226 cuique
1431 2195 1563 2225 quantum
1578 2191 1685 2226 pondus
1701 2191 1828 2218 tcntatio~

1006 2238 1030 2267 D
1043 2236 1088 2264 nis
1105 2237 1215 2264 immitti
1225 2237 1334 2270 debeat,
1352 2241 1382 2264 ut
1396 2244 1446 2272 per
1457 2244 1516 2264 eam
1536 2237 1680 2272 probetur,
1693 2241 1720 2265 et
1732 2237 1829 2266 idonea

243 2325 401 2361 ΙΔ’.Ὦσπερ
413 2325 445 2352 τδ
458 2325 507 2361 τῆς
522 2325 661 2358 κανάσεως
675 2326 769 2362 χρῆμα
779 2326 804 2354 εἰ
821 2326 858 2363 μὴ
872 2328 988 2356 ἐπιπολὺ

207 2371 374 2405 τυπτόμενον
395 2370 531 2406 διαμείνῃ,
551 2371 601 2397 οὐκ
615 2371 648 2401 ἂν
671 2372 775 2406 γένοιτο
798 2373 933 2409 χρήσιμον
951 2375 992 2406 εἰς

207 2416 378 2451 λεπτοτάτων
411 2416 541 2452 νημάτων
567 2417 716 2452 ἐργασίαν,
739 2418 797 2445 ἀλλ’
825 2419 935 2455 ὅσῳπερ
959 2420 993 2447 ἂν

209 2461 338 2488 τύπτοιτο
356 2461 404 2488 καὶ
426 2462 489 2489 ὅσον
515 2462 642 2496 ξαίνοιτο,
656 2464 783 2491 τοσοῦτον
801 2464 994 2501 καθαρώτερόν

207 2516 236 2535 τε
264 2508 311 2546 καὶ
335 2508 550 2546 εὐχρηστότερον
576 2509 692 2543 γίνεται.
711 2511 767 2537 Καὶ
785 2510 816 2538 ὃν
841 2511 942 2546 τρόπον
963 2511 994 2538 τὸ

208 2554 372 2581 νιόπλαστον
401 2554 499 2586 σκεῦος
522 2554 560 2590 μὴ
583 2554 649 2590 πυρὶ
676 2555 783 2591 βληθὲν,
803 2556 922 2592 χρῆσθαι
937 2558 993 2589 τοῖς

209 2598 362 2634 ἀνθρώποις
377 2599 564 2634 ἀνεπιτήδειον
575 2607 582 2615 ·
596 2600 643 2626 καὶ
657 2600 696 2631 ὡς
712 2601 742 2627 τὸ
759 2601 857 2636 νήπιον
870 2601 910 2628 ἔτι
925 2601 993 2637 πρὸς

210 2643 243 2670 τά
257 2643 304 2671 τοῦ
320 2644 422 2677 κόσμου
440 2644 509 2680 ἔργα
524 2644 664 2680 ἀδόκιμον·
688 2644 749 2672 οὔτε
764 2645 819 2680 γὰρ
834 2647 995 2680 οἰκοδομεῖν,

210 2689 240 2714 οὗ
256 2689 391 2723 φυτεύειν,
418 2689 449 2716 οὐ
475 2690 575 2725 σπόρον
597 2690 772 2718 κατατιθέναι
801 2691 923 2725 δύναται,
946 2692 995 2728 οὐχ

211 2734 301 2769 ιτερόν
315 2743 342 2761 τι
358 2735 413 2761 τῶν
433 2735 480 2762 τοῦ
501 2735 605 2770 κόσμου
625 2735 713 2779 ἔργων
736 2736 846 2764 ἀνύεινο
862 2736 935 2764 οὕτω
948 2739 996 2765 καὶ

212 2779 294 2814 ψυχαὶ
319 2780 448 2812 πολλάκις
474 2781 527 2808 κᾶν
542 2780 616 2813 θείας
642 2781 773 2817 μετίσχον
801 2782 914 2818 χάριτος
948 2785 996 2811 καὶ

1041 2291 1126 2318 regno
1142 2283 1273 2311 oculorum
1286 2283 1342 2310 ﬁat.

1077 2328 1147 2356 XIV.
1162 2328 1239 2356 Sicut
1255 2327 1386 2355 cannabis
1402 2331 1509 2354 mataxa
1526 2327 1580 2355 nisi
1601 2328 1649 2355 diu
1673 2328 1827 2355 tunsionem

1041 2372 1120 2405 ierat,
1140 2380 1196 2400 non
1218 2372 1332 2400 habebit
1357 2379 1437 2399 usum
1453 2373 1649 2400 atlenuationis
1672 2372 1700 2399 in
1722 2373 1764 2399 illa
1783 2380 1829 2400 su-

1041 2419 1194 2451 tilissima;
1222 2418 1270 2446 sed
1301 2422 1403 2453 quanto
1437 2423 1552 2446 contusa
1582 2418 1690 2453 longius
1727 2417 1827 2450 fuerit,

1042 2469 1146 2500 quanto
1160 2463 1245 2491 radiis
1261 2464 1401 2498 pet-tinum
1418 2464 1521 2491 sulcata
1539 2463 1675 2496 crebrihs,
1690 2467 1765 2491 tanto
1779 2471 1829 2498 pu-

1044 2511 1102 2538 rior
1122 2510 1269 2544 utiliorque
1290 2509 1399 2537 evadet.
1424 2509 1458 2536 Et
1480 2509 1711 2544 quemadmodum
1733 2517 1830 2537 recens

1045 2556 1192 2584 formatum
1209 2562 1266 2587 vas,
1285 2555 1374 2590 quoad
1396 2555 1553 2582 induratum
1577 2555 1639 2590 igne
1660 2554 1753 2587 fuerit,
1773 2555 1831 2582 ine-

1045 2606 1121 2637 ptum
1137 2606 1179 2629 est
1193 2601 1290 2628 usibus
1301 2601 1446 2634 humanis;
1460 2601 1580 2635 denique
1589 2600 1673 2628 veluti
1686 2607 1755 2635 puer
1765 2607 1830 2634 par-

1044 2648 1125 2675 vulus
1139 2654 1193 2674 non
1211 2647 1327 2674 idoneus
1341 2649 1383 2673 est
1399 2645 1432 2673 ad
1447 2645 1603 2672 functiones
1615 2645 1687 2677 vitae,
1703 2651 1765 2671 cum
1779 2650 1830 2670 uec

1044 2692 1189 2724 aediﬁcare,
1207 2698 1259 2719 nec
1279 2690 1415 2725 plantare,
1434 2697 1486 2717 nec
1506 2696 1600 2717 semen
1624 2689 1652 2716 in
1671 2693 1769 2716 terram
1787 2689 1830 2723 ja—

1044 2746 1107 2766 cere
1122 2738 1156 2765 ad
1178 2738 1230 2765 hoc
1246 2741 1370 2772 paratam
1383 2736 1482 2768 valeat,
1498 2739 1546 2763 aut
1560 2734 1634 2763 aliud
1647 2734 1713 2770 quid
1725 2741 1760 2762 ex
1778 2742 1829 2761 usu

1044 2784 1140 2813 mundi
1163 2783 1245 2819 hujus
1267 2789 1347 2818 agere
1365 2791 1372 2810 :
1392 2781 1432 2810 sic
1455 2780 1553 2809 anima:
1575 2780 1746 2816 plerumque,
1765 2779 1831 2808 licet

241 2867 259 2895 i‘
275 2867 352 2894 Rom.
369 2875 425 2906 vni,
441 2868 483 2896 35.
522 2867 544 2884 "
574 2867 659 2896 Eccli.
690 2876 720 2903 ιι,
735 2870 760 2898 1.
798 2870 820 2887 ⁵³
840 2871 850 2898 l
867 2870 929 2899 Cor.
953 2879 980 2903 χ,
1010 2871 1048 2897 [5.
