2075 3155
267 183 321 216 οιτ

885 185 915 216 S.
933 185 1092 217 MACARII
1112 185 1272 219 EGYPTII

1831 184 1884 217 0i8

269 238 370 267 divinae
390 238 539 274 participes
553 239 657 276 gratiae,
671 239 779 268 etiamsi
802 247 852 275 per
864 239 913 267 Dei
929 239 1056 275 benigni-

1112 239 1162 267 εῐεν
1176 239 1468 276 ἔμπληροφορούμεναι
1477 240 1511 276 τῇ
1526 239 1674 276 γλυκύτητι
1687 239 1733 267 καὶ
1753 240 1788 275 τῇ
1800 240 1885 266 Πνεύ-

271 288 354 312 tatem
377 284 562 319 indulgentem
578 286 700 314 infantia:
716 286 847 321 ipsarum,
863 285 978 320 perfusae
993 284 1053 312 fue-

270 329 326 357 rint
348 329 493 358 dulcedine
516 331 638 363 caelesti,
654 339 741 366 usque
756 331 789 360 ad
812 330 972 365 gustandam
993 329 1055 364 Spi-

271 374 341 401 ritus
355 375 494 408 requiem;
511 375 633 402 nondum
649 381 739 404 tamen
756 375 964 410 probationibus
977 382 1056 401 exer-

271 420 347 452 citae;
360 420 480 446 nondum
500 421 647 455 exploratae
659 422 793 448 malorum
807 420 953 455 spirituum
970 420 1057 448 insul-

271 464 345 492 tibus
361 465 462 498 variis;
480 466 549 493 nihil
569 467 638 493 ultra
664 466 797 501 puerilem
822 471 886 493 sunt
905 472 1056 500 progressa:

271 509 432 542 lmibutiem,
449 515 479 537 ut
497 511 534 538 ita
557 511 657 543 dicam,
675 511 793 539 necdum
817 514 887 546 apta:
909 518 992 546 regno
1007 509 1055 538 Dei

271 559 344 582 sunt.
372 555 502 582 Eli-nim:
523 554 553 584 Si
578 561 654 583 extra
681 555 847 588 disciplinam
873 555 922 590 (ait
946 555 1055 583 divinus

271 600 428 635 Apostolus)
443 601 514 633 estis,
537 601 612 636 cujus
627 602 769 636 participes
787 601 852 636 facti
873 605 934 627 sunt
950 608 1056 634 omnes;

271 653 332 680 ergo
349 645 473 678 adulteri,
491 650 516 672 et
536 654 587 672 non
609 645 660 679 ﬁlii
682 647 743 673 estis
760 646 794 672 ⁵⁸.
811 645 905 680 Itaque
921 648 949 672 et
969 650 1056 675 tenta—

274 691 362 718 tiones
376 694 404 718 et
418 690 579 719 alllictiones
599 691 705 718 utiliter
729 691 915 718 immittuntur
935 691 1054 724 homini;

274 735 368 770 utique
391 735 576 770 probatiorem
600 741 628 764 et
652 736 834 764 robustiorem
858 736 917 772 ejus
938 736 1056 763 animam

274 780 428 813 reddentes,
443 789 511 816 quas
530 781 552 808 si
566 781 601 808 ad
619 781 700 809 linem
716 789 803 817 usque
823 782 979 817 pertulerit,
993 789 1056 809 cum

272 833 321 860 spe
334 825 368 852 ad
384 826 546 860 Dominum;
564 827 622 854 ﬁeri
637 835 691 854 non
702 827 812 862 poterit,
827 827 894 862 quin
907 834 1057 862 consequa-

275 876 319 897 Iur
332 872 529 905 promissiones
550 872 681 906 Spiritus,
698 877 727 900 et
750 873 940 900 liberationem
960 879 977 900 ο
993 880 1058 908 per-

274 915 476 944 turbationibus
490 916 639 945 aﬁ'ectuum
655 925 813 952 pravorum.

309 960 366 987 XV.
379 961 615 994 Quemadmodum
628 970 677 997 per
692 963 778 990 multa
795 963 912 991 traducti
925 968 1060 991 tormenta

275 1009 420 1041 martyres,
439 1012 582 1041 postquam
605 1015 693 1042 usque
707 1008 740 1036 ad
757 1008 843 1044 ipsam
864 1009 947 1036 etiam
967 1009 1059 1044 perfe-

275 1051 389 1079 rendam
407 1056 523 1079 mortem
548 1052 633 1080 robur
649 1053 756 1082 invictae
779 1054 949 1083 fortitudinis
965 1060 1059 1083 osten-

275 1096 393 1130 derunt;
419 1097 529 1126 coronis
553 1098 594 1126 sic
614 1098 706 1134 gloriae
727 1099 791 1127 facti
816 1105 880 1127 sunt
904 1100 980 1135 digni
1001 1110 1011 1128 :
1029 1108 1061 1129 ac

276 1146 379 1176 quanto
393 1142 520 1176 pluribus
535 1148 563 1171 et
577 1144 749 1178 gravioribus
768 1145 903 1180 perfuncti
921 1146 1062 1174 laboribus

275 1191 350 1219 sunt,
369 1191 444 1215 tanto
458 1189 588 1223 majorem
610 1189 681 1223 apud
697 1189 782 1217 Deum
804 1190 955 1218 claritatem
974 1198 1005 1218 ac
1026 1191 1061 1220 lio

276 1231 411 1258 bertatem
429 1236 493 1259 sunt
507 1232 598 1267 adepti
613 1241 620 1260 :
634 1234 737 1269 pariter
752 1234 850 1262 animm
862 1235 963 1263 diversi
978 1243 1061 1271 gene-

277 1277 315 1304 ris
329 1277 522 1306 aﬂlictionibus
534 1278 615 1315 2“.
632 1279 749 1313 traditae,
764 1280 823 1308 sive
838 1280 882 1313 iis,
898 1289 959 1316 quae
972 1281 1061 1316 palam

277 1322 311 1349 ab
326 1322 484 1350 hominibus
505 1325 728 1358 proﬁciscuntur,
744 1325 801 1353 sive
824 1333 885 1360 quae
901 1326 971 1353 intra
986 1334 1063 1354 men-

279 1370 332 1393 tem
357 1368 519 1403 contingunt
543 1370 756 1404 exsurgentibus
779 1370 993 1405 cogitationibus
1014 1371 1063 1399 ab-

278 1411 386 1446 surdis;
403 1413 460 1441 sive
476 1421 537 1448 quae
560 1415 664 1442 morbis
680 1416 820 1450 corporeis
835 1424 895 1443 sese
915 1421 1061 1450 exserunt;

278 1455 300 1482 si
315 1457 462 1491 patienter,
484 1460 687 1493 perseverando
703 1468 791 1496 usque
814 1461 847 1488 ad
870 1461 951 1489 linem
966 1462 1064 1489 tolera-

279 1501 378 1534 verint,
395 1503 505 1530 easdem
522 1512 585 1531 cum
607 1505 774 1541 martyribus
795 1513 921 1539 coronas,
939 1507 1063 1535 eamdem

1107 294 1190 321 ματος
1209 286 1372 317 ἀναπαύσει,
1387 286 1430 313 διὰ
1446 286 1497 321 τὴν
1513 286 1604 314 αὐτῶν
1624 287 1777 322 νηπιότητα
1793 286 1825 320 τῇ
1836 285 1884 312 τοῦ

1105 331 1206 366 Κυρίου
1226 333 1399 366 χρηστότητι,
1423 330 1481 357 ἀλλ’
1500 328 1546 358 οὖν
1563 331 1647 366 μήπω
1666 330 1884 371 δοκιμασθεῖσαι,

1102 376 1167 411 μηδ’
1187 375 1240 402 ὑπὸ
1266 376 1320 403 τῶν
1346 376 1471 413 πονηρῶν
1497 376 1661 411 πνευμάτων
1682 371 1822 412 δὶᾶφόροις
1843 375 1894 408 ἐξ»

1105 420 1258 448 ετασθετσαι
1270 421 1401 456 θλίψεσιν,
1416 421 1455 449 ἔτι
1464 422 1514 457 τῆς
1524 422 1685 457 νηπιότητος
1697 421 1814 457 ἔχονται,
1829 422 1887 454 καὶ,

1107 465 1139 491 ἵν’
1154 465 1240 497 οὕτως
1253 466 1334 498 είπω,
1348 466 1455 493 οὐδέπω
1467 467 1534 502 πρὸς
1546 466 1597 502 τὴν
1608 466 1663 493 τῶν
1673 466 1795 501 οὐρανῶν
1812 465 1890 501 βασι-

1104 508 1180 536 λείαν
1192 510 1352 546 ἐπιτηδείως
1369 510 1476 545 ἔχουσιν
1488 519 1496 528 ο
1512 512 1547 538 El
1561 511 1617 546 γὰρ
1630 511 1719 546 χωρίς
1736 511 1817 541 ἐστε.
1834 517 1889 544 φη·

1107 553 1148 580 σὶν
1161 554 1176 580 ὸ
1189 553 1260 586 Θεϊος
1280 554 1450 588 ’Δτιόστολος,
1463 555 1600 588 παιδείας
1610 553 1646 590 ἧς
1663 554 1785 590 μέτοχοι
1804 555 1889 589 τενό-

1105 605 1177 627 νασι
1190 599 1312 633 πάντες,
1331 600 1389 634 ἄρα
1406 601 1488 628 νόθοι
1504 600 1576 628 ἐστὲ
1591 601 1641 628 καί
1658 601 1715 635 οὐκ
1730 600 1789 627 υἱοί
1799 608 1805 614 ·
1817 599 1890 627 ὥστε

1106 646 1154 671 καὶ
1167 645 1192 671 oi
1212 645 1360 680 πειρασμοὶ
1374 645 1422 672 καὶ
1438 645 1467 673 αι
1488 645 1592 680 θλίψεις
1613 646 1684 672 κατά
1696 645 1726 671 τὸ
1751 645 1890 677 λυσιτελὲς

1107 690 1255 725 ἐπάγονται
1290 691 1330 726 τῷ
1365 690 1510 727 ἀνθρώπῳ,
1537 690 1723 727 δοκιμωτέραν
1747 690 1818 717 οὕτω
1843 691 1890 718 καὶ

1108 735 1289 770 στερροτέραν
1304 735 1486 770 ἐργαζόμεναι
1499 734 1548 770 τὴν
1561 734 1664 769 ψυχήν·
1683 733 1731 760 καὶ
1750 735 1828 768 εῐπερ
1849 734 1890 766 εἰς

1107 779 1184 811 τέλος
1205 779 1336 814 ὑπομένοι
1362 779 1422 814 μετ’
1435 778 1542 810 ἐλπίδος
1561 778 1611 813 τῆς
1625 778 1692 813 πρὸς
1710 778 1756 804 τὸν
1775 778 1889 813 Κύριον,

1107 825 1246 861 ἀμήχανον
1258 825 1401 860 ἀποτυχείν
1410 824 1494 861 αὐτὴν
1504 825 1553 860 τῆς
1567 824 1730 858 ἐπαγγελίας
1744 823 1791 851 τοῦ
1807 823 1891 850 Πνεύ-

1110 878 1204 906 ματος,
1212 869 1260 898 καὶ
1268 869 1318 905 τῆς
1333 869 1547 906 ἀπολυτρώσεως
1562 868 1617 896 τῶν
1632 868 1731 902 κακίας
1746 869 1851 897 παθῶν.

1148 956 1200 985 IE'.
1213 957 1319 993 Ὠσπερ
1352 956 1464 989 πολλαῖς
1498 957 1624 993 βασάνοις
1643 958 1839 994 διωμιληκότες
1865 958 1892 985 οι

1111 1002 1258 1038 μάρτυρες,
1283 1003 1332 1030 καὶ
1359 1002 1473 1030 θανάτου
1501 1003 1581 1039 μέχρι
1610 1003 1645 1030 τά
1663 1004 1712 1039 τῆς
1743 1005 1892 1040 καρτερίας

1110 1048 1322 1082 ἐπιδειξάμενοι,
1339 1049 1482 1083 στεφάνων
1502 1048 1574 1075 οὕτω
1593 1049 1644 1084 τῆς
1656 1049 1732 1084 δόξης
1747 1050 1892 1083 γεγόνασιν

1110 1093 1196 1125 ἄξιοι·
1215 1094 1261 1119 καὶ
1277 1093 1333 1129 ὅσῳ
1350 1093 1454 1121 πλείοσι
1476 1094 1523 1120 καλ¹
1546 1094 1744 1131 χαλεπωτέροις
1759 1095 1816 1126 τοῖς
1831 1096 1893 1122 Em-

1111 1139 1205 1170 πόνοις
1222 1139 1384 1175 ἐχρήσαντο,
1400 1140 1510 1166 πλείονα
1530 1140 1579 1166 καὶ
1593 1140 1644 1175 τὴν
1666 1139 1745 1172 δόξαν
1767 1140 1815 1168 καὶ
1842 1140 1893 1175 τὴν

1111 1184 1179 1219 πρὸς
1193 1183 1259 1210 Θεὸν
1271 1183 1421 1219 ικτήσαντο
1437 1184 1594 1220 παρρησίαν
1604 1192 1611 1200 ·
1632 1185 1678 1212 τὸν
1692 1184 1773 1211 αὐτὸν
1785 1185 1817 1221 δὴ
1829 1185 1894 1220 τρό-

1111 1238 1162 1256 πον
1177 1230 1224 1256 καὶ
1246 1229 1330 1264 ψυχαὶ
1354 1229 1493 1265 διαφόροις
1514 1229 1709 1265 παραδοθεῖσαι
1727 1230 1858 1265 θλίψεσιν,
1874 1230 1892 1266 ἢ

1110 1275 1150 1311 τῷ
1171 1276 1326 1311 φαινομένῳ
1347 1276 1407 1307 ταῖς
1427 1275 1458 1308 ἐξ
1480 1275 1632 1311 ἀνθρώπων
1650 1277 1859 1311 ἐπερχομέναις,
1875 1277 1893 1311 ἦ

1111 1320 1150 1356 τῷ
1165 1321 1300 1357 νοουμένῳ
1318 1321 1456 1356 λογισμοῖς
1480 1321 1590 1352 ἀτόποις
1608 1321 1803 1356 ὲγγινομένοις,
1818 1321 1836 1355 ἢ
1849 1321 1895 1347 νό-

1113 1376 1170 1400 σοις
1193 1369 1363 1403 σωματικαῖς
1387 1367 1627 1403 άποτιιιτομέναις,
1655 1368 1680 1394 εί
1706 1368 1785 1403 μέχρι
1800 1367 1894 1399 τέλους

1111 1413 1161 1449 τὴν
1180 1413 1318 1449 ὑπομονὴν
1333 1413 1502 1448 διενέγκωσι,
1517 1413 1572 1440 τῶν
1586 1413 1676 1440 αὐτῶν
1691 1414 1748 1445 τοῖς
1776 1413 1895 1448 μάρτυσι

1113 1460 1264 1495 στεφάνων,
1283 1459 1330 1487 καὶ
1345 1459 1395 1495 τῆς
1418 1460 1504 1494 αὐτῆς
1519 1458 1706 1492 ἑπιτεύξονται
1722 1459 1894 1494 παρρησίας*

1113 1507 1174 1534 ἐπεὶ
1188 1507 1236 1534 καὶ
1253 1507 1284 1534 τδ
1299 1506 1449 1542 μαρτύριον
1473 1506 1528 1533 τῶν
1559 1505 1684 1540 θλίψεων,
1712 1506 1781 1541 ὅπερ
1797 1506 1896 1536 ἐκεῖνοι

279 1546 351 1593 apud
375 1547 461 1574 Deum
483 1554 687 1584 consequentur
708 1551 877 1586 libertatem;
894 1553 1062 1588 quandoqui-

1116 1551 1150 1578 δι’
1163 1551 1324 1588 ἀνθρώπων,
1340 1549 1412 1579 οὖτοι
1437 1551 1481 1578 διὰ
1501 1551 1556 1578 τῶν
1577 1550 1711 1586 πονηρίας
1731 1550 1896 1585 πνευμάτων

279 1591 340 1618 dem
366 1592 526 1628 martyrium
551 1594 745 1629 alllictiouum,
772 1597 844 1631 quod
870 1603 1004 1633 martyres
1028 1599 1064 1626 ab

279 1635 437 1665 hominibus
452 1642 517 1665 sunt
527 1639 612 1674 passi,
629 1639 655 1666 hi
669 1639 704 1667 ab
717 1640 945 1675 impressionibus
955 1642 1064 1670 acerbis

279 1679 441 1709 infestorum
471 1682 539 1717 ipsis
567 1683 749 1719 malignorum
770 1684 916 1720 spirituum
943 1687 1065 1721 pertule-

280 1732 362 1760 runt;
385 1734 416 1754 ac
438 1732 542 1762 quanto
564 1728 658 1763 plures
682 1729 712 1757 hi
737 1737 848 1765 quoque
869 1731 1064 1766 gravioresque

279 1771 450 1800 adversantis
465 1773 583 1801 insultus
595 1774 697 1802 diaboli
718 1776 841 1811 perpessi
861 1776 975 1809 fuerint,
989 1780 1065 1805 tanto

279 1818 505 1848 abundantiorem
526 1820 651 1856 gloriam,
672 1829 726 1849 non
751 1822 780 1849 in
801 1821 923 1850 futurum
944 1822 1031 1849 solum
1048 1829 1065 1850 ξι

279 1864 336 1893 Deo
353 1865 500 1900 recipient;
515 1866 563 1894 sed
579 1871 607 1895 et
619 1867 664 1895 hic
676 1875 786 1902 quoque
803 1867 925 1895 uberiori
940 1866 1065 1895 beabun-

280 1914 325 1938 tur
342 1911 461 1945 Spiritus
474 1913 669 1941 consolatione.

314 1956 382 1984 XVI.
401 1957 627 1993 Quandoquidem
651 1959 680 1986 in
701 1959 827 1988 confesso
848 1963 901 1993 est,
919 1965 1022 1988 arctam
1037 1965 1066 1988 et

273 2006 422 2037 angustam
436 2011 497 2031 esse
511 2004 582 2031 viam
597 2012 659 2040 qua
680 2005 757 2033 ducit
777 2005 811 2033 ad
825 2006 926 2039 vitam;
948 2005 1066 2041 ideoque

280 2055 382 2087 paucos
395 2056 466 2081 esse,
478 2050 525 2084 qui
542 2057 591 2085 per
602 2057 662 2077 eam
682 2054 824 2078 transeunt
840 2059 847 2078 :
862 2051 953 2079 omnis
964 2052 1065 2080 diaboli

280 2093 395 2123 tentatio
412 2098 523 2129 propter
537 2095 617 2122 nobis
634 2096 780 2130 repositam
795 2095 823 2123 in
838 2096 916 2124 caelis
931 2104 1007 2131 spem
1022 2105 1066 2125 ro-

280 2138 360 2165 buste
375 2146 407 2166 ac
423 2143 580 2166 constanter
593 2139 754 2167 sustinenda
766 2145 823 2173 est;
838 2146 1066 2177 quantascunque

281 2183 356 2210 enim
373 2183 483 2210 tandem
505 2183 697 2212 tribulatione:
714 2184 919 2219 pertulerimus,
941 2186 1007 2220 quid
1024 2186 1067 2215 hae

1115 1598 1229 1629 ἐκείνοις
1259 1597 1465 1633 ἐνεργησάντων
1488 1596 1728 1632 ὑπομεμενηκότες
1754 1595 1817 1626 etot,
1847 1596 1896 1622 καὶ

1113 1644 1168 1680 ὅσῳ
1197 1643 1306 1675 πλείους
1332 1644 1379 1672 καὶ
1404 1640 1478 1670 οὖτοι
1508 1643 1555 1669 τοῦ
1578 1642 1765 1676 ἀντικειμένου
1793 1641 1895 1675 θλίψεις

1114 1690 1282 1725 ὑπήνεγκαν,
1294 1688 1412 1724 τοσούτῳ
1427 1689 1475 1715 καὶ
1489 1689 1599 1715 πλείονα
1610 1687 1659 1723 τὴν
1679 1687 1758 1720 δόξαν
1783 1687 1833 1714 οὐκ
1855 1687 1897 1718 είς

1113 1734 1144 1761 τὸ
1162 1735 1257 1770 μέλλον
1273 1735 1351 1769 μόνον
1363 1735 1394 1761 ὲκ
1405 1733 1472 1761 Θεοῦ
1487 1733 1645 1770 κομιοῦνται
1658 1742 1666 1751 ·
1679 1733 1747 1760 ἀλλά
1757 1732 1896 1761 κάνταῦθα

1115 1780 1166 1815 τῆς
1178 1780 1226 1807 τοῦ
1244 1779 1347 1815 ἀγαθοῦ
1363 1778 1521 1814 Πνεύματος
1541 1778 1737 1815 ἀξιωθήσονται
1751 1777 1896 1814 παρακλή-

1117 1833 1197 1858 σεως.

1151 1954 1212 1988 ις’.
1236 1951 1438 1987 Ἐπεὶὶτοιαύτη
1464 1951 1638 1986 ὡμολόγηται
1649 1951 1666 1986 ἡ
1678 1950 1746 1986 πρὸς
1759 1950 1809 1986 τὴν
1825 1949 1897 1985 ζωὴν

1114 1999 1237 2035 φέρουσα
1254 1998 1332 2034 στενή
1346 2007 1375 2025 τε
1389 1998 1436 2025 καὶ
1448 1997 1625 2033 τεθλιμμένη,
1641 1996 1690 2024 καὶ
1703 1996 1746 2023 διὰ
1759 1996 1837 2023 τοῦτο
1850 1996 1898 2023 καὶ

1114 2046 1222 2080 ὀλίγους
1240 2045 1296 2080 ἔχει
1323 2045 1385 2076 τοὺς
1413 2044 1515 2078 ταύτην
1530 2042 1730 2079 διερχομένους,
1746 2042 1836 2069 πᾶσαν
1851 2040 1898 2068 τοῦ

1115 2090 1235 2126 πονηροῦ
1250 2091 1347 2126 πεῖραν
1372 2089 1416 2117 διὰ
1437 2090 1486 2125 τὴν
1500 2090 1529 2115 ὲν
1552 2088 1688 2124 οὐρανίοις
1701 2087 1897 2122 ἀποκειμένην,

1116 2135 1211 2162 ἐλπίδα
1233 2135 1354 2171 στερρῶς
1376 2133 1572 2169 ὑπομενετέονο
1588 2133 1653 2164 ὅσας
1668 2132 1722 2168 γὰρ
1739 2131 1772 2159 ἂν
1788 2132 1835 2158 καὶ
1848 2131 1899 2157 ὺπ-

1116 2182 1276 2217 ενέγκοιμεν
1297 2181 1410 2216 θλίψεις,
1425 2180 1452 2207 τί
1466 2179 1590 2212 ἀντάξιον
1604 2180 1621 2215 ἢ
1635 2179 1703 2214 πρὸς
1726 2179 1775 2214 τὴν
1788 2178 1900 2213 μέλλουη

283 2228 497 2262 comparandum
520 2228 630 2260 habent.
656 2233 781 2257 autcum
804 2229 897 2257 futura
918 2231 1062 2265 repromis-

1117 2238 1166 2256 σαν
1184 2228 1358 2262 ἐπαγγελίαν,
1374 2227 1390 2262 ἢ
1414 2226 1480 2262 πρὸς
1502 2226 1552 2261 τὴν
1572 2225 1697 2252 ἐντεῦθεν
1721 2224 1901 2259 ὲγγινομένην

283 2273 378 2306 sione;
394 2277 443 2300 aut
458 2281 520 2301 cum
536 2274 592 2309 jam
616 2273 681 2301 hinc
704 2274 764 2301 dari
786 2273 866 2302 solita
880 2275 1067 2303 consolatione

282 2318 348 2346 boni
365 2318 500 2354 Spiritus;
515 2323 564 2347 aut
578 2327 640 2347 cum
662 2319 826 2348 liberatione
841 2328 857 2347 a
871 2320 988 2356 caligine
1003 2328 1068 2356 pra-

282 2370 377 2390 varum
401 2364 629 2397 inclinationum;
651 2368 777 2392 autcum
798 2365 974 2393 multitudine
991 2365 1069 2393 debi-

283 2413 383 2436 torum.
402 2408 463 2436 Non
480 2409 553 2437 enim
568 2414 631 2437 sunt
645 2409 706 2445 (ait)
719 2410 855 2445 condigna!
870 2411 1005 2446 passiones
1019 2412 1069 2439 hu-

279 2454 325 2490 jus
342 2455 466 2490 temporis
481 2455 517 2482 ad
530 2454 650 2490 futuam
668 2455 782 2491 gloriam
795 2464 854 2491 quae
870 2455 1028 2485 revelabitur
1041 2458 1069 2484 in

283 2501 356 2528 nobis
370 2502 403 2527 ".
420 2500 517 2529 Omnia
531 2509 607 2536 ergo.
626 2505 654 2528 ut
677 2501 781 2529 dictum
797 2506 849 2534 est,
867 2501 939 2529 ferre
959 2502 1068 2530 fortiter

283 2545 426 2579 debemus,
441 2551 554 2582 propter
567 2547 730 2581 Dominum;
754 2547 794 2575 uti
818 2547 944 2583 generosi
967 2548 1068 2576 milites

283 2599 318 2619 ne
332 2592 401 2619 mori
417 2593 529 2627 quidem
548 2600 597 2629 pro
611 2598 706 2621 nostro
723 2593 885 2628 imperatore
900 2594 1066 2624 dubitantes.

283 2638 340 2665 Cur
359 2638 445 2672 enim,
462 2639 572 2674 quando
591 2639 694 2668 mundo
707 2643 735 2667 et
749 2639 926 2667 saecularibus
945 2640 1070 2668 attende-

284 2684 382 2713 bamus
397 2685 492 2718 rebus,
507 2686 647 2714 molestias
661 2694 717 2719 eas,
734 2685 762 2713 in
779 2693 846 2721 quas
864 2690 958 2722 postea
973 2687 1069 2714 incidi-

285 2738 357 2764 mus,
368 2738 423 2758 non
434 2731 659 2766 experiebantur;
675 2732 724 2760 sed
737 2740 811 2760 nunc
825 2740 888 2760 cum
902 2732 1069 2760 accessimus

283 2775 319 2809 ad
344 2775 518 2804 serviendum
544 2777 617 2811 Deo,
633 2777 798 2813 multiplices
820 2778 882 2807 illas
905 2777 1069 2818 tentationcs

323 2865 346 2883 ”
359 2866 441 2895 llcbr.
458 2868 542 2901 xu,8.
581 2869 602 2885 ’⁵
618 2869 696 2897 Rom.
715 2877 770 2904 \‘lll,
790 2870 829 2897 l8.

1116 2276 1175 2306 ταῖς
1187 2275 1287 2310 ψυχαῖς
1301 2274 1355 2301 ὑπὸ
1367 2273 1415 2300 τοῦ
1429 2272 1531 2307 ἀγαθοῦ
1544 2271 1703 2306 Πνεύματος
1716 2270 1900 2306 παράκλησιν,

1116 2320 1134 2355 ἢ
1151 2319 1219 2354 πρὸς
1236 2319 1285 2354 τὴν
1313 2317 1501 2354 ἀπολύτρωσιν
1515 2317 1564 2344 τοῦ
1589 2316 1701 2348 σκότους
1723 2315 1780 2342 τῶν
1807 2315 1902 2342 παθῶν

1115 2367 1165 2401 τῆς
1181 2365 1291 2397 κακίας,
1307 2364 1324 2400 ἢ
1339 2363 1407 2399 πρὸς
1431 2363 1462 2390 τδ
1476 2363 1531 2390 τῶν
1545 2362 1633 2398 χρεῶν
1647 2362 1749 2397 πλῆθος
1764 2361 1819 2388 τῶν
1836 2361 1904 2396 ἠμε-

1115 2411 1202 2446 τέρων
1226 2409 1377 2446 ἁμαρτιῶν,
1401 2408 1570 2444 είσοίσομενς
1597 2409 1639 2435 οὐ
1655 2408 1710 2443 γὰρ
1728 2407 1808 2439 ἀξια,
1825 2407 1901 2441 φησὶ,

1121 2457 1157 2484 τὰ
1171 2456 1329 2490 παθήματα
1346 2454 1399 2482 τοῦ
1412 2453 1472 2481 νῦν
1484 2453 1587 2487 καιροῦ
1610 2453 1685 2487 πρὸς
1699 2452 1757 2486 τὴν
1768 2452 1902 2487 μέλλου-

1119 2509 1181 2530 σαν
1198 2501 1293 2534 δόξαν
1306 2498 1557 2534 ἀποκαλυφθῆναι
1566 2500 1609 2532 εὶς
1622 2498 1711 2533 ἡμᾶς.
1727 2498 1820 2525 Πάντα
1836 2498 1902 2533 γὰρ,

1120 2547 1158 2579 ὡς
1180 2547 1297 2582 ετρηται,
1322 2545 1505 2581 καρτερητέον
1523 2545 1567 2572 διὰ
1589 2544 1635 2571 τὸν
1662 2544 1764 2580 Κύριον
1789 2545 1839 2577 δεῖ,
1858 2543 1904 2572 οἷα

1120 2593 1261 2627 γενναίους
1283 2591 1452 2627 στρατιώτας
1466 2590 1513 2618 τοῦ
1529 2590 1661 2626 βασιλέως
1673 2591 1689 2626 ἠ
1694 2590 1753 2626 μῶν
1765 2590 1904 2625 ὑπεραπο-

1121 2638 1297 2673 θνήσκοντας.
1311 2636 1360 2664 Διά
1372 2636 1398 2663 τι
1413 2635 1477 2671 γὰρ,
1494 2636 1539 2662 ὅτε
1551 2634 1589 2669 τῷ
1601 2635 1696 2670 κόσμῳ
1708 2635 1755 2662 καὶ
1768 2636 1825 2666 τοῖς
1840 2634 1904 2670 βιω-

1120 2685 1206 2716 τικοῖς
1231 2683 1414 2719 προσείχομεν
1441 2681 1615 2716 πράγμασιν,
1639 2680 1670 2707 οὐ
1702 2680 1834 2716 λυπηροῖς
1847 2689 1904 2707 τοι-

1120 2731 1210 2762 ούτοις
1224 2730 1441 2766 περιεπίπτομεν
1454 2749 1463 2762 ,
1477 2728 1545 2755 ἀλλὰ
1569 2728 1617 2755 νῦν
1631 2728 1692 2755 ἐπεὶ
1714 2726 1904 2762 προσήλθομεν

1120 2776 1260 2804 δουλεῦσαι
1287 2776 1357 2812 Θεῷ,
1378 2777 1441 2808 τοὺς
1461 2775 1647 2809 πολυτρόπους
1671 2773 1782 2806 τούτους
1806 2781 1905 2809 πειρα-
