2075 3155
181 198 233 231 949

694 204 809 235 LIBER
828 204 877 235 DE
898 203 1111 235 LIBERTATE
1130 203 1283 235 MENTIS.

1757 204 1811 235 950

187 259 271 294 σμοὺς
295 257 488 296 ὓπομένομεν;
511 261 592 298 Ὁρᾷς
620 261 661 289 Bri
682 262 726 290 διὰ
743 261 789 289 τδν
811 260 929 297 Χριστὸν
946 261 974 287 αἱ

1027 260 1161 295 patimur?
1173 260 1251 288 vides
1274 263 1387 295 propter
1400 259 1539 288 Christum
1561 259 1610 287 has
1632 259 1661 287 ln
1685 267 1736 287 nos
1760 261 1813 287 im-

188 308 301 343 θλίψεις,
313 307 475 342 φθονοῦντος
492 308 558 343 ¹ἡμῖν
573 307 620 334 τοῦ
639 307 827 342 ἀντικειμένου
855 306 906 341 τῆς
920 306 975 334 τῶν

187 353 375 389 ἐλπιζομένων
401 353 616 383 ἅνταποδὸσεως.
636 351 771 388 χαύνωσίν
786 361 815 379 τε
831 352 877 381 καὶ
890 351 975 387 ῥᾳθυ-
1002 353 1007 357 ’

190 398 254 432 μίαν
279 399 404 426 ὲνθέσθαι
431 399 492 430 ταῖς
515 397 665 433 ἡμετέραις
689 397 850 432 βουλομένου
864 396 974 432 ψυχαῖς,

192 446 235 472 ἵνα
261 445 299 481 μὴ
326 444 480 480 εὐαρέστως
509 444 641 479 ζήσαντες
668 443 772 470 τούτων
803 442 974 478 ἀξιωθῶμεν.

189 492 277 518 Πᾶσαι
293 491 320 517 αἱ
340 489 402 517 καθ’
417 491 495 526 ὴμῶν
523 490 627 517 ἐκείνου
658 489 776 525 μηχαναὶ
802 488 910 515 λύονται
941 489 975 524 τῇ

187 535 235 562 τοῦ
263 535 383 571 Χριστοῦ
411 535 569 570 συμμαχίᾳ·
599 535 645 562 καὶ
684 535 730 561 τὸν
765 533 975 569 ὕπερασπιστὴν

188 581 268 616 ἡμῶν
284 582 332 608 καὶ
345 581 503 615 ὑπέρμαχον
518 580 631 612 ἐκεῖνον,
647 579 855 615 ἐνθυμηθῶμεν,
870 578 912 605 ὅτι
928 576 976 604 καὶ

192 627 273 658 αὐτὸς
299 626 345 652 τὸν
370 625 456 652 αίῶνα
483 625 576 652 τοῦτον
591 625 664 651 οὕτω
679 625 831 656 διώδευσεν,
846 622 975 654 ὀνειδιζό-

191 680 282 707 μενος,
299 671 473 706 διωκόμενος.
490 670 707 705 ὲμπαιζόμενος,
723 670 799 702 τέλος
818 669 866 697 καὶ
883 669 976 704 ἀτίμῳ

191 718 297 753 θανάτῳ
308 717 353 744 διὰ
367 716 483 752 σταυροῦ
497 716 692 752 τελειούμενος.

225 805 274 834 ΙΖ’.
293 806 380 842 Εῖπερ
397 806 559 842 βουλοίμεθα
589 806 678 842 θλίψιν
702 807 811 834 ἃπασαν
838 807 885 834 καὶ
913 807 975 839 τοὺς

193 853 362 888 πειρασμοὺς
382 853 528 887 ὑπομένειν
546 852 652 888 ῥᾳδίως,
663 853 678 880 ὁ
692 853 736 880 διὰ
760 853 877 889 Χριστὸν
893 852 976 880 θάνα-

192 906 237 930 τος
259 898 427 933 ἑπιθυμητδς
453 898 518 932 ἡμῖν
541 898 620 931 έστω,
637 899 683 924 καὶ
698 898 750 933 πρὸ
765 898 896 933 ὀμμάτων
917 898 975 925 δια-

195 944 306 975 παντός.
331 943 457 970 Τοιοῦτον
471 943 525 977 γὰρ
540 944 604 978 ἡμῖν
619 944 665 970 καὶ
675 944 826 979 ἐπίταγμα,
836 943 882 970 τὸν
891 953 974 971 σταυ-

193 990 239 1026 ρὸν
253 989 379 1024 αἴροντας
394 989 469 1023 αὐτῷ
484 989 640 1016 ἀκολουθεῖν
650 997 657 1004 ⁸
681 990 750 1024 ὅπερ
773 991 858 1023 ἐστὶν,
879 989 975 1024 εὑτρει

191 1036 252 1068 πεῖς
265 1034 334 1063 εἶναι
355 1035 404 1062 καὶ
420 1035 543 1070 ἑτοίμους
557 1035 626 1070 πρὸς
643 1034 675 1061 τὸ
693 1035 848 1063 ἀποθανεῖν.
866 1036 915 1062 ’Ἂν
929 1034 975 1062 οὒ-

190 1089 229 1107 τω
247 1079 467 1116 δια[τι]θειμένοι
482 1077 568 1114 ὦμεν,
582 1081 684 1113 πᾶσαν,
701 1080 739 1112 ὡς
754 1082 874 1116 εἴρηται.
886 1081 976 1116 θλίψιν

191 1126 280 1161 ἁφανῆ
297 1134 326 1152 τε
337 1126 384 1152 καὶ
395 1126 476 1161 δήλην
488 1126 558 1153 κατὰ
571 1127 638 1153 πολὺ
651 1126 682 1154 τὸ
693 1128 757 1162 ῥᾷον
775 1127 974 1163 ὑπομενοῦμεν.

199 1171 228 1197 '0
250 1171 304 1205 γὰρ
324 1171 371 1197 καὶ
397 1171 543 1198 ἀποθανεῖν
566 1172 636 1207 ὑπὲρ
651 1172 769 1207 Χριστοῦ
784 1173 817 1199 δι’
829 1173 976 1208 ἐπιθυμίας

192 1216 271 1251 ἔχων,
286 1217 367 1251 σχολῇ
381 1217 406 1250 γ’
421 1217 454 1243 ἂν
470 1217 537 1250 πρὸς
551 1217 585 1243 τὰ
602 1218 718 1244 ἐπίπονα
734 1219 781 1245 καὶ
800 1219 909 1254 λυπηρά
930 1219 976 1246 δυ-

193 1263 330 1296 σχεράναι.
355 1262 432 1297 Παρὰ
457 1262 536 1288 τοῦτο
557 1263 609 1297 γὰρ
637 1263 684 1290 καὶ
708 1264 818 1299 βαρείας
834 1262 902 1291 εἶναι
927 1264 976 1296 τὰς

192 1307 295 1342 θλίψεις
314 1308 465 1344 ἡγούμεθα,
481 1309 557 1344 παρὰ
571 1309 601 1335 τὺ
630 1309 667 1345 μὴ
694 1309 740 1336 τδν
767 1310 837 1345 ὑπὲρ
858 1309 975 1344 Χριστὸν

193 1353 306 1379 θάνατον
333 1352 502 1387 καταθύμιον
531 1353 613 1388 ἔχειν,
631 1354 699 1389 μηδὲ
726 1355 843 1381 πάντοτε
864 1353 976 1389 Χριστῷ

191 1398 241 1433 τὴν
262 1398 382 1425 διάνοιαν
400 1399 531 1434 ἀναρτᾷν.
551 1399 580 1425 '0
600 1399 628 1425 δὲ
656 1400 758 1426 ἐκεῖνον
773 1399 975 1435 κληρονομῆσαι

193 1443 346 1478 ἐπιθυμῶν,
364 1443 410 1470 καὶ
428 1444 462 1470 τά
477 1444 560 1471 αὑτοῦ
574 1445 647 1480 πάθη
665 1444 775 1480 ζηλοῦν,
790 1445 891 1480 ὁμοίως
916 1447 974 1472 ἑπι-

193 1489 323 1523 θυμιίτω.
337 1489 418 1516 Ὥστε
438 1489 463 1515 οί
487 1489 531 1516 τὸν
548 1490 651 1526 Κύριον
675 1490 786 1526 ἀγαπᾷν
807 1490 931 1525 λέγοντες
946 1492 976 1518 ιν

192 1533 278 1570 τούτῳ
294 1535 405 1570 φανεροὶ
429 1535 559 1569 γίνονται,
577 1536 606 1562 ἐν
620 1536 660 1572 τῷ
683 1537 773 1563 πᾶσαν
796 1536 884 1571 θλίψιν
897 1538 977 1573 ἐπερ-

1027 307 1098 335 mitti
1114 307 1275 335 aiﬂictiones
1285 307 1319 334 ab
1330 306 1488 334 adversario
1500 307 1639 334 invidente
1654 307 1733 335 nobis
1751 315 1814 342 spe-

1026 358 1099 381 ratas
1119 353 1325 385 retributiones,
1342 354 1556 388 languoremque
1573 361 1604 380 ac
1621 353 1754 380 desidiam
1771 353 1813 380 in-

1024 401 1109 437 jicere
1125 399 1269 427 animabus
1289 399 1392 426 nostris
1405 399 1543 431 studente,
1561 407 1596 427 ne
1612 399 1645 426 ad
1661 399 1708 426 Dei
1727 399 1812 426 bene-

1026 445 1155 481 placitum
1170 444 1226 471 vita
1248 447 1395 476 transacta,
1421 443 1563 478 promissis
1587 443 1707 478 prmmiis
1726 443 1811 470 done-

1026 500 1098 519 mur.
1112 491 1212 518 Omnes
1231 490 1290 525 ejus
1303 494 1398 517 contra
1416 497 1467 516 nos
1488 489 1572 517 irritat
1594 489 1663 516 liunt
1678 489 1812 516 machina:

1025 537 1105 565 nobis
1120 543 1181 563 cum
1197 535 1307 563 Christo
1319 534 1512 570 pugnantibus.
1530 534 1579 561 llic
1596 535 1669 562 enim
1685 543 1810 570 magnus,

1025 582 1071 610 hic
1085 581 1203 609 invictus
1223 580 1303 608 nobis
1317 584 1455 615 protector
1470 585 1498 607 et
1510 584 1696 614 propugnator
1714 585 1812 614 praesto

1025 631 1077 656 est.
1105 626 1274 661 Reputemus
1299 625 1409 657 animo,
1433 625 1522 659 ipsum
1550 632 1675 658 quoque,
1702 625 1812 659 quando

1025 671 1202 708 pertransivit
1225 671 1277 698 hoc
1300 670 1448 703 stcculum',
1471 669 1628 704 opprobriis
1650 674 1810 701 oneratum,

1026 717 1225 752 impugnatum,
1244 715 1505 750 irrisum,.denique
1522 714 1703 750 ignominiosa
1724 718 1812 741 morte

1025 771 1075 799 per
1087 770 1196 790 crucem
1213 765 1429 789 consummatum
1442 768 1512 788 esse.

1060 807 1141 836 XVII.
1158 807 1187 835 Si
1202 806 1370 834 voluerimus
1387 814 1495 833 omnem
1518 805 1691 833 aliiictionem
1708 810 1736 833 et
1753 810 1813 832 ten-

1026 854 1143 881 tationes
1163 852 1298 880 sustinere
1321 852 1411 883 facile,
1434 859 1508 878 mors
1533 857 1646 886 propter
1671 851 1811 879 Christum

1026 903 1135 933 optetur
1153 905 1168 925 a
1187 897 1277 930 nobis,
1290 901 1317 924 et
1331 897 1355 924 is
1368 904 1467 931 scopus
1480 897 1534 923 voti
1552 897 1637 924 nostri
1652 897 1813 924 obversetur

1026 949 1158 980 perpetuo
1173 943 1274 970 mentis
1294 947 1393 970 nostra;
1408 942 1504 970 oculis.
1519 942 1548 969 1d
1565 942 1665 976 quippe
1680 946 1721 969 est
1734 941 1814 968 nobis

1025 993 1204 1024 praeceptum,
1221 992 1251 1015 ut
1268 988 1395 1015 tollamus
1408 995 1517 1015 crucem
1538 992 1657 1014 nosmun
1674 991 1701 1014 et
1713 995 1813 1021 sequa-

1025 1041 1088 1061 mur
1104 1033 1210 1068 ipsum;
1233 1032 1306 1067 quod
1329 1032 1475 1068 signiﬁcat,
1492 1037 1601 1068 paratos
1617 1040 1667 1060 nos
1684 1040 1744 1059 esse
1767 1032 1815 1060 de-

1026 1079 1094 1107 bere
1113 1079 1151 1109 ad
1173 1077 1356 1106 moriendum.
1380 1077 1409 1105 Si
1431 1077 1472 1106 sic
1498 1077 1588 1105 aﬂ‘ecti
1615 1077 1814 1113 praeparatique

1025 1125 1118 1154 animo
1134 1125 1277 1158 fuerimus,
1294 1133 1413 1159 omnem,
1438 1129 1469 1152 ut
1489 1124 1591 1152 dictum
1613 1129 1665 1157 est,
1691 1124 1815 1152 afﬂictio-

1025 1179 1088 1200 nem
1104 1172 1241 1198 internam
1253 1175 1281 1198 et
1295 1175 1470 1206 apparentem
1493 1170 1624 1197 facilitate
1644 1170 1814 1204 perferemus

1025 1225 1133 1252 magna.
1147 1216 1215 1243 Mori
1228 1216 1301 1243 enim
1317 1216 1411 1250 utique
1426 1223 1475 1250 pro
1489 1215 1598 1242 Christo
1615 1216 1739 1250 cupiens,
1754 1223 1815 1250 qum

1027 1263 1137 1290 tandem
1151 1269 1221 1297 aagre
1235 1261 1308 1288 ferre
1321 1260 1434 1288 adversa
1449 1261 1491 1288 vel
1513 1261 1626 1288 molesta
1646 1260 1764 1295 poterit?
1778 1260 1814 1287 ob

1026 1307 1078 1336 hoc
1096 1307 1185 1342 ipsum
1207 1306 1280 1334 enim
1302 1314 1401 1341 graves
1416 1313 1477 1333 esse
1498 1310 1627 1340 putamus
1642 1306 1813 1336 afllictiones.

1026 1353 1089 1387 quia
1105 1351 1185 1379 nobis
1207 1359 1263 1378 non
1285 1350 1375 1386 placet
1396 1358 1447 1386 pro
1459 1350 1569 1379 Christo
1591 1350 1671 1381 mori,
1687 1357 1737 1377 nec
1752 1357 1815 1384 spes

1025 1406 1057 1426 ac
1082 1399 1203 1425 rationes
1225 1401 1332 1424 nostras
1355 1405 1389 1427 ex
1410 1404 1445 1424 eo
1466 1396 1565 1424 ducere
1589 1403 1747 1430 suspensas.
1761 1395 1814 1428 Qui

1025 1451 1092 1471 vero
1105 1443 1245 1470 Christum
1257 1442 1410 1477 possidere,
1424 1445 1452 1469 et
1465 1446 1520 1468 tam
1534 1440 1652 1476 opimam
1668 1440 1816 1468 hatredita-

1027 1493 1081 1516 tem
1099 1488 1239 1517 desiderat
1254 1495 1378 1519 cernere,
1394 1488 1455 1522 ejus
1468 1494 1578 1521 quoque
1596 1486 1696 1513 imitari
1710 1485 1815 1520 passio-

1026 1541 1076 1562 nes
1105 1533 1231 1561 similiter
1255 1533 1442 1567 concupiscat.
1467 1532 1557 1565 Quare
1587 1531 1635 1566 qni
1660 1539 1690 1559 se
1720 1531 1817 1558 dicunt

192 1578 310 1614 χομένην
327 1580 358 1606 οὐ
376 1580 506 1614 γενναίως
518 1581 609 1615 μόνον,
626 1581 696 1608 ἀλλά
710 1582 758 1610 καὶ
771 1582 920 1619 προθύμως
932 1583 976 1610 διά

1027 1587 1119 1607 amare
1133 1578 1289 1611 Dominum,
1305 1578 1333 1605 in
1348 1585 1382 1605 eo
1400 1577 1639 1609 demonstrabunt,
1657 1584 1690 1604 an
1708 1584 1773 1603 vere
1789 1575 1816 1603 id

193 1624 241 1659 τὴν
250 1625 290 1656 είς
304 1625 385 1651 αὐτὸν
399 1625 492 1661 φέρειν
501 1625 607 1654 ἐλπίδα.

228 1753 282 1781 IH'.
297 1752 357 1789 Χρὴ
376 1752 508 1790 «pri-report
519 1752 568 1780 τὸν
577 1752 734 1789 τῷ-Χριστῷ
746 1752 976 1789 προπληλυθάτα,

194 1802 242 1827 καὶ
257 1800 328 1834 πρὸς
353 1800 413 1835 βίαν
439 1800 508 1835 πρὸς
531 1799 563 1826 τὸ
587 1799 689 1834 ἀγαθὸν
703 1799 792 1826 ἕλκειν
809 1800 915 1832 ἑαυτὸν,
928 1800 978 1827 οὐκ

195 1845 339 1880 ἐθελούσης
362 1845 440 1881 ἡμῶν
451 1846 500 1880 τῆς
526 1845 654 1881 καρδίας·
667 1845 796 1875 Βιάζεται
811 1845 875 1880 γὰρ⁹
895 1846 978 1881 φησὶν

194 1893 209 1919 6
222 1891 339 1927 ἀψευδὴς
353 1891 464 1926 Κύριος,
490 1891 510 1925 ἡ
524 1891 668 1923 ,βασιλεία
683 1891 742 1918 τῶν
759 1890 904 1924 οὐρανῶν,
927 1891 978 1918 καὶ

193 1937 320 1971 ,βιασταὶ
344 1936 528 1970 ἁρπάζουσιν
554 1936 668 1970 αὐτήν·
686 1936 866 1971 ἀγωνίζεσθαι
897 1937 978 1964 πάλιν

196 1983 276 2011 αὑτὸν
291 1982 422 2009 εἰσελθεῖν
445 1982 490 2009 διὰ
512 1983 562 2017 τῆς
578 1982 674 2017 στενῆς
689 1982 786 2018 θύρας.
802 1983 862 2018 Χρὴ
875 1983 977 2015 τοίνυν,

195 2029 232 2060 ὡς
247 2029 363 2064 εἴρηται,
392 2029 439 2055 καὶ
458 2028 528 2055 κατὰ
545 2027 575 2054 τὸ
604 2027 754 2064 ἀὸούλητον
783 2029 895 2060 ἑαυτοὺς
912 2029 977 2064 πρὸς

194 2074 244 2110 τὴν
257 2074 358 2109 ἀρετὴν
374 2073 517 2106 συνωθεῖν,
529 2073 598 2107 πρὸς
612 2074 721 2108 ἀγάπην
736 2073 773 2108 μὴ
791 2073 900 2108 ἔχοντας
914 2074 981 2108 ἀγά-

195 2128 259 2155 πην,
275 2119 343 2154 πρὸς
359 2119 504 2155 πραότητα
524 2119 626 2154 ταύτης
641 2119 722 2151 ὄντας
744 2120 773 2145 ὲν
786 2120 897 2155 ἀπορίᾳ,
913 2120 981 2155 πρὸς

196 2165 228 2191 τὸ
241 2165 383 2200 συμπαθὲς
402 2165 449 2192 καὶ
471 2164 663 2199 φιλάνθρωπόν
686 2164 737 2199 τὴν
763 2165 877 2201 καρδίαν
895 2165 978 2201 ἔχειν,

197 2211 264 2246 πρὸς
279 2211 309 2237 τὸ
335 2209 480 2245 ἀνέχεσθαι
507 2210 618 2245 ἀτιμίας
645 2211 692 2237 καὶ
715 2211 906 2246 παροράσεως,
933 2211 981 2237 καὶ

1025 1625 1172 1657 aflirment,
1191 1623 1214 1651 si
1230 1631 1340 1651 omnem
1357 1623 1425 1657 ipsis
1439 1622 1677 1658 supervenientem
1689 1621 1815 1648 alllictio-

1025 1678 1089 1697 nem
1114 1677 1169 1697 non
1196 1676 1328 1704 generose
1351 1668 1448 1700 modo,
1473 1667 1521 1695 sed
1545 1667 1664 1695 libenter
1689 1667 1771 1694 etiam
1789 1670 1817 1694 et

1026 1719 1160 1747 amanter,
1177 1714 1213 1741 ob
1229 1721 1306 1748 spem
1322 1713 1350 1740 in
1370 1713 1430 1747 ipso
1446 1713 1573 1747 positam,
1595 1711 1745 1747 perferant.

1061 1759 1157 1789 XVIII.
1175 1759 1256 1792 Eum,
1276 1759 1324 1794 qui
1347 1758 1381 1786 ad
1405 1758 1544 1786 Christum
1568 1757 1694 1788 accessit.
1708 1760 1818 1792 oportet

1026 1810 1090 1833 ante
1111 1805 1214 1838 omnia,
1237 1805 1319 1832 etiam
1341 1812 1391 1839 per
1406 1804 1460 1831 vim
1483 1803 1517 1830 ad
1538 1804 1642 1831 bonum
1664 1804 1773 1830 trahere
1787 1811 1819 1830 se

1027 1851 1127 1885 ipsum,
1143 1849 1269 1884 quamvis
1285 1848 1439 1875 reluctante
1454 1851 1551 1874 nostro
1565 1847 1658 1875 corde.
1676 1847 1731 1874 Vim
1747 1848 1818 1875 enim

1027 1896 1129 1932 patitur
1141 1894 1221 1930 215
1235 1894 1284 1930 (ait
1298 1893 1409 1921 mentiri
1425 1893 1535 1921 nescius
1548 1892 1691 1927 Dominus)
1706 1900 1818 1928 regnum

1027 1941 1163 1972 caelorum,
1181 1944 1207 1966 et
1226 1938 1333 1966 violenti
1351 1939 1461 1974 rapiunt
1481 1938 1550 1965 illud
1565 1938 1600 1965 ".
1619 1938 1693 1972 Opus
1708 1945 1819 1972 quoque

1027 1990 1071 2014 est
1083 1985 1210 2013 eumdem
1225 1984 1393 2012 contendere
1410 1984 1511 2012 intrare
1529 1991 1578 2019 per
1594 1987 1736 2018 angustam
1754 1990 1820 2017 por-

1029 2036 1095 2059 tam.
1111 2030 1224 2066 Oportet
1242 2030 1335 2066 igitur,
1351 2033 1382 2056 ut
1397 2029 1501 2057 dictum
1519 2033 1572 2061 est,
1595 2028 1668 2064 ipsos
1683 2028 1725 2055 vel
1747 2027 1821 2054 invi«

1030 2080 1072 2104 tos
1097 2076 1207 2110 adigere
1232 2082 1261 2103 se
1287 2075 1321 2102 ad
1344 2074 1494 2108 virtutem;
1520 2074 1554 2102 ad
1576 2073 1749 2104 charitatem,
1770 2072 1820 2107 qui

1030 2121 1163 2149 charilate
1179 2124 1288 2153 carent;
1313 2120 1346 2147 ad
1369 2119 1620 2152 mansuetudinem,
1635 2119 1683 2154 qui
1699 2118 1750 2145 hac
1774 2118 1817 2144 in-

1030 2167 1142 2202 digent;
1168 2167 1202 2194 ad
1226 2166 1382 2193 habendum
1402 2173 1450 2193 eor
1476 2165 1627 2192 humanum
1649 2169 1677 2192 et
1701 2163 1823 2194 miseriis,

1030 2212 1128 2241 alienis
1155 2212 1339 2247 compatiens,
1368 2211 1434 2246 quin
1464 2211 1546 2239 etiam
1576 2211 1610 2239 ad
1644 2210 1823 2239 sustinendos.

195 2257 250 2288 τοῖς
264 2255 483 2290 ὲξουθενημένοις
495 2256 673 2291 ἐγκαρτερεῖν
682 2263 689 2271 ·
702 2255 779 2283 οὗπω
786 2256 887 2292 ταύτην
899 2257 978 2292 ἐσχη-

1032 2266 1111 2294 aequo
1135 2259 1226 2286 animo
1246 2258 1407 2293 ignominias
1431 2261 1460 2285 et
1483 2258 1638 2292 despectus,
1656 2262 1683 2284 et
1703 2257 1730 2283 in
1753 2263 1823 2290 paoo

201 2303 284 2334 κότας
297 2302 347 2337 τὴν
371 2302 428 2334 ἕξιν
443 2303 511 2337 πρὸς
525 2302 617 2338 εὐχὴν,
632 2303 714 2338 μήπω
729 2303 887 2337 Πνεύματος
902 2302 985 2338 εὐχὴν

195 2349 388 2383 κεκτημένους.
402 2349 450 2374 Ἂν
459 2348 544 2380 οὓτως
557 2348 674 2382 ἀγωνιζο
678 2349 793 2383 μένουςό
803 2348 868 2378 Θεὸς
878 2349 930 2385 ἴδῃ,
938 2349 986 2376 καὶ

196 2393 350 2427 ἀναγκαίως
363 2393 486 2425 ἑαυτοὺς,
503 2393 736 2429 ἀντιπραττούσης
744 2393 836 2429 ὥσπερ
850 2395 929 2429 ἡμῶν
938 2394 986 2430 τῆς

196 2438 320 2474 καρδίας.
331 2439 398 2474 πρὸς
410 2439 440 2465 τὸ
450 2439 551 2473 ἀγαθὸν
561 2439 700 2471 ἕλκοντας.
711 2440 817 2466 δίδωσιν
829 2439 912 2475 εὐχὴν
920 2440 986 2475 ἀλη-

196 2484 283 2519 θινὴν,
294 2484 383 2511 δίδωσι
394 2485 535 2520 σπλάγχνα
548 2485 707 2520 οἰκτιρμῶν,
720 2485 867 2521 ὑπομονὴν,
879 2494 984 2521 μακρο-

195 2528 305 2564 θυμίαν,
335 2529 382 2556 καὶ
412 2529 579 2562 ἁπαξαπλῶς
605 2531 705 2566 πληροῖ
723 2531 916 2566 πάπωνὴμᾶς
929 2531 985 2557 τῶν

195 2574 309 2610 καρπῶν
322 2575 368 2601 τοῦ
386 2575 554 2611 Πνεύματος.
562 2576 592 2603 Et
607 2576 635 2603 δέ
646 2585 688 2608 τις
705 2577 814 2604 καὶτῶν
823 2576 911 2604 ἄλλων
921 2577 985 2612 ἀρε-

196 2620 251 2647 τῶν
268 2620 378 2656 έπιδεὴς
393 2619 441 2653 ὣν,
456 2621 524 2655 πρὸς
540 2621 590 2656 μὲν
612 2621 694 2657 εὐχὴν
716 2622 801 2657 μόνην
813 2624 837 2649 εί
850 2623 925 2657 τύχοι
937 2623 984 2650 καὶ

198 2666 394 2701 παραϐιάζοιτο
402 2666 510 2700 ἑαυτὸν,
522 2666 592 2693 ὥστε
602 2668 676 2702 σχεῖν
685 2667 766 2702 εὐχῆς
775 2667 908 2702 χάρισμα,
916 2668 984 2703 πρὸς

197 2710 226 2738 δέ
240 2719 272 2745 γε
294 2711 447 2747 πραότητα.
462 2712 531 2747 πρὸς
545 2711 792 2747 ταπεινοφροσύνην
805 2721 834 2739 τε
855 2713 901 2739 καὶ
914 2713 982 2746 ἁγά-

198 2765 265 2792 πην,
287 2759 334 2785 καὶ
358 2759 413 2785 πᾶν
435 2758 465 2785 τὸ
488 2758 596 2793 εὐγενὲς
621 2758 705 2794 φῦλον
717 2757 770 2785 τῶν
785 2758 901 2793 ἀρετῶν.
920 2759 981 2785 Ἔτι

197 2803 244 2830 καὶ
257 2804 324 2839 πρδς
340 2804 371 2831 τδ
384 2804 492 2840 βέϐαιον
505 2803 575 2833 εἶναι
589 2805 639 2841 τὴν
651 2805 742 2833 πίστιν
756 2805 804 2832 καὶ
817 2804 866 2841 τὴν
883 2806 980 2832 πεποί-

235 2892 258 2908 ⁵⁶
279 2891 371 2920 Matth.
392 2901 428 2927 in,
447 2895 487 2923 ιε.

1033 2304 1188 2332 durandum
1206 2304 1289 2331 etiam
1305 2311 1368 2330 cum
1383 2303 1573 2338 vilipenditur.
1589 2303 1664 2336 Quos
1685 2303 1725 2329 sic
1741 2301 1819 2328 labo-

1033 2353 1107 2379 riose
1129 2355 1267 2378 certantes
1298 2351 1370 2377 Deus
1391 2350 1508 2383 viderit,
1535 2351 1765 2385 subjugantesque
1791 2353 1820 2375 ut

1033 2398 1119 2425 multa
1135 2396 1313 2424 rebellantem
1327 2395 1464 2423 inutiliter
1476 2399 1613 2428 naturam,
1627 2401 1653 2422 et
1664 2395 1821 2429 frangentes

1033 2442 1235 2469 contumaciam
1257 2441 1350 2469 cordis
1377 2442 1447 2469 trahi
1471 2442 1506 2469 ad
1530 2442 1633 2469 bonum
1657 2441 1819 2473 recusantis,

1031 2495 1080 2515 eos
1097 2487 1147 2514 etsi
1163 2486 1285 2514 nondum
1310 2487 1428 2514 orationi
1445 2487 1633 2519 assueverint;
1650 2491 1678 2514 et
1697 2486 1820 2513 nondum

1031 2531 1161 2568 precandi
1178 2531 1281 2559 donum
1299 2531 1417 2566 Spiritus
1438 2532 1530 2567 adepti
1553 2531 1671 2564 fuerint;
1699 2531 1752 2558 illis
1775 2531 1822 2558 dat

1033 2580 1187 2607 orationem
1197 2587 1301 2611 veram,
1315 2579 1361 2606 dat
1373 2579 1479 2607 viscera
1493 2579 1697 2612 misericordiae,
1713 2579 1821 2614 patien-

1031 2625 1109 2657 tiam,
1133 2625 1378 2660 longanimitatem,
1398 2629 1437 2658 et,
1452 2629 1482 2652 ut
1502 2625 1586 2653 semel
1611 2625 1710 2657 dicam,
1735 2625 1822 2658 replet

1036 2676 1086 2696 nos
1099 2669 1227 2697 omnibus
1243 2669 1379 2696 fructibus
1401 2669 1530 2704 Spiritus.
1552 2669 1580 2698 Si
1595 2677 1662 2696 vero
1676 2669 1738 2704 quis
1753 2669 1821 2696 alia-

1036 2723 1096 2742 rum
1112 2715 1223 2750 quidem
1239 2723 1323 2750 egens
1336 2715 1469 2742 virtutum
1492 2716 1544 2748 sit;
1563 2715 1596 2743 ad
1613 2715 1764 2742 orationem
1781 2719 1822 2742 ta-

1035 2768 1097 2787 men
1113 2761 1196 2787 solam
1217 2761 1305 2795 ipsum
1320 2761 1471 2796 contingat,
1482 2761 1508 2787 vi
1522 2762 1605 2788 etiam
1620 2760 1673 2788 sibi
1688 2760 1759 2788 facta
1777 2761 1821 2787 in-

1032 2806 1180 2839 cumbere;
1197 2806 1233 2833 ita
1247 2810 1278 2833 ut
1290 2806 1391 2834 donum
1408 2806 1542 2835 orationis
1553 2805 1663 2843 aliquod
1678 2810 1824 2834 assecutus
