2075 3155
264 172 314 207 951

879 174 907 204 ὃς
929 174 1090 206 ΜΛΟᾹΒΙῙ
1110 175 1273 207 [ΕΟΥΡΤΙΙ

1842 174 1896 206 952

266 231 320 263 sit;
336 230 370 258 ad
393 230 541 266 parandam
557 235 650 258 autem
671 230 924 263 mansuetudinem.
941 231 1054 259 humili-

1113 232 1186 268 iqatv
1211 234 1252 265 εἰς
1274 233 1320 261 τὸν
1345 232 1474 269 Χριστὸν,
1492 231 1634 268 ὀλιγώρως
1655 231 1713 266 ἔχει
1735 230 1783 258 καὶ
1799 230 1897 266 ἁμερί-

268 280 362 306 tatem.
382 277 554 309 charitatem,
577 281 606 304 et
625 281 709 303 totam
732 276 866 305 illustrem
886 276 958 303 illam
977 277 1056 305 fami-

268 321 333 348 liam
345 321 493 354 virtutum;
505 325 694 356 praetereaque
709 321 742 349 ad
757 321 862 349 ﬁrmam
879 322 1055 350 obtinendam

270 367 350 395 fidem
377 367 561 402 fiduciamque
586 368 613 395 in
635 368 785 401 Christum,
809 369 941 396 remissus
963 369 999 396 sit
1024 376 1056 397 ac

268 413 423 448 negligens;
447 413 494 440 tali
519 413 669 448 aliquando
694 413 775 441 datur
790 414 877 441 oratio
893 413 938 441 illa
962 414 1056 449 gratias

267 466 301 486 ex
320 463 396 493 parte
423 458 450 485 in
474 458 574 493 gaudio
594 463 622 487 et
641 460 745 494 quiete,
759 459 835 494 juxta
856 459 929 487 illius
948 459 1056 487 deside-

269 504 339 531 rium
353 512 368 531 a
380 504 452 531 bono
469 504 593 539 Spiritu;
608 505 655 532 sed
671 505 787 532 aliorum
803 505 875 532 idem
889 513 987 540 expers
1000 514 1056 533 ma-

269 554 316 577 net
329 550 451 577 omnium
468 550 620 584 bonorum;
637 559 670 578 eo
681 551 754 586 quod
775 552 808 578 ad
833 559 929 578 eorum
945 560 1056 587 quoque

269 596 478 631 acquisitionem
501 597 555 623 vim
583 597 635 624 sibi
661 605 715 624 non
742 597 850 630 inferat,
876 597 978 625 dictum
1003 603 1054 631 est,

269 649 320 668 nec
333 649 349 668 a
362 641 472 669 Christo
489 651 521 669 ea
533 643 662 677 postulet.
678 642 791 677 Oportet
805 643 877 670 enim
895 650 949 670 non
968 643 1056 670 solum

270 687 303 713 ad
319 687 449 722 prazdicta
465 695 563 722 urgere
586 696 615 715 se
635 688 723 722 ipsum
739 688 822 716 etiam
842 689 978 723 invitum;
993 695 1021 718 et
1041 698 1056 718 a

270 732 326 759 Deo
342 732 438 760 eadem
456 741 489 760 eo
510 741 606 768 usque,
623 734 712 769 quoad
733 742 923 770 assequamur,
946 741 1054 771 petere;

270 777 318 804 sed
343 781 371 804 et
395 777 547 812 dijudicare
574 786 628 806 non
651 779 729 806 utilia
756 784 804 807 aut
832 788 945 815 prorsus
969 781 1056 809 otiosa

270 822 369 855 verba;
392 823 518 851 meditari
533 829 623 852 autem
641 832 750 860 semper
763 833 811 853 ore
825 830 853 853 et
867 827 950 854 corde
965 827 1056 854 divina

271 868 400 901 oracula;
417 876 466 896 nec
483 876 566 903 porro
587 869 679 902 irasci,
706 876 735 898 et
751 871 870 898 clamore
891 872 941 899 uti.
966 871 1056 899 Omnis

271 913 351 946 enim,
378 913 427 945 ait,
454 915 605 942 amaritudo
620 921 644 943 et
667 917 719 948 ira,
744 922 769 943 et
791 916 893 944 clamor
916 917 1026 945 tollatur
1040 927 1056 946 a
1072 909 1093 937 Β

271 956 340 983 vobis
361 957 395 984 ⁸⁷.
419 957 550 986 Similiter
568 960 636 987 vitet
660 968 832 987 murmurare
853 961 887 988 de
906 969 1056 996 quoquam,

272 1001 340 1028 vitet
351 1002 474 1036 judicare
492 1007 605 1036 temere,
621 1005 690 1032 vitet
714 1005 802 1033 inflari
819 1006 996 1041 despiciendo
1010 1015 1057 1034 su-

271 1045 356 1080 perbe
378 1046 456 1074 alios.
494 1046 538 1075 Sic
560 1049 632 1075 enim
654 1056 684 1076 se
709 1058 807 1084 gerens
820 1055 1014 1086 consequetur,
1028 1056 1058 1080 ut

271 1091 403 1119 Dominus
419 1093 507 1128 ipsum
527 1094 579 1121 sibi
600 1095 702 1122 acriter
723 1096 904 1131 imperantem
927 1105 1056 1131 cernens,

270 1143 303 1164 ac
318 1137 470 1165 trahentem
481 1147 510 1166 se
525 1139 558 1166 ad
572 1140 673 1168 bonum
690 1142 776 1169 multo
791 1142 864 1173 nisu,
881 1143 962 1177 vique
976 1143 1057 1170 adhi-

271 1181 338 1215 bita,
359 1183 460 1211 tribuat
483 1185 521 1213 illi
544 1186 657 1214 omnino
672 1188 786 1222 gratiam
800 1187 880 1215 facile
896 1196 929 1216 ac
945 1189 1005 1216 sine
1020 1189 1060 1216 la-

270 1230 338 1259 bore
366 1233 475 1267 agendi,
503 1241 564 1268 quae
589 1235 667 1269 prius
692 1235 737 1262 vix
767 1241 866 1263 conatu
894 1237 1003 1269 anhelo,
1027 1244 1060 1264 ac

270 1283 376 1303 summa
396 1278 583 1310 contentione,
598 1284 710 1314 propter
731 1280 911 1308 reluctantem
934 1281 1055 1308 innatam

1107 287 1196 315 μνως’
1212 279 1252 315 τῷ
1271 279 1385 314 τοιούτῳ
1400 279 1485 306 ἐνίοτε
1511 278 1561 314 μὲν
1586 277 1653 313 εὐχὴ
1668 277 1770 303 δίδοται
1786 277 1897 312 χάριτος

1108 325 1142 352 ὲκ
1160 324 1261 360 μέρους
1280 325 1310 351 ὲν
1323 325 1479 361 εὐφροσύνῃ
1495 325 1543 351 καὶ
1567 322 1731 355 ἀναπαύσει,
1745 322 1806 349 κατ’
1826 322 1897 348 ἐκεί-

1106 379 1152 397 νου
1178 371 1291 406 ζήτ-ησιν
1309 371 1386 406 παρὰ
1402 370 1448 397 τοῦ
1466 369 1570 405 ἀγαθοῦ
1596 368 1756 404 Πνεύματος
1769 377 1776 383 ·
1793 367 1898 403 ἔρημος

1105 417 1134 444 δὲ
1148 417 1203 444 τῶν
1218 417 1305 444 ἄλλων
1321 417 1430 445 πάντων
1446 416 1524 452 μένει
1541 414 1644 447 καλῶν,
1660 414 1699 450 τῷ
1715 414 1754 449 μὴ
1768 414 1836 448 πρὸς
1849 414 1898 448 τὴν

1107 463 1220 490 ἐκείνων
1231 463 1326 496 κτῆσιν
1337 460 1539 488 ἀποϐιάσασθαι
1550 460 1657 493 ἑαυτὸν,
1671 459 1766 494 ὥσπερ
1779 458 1896 494 εἴρηται,

1109 508 1177 544 μηδὲ
1191 507 1323 543 δεηθῆναι
1341 507 1469 542 Χριστόν.
1485 507 1546 542 Χρὴ
1562 506 1616 540 γὰρ
1634 505 1672 541 μὴ
1687 505 1755 540 πρὸς
1770 505 1803 531 τὰ
1822 506 1898 539 είρῃ-

1109 553 1177 588 μένα
1195 553 1275 588 μόνον
1298 553 1393 579 ἑαυτὸν
1413 551 1460 578 καὶ
1474 552 1577 578 ἄκοντα
1597 550 1739 582 συνωθεῖν,
1758 549 1806 575 καὶ
1823 549 1899 583 παρὰ

1107 599 1176 626 Θεοῦ
1198 599 1284 626 αἰτεῖν
1307 600 1354 626 τοῦ
1375 599 1478 631 λαϐεῖν,
1504 598 1572 625 ἀλλὰ
1598 596 1725 632 καὶπρὸς
1748 596 1779 623 τὸ
1802 597 1836 623 τὰ
1861 595 1898 631 μὴ

1107 646 1230 680 χρήσιμα
1236 644 1291 672 τῶν
1301 644 1432 681 ῥημάτων
1445 644 1493 670 καὶ
1506 643 1575 675 ὅλως
1589 642 1674 678 ἀργὰ,
1692 641 1761 677 μηδὲ
1776 640 1899 675 γλώττης

1107 691 1170 722 ἄξια
1183 690 1287 725 κρίνειν
1297 699 1304 706 ·
1317 689 1479 726 διαμελετᾷν
1493 688 1521 715 δὲ
1531 688 1576 714 ἀεὶ
1587 688 1634 714 καὶ
1646 687 1761 721 στόματι
1772 686 1817 712 καὶ
1831 693 1899 720 καρ-

1107 735 1152 771 δίᾳ
1164 736 1198 762 τὰ
1211 735 1259 761 τοῦ
1275 734 1344 761 Θεοῦ
1368 734 1446 768 λόγια
1457 742 1463 749 ·
1482 733 1523 760 ἔτι
1545 732 1615 768 πρὸς
1637 731 1668 758 τὸ
1695 731 1733 766 μὴ
1748 729 1898 765 θυμοῦσθαι

1109 781 1176 817 μηδὲ
1204 781 1310 816 κραυγῇ
1336 779 1468 816 χρῆσθαι·
1487 777 1573 807 Πᾶσα
1596 777 1661 813 γὰρ,
1692 777 1778 811 φησι,
1795 776 1898 810 πικρία

1106 827 1157 856 καί
1172 826 1244 862 ὀργὴ
1264 827 1313 854 καὶ
1333 825 1449 861 κραυγὴ
1471 825 1588 859 ἀρθήτω
1601 823 1652 858 ἀφ’
1666 822 1759 857 ὑμῶν.
1782 821 1852 856 Πρὸς
1868 821 1899 848 τὸ

1110 872 1147 907 μὴ
1171 872 1333 899 καταλαλετν
1358 879 1443 908 τινοῇ
1468 870 1505 906 μὴ
1526 869 1641 904 κρίνειν,
1670 868 1707 903 μὴ
1725 867 1899 902 φυσιοῦσοαι,

1109 919 1142 946 ἵν’
1158 917 1244 950 οὕτως
1263 917 1324 945 ἰδὼν
1337 918 1352 944 ὁ
1366 917 1467 952 Κύριος
1483 915 1589 949 ἑαυτὸν,
1599 915 1637 947 ὡς
1650 915 1768 949 εἴρηται,
1783 913 1900 948 ᾇρχοντα

1111 965 1158 992 καὶ
1174 964 1241 1000 πρὸς
1255 963 1317 998 βίαν
1332 963 1505 993 συνέλκοντα.
1521 962 1653 997 παράσχῃ
1667 961 1776 991 πάντως
1788 959 1900 991 τδάπο-

1111 1010 1172 1044 νητὶ
1193 1009 1241 1036 καὶ
1259 1009 1359 1044 ῥᾳδίως
1375 1009 1461 1037 ποιεῖν
1484 1007 1502 1037 ἃ
1516 1007 1648 1042 πρέκτερον
1660 1005 1722 1036 οὐδὲ
1745 1004 1814 1040 μετὰ
1828 1004 1900 1039 βίας,

1110 1055 1155 1082 διὰ
1169 1055 1218 1089 τὴν
1235 1054 1358 1081 σύνοικον
1374 1053 1517 1089 πονηρίαν,
1534 1053 1655 1087 ἐνεργεῖν
1675 1050 1754 1085 ἐνῆν·
1772 1049 1819 1078 καὶ
1839 1049 1901 1076 τότε

1110 1099 1215 1133 γίνεται
1232 1098 1307 1134 αὐτῷ
1322 1099 1411 1125 πάντα
1428 1097 1516 1125 ταῦτα
1530 1097 1565 1124 τὰ
1579 1097 1629 1132 τῆς
1644 1096 1745 1131 αρετῆς
1759 1095 1902 1129 ἐπιτηδεὺ-

1113 1152 1186 1179 ματα
1213 1143 1308 1179 ὥσπερ
1334 1143 1433 1178 φύσις·
1458 1143 1520 1169 ἐπεὶ
1543 1142 1591 1174 καὶ
1610 1142 1642 1168 τδ
1662 1141 1755 1168 λοιπὸν
1769 1142 1783 1167 ὁ
1799 1140 1902 1175 Κύριος

1112 1189 1182 1216 κατὰ
1198 1189 1248 1224 τὴν
1265 1188 1432 1223 ἐπαγγελίαν
1447 1188 1533 1215 ἐλθὼν
1546 1188 1594 1215 καὶ
1609 1187 1754 1222 γενόμενος
1769 1187 1798 1214 ὲν
1815 1185 1902 1221 αὐτῷ,

1111 1235 1192 1267 αὐτὸς
1209 1236 1309 1270 ὁμοίως
1334 1235 1363 1262 ἐν
1383 1233 1423 1270 τῷ
1451 1235 1557 1271 Κυρίῳ.
1571 1233 1652 1265 αὐτὸς
1668 1235 1696 1260 ὲν
1711 1233 1806 1267 ἐκείνῳ
1833 1233 1902 1267 μετὰ

1113 1281 1212 1315 πολλῆς
1230 1281 1373 1312 εὐπετείας
1387 1280 1437 1312 τὰς
1451 1280 1562 1312 ἐντολὰς
1579 1281 1721 1315 ἐκπληροῖ.

270 1323 486 1357 corruptionem,
503 1329 610 1359 poterat
625 1326 736 1360 exsequi
749 1334 756 1359 ;
769 1331 795 1353 et
815 1330 880 1354 tunc
902 1326 1057 1354 redduntur
1076 1326 1127 1361 ipsi
1145 1331 1244 1353 cuncta
1268 1326 1325 1354 haec
1340 1326 1428 1353 olIicia
1445 1326 1567 1356 virtutis.
1583 1326 1661 1360 quasi
1682 1333 1726 1357 ea,
1759 1332 1819 1358 qua:
1852 1331 1903 1350 na-

271 1364 396 1396 turaliter
434 1375 573 1405 operatur,
609 1371 739 1406 quoniam
761 1371 794 1398 de
817 1376 917 1399 cmtero
938 1372 1069 1399 Dominus
1081 1392 1088 1404 ,
1106 1373 1183 1407 juxta
1197 1371 1420 1406 promissionem,
1434 1371 1574 1406 ingressus
1586 1371 1614 1398 in
1626 1370 1714 1406 ipsum
1726 1374 1778 1402 est,
1790 1374 1818 1397 et
1829 1369 1856 1396 in
1869 1377 1903 1397 eo

271 1415 383 1448 residet,
404 1416 443 1444 uti
465 1417 586 1445 vicissim
604 1422 632 1445 et
652 1418 710 1452 ipse
733 1418 760 1445 in
778 1418 910 1452 Domino;
933 1418 1006 1445 unde
1033 1418 1060 1445 in
1080 1418 1140 1452 ipso
1171 1418 1304 1446 Dominus
1324 1417 1422 1445 intime
1456 1416 1594 1450 habitans,
1610 1424 1658 1444 sua
1679 1417 1737 1451 ipse
1756 1416 1826 1443 intra
1840 1423 1904 1444 eum

271 1466 299 1488 et
314 1469 362 1496 per
376 1469 438 1489 eum
455 1463 582 1490 mandata
599 1464 684 1491 multa
702 1464 831 1492 facilitate
848 1464 952 1498 implet.

307 1506 377 1534 XIX.
397 1507 448 1540 Qui
465 1508 499 1536 ad
515 1509 668 1538 orationem
687 1510 820 1537 duntaxat
838 1510 865 1537 vi
886 1518 916 1538 se
938 1511 1061 1538 adhibita

273 1553 356 1588 cogit,
372 1553 411 1580 uti
427 1553 504 1588 prius
523 1555 654 1589 exposui;
671 1559 803 1590 prazterca
821 1563 886 1583 vero
898 1556 932 1583 ad
950 1556 1062 1583 humili-

274 1604 372 1631 tatem,
385 1599 419 1626 ad
433 1599 606 1632 charitatem,
622 1601 655 1628 ad
671 1602 919 1632 mansuetudinem.
935 1602 1064 1630 aliarum-
1077 1590 1100 1619 δ

275 1650 329 1678 que
344 1643 478 1672 virtutum
492 1644 618 1674 ordinem
637 1646 663 1675 it)
680 1653 709 1674 se
724 1646 920 1674 accersendum
937 1655 990 1674 non
1007 1647 1064 1674 cla-

276 1689 366 1726 borat,
381 1697 433 1718 nec
447 1697 476 1718 se
502 1691 529 1718 in
548 1691 574 1719 id
589 1692 718 1723 violentia
740 1692 843 1728 adigit;
858 1693 891 1720 ad
909 1693 982 1721 hunc
1005 1698 1065 1721 tan-

277 1735 419 1763 tummodo
450 1736 591 1771 profectus
616 1737 763 1772 terminum
788 1743 878 1773 potest
899 1739 1064 1774 pertingere,

279 1786 309 1808 ut
331 1781 470 1810 interdum
492 1782 518 1810 ei
546 1783 668 1817 poscenti
693 1783 786 1811 divina
807 1784 896 1819 gratia
921 1785 1065 1818 adveniat;

277 1825 406 1859 quoniam
423 1833 472 1861 pro
487 1826 580 1853 innata
597 1826 650 1853 sibi
673 1826 796 1854 bonitate
818 1827 890 1855 Deus
909 1828 1066 1864 petentibus

277 1876 402 1898 amanter
417 1872 507 1899 innuit
526 1880 586 1907 qua
599 1872 704 1900 volunt.
718 1872 786 1900 Cum
801 1877 892 1900 autem
915 1873 938 1902 is
954 1881 1010 1908 non
1024 1881 1067 1901 as-

277 1916 424 1944 suefecerit
434 1917 568 1952 seipsum,
586 1925 638 1946 nec
651 1926 701 1945 usu
716 1919 810 1946 tritum
820 1919 997 1948 exercitando
1006 1927 1067 1949 sese

277 1963 373 1991 fecerit
394 1963 420 1990 in
433 1964 549 1997 caeteris,
570 1972 638 1999 quas
660 1965 882 1999 memoravimus,
904 1966 1066 1998 virtutibus,

278 2013 327 2035 aut
340 2009 444 2036 excidit
456 2009 543 2043 gratia
557 2017 638 2044 quam
653 2016 812 2044 acceperat;
828 2015 856 2038 et
869 2011 957 2038 elatus
977 2011 1004 2037 in
1019 2018 1067 2038 su-

279 2052 401 2087 perbiam
423 2053 548 2085 labitur:
568 2058 617 2081 aut
639 2054 666 2081 in
686 2054 744 2087 illo,
767 2063 849 2090 quem
864 2055 954 2090 attigit
970 2056 1067 2090 gradu,

279 2106 333 2126 non
345 2100 461 2133 prolicit,
476 2107 527 2130 nec
536 2100 646 2133 crescit.
658 2099 725 2127 Fere
737 2101 809 2127 enim
825 2101 905 2130 sedes
916 2109 947 2129 ac
959 2103 1069 2136 requies

277 2151 321 2174 est
337 2146 401 2173 boni
416 2146 534 2180 Spiritus
546 2147 697 2178 humilitas,
707 2147 883 2183 charitasque
895 2156 927 2176 ac
942 2157 1069 2178 mansue-

279 2192 357 2225 tudo,
378 2196 406 2219 et
429 2200 490 2227 qua:
511 2198 665 2227 sequuntur
686 2198 779 2221 sancta
800 2193 902 2221 Christi
929 2195 1067 2222 mandata.

277 2238 331 2272 Qui
352 2246 417 2273 ergo
440 2238 559 2265 voluerit
583 2238 680 2265 barum
703 2238 847 2272 complexu
875 2246 1065 2274 concursuque

278 2284 384 2319 pariter
394 2283 517 2311 omnium
533 2292 582 2318 per
601 2283 743 2311 assiduum
760 2288 936 2318 augmentum
954 2285 987 2312 ad
1005 2293 1066 2319 per-

279 2329 425 2357 fectionem
441 2330 550 2358 tandem
566 2329 732 2365 pertingere,
751 2329 870 2364 primum
886 2330 998 2365 quidem
1009 2331 1066 2360 vim

279 2375 381 2402 inferat
400 2375 462 2408 sibi,
486 2380 517 2403 ut
535 2375 639 2402 dictum
659 2379 712 2407 est,
732 2379 760 2402 et
781 2376 980 2403 contumaciter
995 2377 1067 2404 relu-

279 2424 356 2447 ctans
371 2427 420 2448 cor
439 2428 521 2447 suum
538 2420 627 2447 doeile
652 2424 679 2447 et
703 2421 869 2455 morigerum
892 2421 948 2448 Deo
960 2421 1068 2450 efﬁcere

279 2466 362 2500 216
374 2466 493 2493 studeat.
509 2465 616 2492 Etenim
634 2466 680 2500 qui
702 2466 742 2493 sic
762 2466 815 2494 sibi
829 2466 884 2493 vim
901 2466 978 2501 prius
995 2467 1068 2495 intu-

278 2510 343 2538 lerit
354 2519 361 2542 ;
374 2515 402 2538 et
418 2511 553 2545 quidquid
571 2514 614 2538 est
635 2510 663 2537 in
679 2511 770 2538 anima
793 2511 909 2544 rebello,
926 2515 1013 2539 totum
1030 2513 1068 2546 id,

279 2554 356 2581 velut
377 2556 525 2582 cicuratam
553 2555 671 2582 belluam
682 2576 689 2587 ,
706 2554 813 2589 patiens
828 2555 884 2590 jam
907 2555 1027 2591 imperii,
1043 2561 1072 2584 et

280 2599 413 2627 obediens
429 2600 462 2628 ad
480 2605 577 2628 nutum
594 2605 677 2628 recta:
693 2601 802 2634 rationi,
818 2608 850 2628 ac
870 2607 973 2629 sanctae
987 2602 1071 2630 disci-

281 2645 374 2681 plinas,
395 2645 558 2679 reddiderit;
575 2646 679 2681 quique
699 2654 762 2674 cum
784 2646 854 2674 adeo
873 2646 930 2681 jam
949 2647 1019 2674 bene
1040 2655 1070 2675 se

281 2691 401 2718 habente
415 2691 516 2723 anima,
533 2691 654 2726 petierit,
669 2696 697 2719 et
712 2692 796 2719 Deum
810 2693 939 2728 oraverit,
957 2697 987 2719 ut
1003 2701 1069 2728 pro—

282 2739 392 2762 moveat
406 2735 480 2770 quod
504 2730 597 2771 coepit,
617 2737 755 2765 obtinebit
775 2738 914 2765 cumulate
935 2744 1068 2773 quantum

282 2779 421 2815 postulat;
444 2779 642 2817 benignissimo
664 2782 780 2810 Domino
800 2782 875 2818 large
896 2782 935 2810 illi
957 2791 1070 2812 conces-

320 2873 343 2888 ⁸⁷
356 2873 457 2908 Eplies.
476 2883 511 2908 iv,
527 2875 572 2903 5L

1159 1508 1212 1534 16'.
1237 1507 1266 1534 '0
1280 1508 1320 1539 εἰς
1336 1507 1418 1542 εὐχὴν
1427 1507 1644 1542 ἀποϐιασάμενος
1661 1507 1765 1540 ἑαυτὸν,
1783 1507 1821 1539 ὡς
1834 1508 1849 1534 ὁ
1863 1508 1905 1535 λό’

1116 1562 1164 1588 γος
1181 1553 1287 1588 φθάσας
1306 1553 1438 1589 ἐδήλωσε,
1456 1553 1524 1589 πρὸς
1546 1553 1634 1580 ταῦτα
1649 1553 1678 1579 δὲ
1699 1553 1768 1589 πρὸς
1781 1562 1904 1586 ταπεινο-

1115 1599 1264 1635 φροσύνην,
1289 1600 1357 1634 πρὸς
1385 1599 1508 1636 ἀγάπην,
1535 1600 1604 1635 πρὸς
1626 1600 1768 1635 πραότητα
1792 1601 1840 1627 καὶ
1857 1601 1905 1627 τὸν

1115 1646 1168 1672 τῶν
1183 1646 1270 1673 ἄλλων
1291 1646 1396 1680 ἀρετῶν
1411 1645 1532 1680 ὀρμαθὺν
1551 1645 1588 1681 μὴ
1603 1645 1727 1672 ἐκπονῶν
1740 1645 1838 1673 ἑαυτὸν
1854 1655 1906 1682 μη-

1115 1691 1142 1718 δὲ
1160 1691 1330 1726 βιαζόμενος,
1347 1691 1460 1726 τοιούτῳ
1478 1691 1578 1726 πέρατι
1598 1691 1720 1726 καταντᾷ
1731 1698 1739 1705 ·
1755 1691 1840 1718 ἐνίοτε
1851 1692 1906 1727 γὰρ

1116 1736 1191 1770 αὐτῷ
1217 1736 1337 1771 δεομένῳ
1361 1736 1409 1762 καὶ
1434 1735 1494 1762 θεία
1517 1736 1598 1771 χάρις
1613 1735 1760 1770 ὲπιφοιτᾷ²
1775 1736 1837 1762 ἐπεὶ
1859 1736 1907 1762 καὶ

1115 1782 1216 1816 ἀγαθὸς
1234 1781 1272 1808 ὣν
1289 1782 1303 1809 ὁ
1323 1781 1388 1813 Θεὸς
1404 1781 1496 1816 ὀρέγει
1509 1783 1571 1813 τοῖς
1591 1780 1698 1808 αἰτοῦσι
1716 1780 1907 1816 φιλανθρωπό-

1116 1834 1194 1862 τερον
1215 1827 1250 1854 τὰ
1271 1828 1421 1862 αἰτήματα.
1436 1828 1482 1862 Μὴ
1505 1826 1648 1858 συνεθίσας
1661 1826 1688 1852 δὲ
1713 1826 1818 1859 ἑαυτὸν,
1838 1825 1908 1861 μηδὲ

1117 1872 1228 1908 ὲντριόῆ
1251 1872 1299 1900 καὶ
1323 1873 1551 1908 γεγυμνασμένον
1580 1871 1649 1908 πρὸς
1667 1871 1718 1903 τὰς
1744 1871 1855 1906 ἀρετὰς,
1873 1871 1907 1903 ἃς

1117 1918 1234 1954 ἔφημεν,
1259 1919 1446 1954 καταστήσας.
1476 1918 1493 1953 ἢ
1515 1918 1644 1944 ἐκπίπτει
1671 1917 1721 1952 τῆς
1750 1917 1859 1951 χάριτος
1872 1914 1907 1952 ἧς

1118 1964 1210 1996 ἔλασε,
1232 1964 1281 1991 καὶ
1295 1963 1520 1999 ὑψηλοφρονήσας
1535 1962 1669 1997 πίπτει,ἢ
1686 1963 1716 1989 ὲν
1733 1962 1802 1997 αὐτῇ
1820 1962 1907 1997 ταύτῃ

1117 2010 1167 2037 οὐκ
1182 2009 1343 2042 ἐπιδίδωσιν,
1359 2009 1420 2036 οὐδὲ
1442 2008 1528 2041 αὔξει.
1548 2009 1593 2040 Ὠς
1608 2010 1662 2044 γὰρ
1680 2008 1774 2043 φάναι,
1791 2007 1822 2035 τὸ
1839 2016 1907 2034 κατ-

1117 2055 1274 2090 οικητήριόν
1295 2063 1326 2082 τε
1348 2055 1396 2081 καὶ
1418 2055 1572 2086 ἀνάπαυσις
1586 2054 1633 2080 τοῦ
1655 2053 1757 2087 ἀγαθοῦ
1779 2053 1909 2088 Πνεῦμα-

1118 2110 1173 2134 τος,
1185 2102 1202 2136 ἡ
1217 2101 1452 2136 ταπεινοφροσύνῃ
1467 2101 1552 2131 ἐστὶν.
1568 2100 1585 2135 ἡ
1599 2099 1695 2133 ἀγάπη
1711 2107 1741 2125 τε
1758 2098 1806 2125 καὶ
1821 2098 1909 2133 πραό-

1117 2156 1178 2182 της,
1201 2148 1248 2173 καὶ
1269 2146 1422 2178 ἀκολούθως
1438 2147 1464 2172 αί
1489 2146 1568 2180 ἆγιαι
1589 2144 1636 2172 τοῦ
1656 2143 1774 2180 Χριστοῦ
1791 2143 1907 2171 ὲντολαί.

1124 2193 1154 2220 '0
1168 2192 1258 2220 τοίνυν
1273 2192 1436 2227 βουλόμενος
1450 2191 1495 2224 διᾲ
1514 2191 1610 2218 πασῶν
1627 2190 1731 2217 τούτων
1753 2190 1793 2221 είς
1825 2188 1910 2224 αὔξη-

1119 2246 1173 2267 σιν,
1190 2237 1237 2264 καὶ
1253 2237 1392 2264 τελείωσιν
1416 2235 1570 2272 προελθεῖν,
1589 2235 1638 2270 τὴν
1661 2235 1711 2270 μὲν
1727 2234 1837 2272 πρώτην
1850 2234 1910 2269 βια-

1119 2281 1207 2314 ζέσθω
1227 2281 1334 2314 ἑαυτὸν,
1360 2281 1455 2317 ὥσπερ
1481 2281 1602 2316 εἴρηται,
1627 2281 1675 2308 καὶ
1704 2280 1909 2315 φιλονεικοῦσαν

1119 2327 1216 2355 ἑαυτοῦ
1228 2328 1277 2363 τὴν
1291 2327 1404 2363 καρδίαν
1419 2328 1466 2354 καὶ
1481 2327 1678 2362 ἁντερίζουσαν
1695 2326 1844 2361 ὲνδοτικὴν,
1861 2326 1909 2352 καὶ

1121 2373 1261 2409 πειθήνιον
1273 2373 1312 2409 τῷ
1328 2373 1388 2409 Θεῷ
1405 2375 1493 2400 ποιεῖν
1510 2373 1693 2405 σπουδαζέτω.
1711 2372 1757 2408 Τῷ
1772 2373 1825 2407 γὰρ
1838 2372 1910 2399 οὓτω

1121 2419 1279 2454 βιασαμένῳ
1303 2419 1447 2455 πρότερον,
1471 2419 1518 2446 καὶ
1536 2419 1567 2445 τὸ
1583 2419 1733 2451 ἀντιτεῖνον
1755 2418 1806 2452 τῆς
1819 2417 1911 2453 ψυχῆς

1120 2465 1182 2491 ὅλον
1198 2464 1281 2491 οἱονεὶ
1292 2464 1434 2500 χειρόηθες
1448 2465 1651 2500 καταστήσαντι
1666 2464 1722 2491 ἔθει
1735 2463 1774 2499 τῷ
1786 2463 1910 2500 χρηστῷ,

1122 2511 1258 2546 κατήκοον
1284 2510 1382 2545 ἐκείνῳ
1396 2510 1583 2545 ποιησαμένῳ,
1598 2510 1645 2537 καὶ
1660 2510 1720 2545 μεθ’
1738 2509 1824 2541 οὕτως
1838 2509 1913 2545 ἐχού-

1099 2581 1103 2583 .
1123 2565 1173 2592 σης
1189 2557 1279 2592 ψυχῆς
1298 2557 1418 2584 αἰτοῦντι
1438 2558 1486 2584 καὶ
1509 2557 1641 2592 δεομένῳ,
1657 2556 1735 2590 αὕξει
1752 2557 1800 2583 καὶ
1820 2556 1912 2582 θάλλει

1122 2602 1151 2628 ὲν
1179 2602 1253 2638 αὐτῷ
1277 2603 1308 2629 τὸ
1331 2602 1408 2629 δοθὲν
1431 2602 1484 2629 ὑπὸ
1504 2601 1552 2629 τοῦ
1578 2601 1735 2636 Πνειξματος
1758 2602 1808 2636 τῆς
1829 2601 1913 2636 εὐχῆς

1122 2648 1245 2683 χάρισμα
1261 2648 1299 2684 τῷ
1319 2649 1423 2684 μετρίῳ
1438 2648 1485 2675 τοῦ
1507 2649 1681 2684 φρονήματος
1699 2648 1914 2682 ἐπαναπαυόμε-

1121 2701 1180 2720 νον·
1197 2694 1211 2720 ὖ
1222 2695 1290 2729 προς
1305 2695 1337 2729 τῇ
1355 2695 1460 2730 ἀγάπῃ,
1476 2695 1522 2721 καὶ
1541 2695 1574 2729 τῇ
1596 2694 1756 2728 ἀγαπητικῇ
1772 2693 1909 2728 πραότητι

1120 2741 1273 2775 ἐπεζήτησε
1284 2749 1290 2755 “
1309 2741 1355 2767 καὶ
1370 2741 1430 2768 τότε
1447 2740 1588 2776 χαρίζεται
1599 2739 1673 2774 αὺτῷ
1686 2739 1773 2766 ταῦτα
1783 2739 1814 2765 τὸ
1826 2738 1913 2764 Πνεῦ-

1123 2794 1171 2820 μα,
1199 2787 1246 2814 καὶ
1277 2786 1397 2815 διδάσκει
1422 2785 1672 2821 ταπεινοφροσύνην
1695 2793 1726 2811 τε
1750 2783 1839 2819 ἀληθῆ
1868 2782 1915 2811 καὶ
