2075 3155
189 188 242 220 953
706 189 821 219 LIBER
840 188 889 220 DE
907 189 1120 229 LIBERTATE
1133 189 1286 222 MENTIS.
1760 187 1813 228 νει

174 245 299 279 ,ἀγάπην
314 244 416 280 ἀψευδῆ
431 244 479 271 καὶ
493 244 645 280 πραότητα,
658 244 677 272 ἀ
689 245 736 272 καὶ
752 245 971 280 προδιασάμενος

1028 253 1099 277 suro,
1114 250 1145 273 ut
1160 251 1268 274 crescat
1280 250 1309 275 et
1322 246 1419 274 ﬂoreat
1443 245 1582 274 indultum
1603 247 1656 282 ipsi
1676 255 1691 275 a
1708 247 1814 282 Spiritu

187 290 350 325 ἐπεζήτησε.
366 289 459 321 Οὕτως
473 287 520 316 οὖν
534 289 655 326 αὒξήσας
666 290 714 316 καὶ
736 290 890 321 τελειωθεὶς
902 291 974 318 κατά

1028 291 1162 319 orationis
1172 291 1290 324 donum;
1302 292 1376 326 quod
1393 291 1421 319 in
1437 292 1471 319 de
1483 300 1513 320 se
1524 292 1631 320 modice
1642 293 1814 328 sapientibus

187 335 290 371 Κύριον
318 337 368 370 τῆς
399 335 539 370 βασιλείας
555 335 630 368 ἄξιος
652 336 854 363 ἀποδείκνυται.
877 336 906 363 '0
919 336 974 372 γὰρ

1028 337 1146 365 libenter
1154 342 1182 365 et
1189 343 1383 372 permanenter
1393 339 1551 373 acquiescit.
1561 338 1618 366 Hoc
1626 339 1700 366 enim
1712 339 1814 374 ipsum,

187 379 313 410 ταπεινὸς
333 378 461 405 οὐδέποτε
477 378 588 405 πίπτει”
606 378 658 404 ποῦ
669 378 723 414 γὰρ
747 378 796 405 καὶ
818 380 942 407 πεσεῖται
962 381 976 407 ό

1028 389 1090 408 cum
1104 382 1237 409 charitate
1250 387 1279 409 et
1294 382 1437 410 charitatis
1451 383 1529 417 prole
1544 384 1754 410 mansuetudine
1767 391 1815 412 ex-

187 424 317 451 ὐποκάτιο
335 424 443 451 πάντων
455 424 485 450 τό
503 433 536 458 γε
562 424 659 450 ἑαυτοῦ
670 423 725 456 ὢνς
740 423 810 451 ὥστε
825 425 930 460 μεγάλη
944 433 976 458 γε

1028 427 1157 461 petierat.
1173 427 1208 455 Et
1229 432 1295 455 tunc
1313 427 1481 462 gratiﬁcatur
1503 428 1561 455 haac
1583 428 1622 455 illi
1644 428 1771 463 Spiritus,
1786 432 1815 456 et

187 469 343 496 τούναντίον
369 468 473 504 ὒψωσις
487 469 534 496 καὶ
548 469 668 504 ἀσφαλὲς
693 468 803 504 ἀξίωμα
817 470 835 505 ή
848 477 977 496 ταπεινο-

1029 472 1109 499 docet
1129 479 1192 500 eum
1208 480 1300 500 veram
1315 472 1508 505 humilitatem,
1525 473 1742 508 charitatemque
1758 481 1813 501 non

188 516 320 551 φροσύνη.
1030 516 1132 550 ﬁctam,
1148 525 1216 552 quas
1229 518 1274 546 illa
1288 518 1341 546 sibi
1355 518 1381 545 vi
1400 518 1535 553 poposcit.
1552 518 1598 546 Sic
1617 519 1700 553 igitur
1713 519 1748 546 de
1762 526 1814 546 ca:-

188 566 247 589 tcro
260 562 406 597 proﬁciens
415 565 444 589 et
459 561 597 596 perfectus
606 561 634 589 in
647 561 764 589 Domino
778 569 862 597 regno
890 561 990 598 dignus
1008 561 1172 590 declaratur.
1186 563 1302 591 Humilis
1317 564 1418 599 quippe
1427 572 1568 598 nunquam
1577 565 1649 592 cadit
1658 573 1665 596 ;
1674 572 1729 599 quo
1740 565 1813 592 enim

187 609 309 640 caderet,
325 607 383 642 qui,
395 613 528 642 quantum
543 607 570 635 in
587 608 646 642 ipso
658 612 709 641 est,
726 608 780 635 imo
796 615 904 643 semper
933 608 994 635 loco
1012 608 1064 636 sub
1080 609 1164 636 rebus
1187 609 1316 637 omnibus
1336 609 1426 645 jacet?
1464 617 1549 645 quare
1573 617 1670 645 magna
1686 610 1813 644 quaedam

189 654 317 690 superbia
334 653 489 685 humilitas;
510 660 607 688 magna
621 658 716 681 contra
731 654 873 682 humilitas
883 654 1012 682 exaltatio
1028 658 1056 682 et
1075 662 1173 682 secura
1188 655 1317 691 dignitas.

227 701 268 727 ις’.
284 700 315 726 Οἱ
329 699 397 734 πρὸς
409 699 538 733 ἀλήθειαν
556 699 602 726 τδν
617 700 684 726 Θεὸν
697 700 900 735 ἀγαπήσαντες,
911 699 974 727 οὔτε

188 747 231 774 διὰ
246 746 293 781 τήν
309 745 447 780 βασιλείαν
455 745 530 780 αὺτῷ
538 745 673 772 δουλεύειν
687 746 874 782 προείρηνται,
888 746 974 773 καθά-

189 801 242 827 περ
271 791 405 826 ἐμπορίας
431 790 510 827 χάριν
539 791 586 818 καὶ.
613 791 725 826 κέρδους
743 799 750 806 ·
766 791 828 818 οὔτε
856 791 911 826 μὴν
931 791 976 819 διὰ

188 837 238 871 τὴν
258 835 443 871 ἀποκειμένην
455 836 511 867 τοῖς
527 835 699 871 ἁμαρτωλοῖς
713 836 824 862 κόλασιν
835 843 842 851 ·
856 835 913 862 ἀλλ’
926 835 975 863 ἆτε

189 882 254 909 Θεὸν
270 881 349 917 μόνον
366 881 447 908 αὑτὸν
463 882 510 908 καὶ
523 881 688 916 δημιουργὸν
712 881 775 908 ἴδιον
788 881 973 916 ἠγαπηκότες,

188 928 236 954 καὶ
250 926 396 962 ἀκολουθίᾳ
421 926 524 959 τάξεως
542 926 709 961 ἐπιγνόντες,
729 927 770 953 ὅτι
783 927 907 963 Δεσπότῃ
927 927 974 953 καὶ

191 973 294 1008 Κτίστῃ
309 971 418 1003 δούλους
432 972 590 1007 εὐαρεστεῖν
603 972 776 1007 ὀφειλόμενον
785 981 791 989 ·
804 972 828 1000 οἳ
847 972 895 999 καὶ
909 972 974 999 πολ-

188 1018 221 1053 λῇ
245 1005 294 1052 cf)“
308 1016 417 1043 συνέσει
451 1005 520 1052 πρὸς
544 1017 579 1044 τὰ
602 1005 814 1054 παραπίπτοντα
843 1018 973 1054 χρῶνται.
987 1005 1012 1035 Β

189 1063 278 1090 Πολλά
295 1062 349 1098 γὰρ
363 1061 399 1088 τὰ
416 1062 532 1098 ἐμπόδια
553 1063 603 1098 τῆς
625 1063 694 1099 πρὸς
708 1063 776 1090 Θεὸν
791 1063 920 1099 τυγχάνει
932 1063 976 1090 εὑ-

189 1108 378 1143 αρεετήσεως·
400 1107 462 1134 ἐπεὶ
491 1108 558 1143 μηδὲ
585 1108 665 1135 πενία
692 1108 773 1143 μόνον
803 1109 849 1135 καὶ
872 1109 974 1143 ἀδοξία,

189 1153 257 1180 ἀλλὰ
269 1154 316 1180 καὶ
333 1154 448 1185 πλοῦτος
470 1154 517 1180 καὶ
531 1153 598 1189 τιμὴ
620 1154 722 1189 ὁμοίως
736 1155 886 1190 πειρασμοὶ
908 1155 977 1182 καθ-

189 1199 311 1225 ίστανται
325 1201 358 1234 τῇ
370 1199 443 1235 ψυχῇ
455 1207 463 1216 ⁸
482 1200 511 1226 ὲν
533 1199 610 1235 μέρει
623 1199 651 1226 δέ
667 1208 726 1231 πως
741 1200 789 1226 καὶ
801 1201 818 1235 ή
834 1200 977 1235 παράκλη-

189 1252 231 1275 σις
243 1244 310 1279 αὑτὴ
324 1245 371 1271 καὶ
385 1245 402 1280 ή
418 1245 509 1276 ἄνεσις
524 1245 617 1280 ἐκείνη
629 1245 646 1280 ή
662 1245 714 1272 ὑπὸ
731 1245 782 1280 τῆς
807 1246 919 1281 χάριτος
930 1255 978 1273 κα-

188 1290 401 1324 ταλαμϐάνουσα
414 1290 463 1326 τὴν
482 1289 581 1326 ψυχὴν,
599 1291 623 1317 εί
636 1291 674 1327 μὴ
702 1290 831 1326 αῐσθηται
845 1291 947 1327 ταύτης
959 1292 976 1327 ή

190 1336 403 1369 καταξιωθεῖσα,
429 1336 477 1363 καὶ
503 1335 594 1371 πολλῷ
616 1337 656 1371 τῷ
685 1336 788 1372 μετρίῳ
809 1337 856 1363 καὶ
872 1336 976 1373 συνετῷ

189 1383 335 1418 χρήσηται,
350 1383 417 1410 πολὺ
430 1383 460 1410 τὸ
475 1382 585 1409 εὔκολον
601 1381 656 1417 ἔχει
667 1382 735 1417 πρὸς
748 1382 779 1408 τὸ
792 1383 975 1419 πειρατήριον

190 1429 258 1464 αὐτῇ
283 1428 383 1463 μᾶλλον
408 1429 456 1456 καὶ
479 1428 594 1464 κώλυμα
609 1428 798 1462 καταστῆναι·
815 1428 863 1455 ἀτε
876 1428 977 1461 κακίας

190 1475 323 1510 προφάσει
336 1474 418 1510 τῆσδε
437 1474 486 1510 τῆς
505 1474 615 1510 χάριτος
626 1473 753 1501 ὑπολύειν
779 1474 848 1511 αὐτῇ
864 1474 910 1502 τὸν
930 1474 976 1502 τό·

191 1529 246 1554 νον,
262 1519 396 1556 χαύνωσίν
413 1528 442 1546 τε
455 1520 503 1547 καὶ
527 1519 674 1554 ὀλιγωρίαν
688 1519 790 1547 ἐνιέναι
811 1521 977 1556 μηχανωμέ-

191 1576 250 1603 νης.
274 1567 320 1594 Διδ
345 1567 394 1594 καὶ
422 1567 491 1602 αὐτὴ
519 1567 536 1602 ή
556 1566 637 1603 χάρις
651 1566 784 1599 εὐλαϐοὖς
803 1567 889 1594 δεῖται
906 1567 977 1603 πρὸς

192 1613 342 1650 μετάληψιν
366 1614 413 1641 καὶ
429 1613 573 1641 εὐσυνέτου
592 1613 698 1649 ψυχῆς*
709 1612 779 1640 ὥστε
803 1613 851 1640 καὶ
862 1613 976 1649 τιμῆσαι

1061 700 1120 728 XX.
1138 701 1189 735 Qui
1205 702 1292 729 Deum
1308 710 1373 730 vere
1393 707 1564 735 amaverunt,
1581 710 1671 738 neque
1688 702 1723 729 ob
1737 710 1814 738 spem

1026 745 1102 780 regni
1125 746 1268 781 elegerunt
1289 747 1315 774 ei
1335 747 1438 775 servire
1453 757 1460 774 :
1473 749 1552 782 quasi
1577 752 1753 781 mercatores,
1772 748 1815 775 lu-

1019 797 1123 824 .crum;
1144 796 1192 818 aut
1205 791 1334 826 operarii,
1349 793 1504 820 mercedem
1518 797 1674 827 captantes;
1692 793 1741 820 sed
1762 801 1813 820 ne-

1026 841 1080 869 que
1086 834 1122 862 ob
1130 839 1233 862 metum
1242 840 1399 871 praeparatae
1406 836 1596 871 peccatoribus
1604 845 1706 871 poenae;
1718 845 1814 865 verum

1026 879 1057 906 in
1076 878 1152 906 illum
1175 879 1214 907 uti
1238 880 1324 908 Deum
1348 881 1436 909 solum
1462 886 1490 909 et
1505 886 1658 909 Creatorem
1672 882 1814 917 proprium

1026 924 1127 952 aﬁ‘ectu
1150 925 1288 957 inclinati,
1310 933 1345 953 ex
1372 930 1447 954 recte
1469 927 1598 954 conclusa
1619 927 1684 954 inde
1708 929 1814 956 ratione

1027 975 1229 1005 consequenter
1242 976 1433 1007 agnoscentes,
1444 979 1552 1006 aequum
1567 979 1598 999 ac
1608 972 1680 1007 iuste
1692 972 1814 1000 debitum

1026 1022 1097 1048 esse,
1110 1020 1140 1043 ut
1154 1021 1288 1044 creaturae
1302 1017 1450 1049 conditori,
1468 1017 1543 1044 servi
1559 1017 1685 1049 Domino,
1703 1022 1816 1052 propter

1026 1062 1114 1097 ipsam
1130 1063 1190 1098 ejus
1202 1063 1403 1097 excellentiam,
1418 1063 1527 1098 placere
1543 1071 1575 1090 ac
1593 1063 1739 1099 gratiﬁcari
1758 1070 1810 1091 stu-

1026 1108 1126 1143 deant;
1141 1109 1193 1136 hoc
1207 1114 1292 1144 agunt
1307 1113 1335 1136 et
1354 1113 1488 1137 conantur
1501 1109 1608 1136 sincero
1620 1109 1671 1144 piae
1686 1110 1814 1137 volunta-

1028 1153 1064 1182 tis
1079 1154 1161 1181 nisu:
1178 1155 1222 1182 cui
1242 1159 1270 1181 et
1284 1162 1377 1190 parem
1393 1154 1493 1181 utentis
1513 1154 1694 1182 attentionem
1715 1155 1814 1182 merito

1026 1199 1187 1235 adjungunt.
1205 1199 1313 1226 Etenim
1334 1199 1401 1234 ipsis
1417 1198 1502 1226 multa
1519 1202 1561 1226 est
1583 1199 1737 1226 necessaria
1749 1206 1815 1232 pru-

1026 1246 1129 1279 dentia,
1145 1246 1168 1274 si
1189 1253 1343 1281 praecavere
1362 1245 1457 1278 velint,
1476 1252 1511 1272 ne
1525 1245 1685 1279 quotidiana
1698 1253 1758 1280 qua:
1771 1253 1814 1272 ac,

1026 1298 1133 1332 cidunt,
1156 1298 1352 1334 impedimenta
1373 1297 1439 1332 ipsis
1460 1297 1515 1324 sint
1536 1296 1661 1331 placendi
1684 1297 1739 1324 Deo
1763 1297 1814 1325 ista

1026 1343 1190 1372 intentionis
1211 1344 1348 1380 puritate;
1366 1343 1500 1379 siquidem
1525 1351 1578 1370 non
1603 1346 1710 1377 egestas
1726 1343 1813 1370 solum

1026 1394 1055 1418 et
1069 1390 1228 1426 ignominia,
1242 1390 1291 1418 sed
1306 1395 1335 1417 et
1349 1394 1416 1424 opes
1430 1393 1459 1416 et
1473 1389 1562 1416 honor
1575 1388 1742 1416 tentationes
1756 1388 1814 1415 ani-

1026 1443 1078 1464 ma).
1089 1435 1174 1469 ﬁunt;
1189 1436 1255 1471 quin
1268 1440 1295 1464 et
1308 1443 1342 1463 ex
1355 1439 1441 1470 parte,
1456 1435 1515 1470 ipsa
1527 1434 1687 1465 consolatio,
1700 1434 1758 1468 ipsa
1770 1434 1816 1461 illa

1027 1482 1106 1511 beata
1117 1482 1197 1518 quies
1206 1490 1240 1510 ex
1253 1481 1433 1510 inhabitantis
1444 1481 1518 1508 dono
1527 1480 1621 1516 gratiae
1632 1480 1815 1514 complectens

1026 1529 1221 1562 animammisi
1235 1537 1264 1557 se
1278 1528 1324 1557 illa
1334 1532 1441 1556 tantum
1453 1527 1528 1560 boni,
1538 1534 1613 1554 mera
1628 1527 1675 1554 Dei
1692 1526 1815 1553 liberali-

1027 1579 1094 1608 tate,
1103 1575 1180 1602 nullo
1190 1582 1240 1602 suo
1253 1578 1360 1602 nactam
1369 1572 1477 1604 merito,
1486 1571 1583 1599 intime
1592 1571 1702 1602 sentiat,
1711 1575 1739 1598 et
1746 1571 1816 1597 mul-

1027 1624 1083 1648 tam
1094 1620 1207 1655 insuper
1218 1619 1358 1650 adhibeat,
1367 1625 1431 1645 cum
1447 1616 1554 1644 modica
1567 1615 1609 1643 sui
1623 1615 1814 1647 aestimatione,

189 1660 302 1695 ταύτην,
318 1660 364 1687 καὶ
374 1658 466 1692 ἀξίους
478 1659 543 1691 τοὺς
557 1659 678 1695 καρποὺς
701 1659 898 1692 ἐπιδείξασθαι,
911 1660 977 1687 Κινο

1028 1664 1313 1700 circumspectionem.
1339 1663 1407 1691 Nam
1429 1662 1489 1690 sine
1513 1660 1572 1693 his,
1597 1660 1734 1688 excellens
1758 1660 1817 1687 hazc

190 1706 294 1733 δυνεύει
316 1706 406 1733 τοίνυν
425 1705 456 1732 οὐ
474 1705 523 1737 τὰς
538 1704 642 1739 θλίψεις
658 1704 748 1740 μόνον,
771 1704 840 1732 ἀλλά
859 1704 907 1732 καὶ
926 1704 976 1737 τὰς

191 1752 299 1784 ἀνέσεις
322 1752 500 1786 πειρατήριον
524 1751 648 1785 γίνεσθαι
661 1752 694 1786 τῇ
708 1750 782 1786 ψυχῇ
798 1758 805 1766 ·
821 1750 868 1777 καὶ
879 1750 913 1778 δι’
925 1751 978 1786 ἀμ-

193 1797 316 1832 φοτέρων
342 1798 398 1833 γὰρ
413 1798 442 1824 at
459 1797 542 1833 ψυχαὶ
558 1797 597 1830 τῷ
624 1796 748 1824 κτίσαντι
772 1796 976 1831 δοκιμάζονται,

193 1840 235 1869 ἵνα
248 1843 323 1878 δῆλοι
338 1843 430 1878 σαφῶς
444 1842 576 1877 γένωνται
588 1842 660 1874 τίνες
673 1843 698 1869 oi
711 1842 750 1878 μή
765 1842 877 1878 κέρδους
888 1842 978 1868 αἰτίαν

193 1887 301 1925 θέμενοι
321 1888 368 1925 τίν
387 1889 454 1925 πρὸς
475 1889 578 1917 ἐκεῖνον
590 1888 700 1924 ἀγάπην
712 1896 719 1904 ”
731 1887 789 1915 ἀλλ’
800 1888 881 1915 αὑτὸν
896 1887 977 1921 μόνον

192 1936 238 1962 τὶν
261 1935 363 1970 πολλῆς
380 1935 418 1970 τῷ
441 1935 499 1962 am
521 1935 568 1962 καὶ
598 1934 689 1969 φιλίας
721 1934 769 1961 καὶ
783 1934 866 1969 τιμῆς
890 1933 977 1966 ἀξιον.

194 1982 297 2017 Ὠσπερ
310 1981 339 2008 δὲ
356 1981 395 2016 τῷ
411 1981 518 2016 ἀμελεῖ,
533 1981 582 2008 καὶ
601 1980 666 2016 περὶ
689 1979 739 2016 τήν
764 1979 857 2006 πίστιν
883 1979 977 2012 ἐνδεεῖ,

193 2029 240 2054 καὶ
258 2028 297 2063 τῷ
322 2027 478 2063 φρονήματι
503 2026 674 2062 νηπιάζοντι,
697 2025 826 2061 ἐμπόδιον
845 2024 914 2060 πρὸς
930 2023 979 2060 τὴν

193 2074 306 2101 αἰωνίαν
330 2072 403 2108 ζωὴν
425 2072 512 2100 ταῦτα
537 2072 658 2106 γίνεται·
677 2071 736 2107 ἦτοι
756 2071 790 2098 τὰ
806 2070 916 2106 λυπηρὰ
932 2069 980 2096 καὶ

193 2120 321 2153 ἐπίπονα,
349 2119 434 2152 νόσοι,
466 2118 568 2151 πενίαι,
595 2118 645 2145 καὶ
685 2117 806 2150 ἀδοξίαι·
838 2116 979 2148 τάναντία,

193 2165 321 2198 πλοῦτος,
347 2165 421 2198 δόξα,
441 2165 489 2192 καὶ
516 2164 542 2191 οι
560 2162 590 2196 ἐξ
615 2163 767 2199 ἀνθρώπων
797 2161 978 2198 μακαρισμοὶ,

194 2211 263 2246 πρὸς
284 2211 312 2237 δὲ
340 2211 388 2237 καὶ
412 2211 426 2237 δ
444 2210 473 2236 ὲν
496 2209 534 2245 τῷ
549 2209 646 2243 ἀφανεῖ
659 2208 783 2244 πλήττων
796 2207 844 2234 τοῦ
861 2205 980 2242 πονηροῦ

194 2258 313 2292 πόλεμος
326 2265 333 2273 ⁸
352 2255 422 2283 οὕτω
438 2255 520 2284 πάλιν
537 2254 724 2290 ἀντιστρέφων
737 2253 874 2288 εὑρήσεις,
886 2253 930 2279 ὅτι.
941 2250 981 2287 τῷ

194 2302 282 2338 πιστῷ
307 2302 354 2329 καὶ
378 2301 482 2336 συνετῷ
507 2301 555 2328 καὶ
579 2299 697 2335 γενναίῳ
727 2298 845 2333 συνεργὰ
876 2297 981 2332 μᾶλλον

1027 1711 1123 1748 gratia,
1135 1710 1214 1738 valde
1234 1717 1352 1745 pronum
1367 1715 1460 1736 secum
1475 1706 1556 1734 affert
1570 1705 1724 1741 periculum
1745 1713 1816 1740 pra:-

1027 1756 1110 1785 bendi
1124 1756 1161 1789 ei,
1176 1763 1257 1791 quam
1278 1759 1368 1787 ornat,
1382 1754 1480 1781 animae
1499 1751 1672 1780 occasionem
1686 1751 1816 1779 tentatioo

1026 1802 1081 1835 nis,
1092 1807 1121 1829 et
1130 1800 1278 1837 objiciendi
1290 1798 1425 1835 profectui
1447 1798 1508 1833 ejus
1519 1797 1704 1824 obstaculum.
1717 1797 1817 1831 Utpote

1028 1847 1188 1875 insidiatore
1202 1846 1275 1873 malo
1294 1845 1429 1874 daemone.
1442 1843 1542 1871 conari
1557 1842 1639 1870 solito
1654 1842 1746 1877 hujus,
1763 1849 1817 1876 qua

1028 1892 1104 1920 videt
1119 1891 1172 1919 frui
1189 1891 1320 1923 animam,
1335 1892 1468 1925 praetextu
1484 1892 1514 1915 et
1535 1886 1635 1914 ﬁducia
1655 1887 1740 1913 nimia
1756 1894 1818 1921 gra-

1029 1937 1083 1969 tias,
1098 1936 1200 1964 sensim
1216 1935 1340 1963 relaxare
1361 1931 1565 1961 contentionem
1584 1931 1612 1958 in
1628 1931 1759 1958 ulteriora
1775 1931 1817 1958 ni-

1028 1982 1116 2012 tendi.
1133 1981 1349 2017 languoremque
1369 1982 1397 2006 et
1414 1977 1569 2013 neglectum
1587 1976 1709 2012 injicere.
1728 1976 1818 2010 Atque

1029 2026 1097 2054 adeo
1113 2026 1171 2061 ipsa
1184 2024 1282 2061 gratia,
1298 2028 1329 2051 ut
1343 2030 1440 2051 secure
1453 2021 1619 2057 innoxieque
1633 2021 1816 2056 possideatur,

1029 2072 1114 2108 exigit
1130 2073 1157 2099 in
1181 2071 1230 2099 illo
1244 2070 1291 2106 qui
1306 2077 1367 2098 eam
1388 2068 1515 2104 percipit,
1534 2071 1706 2096 reverentem
1718 2066 1818 2101 quam-

1030 2118 1092 2146 dam
1105 2115 1327 2152 trepidationem.
1339 2122 1392 2150 qua
1404 2114 1432 2141 in
1443 2113 1564 2149 vigiliam
1577 2117 1691 2141 acuatur
1700 2113 1819 2140 circum-

1030 2161 1171 2198 spectandi
1185 2168 1217 2188 ac
1234 2159 1398 2195 disponendi
1414 2157 1592 2194 providenter
1607 2159 1721 2189 cuncta;
1743 2160 1773 2183 ut
1789 2164 1818 2184 ο.

1030 2209 1132 2237 donum
1146 2212 1253 2234 tantum
1267 2205 1363 2241 quanti
1377 2205 1450 2232 valet
1462 2204 1592 2237 aestimet;
1606 2207 1635 2230 et
1646 2202 1745 2238 dignos
1758 2203 1819 2236 ejus

1030 2253 1136 2281 fructus
1158 2254 1356 2286 reprmsentare
1378 2248 1498 2277 studeat.
1508 2249 1606 2284 Igitur,
1620 2254 1676 2274 non
1699 2246 1734 2274 ab
1749 2246 1819 2273 allii-

1031 2300 1170 2329 ctionibus
1183 2299 1284 2330 solum,
1301 2296 1349 2324 sed
1360 2300 1389 2323 et
1399 2303 1414 2323 a
1428 2293 1663 2323 consolationibus
1680 2291 1819 2327 periclita-

195 2335 328 2384 πρδςπὴν
348 2347 396 2374 τοῦ
417 2335 485 2373 Θεοῦ
500 2345 662 2373 καθίσταται
675 2344 829 2380 βασιλείαν·
850 2343 913 2376 Τοῖς
926 2343 978 2378 γάρ

1034 2351 1078 2374 tur
1090 2345 1181 2373 anima
1199 2343 1310 2372 tentari.
1328 2342 1362 2369 Et
1376 2349 1425 2376 per
1436 2341 1532 2368 ambas
1549 2340 1615 2366 istas
1628 2345 1673 2365 res
1688 2344 1704 2363 a
1721 2335 1820 2363 condi-

195 2394 250 2421 τὸν
275 2393 349 2420 Θεὸν
376 2391 525 2428 ἀγαπῶσι,
546 2391 618 2418 κατά
643 2391 689 2417 τὸν
713 2390 783 2416 θεῖον
811 2388 981 2421 Ἀπόστολον,

196 2441 295 2468 πάντα
311 2439 454 2474 συνεργεῖ
464 2441 508 2472 είς
521 2438 555 2465 τὸ
570 2438 691 2473 ἀγαθόν.
711 2437 853 2464 Δείκνυται
869 2436 915 2462 οὖν
939 2437 983 2463 ὲν-

195 2487 302 2519 τεῦοεν,
322 2487 364 2512 ὅτι
380 2486 414 2513 τὰ
431 2486 460 2512 ὲν
475 2484 515 2520 τῷ
540 2484 636 2519 κόσμῳ
663 2484 753 2510 πάντα
770 2483 898 2519 ἐμπόδιον
912 2481 983 2510 εἷναι

195 2531 362 2568 νομιζόμενα
378 2530 538 2566 διαρρήξας,
551 2530 598 2557 καὶ¹
612 2529 737 2564 νικήσας,
761 2529 810 2555 καὶ
835 2527 956 2563 ὑπερϐὰς
969 2527 983 2554 ὁ

195 2578 303 2614 ἀληθῶς
322 2576 446 2612 φιλόθεος
468 2576 515 2603 τοῦ
540 2575 612 2602 θείου
637 2575 718 2610 μόνου
747 2575 905 2610 περιέχεται
924 2574 983 2608 φίλ-

195 2633 277 2661 τρου·
302 2623 428 2658 Σχοινία
452 2622 507 2658 γάρ
532 2620 714 2656 ἁμαρτωλῶν
736 2619 984 2654 περιεπλάκησάν

197 2679 256 2706 μοι,
269 2671 283 2698 ό
298 2670 369 2702 θεῖός
396 2677 463 2704 φησι
494 2669 650 2704 Προφήτης,
665 2666 714 2692 καὶ
729 2665 782 2692 τοῦ
805 2666 899 2700 νόμου
927 2673 986 2693 σου

197 2718 253 2744 οὐκ
263 2716 463 2750 ἐπελαθόμην.

1033 2398 1093 2420 tore
1104 2391 1201 2418 animae
1220 2388 1386 2424 probantur;
1403 2390 1434 2414 ut
1448 2385 1491 2412 his
1506 2381 1742 2418 explorationibus
1763 2387 1819 2424 mra.

1033 2437 1134 2464 nifesto
1148 2423 1275 2469 appareat
1287 2432 1381 2467 quales
1397 2430 1470 2458 sint?
1483 2426 1658 2456 mercenaria:
1673 2433 1708 2453 nc
1719 2423 1820 2451 nundi-.

1034 2481 1155 2509 natrices
1168 2478 1320 2508 charitatis.
1332 2479 1454 2511 quaestus
1467 2473 1510 2502 sui
1525 2479 1607 2500 causa
1624 2472 1710 2498 Deum
1727 2477 1821 2496 aman-

1034 2530 1093 2559 tes;
1104 2533 1139 2552 an
1152 2524 1240 2552 solum
1255 2526 1367 2558 propter
1381 2527 1411 2548 se
1428 2519 1517 2554 ipsum
1532 2525 1594 2545 eum
1608 2516 1736 2551 diligant;
1746 2513 1821 2549 quod

1035 2571 1124 2603 illum,
1138 2574 1170 2597 ut
1183 2573 1226 2596 est
1239 2568 1268 2596 in
1279 2574 1328 2594 sua
1339 2569 1438 2593 natura
1448 2563 1569 2599 propria,
1583 2562 1653 2588 citra
1666 2563 1822 2595 respectum

1037 2618 1071 2646 ad
1087 2624 1148 2648 nos,
1165 2613 1240 2642 omni
1260 2613 1373 2648 dignum
1398 2616 1491 2638 amore
1506 2608 1665 2641 honoreque
1686 2605 1765 2633 sciat.
1788 2603 1824 2631 Ut

1039 2667 1131 2691 autem
1146 2657 1306 2695 negligenti,
1322 2655 1458 2683 modicam
1474 2651 1587 2680 habenti
1602 2650 1694 2682 ﬁdem,
1710 2653 1738 2676 et
1757 2655 1825 2695 pne:

1041 2708 1130 2736 riliter
1139 2692 1233 2734 adhuc
1245 2701 1382 2738 sapienti,
1399 2698 1596 2735 impedimento
1619 2696 1677 2723 haec
1702 2698 1767 2722 sunt
1791 2692 1826 2720 ad

199 2738 253 2744 vv"
263 2738 442 2750 v-uvw—v'r'l'
456 2738 463 2742 ν
1562 2743 1567 2749 .
1592 2743 1598 2749 ι
1803 2738 1808 2744 ⁸

199 2769 327 2791 aeternam
360 2762 444 2790 vitam
462 2769 468 2788 :
485 2760 615 2788 videlicet
642 2763 697 2786 tam
721 2757 827 2785 acerbae
840 2765 872 2785 ac
895 2757 1039 2785 laboriosa:
1053 2762 1108 2786 res,
1125 2756 1156 2781 ut
1179 2751 1282 2783 morbi,
1307 2747 1440 2784 Ρθῐιυτῖεεν
1467 2746 1762 2791 ίεηοῐηιηιωῑῇιυδξηη
1782 2738 1826 2773 ¹¹¹ξ

200 2810 355 2842 contrariae.
371 2809 485 2842 divitiae,
506 2807 602 2843 gloria,
623 2805 721 2834 laudes
754 2807 783 2831 et
811 2803 959 2840 applausus
992 2800 1153 2832 hominum;
1175 2800 1364 2843 praetereaque
1386 2798 1511 2829 pungens
1529 2790 1557 2817 in
1584 2787 1692 2843 σεθυιιο
1719 2785 1826 2843 tia-tiri:

202 2830 384 2889 impugnatio,
410 2854 450 2882 sic
475 2830 587 2884 inti-sus,
617 2851 696 2878 aliter
724 2848 882 2884 dispositos,
909 2838 1037 2881 inloco
1061 2840 1384 2889 memoratorum__modo,
1400 2845 1518 2889 ponens,
1548 2830 1825 2889 reperieiiffgii)

202 2901 230 2928 in
242 2878 461 2935 Ediluini},
476 2878 647 2935 ὲῐέέῆέτοκ
662 2894 725 2923 {orti
739 2878 862 2923 subsidia
875 2878 970 2928 potius
986 2894 1015 2919 et
1030 2888 1185 2926 adjumenta
1206 2894 1251 2916 res
1269 2885 1328 2913 illas
1343 2883 1454 2912 easdem
1468 2887 1528 2909 esse
1551 2878 1584 2907 ad
1603 2878 1825 2922 consecutionem
