2075 3155
265 173 317 205 955

880 168 910 199 S.
930 167 1089 199 MACARH
1111 166 1272 198 ιΈΟΥΡΤΙι

1836 161 1891 193 9ξδ

261 227 340 263 regni
365 226 414 255 Dei
433 234 440 254 :
465 225 637 262 Diligentiam
663 223 737 252 enim
759 221 843 250 Deum
869 222 919 256 (ait
943 222 1053 250 divinus
1068 222 1227 257 Apostolus)
1251 222 1340 249 omnia
1363 223 1539 256 cooperantur
1559 219 1586 247 in
1609 218 1707 245 bonum
1722 216 1756 244 ⁵⁸.
1777 217 1817 248 Ex
1846 218 1891 246 his

263 275 347 310 igitur
373 277 496 308 apparet,
520 271 582 307 quis
606 271 714 298 demum
731 269 767 297 sit
798 276 881 297 verus
919 269 967 296 Dei
990 271 1113 301 amator;
1138 268 1162 295 is
1198 268 1278 302 217
1303 267 1452 298 nimirum,
1476 265 1523 300 qui
1547 272 1596 300 per
1620 268 1734 296 cuncta,
1762 271 1823 298 qua:
1863 265 1892 292 in

263 322 315 350 hoc
335 323 437 351 mundo
453 327 586 358 putantur
607 322 728 354 obstare,
746 324 888 356 perrupta,
903 319 986 352 victa,
1008 318 1121 350 calcata,
1147 322 1253 345 tantum
1277 324 1376 345 versus
1397 317 1483 343 Deum
1501 321 1595 342 amore
1614 313 1753 345 feruntur,
1769 312 1893 340 dicentes

263 377 325 397 cum
346 369 477 404 propheta
493 378 500 396 :
530 368 617 396 Funes
640 372 805 403 peccatorum
826 365 995 400 circ-amplexi
1031 367 1093 391 sunt
1115 372 1165 396 me,
1183 368 1208 390 et
1228 364 1311 400 legem
1325 369 1399 390 tuam
1416 370 1468 389 non
1479 370 1537 388 sum
1554 360 1649 388 oblitus
1663 359 1697 385 ".

297 415 368 442 XXI.
389 415 503 443 Divinus
524 416 666 450 apostolus
687 414 789 442 Paulus
814 412 937 440 eaactius
952 415 980 438 et
1000 410 1056 437 cla-

1141 411 1208 438 KA'.
1237 410 1266 436 '0
1281 409 1352 441 θεῖος
1366 408 1515 440 ἀπόστολος
1535 407 1642 439 Παῦλος
1655 407 1849 444 ἀκριϐέστερόν
1863 414 1893 433 τε

261 460 320 488 rius
331 460 519 487 demonstrare
545 459 651 492 volens,
669 459 736 494 quid
755 465 820 485 vere
843 457 879 485 sit
893 456 1048 492 perfectum

259 505 467 533 Christianismi
482 505 644 541 mysterium
659 504 687 532 in
705 511 869 539 unaquaque
886 502 976 530 anima
989 509 1050 529 cre-

261 552 355 583 dente,
371 551 466 578 venire
477 551 558 578 talem
574 550 693 577 animam
702 549 729 577 in
739 550 821 584 hujus
830 548 1049 583 experimentum

263 598 355 629 docet.
370 605 421 632 per
440 597 561 624 divinam
573 597 770 631 operationem.
787 596 855 628 Quae
869 594 974 622 scilicet
983 600 1050 628 ope-

263 644 334 670 ratio
349 648 392 670 est
415 642 621 678 superccelestis
648 641 761 669 luminis
788 641 817 668 in
841 640 1010 668 revelatione
1023 642 1052 666 et

262 688 364 715 virtute
391 687 511 723 Spiritus
536 686 689 714 irradiatio.
708 687 747 714 Ne
772 686 843 714 forte
860 685 933 721 quis,
951 685 980 712 in
998 684 1052 711 hoc

265 740 374 764 errans,
395 736 474 767 putet
486 732 555 759 nihil
570 731 646 759 aliud
665 739 727 760 esse
742 731 970 759 ihuminationem
986 728 1051 764 Spi-

265 777 348 809 ritus,
364 777 418 804 nisi
434 776 606 812 cognitiones
618 777 646 803 vi
673 776 788 804 humani
810 775 957 811 productas
972 773 1053 800 intel—

264 823 370 855 lectus;
384 825 413 849 et
438 826 552 856 propter
568 821 648 849 istam
670 821 862 857 ignorantiam,
878 824 906 847 et
918 819 1053 847 desidiam

264 867 450 903 periclitetur.
474 874 490 893 a
508 867 633 901 perfecto
656 867 749 902 gratim
767 866 895 893 excidere
911 864 1051 901 mysterio.

265 912 414 947 Propterea
428 911 583 952 exemplum
595 911 849 939 circumambientis
863 911 959 938 faciem
971 910 1054 937 Hosis

267 960 386 995 Spiritus
410 959 514 995 gloriae,
535 959 568 986 ad
588 960 755 995 cognitionis
785 958 1053 994 repraesentationem

267 1005 340 1033 haud
357 1005 441 1032 dubie
464 1005 633 1032 conformem
658 1005 752 1033 refert.
775 1006 810 1032 At
827 1006 927 1040 igitur:
944 1004 1019 1037 Quod
1031 1004 1054 1031 si

267 1051 426 1078 ministratio
456 1050 547 1076 mortis
575 1049 667 1077 litteris
691 1050 839 1085 deformata
866 1051 892 1077 in
913 1050 1051 1084 lapidibus,

268 1097 316 1132 fuit
328 1097 355 1123 in
369 1095 465 1132 gloria,
480 1096 518 1122 ita
533 1100 560 1122 ut
574 1105 626 1123 non
645 1100 750 1132 possent
763 1096 900 1123 intendere
909 1095 959 1130 ﬁlii
967 1096 1054 1123 Israel

267 1142 295 1168 in
311 1143 403 1178 facient
423 1142 517 1177 Moysi,
543 1147 650 1178 propter
676 1142 790 1177 gloriam
805 1141 891 1169 uultus
915 1142 982 1176 ejus,
997 1150 1055 1178 qua:

268 1192 430 1220 evacuatur;
448 1188 578 1222 quomodo
593 1196 644 1215 non
663 1189 747 1224 magis
765 1188 927 1215 ministratio
939 1186 1054 1223 Spiritus

266 1236 317 1262 erit
332 1236 359 1262 in
378 1235 487 1270 gloria?
504 1234 574 1262 Nam
594 1235 617 1262 si
642 1235 803 1261 ministratio
823 1235 1002 1261 damnationis
1026 1235 1054 1261 in

267 1281 352 1317 gloria
364 1286 413 1312 est,
428 1281 511 1308 multo
524 1280 609 1315 magis
622 1280 740 1307 abundat
754 1281 928 1307 ministerium
942 1280 1054 1316 iustitia

267 1327 295 1353 in
304 1325 401 1362 gloria.
418 1326 487 1353 Nam
502 1334 548 1353 nec
561 1325 738 1361 glori/iculum
759 1330 797 1353 est
823 1325 892 1361 quod
918 1325 1014 1353 claruit
1025 1326 1055 1352 in

269 1371 319 1398 hac
334 1376 409 1406 parte
421 1375 530 1406 propter
541 1371 710 1398 excellentem
725 1371 848 1406 gloriam.
865 1370 894 1398 Si
908 1371 976 1398 enim
987 1370 1055 1406 quod

267 1421 410 1444 evacuatur
433 1425 479 1451 per
499 1416 610 1452 gloriam
623 1421 676 1449 est;
691 1416 774 1444 multo
791 1417 875 1451 magis
887 1416 956 1451 quod
967 1420 1056 1443 manet

268 1463 296 1490 in
311 1462 396 1497 gloria
409 1465 448 1489 est
464 1462 498 1489 ‘°.
515 1462 590 1495 Quod
603 1466 756 1495 evacuatur,
771 1462 851 1495 dixit,
861 1462 963 1490 idcirco
981 1461 1054 1497 quod

268 1506 381 1533 mortali
404 1507 514 1541 corpori
540 1507 623 1535 Mosis
648 1507 900 1542 circumal’fulgeret
926 1507 973 1535 llla
985 1506 1056 1534 lucis

272 1550 370 1586 gloria.
384 1550 685 1587 Subiungitﬂlabentes
698 1553 779 1587 igitur
791 1552 871 1580 talem
882 1551 1056 1587 spem,multa

269 1595 368 1631 ﬁducia
390 1597 492 1623 utimur
511 1597 544 1625 ".
573 1598 608 1625 Et
620 1604 783 1632 progressus
799 1597 922 1632 paulum,
936 1597 1058 1624 ostendit
1079 1612 1081 1614 ι

269 1643 454 1671 immortalem
476 1644 553 1672 illam
576 1644 694 1680 Spiritus
716 1644 743 1671 in
764 1643 918 1680 apocalypsi
931 1644 1055 1679 gloriam,
1072 1643 1079 1653 '

271 1696 348 1715 nunc
367 1688 395 1716 in
410 1689 569 1722 immortali,
582 1689 628 1724 qui
644 1689 712 1717 latet
724 1689 808 1722 intus,
822 1689 943 1721 homine,
965 1688 1056 1724 dignis

271 1732 464 1762 immortaliter
482 1739 510 1761 et
537 1734 766 1762 inevacuabiliter
790 1734 979 1770 resplendere.
1009 1734 1054 1762 Ait

270 1787 354 1815 ergo:
368 1779 421 1807 Nos
431 1788 490 1806 vero
501 1788 590 1807 omnes
602 1779 666 1815 (hoc
679 1783 732 1813 est,
745 1786 795 1814 per
807 1779 888 1807 ﬁdem
904 1779 1054 1815 perfectam

270 1832 305 1852 ex
333 1825 439 1859 Spiritu
462 1825 559 1860 geniti)
577 1824 694 1852 revelata
721 1825 787 1860 facie
807 1824 922 1860 gloriam
949 1825 1055 1852 Domini

270 1869 448 1905 speculantes,
473 1870 502 1896 in
523 1870 642 1897 eamdem
663 1871 805 1906 imaginem
830 1871 1055 1905 transformamur

271 1924 288 1942 a
302 1914 424 1942 claritate
431 1916 458 1942 in
469 1914 628 1948 claritatem,
639 1920 767 1951 tanquam
777 1925 794 1943 a
802 1916 907 1943 Domini
918 1916 1053 1951 Spiritu".

270 1960 396 1989 Reveluta
416 1961 493 1995 facie,
510 1962 608 1988 animat
625 1962 746 1995 scilicet;
762 1966 790 1989 et
800 1962 909 1996 quando
927 1970 1055 1990 reversus

270 2006 335 2043 quis
351 2007 436 2033 fuerit
456 2007 490 2034 ad
504 2007 663 2039 Dominum,
679 2008 789 2035 tolletur
814 2009 949 2036 velamen.
964 2008 1056 2035 Denti-

273 2060 323 2080 nus
347 2056 435 2079 autem
458 2051 572 2087 Spiritus
586 2057 624 2080 est
634 2053 666 2080 ".
683 2053 823 2080 Manifesta
836 2054 920 2088 igitur
934 2061 983 2088 per
997 2054 1055 2081 hazc

272 2101 437 2128 monstravit
469 2100 593 2128 velamen
622 2101 798 2128 tenebrarum
838 2102 1054 2137 superinjectum

273 2146 358 2184 fuisse
377 2146 485 2179 animat,
498 2146 570 2181 quod
587 2147 621 2173 ab
636 2147 739 2177 'Adami
755 2148 971 2182 transgressione
986 2155 1056 2175 cam-

273 2198 340 2225 pum
358 2191 456 2218 habuit
467 2195 597 2218 naturam
613 2191 762 2219 humanam
781 2192 962 2226 pervadendi.
976 2193 1055 2220 Nunc

273 2241 365 2263 autem
381 2244 431 2270 per
446 2236 658 2264 illustrationem
674 2237 793 2272 Spiritus
802 2237 829 2263 id
845 2237 947 2264 auferri
959 2245 974 2265 e
988 2238 1055 2266 iide-

272 2279 347 2308 libus
358 2285 387 2309 et
399 2288 462 2309 vere
473 2282 563 2317 dignis
577 2281 735 2308 animabus:
747 2289 807 2315 quae
821 2286 849 2308 et
860 2289 943 2309 causa
952 2282 1054 2310 Christi

272 2325 407 2353 adventus
422 2326 484 2353 fuit.
501 2326 569 2353 Nam
584 2326 640 2353 Deo
651 2326 817 2360 complacuit
828 2326 862 2353 ad
880 2327 960 2354 talem
976 2335 1055 2354 men-

272 2378 365 2398 suram
380 2372 533 2399 sanctitatis
548 2371 705 2406 pertingere
718 2378 776 2404 eos,
787 2371 835 2406 qui
849 2379 913 2400 vere
925 2372 952 2399 in
966 2373 1055 2408 ipsum

273 2417 401 2445 credunt.

308 2558 391 2586 XXII.
411 2558 460 2589 Ea,
473 2557 507 2585 de
518 2564 570 2592 qua
586 2556 689 2584 dictum
706 2561 759 2589 est,
775 2556 887 2593 Spiritus
903 2558 1053 2591 irradiatio,

273 2611 329 2631 non
344 2603 432 2630 solum
443 2602 671 2629 intellectualium
686 2610 814 2629 sensuum
826 2603 956 2630 revelatio
967 2607 1018 2636 est,
1027 2608 1056 2631 et

273 2648 438 2675 i‘rluminatio
454 2647 566 2681 gratiae;
584 2647 630 2674 sed
651 2647 839 2675 substantialis
854 2652 882 2675 et
902 2649 1057 2677 subsisten-

273 2692 387 2720 tislucis
398 2692 425 2719 in
436 2691 579 2719 animabus
589 2692 709 2719 emissio.
722 2692 787 2718 Nam
798 2692 862 2719 illud
877 2693 1017 2725 :Quidia‘it
1026 2696 1057 2721 de

273 2738 385 2764 tenebris
400 2737 489 2763 lumen
511 2736 700 2771 splendescere,
718 2738 773 2772 ipse
796 2737 885 2764 illuxit
897 2739 924 2764 in
938 2739 1057 2766 cordibus

273 2783 369 2809 nostris
383 2782 418 2809 ad
442 2781 664 2809 illuminationem
685 2782 802 2809 scientia:
823 2782 954 2811 claritatis
968 2784 1016 2811 Dei
1028 2785 1056 2811 in

309 2849 332 2868 "
348 2849 427 2878 Rom.
443 2858 499 2885 vni,
516 2851 560 2880 28.
599 2851 620 2868 "
638 2850 708 2880 Psal.
726 2858 817 2886 cxvnt,
829 2851 885 2889 6L,
915 2853 937 2869 '°
953 2853 974 2880 ll
988 2853 1051 2882 Cor.
1065 2861 1105 2887 Ill,
1124 2853 1150 2880 't.

273 2883 317 2914 l9.

1100 457 1148 484 καὶ
1166 456 1384 491 τηλαυγέστερον
1411 454 1441 481 τὸ
1472 455 1580 486 ἐντελὲς
1605 454 1652 481 τοῦ
1679 454 1893 489 Χριστιανισμοῦ

1101 503 1249 538 μυστήριον
1276 502 1380 536 ἑκάστῃ
1406 499 1571 535 πιστευούσῃ
1597 499 1669 534 ψυχῇ
1694 498 1837 533 δεδήλωκε,
1860 497 1894 524 δι’

1100 548 1240 584 ἐνεργείας
1260 547 1335 579 θείας
1349 548 1388 578 είς
1402 547 1499 582 πεῖραν
1515 545 1597 572 ἰέναι*
1609 546 1677 580 ὅπερ
1689 545 1771 577 ἐστὶν,
1783 545 1799 579 ἡ
1810 545 1894 570 ἐπου-

1102 595 1193 630 ρανίου
1205 593 1294 628 φωτὺς
1308 594 1337 620 ὲν
1359 592 1529 626 ἀποκαλύψει
1547 592 1594 618 καὶ
1615 591 1728 625 δυνάμει
1744 590 1790 617 τοῦ
1809 589 1895 616 Πνεύ-

1103 648 1188 675 ματος
1223 639 1376 674 ἐλλαμψις·
1412 639 1458 665 lvd.
1487 638 1523 673 μή
1555 646 1597 669 τις
1623 637 1668 664 τδν
1696 636 1741 663 διὰ
1767 635 1894 670 γνώσεως

1101 685 1245 721 νοημάτων
1272 683 1412 720 φωτισμὸν
1444 683 1491 710 τοῦ
1530 683 1689 717 Πνεύματος
1718 683 1797 716 μόνον
1823 679 1894 707 εἶναι

1101 730 1225 765 νομίσας,
1240 729 1399 764 κινδυνεύσῃ
1413 729 1446 755 δι’
1466 728 1577 762 ἄγνοιάν
1591 736 1620 754 τε
1635 727 1682 754 καὶ
1696 727 1831 763 ρᾳθυμίαν
1845 726 1892 752 τοῦ

1102 776 1207 803 τελείου
1222 776 1273 811 τῆς
1285 776 1398 811 χάριτος
1412 775 1559 810 ἀποτυχεῖν
1576 774 1735 809 μυστηρίου.
1749 774 1798 800 Διὰ
1814 772 1894 799 τοῦτο

1102 822 1193 849 καὶτὸ
1205 821 1361 855 ὑπόδειγμα
1382 820 1433 855 τῆς
1447 820 1486 855 τῷ
1506 819 1646 855 προσώπῳ
1669 819 1791 850 Μωσέως
1816 826 1895 853 nept-

1103 867 1235 902 κειμένης
1247 866 1294 893 τοῦ
1311 866 1470 901 ῐῐνεύματος
1486 865 1565 900 δόξης
1581 866 1620 897 είς
1632 864 1803 900 παράστασιν
1818 864 1893 898 ὤμω

1103 914 1258 950 λογημένην
1270 912 1319 948 τῆς
1329 911 1457 946 γνώσεως
1467 912 1582 947 ἤνεγκεν
1597 919 1605 926 ·
1622 911 1690 946 φησὶ
1704 910 1769 945 γοῦν
1783 918 1791 925 ·
1807 912 1841 937 Εἰ
1860 909 1895 936 δὲ

1104 960 1123 995 ἡ
1146 959 1282 986 διακονία
1298 958 1352 985 τοῦ
1371 957 1501 985 θανάτου
1523 956 1559 984 ἐν
1578 956 1748 991 γράμμασιν
1771 955 1894 982 ἐντετυ-

1105 1005 1226 1041 πωμένη
1251 1005 1286 1032 ἐν
1306 1004 1402 1037 ,λίθοις
1426 1002 1553 1038 ἐγενήθη
1584 1002 1619 1028 ὲν
1644 1001 1730 1035 δόξῃ,
1756 1000 1833 1027 ὥστε
1850 999 1895 1034 μὴ

1104 1052 1251 1079 δύνασθαι
1264 1051 1335 1083 τοὺς
1351 1049 1436 1082 υἱοὺς
1459 1049 1582 1083 Ἰσραὴλ
1593 1048 1730 1075 ἀτενίσαι
1745 1048 1789 1079 εὶς
1804 1048 1897 1080 πρόσ-

1104 1105 1186 1125 ωπον
1210 1097 1339 1129 Μωσέως
1365 1096 1413 1122 διὰ
1439 1095 1496 1129 τὴν
1520 1094 1615 1125 δόξαν
1646 1093 1699 1120 τοῦ
1732 1092 1896 1127 προσώπου

1104 1144 1197 1171 αὐτοῦ
1211 1143 1269 1176 τὴν
1281 1140 1540 1177 καταργουμένην·
1556 1140 1641 1172 πόσῳ
1654 1138 1775 1174 μᾶλλον
1792 1139 1811 1172 ἡ
1832 1137 1896 1164 δια-

1105 1190 1192 1217 κονία
1210 1189 1264 1216 τοῦ
1284 1188 1456 1222 Πνεύματος
1473 1186 1559 1214 ἔσται
1584 1185 1618 1212 ὲν
1639 1184 1714 1218 δοεῃ
1728 1185 1738 1211 !
1754 1185 1788 1211 Et
1801 1184 1856 1218 γὰρ
1874 1183 1894 1217 ἠ

1105 1235 1242 1263 διακονία
1257 1233 1312 1267 τῆς
1325 1233 1525 1266 κατακρίσεως
1540 1231 1616 1264 δόξα
1631 1238 1639 1246 ·
1657 1229 1761 1262 πολλῷ
1775 1228 1896 1264 μᾶλλον

1105 1281 1301 1316 περισσεύσει
1337 1280 1357 1314 ὴ
1393 1278 1530 1305 διακονία
1555 1277 1611 1311 τῆς
1637 1276 1832 1309 δικαιοσύνης
1860 1275 1896 1302 ὲν

1105 1327 1179 1361 δόξῃ
1192 1335 1199 1342 ·
1221 1325 1269 1353 καὶ
1294 1326 1349 1360 τὰρ
1368 1325 1403 1352 οὑ
1421 1323 1603 1356 δεδόξασται
1624 1323 1657 1349 τὸ
1672 1321 1896 1356 δεδοξασμένον

1105 1374 1140 1400 ὲν
1153 1373 1247 1405 τούτῳ
1255 1371 1336 1407 μέρει
1348 1371 1453 1398 ἕνεκεν
1462 1369 1518 1404 τῆς
1530 1369 1781 1404 ὑπερϐαλλούσης
1790 1367 1893 1400 δόξης.

1106 1421 1141 1447 El
1158 1420 1214 1454 γὰρ
1248 1420 1282 1445 τὸ
1313 1417 1554 1452 καταργούμενον
1580 1415 1629 1442 διὰ
1660 1414 1764 1447 δόξης,
1791 1412 1895 1447 πολλῷ

1104 1464 1224 1500 μᾶλλον
1232 1464 1266 1491 τὸ
1273 1464 1367 1499 μένον
1378 1463 1413 1490 ὲν
1427 1462 1513 1496 δόξῃ.
1534 1462 1780 1496 Καταργούμενον
1798 1460 1894 1496 εἷρηκε

1106 1511 1150 1538 διὰ
1166 1511 1196 1538 τὺ
1207 1510 1296 1545 θνητῷ
1313 1509 1419 1545 σώματι
1441 1508 1581 1540 Μωῢσέως
1595 1507 1765 1543 περικεῖσθαι
1780 1506 1830 1542 τὴν
1846 1505 1894 1533 τοῦ

1108 1556 1196 1591 φωτὸς
1230 1555 1320 1588 δόξαν.
1353 1555 1466 1589 Ἐπάγει
1482 1562 1491 1570 ·
1519 1555 1663 1589 Ἔχοντες
1696 1550 1752 1580 οὖν
1784 1551 1895 1579 ἐλπίδα

1108 1600 1208 1635 πολλῇ
1234 1600 1386 1635 παρρησίᾳ
1412 1599 1557 1635 χρώμεθα.
1586 1599 1641 1625 Καὶ
1665 1598 1769 1633 προϐὰς
1797 1597 1895 1631 μικρὸν

1109 1646 1192 1679 ἔδειξε
1209 1646 1258 1681 τὴν
1276 1646 1410 1673 ἀθάνατον
1429 1645 1537 1680 ἐκείνην
1549 1644 1596 1671 τοῦ
1611 1644 1770 1679 Πνεύματος
1785 1644 1813 1670 ὲν
1828 1644 1895 1669 ἁπο-

1069 1710 1090 1740 c
1108 1694 1224 1729 καλύψει
1235 1694 1325 1727 δόξαν,
1337 1692 1384 1719 νῦν
1396 1692 1425 1718 ὲν
1435 1692 1474 1727 τῷ
1488 1691 1614 1727 ἀθανάτῳ
1621 1691 1668 1718 τοῦ
1682 1691 1735 1717 ἔσω
1748 1690 1893 1725 ἀνθρώπου

1105 1742 1162 1773 τοῖς
1176 1740 1261 1773 ἀξίοις
1278 1739 1420 1770 ἀθανάτως
1431 1747 1461 1764 τε
1482 1739 1529 1765 καὶ
1544 1738 1741 1772 ἀκαταργήτως
1755 1736 1894 1770 exuam-

1106 1787 1179 1815 σθαι.
1203 1786 1272 1821 Φησὶ
1292 1785 1375 1819 γοῦν·
1396 1784 1496 1819 Ἡμεῖς
1518 1784 1553 1811 δὲ
1570 1783 1693 1816 πάντες,
1708 1782 1780 1809 τοῦτ’
1806 1782 1891 1813 ἐστιν,

1104 1833 1127 1859 ol
1140 1832 1210 1859 κατὰ
1220 1831 1326 1857 τελείαν
1337 1830 1430 1857 πίστιν
1445 1831 1478 1856 ἐκ
1491 1829 1538 1856 τοῦ
1551 1828 1708 1864 Πνεῦματος
1721 1826 1892 1862 γενηθέντες,

1104 1876 1376 1911 ἀνακεκαλυμμένῳ
1401 1874 1549 1910 προσώπῳ
1578 1873 1637 1907 τὴν
1661 1873 1756 1903 δόξαν
1782 1871 1892 1906 Κυρίου

1104 1921 1347 1956 ἐνοπτριζόμεθα,
1366 1921 1410 1953 εις
1430 1919 1488 1953 τὴν
1508 1918 1606 1952 αὐτὴν
1625 1919 1729 1945 εἰκόνα
1748 1925 1893 1952 μεταμορ-

1104 1968 1247 2003 φούμενοι
1262 1966 1321 1993 ἀπὸ
1335 1964 1426 1998 δόξας
1442 1965 1487 1997 εὶς
1501 1964 1595 1996 δόξαν
1613 1963 1746 1997 καθάπερ
1760 1963 1817 1990 ἀπὸ
1835 1963 1894 1989 Κυ-

1100 2014 1169 2048 ρίου
1186 2012 1365 2046 Πνεύματος.
1383 2009 1667 2044 Ἀνακσκαλιιμμένῳ
1678 2009 1835 2043 προσώπῳ,
1853 2008 1893 2042 τῷ

1104 2060 1153 2094 τῆς
1168 2059 1258 2094 ψυχῆς
1270 2058 1367 2093 δηλαδή
1380 2065 1387 2073 '
1405 2057 1451 2084 καὶ
1468 2058 1549 2092 ἡνίκα
1566 2056 1594 2083 δὲ
1609 2056 1761 2091 ἐπιστρέψῃ
1771 2065 1813 2088 τις
1824 2056 1892 2090 πρὸς

1105 2105 1216 2141 Κύριον,
1236 2105 1418 2140 περιαιρεῖται
1434 2103 1464 2129 τὸ
1480 2103 1623 2138 κάλυμμα.
1641 2102 1673 2129 '0
1683 2102 1717 2129 δὲ
1731 2103 1838 2136 Κύριος
1856 2102 1892 2129 τὸ

1105 2151 1226 2185 Πνεῦμά
1236 2150 1310 2178 ἐστι.
1325 2150 1451 2186 Φανερῶς
1464 2148 1511 2176 οὖν
1524 2150 1567 2176 διὰ
1579 2149 1679 2175 τούτων
1691 2149 1826 2182 ἀπέδειξε,
1841 2149 1893 2175 κά-

1105 2196 1199 2231 λυμμα
1228 2196 1340 2226 σκότους
1360 2194 1555 2229 ἐπιϐεϐλῆσθαι
1577 2195 1611 2229 τῇ
1637 2195 1722 2229 ψυχῇ,
1748 2194 1815 2229 ὅπερ
1836 2194 1893 2220 ἀπὸ

1105 2242 1154 2275 τῆς
1166 2240 1211 2266 τοῦ
1234 2240 1319 2275 Ἀδὰμ
1332 2240 1513 2273 παραϐάσεως
1528 2239 1620 2274 χώραν
1639 2238 1702 2274 ἔσχε
1716 2238 1756 2270 εἰς
1774 2239 1823 2273 τὴν
1842 2239 1891 2266 ἁν-

1108 2285 1269 2319 θρωπότητα
1281 2284 1444 2320 παραδῦναι.
1458 2284 1527 2310 Νυνὶ
1542 2284 1570 2310 δὲ
1582 2284 1633 2310 ὑπὸ
1644 2284 1693 2319 τῆς
1704 2283 1750 2310 τοῦ
1766 2283 1893 2319 Πνεύμα-

1073 2346 1094 2373 D
1107 2339 1151 2361 τος
1170 2330 1329 2364 ἐλλάμψεως
1351 2329 1552 2364 περιαιρεῖσθαι
1566 2328 1645 2355 τοῦτο
1659 2328 1713 2355 τῶν
1727 2329 1831 2355 πιστῶν
1843 2328 1892 2356 καὶ

1106 2375 1190 2408 ἀξίων
1205 2375 1243 2410 τῷ
1258 2375 1315 2401 δντι
1330 2374 1424 2410 ψυχῶν
1437 2382 1445 2389 ·
1461 2374 1495 2400 δι’
1510 2375 1543 2409 ἢν
1561 2374 1651 2401 αἰτίαν
1664 2374 1711 2400 καὶ
1724 2375 1740 2408 ἡ
1754 2374 1859 2406 ἔλευσις
1874 2375 1891 2401 f

1104 2421 1153 2448 τοῦ
1179 2420 1299 2456 Χριστοῦ
1322 2420 1492 2455 γεγένηται·
1519 2420 1559 2452 εἰς
1583 2420 1637 2455 γὰρ
1661 2419 1775 2446 τοιαῦτα
1805 2421 1893 2456 μέτρα

1103 2466 1246 2501 ἁγιότητος
1272 2466 1373 2499 φθάσαι
1401 2466 1465 2497 τοὺς
1492 2466 1536 2491 ἐπ’
1560 2465 1689 2500 ἀληθείας
1715 2465 1894 2497 πιστεύοντας

1104 2514 1252 2550 ηὐδόκησεν
1266 2515 1280 2539 ὸ
1289 2513 1366 2544 Θεός.

1142 2559 1206 2586 KB’.
1221 2559 1252 2585 'H
1270 2558 1392 2594 τοιαύτη,
1411 2566 1487 2593 φησι,
1507 2558 1553 2585 τοῦ
1576 2558 1732 2594 Πνεύματος
1748 2557 1892 2593 ελλαμψις,

1107 2605 1156 2640 οὐχ
1171 2603 1227 2631 οἷον
1241 2605 1383 2638 νοημάτων
1408 2604 1487 2639 μόνον
1503 2604 1674 2639 ἀποκάλυψις
1694 2605 1753 2631 ἔστι
1770 2605 1816 2631 καὶ
1835 2612 1892 2638 φω-

1104 2650 1200 2684 τισμδς
1226 2649 1348 2684 χάριτος,
1364 2648 1458 2684 ὥσπερ
1481 2650 1599 2684 εἴρηται,
1625 2649 1682 2676 ἀλλ’
1708 2647 1890 2676 ὑποστατικοῦ

1105 2694 1192 2727 φωτὸς
1205 2695 1233 2720 ὲν
1246 2695 1304 2724 ταῖς
1318 2694 1417 2728 ψυχαῖς
1434 2693 1530 2728 βεὸαία
1546 2694 1593 2721 καὶ
1606 2694 1734 2729 διηνεκὴς
1748 2695 1889 2729 ἔλλαμψις.

1104 2740 1140 2766 Τὸ
1159 2739 1213 2774 γάρ
1228 2747 1235 2754 ·
1261 2738 1362 2765 Ε’ίπὼν
1377 2738 1411 2765 ὲκ
1429 2739 1559 2772 σκότους
1580 2739 1613 2766 τὸ
1630 2739 1693 2774 φῶς
1710 2740 1827 2774 λάμψαι
1841 2760 1848 2771 ,
1874 2739 1891 2766 ὃ

1103 2784 1241 2819 ἔλαμψεν
1259 2784 1295 2810 ἐν
1313 2782 1445 2817 καρδίαις
1467 2783 1553 2818 ἡμῶν
1574 2784 1648 2818 πρὸς
1667 2786 1819 2819 φωτισμὸν
1835 2784 1891 2818 τῆς

1199 2853 1219 2869 ⁶¹
1236 2852 1257 2880 ll
1273 2852 1336 2880 Cor.
1354 2860 1380 2886 ν,
1397 2852 1439 2880 t2.
1489 2853 1511 2870 ⁶¹
1522 2852 1590 2881 ibid.
1606 2852 1650 2881 l8.
1696 2853 1752 2881 "ll
1767 2853 1830 2881 Cor.
1847 2860 1887 2886 Ill,
