2075 3155
195 164 246 197 957

703 163 817 196 LIBER
837 165 886 196 DE
905 162 1115 196 LIBERTATE
1133 163 1285 197 MENTIS.

1762 169 1814 205 958

194 221 332 258 γνώσεως
353 221 408 255 τῆς
420 221 513 256 δόξης
527 220 581 250 τοῦ
596 221 736 257 Χριστοῦ.
757 222 811 248 Καὶ
827 221 856 247 τό
868 230 875 239 ι
892 221 980 247 didm-

1034 220 1099 253 facie
1110 219 1208 249 Christi
1218 221 1317 250 Jeau“.
1333 221 1368 250 Et
1388 222 1475 251 illud:
1492 222 1620 252 "lumina
1635 223 1723 251 oculos
1735 230 1815 252 meos;

192 275 252 295 σον
274 266 346 299 τοὺς
366 267 538 302 ὀφθαλμούς
550 276 620 302 μου,
642 267 758 301 μήποτε
782 266 911 294 ὑπνώσω
934 266 978 299 εις

193 313 343 342 θάνατον·
360 312 499 339 τουτέστιν
513 320 521 329 ο
545 313 589 339 ινα
611 312 648 348 μὴ
671 311 788 347 λυομένη
808 312 857 346 τῆς
878 311 978 347 σαρκὸς

195 360 213 395 ἡ
237 359 320 394 ψδχὴ,
340 359 525 394 ἀποσκοτῆται
544 359 583 395 τῷ
603 358 651 386 τοῦ
675 358 789 386 Θανάτου
811 358 861 391 τῆς
879 357 978 388 κακίας

194 405 371 439 καλύμματιο
393 405 462 440 πρὸς
483 405 512 432 δὲ
534 405 582 432 καὶ
602 404 651 431 τό·
680 403 894 437 Ἀποκάλυψον
907 402 978 435 τοὺς

195 449 366 485 ὀφθαλμούς
378 459 437 485 μου
448 450 503 483 ἔτι,
523 450 572 477 καὶ
589 450 765 484 κατανοήσω
780 451 816 477 τὰ
829 448 978 484 θαυμάσια

194 496 228 522 ἐκ
241 495 294 522 τοῦ
312 496 406 530 νόμου
427 502 486 522 σου
496 503 504 510 ”
522 496 575 522 Καὶ
590 495 621 522 τό
633 503 641 511 ⁸
667 494 902 527 Ἐξαπόστειλον
915 493 978 529 φῶς

195 549 253 568 σου
266 541 314 567 καί
328 540 386 574 τὴν
398 540 543 574 ἀλήθειάν
556 548 614 568 σου
629 547 636 555 ⁸
652 539 728 567 αὐτά
741 548 780 575 με
792 540 978 574 ὁδηγήσουσι

195 587 244 614 καὶ
263 587 392 619 ἄξουσιν
407 587 450 619 εις
465 586 534 620 ὄρος
551 586 638 622 ἅγιόν
649 593 719 618 σου,
734 585 785 612 καὶ
801 586 844 617 είς
856 585 891 611 τὰ
907 592 979 618 σκη-

152 627 161 631 “
194 629 313 663 νώματά
329 637 387 657 σου
402 638 410 646 ’
433 629 500 656 ἀλλὰ
517 629 570 664 μὴν
589 630 635 656 καὶ
656 629 703 656 τό”
728 628 909 663 Ἐσημειώθη
931 628 977 662 ἐφ’

194 673 273 708 ’ἡμᾶς
290 675 323 701 τὸ
339 674 402 708 φῶς
415 673 468 701 τοῦ
490 673 651 708 προσώπου
669 682 739 706 σου,
763 674 811 700 καὶ
831 674 864 700 τὰ
886 673 976 705 λοιπὰ,

194 721 243 756 τὴν
257 719 341 754 αὐτὴν
357 719 514 746 ἀκολουθίαν
536 719 581 745 τοῦ
597 718 698 745 σκοποῦ
715 719 888 754 παρίστησιν.

228 765 292 794 ΚΓ.
305 765 361 792 Καὶ
383 764 423 799 τῷ
445 764 572 800 μακαρίῳ
583 764 611 790 δὲ
624 763 722 799 Παύλῳ
735 764 802 800 φησὶ
816 765 849 791 τὸ
865 763 977 798 ἐλλάμ-

193 812 258 845 ψαν
278 810 307 837 ὲν
326 811 359 844 τῇ
383 809 435 844 ὸδῷ
448 808 521 843 φῶς,
544 809 577 836 δι’
593 805 624 836 οὗ
638 810 685 836 καὶ
705 810 745 840 είς
759 809 850 844 τρίτον
864 808 978 844 οὐρανὸν

193 853 287 890 ἦρται,
312 855 360 882 καὶ
375 855 523 890 μυστήριον
545 854 685 889 ἀλαλήτων
704 854 838 889 ἀκουστὴς
860 854 976 888 γίνεται,

194 901 226 928 οὐ
246 900 389 936 νοημάτων
405 908 447 931 τις
465 900 512 927 καὶ
536 899 661 934 γνώσεως
679 899 817 934 φωτισμδς
839 897 884 935 ἦν,
910 899 978 926 ἀλλὰ

194 946 336 981 δυνάμεως
348 945 394 972 τοῦ
407 945 510 979 ἀγαθοῦ
532 945 690 981 Πνεύματος
710 945 772 972 καθ’
787 945 934 972 ὑπόστασιν
949 944 979 971 ἐν

195 993 228 1027 τῇ
242 991 314 1027 ψυχῇ
327 991 468 1026 ἐλλαμψις,
483 988 514 1018 οὗ
529 991 579 1026 τὴν
591 991 743 1026 ὑπερϐολὴν
759 990 809 1025 τῆς
821 990 980 1025 λαμπρότη-

195 1045 240 1068 τος
256 1036 281 1062 οι
301 1036 350 1070 τῆς
363 1035 465 1071 σαρκὸς
477 1035 610 1070 ὀφθαλμοὶ
626 1035 663 1070 μὴ
681 1034 864 1069 διενεγκόντες
880 1035 981 1061 ἀπετυ-

197 1080 353 1116 φλώθησαν,
374 1080 408 1107 δι’
432 1077 462 1107 οὗ
479 1081 555 1107 πᾶσά
570 1088 601 1106 τε
622 1080 724 1114 γνῶσις
746 1079 979 1112 ἀποκαλύπτεται,

197 1127 244 1152 καὶ
259 1126 326 1160 πρὸς
340 1125 469 1162 ἀλήθειαν
484 1125 549 1157 Θεὸς
564 1127 597 1161 τῇ
614 1124 678 1161 ἀξίᾳ
690 1125 736 1152 καὶ
749 1124 898 1161 φιλουμένῃ
907 1125 979 1161 ψυχῇ

196 1170 368 1206 γνωρίζεται.

231 1217 294 1244 KA’.
307 1217 384 1244 Πᾶσα
406 1216 479 1252 ψυχὴ
494 1216 538 1244 διὰ
559 1215 677 1250 σπουδῆς
694 1216 741 1244 καὶ
759 1215 878 1248 πίστεως
890 1215 980 1243 τέλεον

197 1261 358 1289 ἐνδύσασθαι
378 1263 424 1289 τὸν
447 1262 564 1297 Χριστὸν
585 1261 710 1289 ιντεῠθεν
732 1261 803 1296 κατᾲ
814 1261 928 1297 δύναμιν
949 1271 981 1289 τε

198 1309 244 1335 καὶ
260 1308 447 1344 πληροφορίαν
462 1308 573 1344 χάριτος
588 1307 798 1341 καταξιωθεϊσα,
812 1308 859 1335 καὶ
873 1307 913 1342 τῷ
932 1308 980 1334 ἑπ-

197 1355 315 1390 ουρανίῳ
329 1355 378 1390 τῆς
393 1354 531 1390 ἀφοάρτου
549 1354 652 1386 εικόνος
673 1354 743 1389 φωτὶ
769 1353 910 1385 ἑνωθεῐσα,
934 1352 982 1380 καὶ

199 1399 245 1425 νῦν
270 1399 319 1433 μὲν
342 1398 498 1434 μυστηρίων
516 1399 648 1434 οὐρανίων
670 1398 770 1432 γνῶσιν
787 1399 816 1424 ὲν
835 1398 982 1425 ὑποστάσει

200 1445 307 1479 μυεῖται
321 1445 429 1472 πάντων
443 1452 450 1459 '
467 1445 496 1472 ὲν
507 1444 536 1471 δέ
556 1453 588 1479 γε
600 1446 633 1480 τῇ
660 1444 767 1480 μεγάλῃ
788 1444 837 1479 τῆς
863 1444 982 1471 ἀναστά-

200 1497 269 1520 σεως
292 1490 383 1525 ἡμέρᾳ
399 1493 432 1526 τῇ
452 1490 520 1526 αὐτῇ
543 1489 698 1526 ἐπουρανίῳ
721 1489 771 1524 τῆς
792 1488 870 1525 δόξης
897 1488 982 1515 εἰκόνι

1029 273 1063 292 ne
1073 274 1193 302 unquam
1205 267 1368 296 obdormiam
1385 269 1413 296 in
1423 273 1507 297 morte
1517 270 1550 296 ".
1565 269 1622 296 Hoc
1632 273 1685 301 est,
1707 276 1742 296 ne
1753 276 1816 296 cum

1027 312 1151 340 solvetur
1167 320 1249 341 carne
1265 315 1366 348 anima,
1382 315 1583 344 obtenebretur
1595 315 1695 343 mortis
1706 315 1817 343 nulitia:

1027 359 1099 386 velo.
1114 358 1184 387 Illud
1207 363 1337 394 praeterea
1350 369 1357 388 :
1373 360 1470 388 Revela
1486 361 1573 388 oculos
1587 369 1669 394 meos,
1682 365 1706 388 et
1729 361 1808 388 consi-

1028 404 1123 432 derabo
1150 405 1286 433 mirabilia
1311 405 1342 432 de
1366 405 1421 441 lege
1452 411 1498 433 tua
1523 407 1558 434 “.
1585 406 1656 434 lllud
1684 414 1815 441 quoque:

1027 449 1127 478 Emitte
1140 451 1223 478 lucem
1237 456 1311 478 tuam
1323 456 1347 479 et
1356 453 1493 478 veritatem
1505 456 1579 478 tuam
1587 457 1599 480 :
1609 451 1666 487 ipsa
1677 460 1718 479 me
1734 452 1817 478 dedu-

1028 499 1085 522 cent
1102 499 1127 522 et
1143 497 1273 524 adducent
1286 497 1314 524 in
1332 502 1447 524 montem
1460 502 1582 524 sanctum
1604 501 1680 525 tuum
1691 501 1715 524 et
1728 497 1756 523 in
1772 501 1816 523 ta-

1029 541 1172 569 bernacula
1188 547 1233 569 tua
1253 543 1286 569 ".
1310 542 1363 570 Sed
1380 547 1408 570 ct
1429 543 1495 570 illud
1510 543 1610 571 etiam:
1628 543 1766 578 Signntum
1780 547 1818 569 est

1032 593 1111 621 super
1123 595 1169 613 nos
1187 587 1275 614 lumen
1287 587 1374 614 vultus
1387 588 1434 621 tui,
1448 588 1559 615 Domine
1567 588 1600 615 “.
1619 589 1653 616 Et
1668 589 1773 622 reliqua
1790 587 1817 614 in

1027 639 1110 658 unam
1126 633 1306 668 eamdemque
1318 640 1401 668 quam
1428 633 1560 668 proposui
1576 632 1741 661 sententiam
1752 639 1819 659 con-

1027 677 1143 712 spirant.

1067 765 1149 800 218
1163 765 1258 793 XXIII.
1287 766 1334 793 llla
1349 766 1416 794 item
1429 774 1490 801 qua:
1509 766 1589 794 beato
1606 765 1690 794 Paulo
1708 766 1819 793 cireum-

1031 809 1133 845 fulsiue
1147 811 1193 837 Iun;
1203 811 1225 827 “
1239 811 1341 839 dicitur
1355 811 1383 838 in
1397 812 1451 844 via,
1463 819 1512 846 per
1526 819 1608 847 quam
1621 816 1648 839 et
1661 812 1688 839 in
1706 811 1816 839 tertium

1028 856 1133 882 cmlum
1146 856 1271 883 elevatus
1283 860 1327 883 est
1341 856 1376 889 ’°,
1390 860 1418 883 et
1428 857 1622 892 mysteriorum
1636 857 1817 884 incli'abilium

1028 900 1139 927 auditor
1151 901 1248 933 factus,
1263 909 1319 928 non
1345 902 1574 929 intellectualium
1590 910 1720 930 sensuum
1733 907 1761 930 et
1774 910 1820 929 co-

1029 945 1161 980 gnitionis
1171 946 1337 973 illuminalio
1345 952 1419 979 erat;
1434 947 1482 974 sed
1494 948 1604 974 virtutis
1616 947 1682 974 boni
1699 947 1820 982 Spiritus

1031 989 1060 1017 in
1086 990 1242 1018 substantia
1269 991 1298 1018 in
1332 991 1424 1018 anima
1451 992 1521 1019 facta
1551 992 1712 1020 irradialio:
1740 993 1820 1026 cujus

1027 1041 1172 1062 excessum
1189 1035 1344 1070 splendoris
1364 1043 1419 1063 non
1435 1036 1554 1064 ferentes
1565 1037 1657 1064 carnis
1670 1037 1752 1069 oeuli,
1768 1044 1818 1064 ex-

1028 1081 1121 1108 ctecati
1140 1085 1220 1114 sunt;
1237 1089 1287 1116 per
1301 1089 1384 1116 quam
1400 1082 1528 1110 etomnis
1538 1082 1654 1110 scientia
1670 1083 1818 1114 reveletur,

1028 1131 1058 1153 et
1075 1126 1110 1153 ad
1124 1127 1268 1154 veritatem
1281 1127 1354 1154 Deus
1371 1126 1461 1162 dignm
1473 1132 1501 1155 et
1514 1131 1611 1155 amatae
1625 1127 1725 1155 animae
1740 1128 1820 1155 inno-

1030 1172 1120 1200 tescit.

1064 1216 1159 1244 XXIV.
1179 1216 1276 1245 Omnis
1287 1217 1390 1250 anima,
1401 1225 1462 1252 quae
1474 1225 1525 1253 per
1546 1218 1670 1245 studium
1686 1222 1715 1245 et
1737 1218 1817 1245 ﬁdem

1029 1262 1180 1297 perfectam
1208 1261 1236 1289 in
1256 1261 1358 1290 virtute
1374 1267 1402 1290 et
1428 1263 1509 1297 plena
1532 1263 1698 1290 certitudino
1712 1263 1818 1298 gratiae,

1032 1308 1115 1344 digna
1130 1308 1202 1336 facta
1228 1313 1270 1336 est
1284 1316 1345 1343 quae
1357 1308 1500 1336 Christum
1529 1308 1657 1337 indueret
1669 1310 1726 1344 jam
1744 1310 1820 1343 hinc,

1029 1357 1060 1382 et
1072 1353 1262 1388 supercoalesti
1277 1353 1497 1388 incorruptibilis
1519 1353 1646 1389 imaginis
1658 1354 1713 1382 luci
1725 1354 1820 1382 unire—

1031 1399 1093 1430 tur;
1110 1404 1142 1424 ea
1165 1404 1239 1424 nunc
1252 1397 1365 1432 quidem
1382 1398 1540 1432 cognitione
1552 1398 1705 1425 caelestium
1718 1404 1821 1433 myste-

1032 1440 1138 1467 riorum
1154 1440 1183 1468 in
1193 1440 1358 1472 substantia,
1388 1445 1418 1467 et
1441 1445 1525 1475 prout
1547 1446 1622 1472 sunt,
1646 1441 1821 1476 impertitnr;

1032 1485 1062 1513 in
1089 1493 1187 1520 magna
1206 1493 1272 1513 vero
1302 1486 1514 1513 resurrectionis
1531 1485 1586 1519 die,
1599 1486 1696 1514 eadem
1712 1487 1756 1514 illa
1773 1494 1822 1514 sn—

200 1536 246 1562 καὶ
256 1536 286 1561 τὸ
301 1535 381 1570 σῶμα
391 1535 492 1570 ταύτης
506 1535 673 1568 ammon,
689 1535 736 1561 καὶ
748 1534 800 1561 ὑπὸ
815 1533 982 1569 Πνεύματος,

1034 1531 1204 1566 permelestis
1216 1531 1351 1558 claritatis
1365 1531 1484 1566 imagine
1497 1539 1600 1566 corpus
1611 1539 1722 1566 quoque
1735 1531 1823 1567 ipsius

201 1579 270 1606 κατὰ
294 1580 324 1606 τὸ
348 1580 541 1616 γεγραμμένον
567 1581 606 1612 είς
625 1580 754 1615 οὐρανοὺς
776 1579 910 1614 ἁρπαγὲν,
937 1579 983 1605 καὶ

202 1626 363 1661 σύμμορφον
388 1625 514 1660 γενέσθαι
532 1625 571 1660 τῷ
591 1625 698 1660 σώματι
724 1625 774 1660 τῆς
797 1623 876 1659 δόξης
900 1623 983 1651 αὑτοῦ

201 1672 368 1705 καταξιωθὲν
388 1672 435 1699 καὶ
451 1672 500 1706 τὴν
518 1671 656 1707 βασιλείαν
679 1671 787 1698 αίώνιόν
803 1679 834 1697 τε
849 1670 896 1698 καὶ
910 1670 986 1698 astt-

200 1718 277 1753 δοκον
287 1717 333 1744 καὶ
346 1716 386 1752 τῷ
401 1717 513 1754 Χριστῷ
525 1717 677 1753 σύγκληρον
691 1716 757 1750 ἕξει.

235 1806 302 1834 KE'.
321 1806 434 1833 ὀπόσον
452 1814 494 1838 τις
514 1804 566 1841 ἰδίᾳ
581 1805 681 1841 σπουδῇ
694 1804 740 1832 καὶ
754 1804 844 1831 πίστει
860 1803 986 1839 Πνεῦμα-

202 1861 248 1885 τος
262 1852 340 1885 ἁγίου
365 1851 443 1887 δόξης
465 1851 661 1886 κεκοινώνηκεν
685 1849 823 1885 οὐρανίου,
846 1848 938 1885 ἔργοις
955 1857 986 1875 τε

203 1896 314 1930 ἀγαθοῖς
339 1896 389 1931 τὴν
417 1894 505 1930 ψυχὴν
528 1894 709 1929 διεκόσμησε,
733 1892 858 1920 τοσοῦτον
881 1891 987 1928 ἐκείνης

204 1940 254 1975 τῆς
271 1940 376 1975 ἡμέρας
388 1938 461 1971 ἄξιον
477 1937 560 1965 αὑτοῦ
577 1938 720 1973 γενήσεται
734 1936 821 1964 καὶτὸ
834 1936 913 1971 σῶμα
925 1944 987 1963 συν-

203 1985 374 2019 δοξασθῆναι.
408 1985 440 2011 "O
464 1984 518 2019 γάρ
540 1991 582 2015 τις
606 1982 680 2009 ἔνδον
703 1981 907 2018 ἀπεθησαύρισε
928 1981 986 2015 νῦν,

204 2029 283 2057 τοῦτο
295 2029 417 2065 πρόεισιν
432 2028 484 2062 ἔξω
500 2029 561 2056 τότε
571 2037 578 2045 ε
593 2028 719 2065 καθάπερ
734 2029 748 2055 ὸ
763 2029 829 2055 εῐσω
838 2028 891 2054 τῶν
903 2026 988 2059 ξύλων

205 2077 234 2103 ἐν
257 2076 369 2111 χειμῶνι
396 2075 511 2112 καρπὸς,
537 2075 590 2107 ἔξω
618 2075 690 2102 κατὰ
715 2075 762 2101 τὸν
787 2074 867 2110 ἔαρος
892 2073 988 2109 καιρὸν

204 2122 309 2156 γίνεται
323 2130 330 2137 ·
345 2121 439 2157 ὥσπερ
455 2121 487 2156 δὴ
500 2120 547 2148 καὶ
560 2121 693 2156 πρότερον
710 2119 842 2155 ἐδηλώθη.
863 2119 923 2146 Τῶν
939 2119 988 2155 μὲν

205 2167 250 2195 οὖν
267 2168 352 2202 ἁγίων
369 2169 386 2202 ἡ
402 2167 521 2202 θεοειδὴς
536 2166 582 2193 τοῦ
597 2165 755 2201 Πνεύματος
777 2165 859 2192 εἰκὼν
874 2165 928 2193 ἀπὺ
939 2164 987 2192 τοῦ

1037 1575 1230 1611 gloriﬁcatnm,
1245 1579 1274 1603 et
1289 1583 1305 1603 a
1325 1575 1439 1610 Spiritu.
1457 1576 1528 1603 sicut
1543 1576 1675 1611 scriptum
1689 1581 1731 1604 est
1748 1577 1781 1609 ",
1794 1577 1823 1604 in

1038 1622 1127 1650 ccelos
1144 1626 1271 1657 raptum:
1285 1626 1313 1650 et
1340 1626 1415 1650 tanta
1429 1623 1587 1658 dignatione
1599 1623 1775 1656 honoratum,
1792 1627 1824 1651 ut

1038 1667 1227 1702 conﬁguretur
1238 1667 1347 1702 corpori
1365 1668 1500 1695 claritatis
1515 1668 1586 1703 ejus,
1602 1676 1716 1704 regnum
1741 1675 1822 1696 aeter-

1037 1719 1104 1739 num
1118 1712 1309 1740 vicissitudine
1338 1713 1545 1740 successionum
1579 1721 1687 1747 carens,
1713 1713 1824 1742 ϐίη-ἱειο

1038 1755 1090 1791 ipsi
1105 1757 1208 1792 collega
1221 1761 1374 1784 et‘consors
1386 1757 1500 1785 habebit
1513 1758 1546 1785 ⁷¹¹.

1064 1801 1157 1829 'XXV.
1174 1801 1312 1835 Quantum
1329 1801 1393 1836 quis
1424 1802 1536 1837 proprio
1560 1803 1653 1830 studio
1676 1807 1705 1831 et
1718 1803 1771 1830 ﬁde
1789 1803 1823 1831 de

1040 1846 1148 1875 caelesti
1183 1847 1308 1874 claritate
1338 1847 1458 1882 Spiritus
1490 1848 1578 1875 sancti
1606 1848 1823 1883 participaverit,

1039 1892 1212 1926 animamque
1223 1891 1306 1919 bonis
1319 1892 1451 1926 operibus
1461 1893 1616 1924 ornaverit;
1629 1896 1705 1920 tanto
1713 1892 1824 1927 dignius

1039 1937 1142 1965 etliciet
1168 1945 1269 1972 corpus
1295 1945 1375 1965 suum
1399 1937 1616 1973 gloriﬁcatione,
1649 1945 1710 1973 qua}
1730 1938 1768 1964 illi
1795 1938 1824 1964 in

1039 1984 1114 2012 illam
1132 1984 1347 2012 resurrectionis
1370 1984 1443 2012 diem
1461 1988 1631 2012 reservatur.
1651 1984 1729 2017 Quod
1749 1984 1823 2011 enim

1039 2031 1157 2066 quisque
1188 2030 1263 2058 intus
1285 2037 1361 2057 nunc
1378 2030 1512 2062 condidit,
1528 2033 1594 2057 tunc
1613 2030 1735 2065 prodibit
1748 2034 1824 2057 exte-

1040 2075 1115 2108 rius;
1127 2075 1358 2110 quemadmodum
1379 2082 1439 2109 quae
1459 2083 1508 2110 per
1524 2075 1642 2102 hiemem
1661 2075 1690 2102 in
1704 2075 1765 2102 sinu
1778 2083 1824 2102 ar-

1040 2120 1140 2147 borum
1153 2120 1220 2148 latet
1241 2121 1283 2148 vis
1299 2121 1459 2156 generatim
1478 2120 1630 2153 fructuum,
1648 2128 1733 2148 verna
1754 2124 1825 2147 tem-

1040 2166 1116 2202 perie
1130 2173 1161 2194 se
1179 2165 1253 2194 foras
1277 2165 1395 2199 exserit;
1425 2170 1456 2193 ut
1469 2169 1498 2193 et
1510 2165 1727 2193 demonstratum
1744 2172 1826 2199 supe-

206 2214 253 2240 νῦν
268 2213 340 2239 ἔνδον
357 2212 451 2248 ὣσπερ
466 2212 661 2244 ὲντυπωθεῖσα,
678 2211 725 2239 καὶ
740 2211 770 2238 τὸ
781 2211 861 2246 σῶμα
875 2211 989 2243 θεοειδὲς

1042 2211 1100 2239 rius
1111 2215 1164 2239 est.
1189 2210 1324 2245 lmpressa
1341 2218 1408 2245 ergo
1432 2210 1574 2238 mentlbus
1593 2215 1749 2238 sanctorum
1764 2209 1824 2237 dei-

207 2258 259 2289 ἐξω
285 2259 332 2284 καὶ
359 2257 483 2292 οὐράνιον
502 2256 707 2291 ἁπεργάσεται⁵
731 2256 785 2283 τῶν
811 2255 932 2291 βεϐήλων
961 2256 990 2283 δὲ

207 2303 254 2329 καὶ
274 2301 442 2337 ἁμαρτωλῶν
465 2301 495 2328 τὸ
521 2300 568 2328 τοῦ
596 2300 729 2335 κοσμικοῦ
758 2300 915 2336 Πνεύματος
940 2299 991 2326 κά-

207 2349 302 2383 λυμμα
332 2347 477 2383 περιὸαλὸν
504 2348 554 2383 τὴν
569 2346 670 2382 ψυχὴν,
694 2345 741 2374 καὶ
759 2347 792 2382 τῇ
819 2347 874 2373 τῶν
899 2345 992 2374 παθῶν

208 2395 340 2430 εἰδεχθείᾳ
350 2396 498 2427 σκοτεινὸν,
510 2393 537 2420 οἵ
544 2402 600 2429 μοι,
609 2393 654 2420 τὸν
662 2393 724 2419 νοῦν
735 2393 781 2419 καὶ
792 2392 935 2427 ἀσχήμονα
944 2399 993 2418 κα-

208 2438 357 2472 ταστῆσαν.
375 2438 512 2465 σκοτεινὸν
535 2439 594 2473 ἅμα
615 2438 662 2464 καὶ
675 2437 706 2463 τὸ
721 2437 810 2471 σῶμα,
833 2436 881 2464 καὶ
897 2435 993 2471 αἰσχύ-

209 2493 257 2521 νης
272 2484 380 2520 ἐμπλεω
400 2485 489 2520 πάσης
504 2484 603 2517 ἔξωθεν
617 2483 796 2517 ἁποδείξεται.

245 2616 318 2650 KG”.
334 2615 439 2650 Ὥσπερ
454 2614 525 2641 κατὰ
538 2614 587 2650 τὴν
600 2614 756 2650 παράδασιν
773 2614 822 2642 τοῦ
842 2614 928 2651 ’Δδὰμ
943 2613 993 2642 θά-

211 2670 290 2689 νατον
306 2660 386 2687 αὐτοῦ
400 2660 664 2696 καταψηφισαμένης
677 2660 727 2694 τῆς
743 2660 791 2687 τοῦ
809 2660 876 2687 Θεοῦ
890 2659 992 2695 ἀγαθό-

210 2715 302 2742 τητος,
320 2705 399 2734 τοῦτο
416 2706 524 2742 πρῶτον
544 2706 593 2742 μὲν
611 2705 714 2741 ὑπέστη
736 2705 808 2732 κατὰ
823 2706 923 2742 ψυχὴν,
939 2706 994 2733 τῶν

212 2754 312 2788 νοερῶν
326 2753 411 2788 αὐτῆς
425 2752 609 2788 αἰσθητηρίων
619 2752 654 2787 τῇ
670 2752 797 2787 στερήσει
813 2751 862 2787 τῆς
876 2753 994 2787 ἐπουρα-

249 2830 272 2846 ⁶³
282 2830 304 2858 ll
325 2829 389 2858 Cor.
403 2838 440 2862 ιν,
456 2830 482 2858 6.

214 2865 239 2882 ’⁸
252 2865 277 2893 ιι
293 2865 356 2893 Cor.
366 2873 414 2898 an,
428 2865 454 2892 2.
510 2865 531 2881 '“
546 2864 666 2892 l'l‘hess.
680 2871 717 2898 γι,
733 2863 775 2892 to.

537 2830 560 2865 ’ξ
569 2829 643 2865 Ρεοι.
656 2836 709 2862 xu,
725 2829 762 2865 4η
798 2829 821 2845 ⁶⁶
834 2829 914 2865 ῨΡξειτ
929 2837 1021 2865 cxvnl,
1034 2830 1078 2859 l8.
1121 2830 1222 2860 "Psal.
1232 2838 1296 2865 αιιι,
1306 2830 1333 2857 5.

832 2864 857 2881 τ’
867 2864 985 2900 Philipp.
999 2872 1038 2900 ιιι,
1054 2865 1097 2893 2|.

1038 2257 1135 2288 formis
1161 2257 1250 2292 imago
1267 2256 1397 2292 Spiritus,
1412 2264 1473 2291 qua:
1490 2256 1517 2283 in
1533 2257 1642 2284 occulto
1660 2263 1734 2282 nunc
1748 2256 1824 2287 latet,

1037 2310 1139 2337 corpus
1165 2310 1276 2337 quoque
1298 2302 1391 2330 divina
1422 2302 1514 2336 specie
1541 2302 1647 2334 induet,
1670 2306 1700 2328 et
1714 2302 1825 2328 caeleste

1039 2346 1156 2379 eﬂiciet;
1178 2346 1357 2381 profanorum
1381 2353 1449 2373 vero
1470 2353 1504 2373 ac
1531 2346 1722 2377 seelestorum,
1751 2345 1824 2379 quod

1040 2399 1115 2420 nunc
1145 2390 1278 2418 mundani
1301 2391 1414 2426 spiritus
1441 2391 1564 2418 velamen
1591 2389 1824 2422 circuminwlvit,

1042 2436 1181 2464 deformes
1198 2435 1372 2470 stigmatibus
1393 2435 1550 2465 criminum.
1576 2440 1748 2468 mentesque.
1770 2434 1824 2461 heu

1044 2481 1104 2508 mel
1132 2481 1267 2515 ipsorum,
1282 2480 1442 2508 tenebrosas
1462 2484 1490 2508 et
1505 2479 1592 2507 {cedas
1621 2479 1727 2510 reddit,
1761 2484 1826 2506 tunc

1043 2526 1126 2554 etiam
1141 2533 1258 2560 corpora
1272 2526 1424 2556 maculosa,
1446 2526 1474 2553 in
1487 2533 1625 2553 summum
1639 2526 1726 2560 palam
1742 2525 1826 2553 dede-

1045 2578 1095 2599 cus
1109 2571 1233 2598 omnium
1254 2570 1342 2598 oculis
1353 2570 1493 2598 ostendet.

1080 2616 1175 2644 XXVI.
1189 2615 1424 2649 Quemadmodum
1432 2619 1494 2650 post
1505 2615 1747 2651 transgressionem
1756 2615 1828 2642 Ada-

1045 2663 1093 2696 mi,
1108 2662 1162 2690 lata
1184 2662 1212 2689 in
1232 2669 1295 2689 eum
1310 2661 1445 2689 sententia
1456 2661 1560 2691 ,mortis
1573 2661 1649 2696 justo
1667 2661 1716 2688 Dei
1730 2661 1827 2695 optimi

1043 2708 1159 2744 judicio,
1176 2707 1297 2742 primum
1324 2707 1495 2735 exsecutioni
1510 2706 1638 2734 mandata
1661 2709 1703 2733 est
1724 2706 1752 2733 in
1768 2706 1829 2741 ejus

1044 2753 1148 2786 anima,
1159 2760 1225 2781 vere
1237 2760 1286 2788 per
1298 2756 1441 2788 peccatum
1455 2752 1512 2788 jam
1529 2755 1587 2780 tum
1606 2751 1828 2785 mortua,.intel-

1364 2864 1369 2868 .
1384 2830 1406 2846 “
1419 2831 1489 2858 Psal.
1505 2830 1577 2866 m7.
1634 2831 1656 2847 “
1671 2830 1721 2858 Act
1745 2831 1828 2864 “,5.
