2075 3155
263 155 316 193 959

883 156 914 188 S.
926 155 1086 187 MACARII
1105 156 1271 188 EGYPTII'

1828 159 1884 192 960

265 211 432 240 lectualibus
445 210 506 248 ejus
518 211 655 243 sensibus,
665 218 714 247 per
725 211 908 247 privationem
925 211 1046 239 caelestis

1105 211 1153 238 σίου
1185 213 1234 240 καὶ
1267 213 1457 249 πνευματικῆς
1481 212 1660 246 ἀπολαύσεως
1688 213 1885 250 άπεσδηκότων

263 262 293 285 et
311 257 463 293 spiritualis
482 258 586 293 gratias,
609 257 763 289 exstinctis,
778 262 804 284 et
825 257 858 284 ad
875 261 1046 284 mortuorum

266 302 474 330 similitudinem
501 302 639 330 redactis:
656 303 794 338 posterius
811 310 875 329 vero
891 302 924 329 ad
947 308 1047 336 corpus

265 357 375 383 quoque
389 356 463 376 mors
477 350 614 383 pervenit,
631 349 747 384 expletis
760 349 893 376 trahendo
903 347 1047 375 mortalem

265 393 347 420 vitam
359 394 437 421 annis
451 394 562 429 triginta
588 402 672 429 supra
692 398 860 429 nongentos:
873 393 913 420 sie
927 397 955 421 et
975 399 1049 420 nunc

264 445 313 471 per
328 445 438 464 crucem
462 443 491 466 et
516 444 632 467 mortem
652 439 800 466 Salvatoris
822 438 942 466 humano
955 437 1049 474 generi

265 482 458 510 reconciliatus
473 483 554 514 Deus,
576 484 697 511 restituit
719 490 783 511 vere
808 484 966 511 credentem
988 483 1049 510 ani-

264 534 336 553 mam
363 528 454 555 adhuc
475 529 551 556 carni
570 528 724 556 devinctam
747 529 774 556 in
795 529 955 556 fruitionem
971 528 1050 564 spiri-

267 573 380 599 tualium
394 573 528 600 luminum
547 578 574 601 et
589 575 793 609 mysteriorum,
806 578 834 600 et
852 573 1050 601 intellectuales

264 619 325 653 ejus
350 625 448 646 sensus
470 618 562 646 divina
595 619 656 646 luce
680 619 775 654 gratim
791 619 917 647 oculatos
942 618 1049 652 reddit;

265 664 384 698 denique
411 664 499 698 ipsutn
526 665 609 692 etiam
630 673 732 700 corpus
749 665 897 692 immortali
915 669 943 692 et
959 665 1052 693 incor-

265 709 391 743 ruptibili
404 709 609 736 circumvestiet
625 709 763 736 claritate.

301 752 408 780 XXVII.
424 753 477 786 Qui
490 761 519 780 se
533 753 568 780 ab
582 754 634 781 hoc
646 753 748 781 mundo
760 754 856 789 procul
869 758 974 786 tenent,
990 761 1053 781 san-

266 802 310 826 cte
334 803 363 825 et
392 806 427 825 ex
450 798 584 826 virtutum
611 799 781 834 praescriptis
795 799 940 833 viventes;
963 798 1054 826 adhuc

268 847 359 870 tamen
384 844 541 871 velamento
558 843 798 878 perturbationum
814 843 985 876 inumbrati;
1008 843 1052 870 cui

267 887 397 920 miseriae,
414 894 527 922 propter
536 888 752 916 inobedientiam
768 888 930 924 protoplasti
942 888 1053 916 obnoxii

267 942 364 962 omnes
387 942 499 966 sumus,
529 934 641 967 carnali,
663 935 784 969 inquam,
813 933 931 968 subjecti
947 933 1052 966 sensui,

268 988 350 1016 quem
362 981 509 1015 Apostolus
530 986 640 1007 mortem
661 981 759 1007 merito
786 980 952 1015 appellat";
969 980 997 1007 hi
1018 979 1055 1007 si-

269 1025 349 1055 miles
372 1029 436 1052 sunt
465 1024 625 1052 hominibus
650 1029 734 1052 noctu
764 1024 816 1052 iter
838 1024 993 1059 agentibus,
1019 1023 1053 1051 sd

268 1073 358 1100 lucem
373 1078 522 1105 astrorum,
544 1080 605 1108 quae
626 1078 690 1100 sunt
704 1073 751 1100 Dei
767 1076 912 1106 praecepta.
926 1071 1054 1105 Quandiu

268 1119 342 1146 enim
366 1119 488 1146 nondum
518 1119 640 1154 perfecte
671 1119 780 1156 liberati
797 1118 949 1146 atenebris
979 1122 1053 1150 sunt,

269 1165 344 1191 clare
354 1165 446 1191 omnia
461 1165 618 1200 perspicere
631 1172 686 1191 non
699 1169 823 1198 possunt.
834 1163 940 1197 Quibus
951 1169 980 1191 et
991 1171 1056 1192 con-

269 1212 354 1241 venit.
375 1212 470 1240 labore
500 1220 533 1239 ac
555 1212 618 1244 ﬁde,
644 1212 739 1239 virtuti
771 1212 950 1245 attendendo,
977 1220 1055 1240 orare

269 1256 409 1284 Christum
427 1257 509 1292 219
525 1258 611 1284 solem
628 1257 749 1293 iustitiae,
771 1262 801 1284 ut
823 1258 960 1285 illuminet
972 1258 1056 1285 corda

270 1301 411 1335 ipsorum,
436 1310 491 1337 quo
522 1302 628 1337 possint
656 1307 750 1329 exacte
771 1302 914 1337 pervidere
945 1307 1056 1334 cuncta.

270 1351 299 1373 et
325 1347 511 1381 spiritualium
526 1347 676 1374 bestiarum
688 1348 827 1375 incursum
843 1347 871 1374 in
885 1355 936 1375 nos
949 1348 1055 1375 varium

270 1395 354 1426 atque
378 1392 579 1426 multiplicem;
596 1396 624 1419 et
641 1392 862 1427 incorruptibilis
884 1392 982 1420 mundi
997 1393 1058 1428 pul-

270 1437 443 1465 chritudines
458 1444 573 1464 arcanas
590 1437 738 1465 iueﬁ‘abilis
757 1442 786 1465 et
810 1438 920 1466 deceris
934 1443 962 1466 et
976 1439 1057 1466 volu-

272 1482 363 1516 ptatis,
380 1490 435 1516 quo
457 1482 561 1509 scilicet
570 1482 652 1510 modo
665 1483 744 1510 valde
752 1484 890 1519 provectis
902 1483 930 1511 in
941 1483 1057 1516 virtute,

271 1531 300 1554 et
322 1534 438 1561 quorum
463 1527 593 1554 cordibus
620 1528 711 1555 lumen
748 1528 934 1556 intellectuale
963 1530 1054 1557 radios
1070 1548 1092 1577 α

271 1572 395 1604 immisit,
408 1572 470 1599 talia
497 1572 588 1600 omnia
614 1573 759 1600 manifesta
783 1579 810 1601 et
826 1574 908 1609 plane
936 1575 1057 1609 perfecta

271 1621 346 1644 sunt.
369 1617 552 1652 Perfectorum
572 1617 646 1644 enim
669 1621 717 1650 eat,
731 1622 762 1645 ut
781 1618 879 1646 beatus
893 1619 931 1645 ait
944 1619 1056 1653 Paulus,

271 1662 371 1690 solidus
384 1662 465 1694 cibus,
476 1670 566 1689 eorum
576 1670 678 1697 nempe,
693 1663 738 1698 qui
752 1662 825 1689 bonis
835 1663 964 1690 habilibus
981 1672 1057 1690 exer-

271 1710 363 1736 citatos
378 1708 473 1734 habent
483 1715 585 1741 censue,
600 1708 634 1734 ad
644 1708 827 1735 discretionem
840 1707 900 1734 boni
908 1713 933 1735 et
944 1708 1008 1735 mali
1022 1709 1056 1735 ".

273 1753 326 1780 Sed
343 1757 371 1780 et
383 1753 493 1780 divinus
505 1753 603 1780 Petrus
617 1753 656 1781 ait
669 1762 675 1780 ε
686 1753 720 1780 Et
731 1761 775 1781 vos
785 1754 909 1781 habentes
922 1755 1057 1789 propheti-

272 1807 332 1826 cum
347 1807 504 1832 sermonem,
521 1800 563 1826 cui
574 1799 726 1835 bencfacitis
751 1800 926 1832 attendentes,
941 1801 1006 1826 sicut
1018 1799 1058 1826 lu-

273 1852 359 1871 cerna
380 1843 476 1871 lucenti
489 1844 515 1870 in
530 1844 673 1879 ratiginoso
688 1844 754 1877 loco,
774 1844 854 1870 donec
868 1845 921 1871 dies
931 1844 1058 1871 elueescat

272 1894 298 1916 et
312 1890 404 1924 lucifer
415 1890 519 1916 oriatur
527 1890 556 1916 in
566 1889 684 1917 cordibus
699 1890 791 1917 vestris
798 1890 833 1916 ".
846 1889 949 1925 Vulgus
964 1894 1057 1917 autem

273 1933 341 1960 nihil
363 1933 442 1967 plane
457 1932 550 1960 diﬁert
563 1931 598 1960 ab
622 1933 689 1966 illis,
712 1933 760 1968 qui
779 1941 827 1968 per
847 1937 966 1965 noctem,
982 1932 1057 1960 omni

272 1983 411 2006 carentem
442 1979 558 2011 lumine,
573 1978 733 2012 ambulant,
763 1986 814 2007 nec
836 1979 949 2006 minimo
965 1979 1057 2013 splen-

273 2024 342 2051 dore
366 2023 515 2057 l‘ruuntur;
542 2023 570 2051 id
590 2025 664 2059 quod
678 2028 721 2052 est
740 2024 860 2051 Verbum
874 2024 933 2057 Dei,
954 2024 1058 2052 animas

272 2076 368 2096 eorum
395 2069 553 2096 illuminare
569 2069 682 2102 valens;
704 2073 734 2099 ut
757 2069 816 2096 lere
843 2077 898 2096 non
911 2069 1058 2096 dissimiles

273 2112 353 2140 caecis
366 2113 432 2140 sint.
447 2113 610 2148 Huiusmodi
633 2114 759 2142 homines
785 2119 850 2142 sunt
869 2115 1058 2142 materialibus

273 2157 406 2192 implicati
427 2158 512 2191 curis,
527 2162 555 2185 et
568 2158 741 2186 saecularium
753 2159 872 2186 nexibus
886 2160 1058 2195 negotiorum

274 2201 371 2234 vincti,
388 2206 416 2228 et
442 2209 532 2236 neque
554 2202 647 2229 divino
665 2202 762 2229 timore
784 2201 895 2233 ﬁrmati.
907 2211 959 2230 nec
973 2204 1057 2231 ullum

274 2252 404 2276 curantes
419 2255 550 2276 exercere
569 2248 760 2276 beneﬁcentiae
776 2253 824 2275 aut
839 2248 951 2276 virtutis
966 2250 1059 2285 cujus-

273 2293 336 2320 dam
348 2300 428 2327 opus.
447 2293 555 2320 Etenim
584 2297 719 2328 quotquot
741 2293 899 2320 saecularem
921 2299 1060 2329 utcunque

276 2338 408 2374 degentes
419 2338 514 2371 vitam,
527 2343 629 2370 tamen,
644 2337 684 2365 uti
701 2337 805 2365 dictum
828 2341 882 2366 est.
896 2345 911 2365 a
926 2339 1060 2367 mandatis

274 2385 387 2418 sanctis,
421 2386 527 2412 veluta
555 2384 719 2419 quibusdam
744 2385 936 2412 illuminantur
961 2387 1058 2419 stellis,

274 2431 337 2459 ﬁdei
353 2436 380 2459 et
395 2432 442 2459 Dei
462 2431 554 2458 timori
581 2431 772 2464 attendentes;
787 2431 815 2458 bi
834 2438 898 2459 sane
913 2439 967 2459 non
978 2440 1059 2468 pror-

273 2484 321 2504 sus
335 2476 527 2511 comprehensi
554 2480 618 2503 sunt
637 2475 769 2509 tenebris,
793 2476 865 2503 unde
877 2481 906 2504 et
922 2484 999 2512 spem
1015 2485 1056 2505 sa~

272 2521 338 2548 lutis
352 2521 455 2549 habere
473 2525 598 2556 possunt.

308 2622 428 2650 XXVIII.
446 2623 481 2651 Ut
497 2623 613 2653 multum
637 2623 710 2651 inter
728 2631 757 2652 se
782 2623 942 2652 diﬁ‘erentes
957 2624 1007 2653 vite
1024 2633 1056 2653 ac

273 2669 397 2696 rationes
408 2673 483 2700 sunt,
499 2669 600 2703 quibus
612 2669 647 2696 ab
662 2669 822 2698 hominibus
835 2670 1002 2705 colliguntur
1015 2671 1058 2697 di-

1074 2226 1096 2253 ι)

1098 258 1183 294 αὐτῷ,
1198 259 1246 285 καὶ
1261 259 1367 293 νεκρῶν
1381 259 1474 295 ὥσπερ
1492 259 1683 295 γεγενημένων
1695 268 1702 276 ·
1726 259 1839 295 ὕστερον
1855 261 1885 287 δὲ

1097 302 1144 328 καὶ
1166 303 1181 328 ό
1199 302 1246 329 τοῦ
1268 302 1393 338 σώματος
1412 302 1526 334 θάνατος
1546 303 1617 338 μετά
1630 311 1662 337 γε
1675 303 1820 337 τριάκοντα
1837 302 1885 338 Ern

1098 348 1166 383 πρὸς
1190 349 1246 380 τοῖς
1277 348 1459 381 ἐννεακοσίοις
1489 349 1656 383 ἐπεγένετο⁸
1680 348 1751 375 οὕτω
1774 348 1822 375 νῦν
1842 348 1886 376 διὰ

1099 394 1216 428 σταυροῦ
1231 394 1277 420 καὶ
1291 394 1406 421 θανάτου
1426 394 1473 421 τοῦ
1497 394 1622 429 Σωτῆρος
1642 395 1676 430 τῇ
1698 394 1886 430 άνθρωπότητι

1099 441 1280 475 καταλλαγεὶς
1295 441 1310 467 ό
1325 440 1402 472 Θεὸς,
1418 440 1621 474 ἀποκαθίστησι
1640 439 1690 475 τὴν
1702 440 1887 467 πιστεύσασαν

1099 486 1127 513 ἐν
1151 486 1266 521 ἀληθείᾳ
1282 485 1371 521 ψυχὴν
1386 485 1427 512 ἔτι
1450 486 1478 512 ἐν
1502 486 1585 521 σαρκὶ¹
1609 484 1692 512 οὖσαν
1709 487 1749 517 είς
1766 485 1816 520 τὴν
1831 485 1886 512 τῶν

1098 531 1233 566 οὐρανίων
1253 530 1350 565 φώτων
1371 533 1417 558 καὶ
1433 532 1591 567 μυστηρίων
1611 531 1772 564 ἀπόλαυσιν,
1787 531 1836 558 καὶ
1852 531 1888 558 τά

1099 578 1180 613 νοερὰ
1206 578 1290 613 αὐτῆς
1311 578 1477 614 αἰσθητήρια
1496 579 1535 614 τῷ
1555 579 1621 614 θείῳ
1648 578 1729 605 πάλιν
1746 578 1818 614 φωτὶ
1837 576 1887 613 τῆς

1100 623 1210 659 χάριτος
1221 625 1357 658 ὀμματοῖ·
1374 624 1490 660 ὕστερον
1511 624 1540 651 δὲ
1556 624 1604 651 καὶ
1626 623 1701 659 αὐτῷ
1720 623 1758 659 τῷ
1779 623 1888 660 σώματι

1100 669 1234 697 ἀθάνατόν
1251 678 1279 696 τε
1290 670 1337 696 καὶ
1354 669 1492 706 ἄφθαρτον
1506 669 1649 705 περιεαλεῖ
1659 669 1747 701 δόξαν.

1138 756 1203 785 KZ'.
1218 757 1250 784 0i
1264 756 1310 784 τοῦ
1331 756 1436 792 κόσμου
1446 755 1523 782 τοῦδε
1549 756 1657 791 μακρὰν
1669 755 1818 791 γενόμενοι,
1842 756 1891 783 καὶ

1103 802 1210 835 σεμνῶς
1232 801 1281 836 μὲν
1294 801 1342 826 καὶ
1357 800 1511 835 φιλαρέτως
1535 799 1738 834 πολιτευόμενοι
1753 806 1760 815 ⁵
1792 799 1832 826 ἐτι
1861 799 1890 826 δέ

1103 845 1262 880 καλύμματι
1279 845 1333 870 τῶν
1346 840 1641 878 παθῶν’ὑποκείμενοι,
1657 844 1695 876 ὡς
1707 844 1751 870 διὰ
1772 844 1823 878 τῆς
1842 843 1891 870 τοῦ

1104 889 1315 925 πρωτοπλάστου
1330 889 1473 924 παρακοῆς
1491 888 1576 923 ἔνοχοι
1590 888 1762 923 κατέστημεν
1777 889 1891 920 πάντες,

1102 935 1133 962 τδ
1157 933 1288 970 σαρκικόν
1309 942 1381 969 φημι
1407 933 1545 968 φρόνημα,
1572 933 1586 960 ὂ
1606 933 1653 960 καὶ
1677 933 1717 968 τῷ
1737 934 1893 969 Ἀποστόλῳ

1104 980 1230 1013 θάνατος
1249 980 1357 1010 οίκείως
1379 979 1479 1015 ἐκλήθη
1494 987 1502 994 ·
1519 975 1593 1006 οὗτοι
1616 979 1803 1015 παραπλήσιοί
1825 981 1894 1006 είσιν

1103 1026 1258 1061 ἀνθρώποις
1287 1025 1385 1057 νυκτὸς
1415 1025 1464 1060 μὲν
1495 1024 1665 1060 βαδίζουσιν,
1705 1024 1758 1051 ὑπὸ
1783 1024 1816 1051 δὲ
1839 1024 1894 1052 τῶν

1103 1071 1222 1106 ἄστρων,
1238 1071 1310 1106 άπερ
1324 1070 1392 1096 είσὶν
1407 1071 1434 1097 ai
1449 1069 1497 1096 τοῦ
1511 1070 1579 1096 Θεοῦ
1592 1070 1707 1103 ἐντολαὶ,
1719 1069 1893 1104 καταυγαζο-

1105 1117 1206 1152 μένοις.
1230 1115 1313 1142 Οὔπω
1330 1116 1384 1150 γὰρ
1408 1116 1448 1148 είς
1470 1115 1547 1147 τέλος
1569 1115 1616 1142 τοῦ
1640 1116 1753 1147 σκότους
1776 1116 1885 1143 άπαλλα

1104 1163 1186 1196 γεῖσι,
1202 1162 1294 1194 καλῶς
1309 1162 1418 1189 ἅπαντα
1439 1162 1619 1189 κατοπτεύειν
1641 1162 1733 1194 αὐτοῖς
1752 1161 1893 1189 ἀδύνατον.

1105 1206 1152 1241 Οἷς
1165 1209 1211 1236 καὶ
1227 1209 1366 1244 προσῆκόν
1387 1209 1457 1241 ἐστι,
1479 1208 1554 1244 πόνῳ
1570 1208 1617 1235 καὶ
1636 1208 1726 1235 πίστει
1743 1208 1827 1243 πολλῇ
1844 1207 1895 1243 τῆς

1104 1255 1205 1290 ἀρετῆς
1222 1255 1450 1290 ἐπιμελουμένοις
1474 1254 1604 1290 δεηθῆναι
1620 1253 1736 1289 Χριστὸν
1755 1253 1802 1280 τὸν
1819 1253 1895 1288 ἥλιον

1105 1299 1277 1335 δικαιοσύνης
1299 1299 1452 1335 ἐπιλάμψαι
1470 1300 1530 1330 ταῖς
1551 1299 1675 1334 καρδίαις
1697 1299 1797 1332 αὐτῶν,
1824 1298 1895 1326 ὥστε

1107 1344 1258 1380 δυνηθῆναι
1269 1345 1358 1372 πάντα
1372 1346 1441 1380 πρὸς
1455 1345 1598 1381 ἀκρίϐειαν
1610 1345 1721 1378 ἐπιδεῖν,
1735 1346 1785 1381 τὴν
1799 1354 1828 1372 τε
1841 1345 1895 1372 τῶν

1106 1391 1209 1426 νοητῶν
1235 1391 1338 1426 θηρίων
1363 1391 1424 1418 καθ’
1452 1391 1531 1426 ἡμῶν
1555 1390 1676 1417 ἐπίθεσιν
1692 1391 1819 1424 ποικίλην
1847 1392 1896 1417 καὶ

1106 1437 1281 1473 παντοδαπὴν
1291 1437 1385 1471 οὖσαν,
1397 1437 1445 1464 καὶ
1459 1437 1493 1464 τὰ
1508 1436 1556 1464 τοῦ
1570 1437 1709 1472 ἀφθάρτου
1730 1437 1831 1472 κόσμου
1846 1438 1896 1472 ἄῤ-

1108 1482 1178 1517 ρητα
1200 1481 1250 1517 τὴν
1275 1481 1348 1516 ὄψιν,
1375 1482 1423 1509 καὶ
1447 1482 1497 1517 τὴν
1518 1482 1614 1517 ἡδονὴν
1641 1481 1783 1517 ἀπόρρητα
1798 1481 1894 1516 κάλλη,

1107 1529 1137 1555 ὄν
1153 1537 1185 1562 γε
1198 1527 1230 1564 δὴ
1245 1528 1346 1563 τρόπον
1367 1528 1480 1560 καὶτοῖς
1492 1528 1589 1564 ἄκροις
1603 1528 1653 1564 τὴν
1667 1529 1778 1564 ἀρετὴν,
1797 1529 1843 1554 καὶ
1858 1524 1896 1555 ὧν

1109 1573 1238 1609 ἐνεργοῦν
1251 1573 1280 1600 ἐν
1299 1574 1360 1605 ταῖς
1374 1573 1499 1609 καρδίαις
1511 1573 1603 1609 νοερὸν
1616 1573 1674 1608 φῶς
1687 1574 1819 1609 ἔλαμψεν,
1833 1573 1896 1599 ἐπί-

1108 1619 1176 1654 δηλα
1191 1618 1278 1646 ταῦτα
1301 1620 1349 1646 καὶ
1370 1619 1513 1654 καταφανῆ
1537 1619 1640 1653 γίνεται
1656 1627 1663 1635 ·
1692 1619 1815 1647 Telele
1830 1619 1896 1654 γὰρ,

1111 1665 1149 1696 ὡς
1159 1665 1175 1692 ό
1194 1665 1328 1699 μακάριός
1346 1673 1413 1699 φησι
1425 1664 1543 1698 Παῦλος,
1558 1664 1578 1698 ἠ
1591 1665 1700 1698 στερεὰ
1713 1663 1820 1699 τροφὴ.
1836 1663 1897 1690 τῶν

1108 1710 1157 1737 διὰ
1171 1710 1229 1744 τὴν
1239 1709 1305 1742 ἕξιν
1317 1709 1354 1737 τὰ
1367 1708 1544 1743 αἰσθητήρια
1558 1708 1813 1744 γεγυμνασμένων
1821 1709 1898 1742 πρὸς.

1107 1756 1166 1790 τὴν
1190 1755 1245 1783 τοῦ
1266 1755 1362 1783 καλοῦ
1384 1754 1433 1782 καὶ
1457 1754 1552 1782 κακοῦ
1573 1754 1742 1788 διάκρισιν·
1767 1753 1835 1780 ἀλλὰ
1850 1754 1895 1780 καὶ

1108 1804 1123 1831 ό
1136 1803 1208 1833 θεῖος
1220 1801 1324 1837 Πέτρος
1336 1801 1418 1836 φησίν
1431 1808 1438 1816 ⁸
1455 1800 1509 1828 Καὶ
1521 1799 1606 1834 ὑμεῖς
1621 1801 1746 1834 ἔχοντες
1759 1799 1815 1825 τὸν
1827 1805 1898 1832 προ-

1109 1847 1236 1882 φητικὸν
1255 1847 1357 1881 λόγον,
1379 1843 1403 1880 ᾧ
1426 1845 1527 1878 καλῶς
1552 1845 1662 1872 ποιεῖτε
1683 1843 1895 1878 προσέχοντες,

1108 1896 1149 1928 ὡς
1165 1894 1269 1928 ,λύχνῳ
1283 1893 1421 1928 φαίνοντι
1435 1892 1470 1919 ὲν
1492 1891 1635 1926 αὐχμηρῷ
1658 1892 1749 1923 τόπῳ,
1777 1889 1834 1923 ἕως
1859 1886 1895 1916 οὗ

1108 1940 1203 1975 ἡμέρα
1219 1938 1368 1974 διαυγάσῃ
1381 1938 1429 1966 καὶ
1444 1938 1604 1973 φωσφόρος
1613 1937 1755 1970 ἀνατείλῃ
1775 1936 1811 1962 ἐν
1832 1935 1897 1968 ταῖς

1109 1986 1244 2020 καρδίαις
1268 1984 1362 2020 ὑμῶν.
1385 1984 1417 2011 Oi
1436 1984 1464 2011 δὲ
1489 1983 1591 2016 πολλοὶ,
1615 1983 1691 2009 οὐδὲν
1712 1981 1898 2017 διενηνόχασιν

1108 2031 1221 2059 ἐκείνων
1247 2031 1301 2058 τῶν
1321 2031 1350 2057 ἐν
1371 2030 1450 2058 νυκτὶ
1474 2029 1563 2064 φωτὸς
1585 2028 1757 2056 παντάπασιν
1783 2027 1894 2062 ἀπόρων

1109 2076 1340 2113 περιπατούντων,
1353 2076 1400 2103 καὶ
1419 2076 1485 2112 μηδὲ
1503 2075 1632 2111 βραχείας
1647 2074 1835 2101 ἀπολαυόντων
1849 2073 1897 2099 αύ-

1110 2123 1174 2157 γῆς,
1191 2122 1260 2158 ὅπερ
1278 2121 1337 2148 ἐστὶ
1353 2121 1424 2152 θεῖος
1439 2121 1518 2155 λόγος
1538 2121 1599 2152 ταῖς
1614 2119 1713 2155 ψυχαῖς
1736 2118 1827 2145 αὐτῶν
1841 2119 1899 2144 tm-

1111 2169 1232 2204 λάμπειν
1256 2167 1415 2202 δυνάμενος,
1435 2166 1474 2197 ὡς
1495 2165 1587 2200 σχεδον
1612 2164 1649 2200 μὴ
1668 2163 1810 2198 ἀνομοίους
1828 2161 1898 2189 εἶναι

1111 2214 1233 2248 τυφλοῖς,
1248 2210 1328 2240 Οὗτοί
1346 2213 1400 2238 είσι
1414 2211 1440 2238 οι
1450 2211 1511 2242 ταῖς
1527 2210 1633 2241 ὑλικαϊς
1648 2209 1678 2235 τδ
1695 2209 1754 2236 ὅλον
1765 2208 1898 2243 περιπλο-

1110 2261 1171 2291 καῖς
1191 2258 1239 2286 καὶ
1254 2259 1309 2289 τοῖς
1331 2257 1467 2292 βιωτικοῖς
1483 2255 1591 2291 ἅμμασι
1612 2254 1830 2288 καταδεδεμένοι,
1851 2253 1899 2279 καὶ

1111 2306 1179 2340 μήτε
1205 2304 1270 2339 θείῳ
1295 2303 1370 2338 φόσῳ
1393 2300 1630 2336 διακρατούμενοι,
1657 2300 1726 2334 μήτε
1746 2298 1824 2330 τινὰς
1843 2298 1898 2324 τῶν

1108 2348 1296 2385 ἀγςπθοεργιῶν
1310 2347 1515 2383 μετερχόμενοι.
1530 2346 1584 2373 Καὶ
1599 2345 1654 2380 γὰρ
1671 2345 1729 2371 ὅσοι
1745 2344 1800 2370 τῶν
1811 2343 1899 2378 βιωτι-

1109 2395 1165 2423 κῶν
1179 2394 1293 2430 ἀνδρῶν,
1314 2393 1409 2427 ὥσπερ
1433 2392 1570 2423 λέλεκται,
1594 2391 1646 2418 ὑπὸ
1665 2390 1781 2417 ἐντολῶν
1801 2389 1898 2423 ἁγίων,

1108 2441 1146 2472 ὡς
1158 2440 1210 2467 ὑπὸ
1220 2440 1328 2474 ἄστρων
1339 2438 1419 2465 τινῶν
1436 2437 1638 2472 διαυγάζονται,
1655 2436 1744 2463 πίστει
1758 2435 1805 2462 καὶ
1824 2435 1899 2470 φόϐῳ

1110 2486 1149 2520 τῷ
1167 2485 1213 2512 τοῦ
1235 2484 1305 2511 Θεοῦ·
1321 2483 1499 2519 προσέχοντες
1513 2490 1521 2499 ⁸
1536 2480 1610 2509 οὗτοι
1639 2482 1699 2517 οὐχὶ
1721 2481 1849 2513 καθάπαξ
1861 2480 1900 2515 τῷ

1110 2532 1202 2560 σκότει
1226 2530 1476 2566 περιλαμϐάνονται
1489 2538 1497 2546 ⁸
1517 2530 1584 2565 παρ’
1600 2528 1615 2555 ὃ
1634 2528 1681 2555 καὶ
1699 2527 1794 2563 ἐλπίδα
1815 2535 1900 2561 σωτη-

1108 2578 1169 2614 ρίας
1181 2577 1254 2612 ἔχειν
1269 2576 1407 2603 δύνανται.

1141 2623 1209 2650 κη’.
1227 2621 1330 2657 Ὠσπερ
1344 2622 1376 2648 ἐκ
1391 2620 1526 2656 διαφόρων
1542 2618 1673 2655 ἀφορμῶν
1686 2626 1716 2645 τε
1738 2617 1786 2645 καὶ
1804 2617 1899 2655 ὲπιτηέ

1106 2667 1251 2703 δευμάτων
1264 2668 1278 2694 ὁ
1292 2668 1321 2693 ἐν
1336 2666 1375 2702 τῷ
1390 2666 1486 2701 κόσμῳ
1501 2666 1557 2697 τοῖς
1570 2663 1725 2699 ἀνθρώποις
1739 2663 1898 2696 συλλέγεται

272 2714 364 2746 vitim;
378 2713 473 2747 utique
493 2720 555 2740 cum
569 2713 614 2740 alii
629 2721 662 2741 ex
681 2714 871 2742 [unctionibus
882 2715 1055 2750 publicorum

1109 2713 1225 2745 πλοῦτος
1239 2721 1246 2729 ·
1262 2714 1276 2740 ό
1291 2713 1343 2748 μὲν
1359 2712 1389 2745 ἐξ
1405 2710 1573 2748 ἁρχοντικῶν
1597 2709 1772 2745 ἀξιωμάτων,
1792 2708 1811 2735 δ
1830 2707 1858 2734 δὲ
1868 2707 1898 2740 ἐξ

272 2759 490 2794 magistratuum;
503 2758 548 2786 alii
560 2766 592 2786 ex
604 2760 844 2787 mercimoniorum
859 2759 1055 2795 negotiatione,

1110 2759 1255 2796 ἐμπορίας,
1271 2760 1284 2786 ό
1302 2759 1330 2786 δέ
1345 2759 1377 2786 ἐκ
1399 2757 1561 2793 φιλοπονίας
1572 2756 1671 2792 δήπου,
1688 2755 1733 2783 καὶ
1750 2752 1896 2790 γεωργίας,

277 2848 280 2852 ’
308 2843 329 2860 ⁷³
341 2844 418 2872 Rom.
436 2853 484 2879 vn,
495 2845 540 2874 24.
575 2846 729 2880 "llebr.Y,
745 2846 786 2874 Η.

836 2847 858 2864 ⁷³
872 2846 894 2874 ll
908 2846 980 2876 Pctr.
999 2854 1019 2882 1,
1033 2846 1076 2875 l9.
