2075 3155
207 133 258 167 961

792 135 840 164 DE
861 127 1074 168 LIBERTATE
1094 139 1247 170 MENTIS.

1778 138 1832 169 9ῦὲ

205 190 253 216 καὶ
266 187 346 219 ἄλλος
360 187 448 220 ἄλλως
458 196 464 203 ·
482 188 532 223 τὴν
546 187 632 223 αὐτὴν
646 188 703 215 οἴου
716 197 762 223 μοι
777 190 824 216 καὶ
839 191 896 222 τοῖς
909 199 986 217 πνευ-

1043 192 1089 219 alii
1105 200 1140 220 ex
1158 192 1282 228 diligenti
1297 192 1392 219 labore
1407 196 1434 218 et
1450 191 1615 227 agricultura
1632 199 1689 219 rem
1710 191 1830 223 faciant;

205 236 330 271 ματικοῖς
354 232 425 261 εἶναι
446 234 578 267 διάταξιν.
596 235 626 261 Οἱ
653 235 703 270 μὲν
726 235 780 272 γὰρ
797 237 830 263 ἐκ
854 237 989 272 διαφόρων

202 281 392 317 χαρισμάτων,
409 281 447 312 ὡς
460 281 490 306 τὸ
504 279 551 306 τοῦ
571 280 733 307 ’Λποστόλου
744 281 834 316 δηλοῖ·
851 282 992 316 Ἔχοντες

202 327 237 354 δὲ
256 326 514 361 χαρίσματιικατὰ
528 325 585 359 τὴν
602 325 692 360 χάριν
708 326 762 353 τοῦ
780 327 854 354 Θεοῦ
869 327 928 360 τὴν
941 327 991 353 δο-

203 372 310 400 θεῖσαν
322 372 395 406 ἡμῖν
409 371 545 406 διάφορα.
562 372 592 399 Οῑ
603 372 632 399 δὲ
643 373 675 398 ὲκ
685 372 822 408 διαφόρων
836 381 866 399 τε
881 373 991 399 δικαιω-

204 417 298 452 μάτων
318 417 365 443 καὶ
379 417 485 451 ἀρετῶν
501 417 545 442 διὰ
560 416 640 451 μόνον
671 417 737 444 Θεὸν
757 417 920 452 γενομένων,
945 418 992 444 τὸν

202 463 363 498 ἐπουράνιον
388 462 545 498 ἀθροίζουσι
584 463 714 490 πλοῦτον·
747 464 818 500 πλὴν
854 463 912 490 ἀλλ’
940 465 992 491 οὐκ

201 509 295 543 ἄδηλοι
316 510 364 535 καὶ
383 509 408 535 at
430 509 476 535 τὸν
494 508 595 544 χρυσὸν
608 509 800 544 ἀνορύττοντες
812 518 818 525 ·
833 510 858 536 οι
872 510 917 536 διὰ
937 518 991 545 μα-

204 554 356 589 κροθυμίας
369 554 416 580 καὶ
429 554 568 589 ὑπομονῆς
582 554 681 590 δηλαδὴ
695 556 846 591 τρέχοντες,
860 555 907 582 καὶ
921 556 992 582 κατὰ

205 599 288 634 μέρος
304 598 436 625 πλουτοῦν
452 599 521 630 τέως
533 600 582 634 τῆς
595 600 701 634 ἀγαθῆς
718 599 825 631 ὲλτιίδος
840 600 993 636 ὑπερηδού.

202 651 267 678 σης·
282 644 333 669 οὐκ
345 643 436 678 ἄδηλοι
450 643 478 669 δὲ
494 643 541 670 καὶ
554 645 578 670 ot
595 643 749 678 καθαπερεὶ
763 643 876 679 μίσθιοι,
892 644 991 679 βλάκες

200 689 278 721 ὄντες
301 690 348 716 καὶ
365 689 509 724 νωχελείς·
530 690 555 716 οἱ
575 690 677 721 εὐθέως
694 690 724 717 τὸ
740 690 879 725 ἐμπίπτον
895 690 991 726 ὥσπερ

199 734 347 768 ἐσθίοντες,
373 737 420 762 καὶ
442 735 479 770 μὴ
509 735 568 770 μεθ’
591 736 732 771 ὑπομονῆς
755 736 789 762 τὰ
806 737 877 771 μετὰ
896 738 992 772 χεῖρας

199 780 335 812 ἀνύοντες,
354 781 398 807 ἀεὶ
413 781 510 815 γυμνοί
533 790 563 807 τε
586 782 634 808 καὶ
656 781 771 817 πένητες
789 782 990 817 περιέρχονται.

198 825 256 854 Καὶ
272 826 328 861 γὰρ
349 824 421 853 οὗτοι
448 827 514 861 πρὸς
535 827 585 861 μὲν
605 828 635 854 τὸ
655 827 748 854 λαϐεῖν
761 827 810 863 τὴν
825 829 904 863 χάριν
920 828 991 854 ετοί-

1045 237 1091 265 alii
1107 237 1236 264 aliunde:
1251 245 1346 272 parem
1365 237 1433 264 mihi
1452 242 1478 264 ιιι
1488 245 1597 272 quoque
1607 242 1673 272 puta
1687 237 1831 265 observari

1045 288 1123 315 posse
1137 281 1165 308 in
1183 281 1266 308 rebus
1280 281 1471 316 spiritualibus
1494 281 1629 308 rationem
1651 286 1679 308 et
1706 281 1829 309 modum.

1044 326 1084 353 Ex
1097 326 1140 353 his
1156 326 1240 361 aliqui
1256 326 1461 360 locupletantur
1474 334 1524 353 usu
1544 326 1730 361 exercitioque
1742 325 1834 353 chari-

1043 376 1161 400 smatum
1189 371 1340 403 variorum,
1365 375 1395 398 ut
1417 371 1552 406 signiﬁcat
1570 371 1718 407 Apostolus
1739 371 1833 399 verbis

1043 417 1116 444 illis:
1135 417 1266 444 Habentes
1283 417 1438 444 donationes
1453 417 1598 444 secundant
1621 419 1748 452 gratiam,
1774 425 1832 452 qure

1043 462 1107 489 data
1121 466 1158 489 est
1183 462 1266 494 nobis,
1281 462 1428 498 diﬂ‘ercates
1440 462 1472 489 7‘.
1492 462 1545 490 Alii
1564 463 1709 498 multiplici
1727 463 1833 490 exorci-

1043 508 1146 535 tatione
1155 508 1347 543 religiosorum
1360 508 1429 535 varii
1440 509 1551 543 generis
1560 516 1685 543 operum,
1699 509 1832 544 praxique

1043 553 1175 581 virtutum
1189 561 1222 581 ac
1235 554 1459 589 frequentatione
1477 554 1658 582 laudabilium
1683 555 1710 582 in
1722 555 1830 583 diversa

1043 599 1134 634 specie
1149 598 1312 631 ofﬁciorum,
1339 599 1388 626 Dei
1417 607 1499 626 causa
1516 599 1599 627 unius
1611 600 1761 632 obilorum,
1777 607 1832 628 cu:-

1041 644 1125 672 lestes
1140 644 1243 680 ingenti
1258 645 1337 680 copia
1353 650 1506 680 congerunt
1523 652 1599 679 opes.
1619 645 1698 674 Ne.ii
1720 645 1831 680 quidem

1043 690 1071 717 in
1087 690 1139 718 hac
1153 695 1230 726 parte
1257 698 1312 718 non
1339 691 1463 726 insignes
1477 695 1551 723 sunt,
1570 691 1617 725 qui
1639 699 1737 718 aurum
1762 691 1834 718 info-

1042 735 1141 769 diunt;
1157 736 1366 771 longanimitate
1386 736 1515 764 videlicet
1529 740 1557 763 et
1572 735 1705 771 patientia
1717 743 1832 763 curren-

1041 787 1083 808 tes
1099 779 1127 808 in
1142 780 1259 815 singulis
1274 781 1343 808 lucri
1356 781 1499 816 particulis
1514 780 1667 815 captandis,
1685 787 1718 807 ex
1731 780 1832 815 quibus

1043 825 1135 861 magni
1155 825 1221 853 olim
1243 825 1379 853 conﬂandi
1406 826 1509 853 cumuli
1539 833 1587 860 spe
1622 825 1730 853 interim
1760 825 1832 852 bona

200 880 259 906 μως
279 859 353 906 ἄγαν
373 873 420 899 καὶ
444 859 554 908 θερμῶς
577 872 694 908 ἔχοντες,
721 859 919 908 εὐμετὰξλῆτοι
943 873 986 900 καῖ

1043 871 1189 908 gaudent._
1198 871 1292 906 Neque
1314 872 1401 899 latent
1426 873 1553 899 nonnulli
1572 871 1650 908 quasi
1668 871 1832 900 mercenarii

197 917 258 953 ἅμα
281 918 329 945 τοῦ
349 918 470 953 ἅψασθαι
497 919 700 954 κορεννύμενοι,
727 919 855 954 ἁψίκοροι
878 919 906 946 δὲ
925 928 990 954 ναρ-

197 963 296 994 κώδεις
318 964 383 999 περὶ
397 964 427 990 τδ
446 965 537 990 πονεῖν
552 964 761 999 γνωριζόμενοι1
777 965 824 991 καὶ
842 962 875 1000 ἦς
892 964 988 1000 ἔτυχον

196 1007 359 1040 ἀξιωθέντες
384 1010 495 1043 χάριτος
521 1009 712 1044 ἀφαιροῦνται.
737 1010 873 1045 Ἀείρποτε
888 1010 941 1046 γὰρ
969 1012 986 1046 η

195 1053 308 1086 νωθεία,
331 1055 378 1081 καὶ
404 1055 534 1090 ἀμϐλεῖα,
561 1056 608 1082 καὶ
629 1055 790 1091 ἠμελημένη
815 1055 985 1091 προαίρεσις,

196 1099 362 1134 ἀσύμφωνος
381 1101 410 1127 ὲν
434 1100 537 1136 χάριτι,
553 1100 657 1136 ἔρημος
673 1101 702 1128 δὲ
725 1102 836 1136 ἀγαθῶν
851 1101 986 1137 πράξεων.

202 1145 343 1181 Ἀδόκιμος
368 1146 397 1172 δὲ
421 1147 495 1182 παρὰ
520 1147 580 1182 Θεῷ
597 1147 644 1174 καὶ
659 1147 752 1180 ἄδοξος
774 1148 820 1174 καὶ
838 1148 885 1174 νῦν
907 1148 990 1182 ἐγνω-

196 1200 270 1222 σται,
286 1193 332 1218 καὶ
345 1192 374 1218 ἐν
388 1191 484 1228 ἐκείνῳ
501 1201 539 1227 τῳ
556 1194 632 1220 αἰωνι
646 1193 836 1229 εὑρεθήσεται.

1043 903 1140 944 molles
1155 903 1237 943 iidem
1248 903 1415 951 ignavique,
1431 917 1477 951 qui
1493 903 1588 944 statim
1603 917 1687 944 veluti
1699 917 1833 943 devorant

1043 961 1229 997 quodcunque
1259 961 1363 988 bonum
1390 961 1458 996 ipsis
1481 962 1508 988 in
1535 969 1632 989 manus
1647 961 1755 994 incidit,
1767 969 1830 988 cum

1042 1009 1128 1036 multa
1140 1007 1240 1035 exinde
1255 1007 1391 1035 deberent
1411 1007 1439 1035 in
1459 1015 1538 1035 usum
1553 1008 1677 1035 secuturi
1691 1008 1832 1043 temporis,

1040 1053 1134 1080 solerti
1151 1061 1213 1081 cum
1236 1053 1370 1088 patientia
1395 1054 1560 1081 tractatione
1580 1058 1741 1086 maturare;
1769 1054 1834 1081 hinc

1043 1101 1088 1132 sit,
1104 1107 1134 1128 ut
1147 1101 1213 1128 nudi
1230 1109 1339 1136 semper
1353 1107 1521 1137 egentesque
1533 1102 1713 1129 circumeant.
1724 1101 1832 1128 Etenim

1046 1146 1113 1174 tales
1135 1146 1169 1173 ad
1185 1146 1348 1181 capiendam
1368 1147 1480 1181 quidem
1493 1147 1609 1182 gratiam
1638 1149 1726 1181 parati
1741 1153 1768 1173 et
1788 1155 1833 1173 ars-

1045 1193 1143 1220 denter
1162 1197 1227 1220 sunt
1240 1192 1354 1227 cupidi;
1376 1201 1439 1220 mox
1459 1199 1551 1220 tamen
1578 1193 1657 1220 facile
1672 1193 1831 1228 mutabiles,

195 1243 224 1266 et
236 1246 252 1266 a
262 1240 352 1274 primo
367 1241 458 1268 statim
471 1245 579 1276 gustatu
593 1241 690 1273 saturi,
706 1241 881 1277 pigritiaque
893 1241 1038 1276 comperti,
1056 1249 1089 1268 ac
1112 1241 1182 1276 fuga:
1205 1240 1318 1273 laboris,
1331 1240 1378 1275 qui
1397 1239 1516 1267 debebat
1528 1238 1664 1271 adhiberi,
1678 1238 1832 1266 exercendo

195 1284 270 1318 quod
283 1290 450 1320 acceperunt
466 1286 551 1317 dono.
569 1294 603 1314 eo
623 1286 723 1314 merito
741 1287 898 1322 privantur,
911 1287 1002 1314 ablata
1017 1287 1094 1322 ipsis.
1107 1294 1161 1322 qua
1174 1286 1283 1314 fuerant
1297 1285 1380 1317 beati,
1400 1286 1497 1320 gratia.
1518 1285 1664 1320 Nunquam
1684 1284 1760 1311 enim
1776 1291 1832 1310 non

195 1323 333 1362 socordia,
346 1331 502 1364 oscitantia,
519 1331 605 1359 hebes
622 1332 736 1359 tarditas
751 1333 850 1367 supine
862 1340 960 1360 secura
971 1333 1121 1367 propositi;
1134 1332 1251 1360 dissona:
1265 1340 1310 1359 res
1325 1336 1353 1359 et
1363 1332 1584 1359 inconsentaneze
1599 1331 1694 1366 gratia:
1708 1330 1830 1357 fuerunt.

195 1374 286 1408 Quare
298 1376 345 1410 qui
363 1379 451 1403 scatet
468 1376 544 1404 hisce
558 1376 642 1408 vitiis,
658 1384 758 1412 expers
771 1385 887 1412 operum
907 1379 1054 1409 bonorum,
1075 1378 1147 1412 apud
1164 1377 1250 1404 Deum
1272 1378 1406 1412 reprobus
1419 1382 1447 1404 et
1465 1377 1608 1412 inglorius,
1624 1377 1663 1404 uti
1688 1377 1745 1412 jam
1758 1385 1832 1404 nunc

195 1421 363 1456 agnoscitur,
383 1422 423 1448 sic
433 1426 461 1448 et
476 1421 504 1448 in
516 1422 609 1450 futuro
628 1423 729 1450 saeculo
755 1424 918 1458 reperietur.

232 1468 282 1495 IO'.
310 1469 469 1503 Παραὸἁντι
499 1470 537 1504 τῷ
565 1470 703 1506 ἀνθρώπῳ
729 1471 778 1507 τὴν
802 1471 911 1507 ἐντολὴν
941 1471 989 1498 τοῦ

195 1514 276 1546 Θεοῦ,
290 1515 337 1541 καὶ
356 1515 406 1550 τῆς
424 1516 473 1542 τοῦ
488 1517 654 1552 παραδείσου
670 1517 809 1551 διαγωγῆς
834 1518 989 1550 ἐκπεσόντι,

194 1559 268 1587 δυοῖν
291 1559 386 1596 ὥσπερ
405 1560 517 1588 ἁλύσεσι
539 1561 661 1590 δεδέσθαι
685 1563 922 1599 συνηκολούθησεν
941 1565 988 1599 μιᾷ

197 1606 246 1642 μὲν
265 1607 319 1633 τῶν
346 1606 483 1641 βιωτικῶν
508 1609 691 1643 πραγμάτων,
708 1609 755 1636 καὶ
768 1610 913 1645 σαρκικῶν
925 1610 987 1645 ἠδο-

194 1651 268 1700 νῶν,
278 1652 508 1700 πλούτου,>δόξης,
521 1653 622 1687 φιλίας,
637 1655 777 1689 γυναικὸς,
792 1656 906 1687 τέκνων,
917 1664 983 1689 συγ·
997 1672 1018 1700 C

194 1697 314 1730 γενεὶας,
332 1698 472 1733 πατρίδος,
496 1700 656 1734 κτημάτων,
678 1701 726 1727 καὶ
747 1701 842 1733 ἁπλῶς
874 1702 983 1728 πάντων

193 1743 247 1769 τῶν
262 1744 444 1778 φαινομένων,
467 1745 514 1779 ἀφ’
535 1742 573 1772 ὧν
589 1746 603 1772 ό
616 1746 664 1772 τοῦ
686 1747 753 1773 Θεοῦ
767 1746 845 1779 λόγος
868 1748 929 1774 κατ’
944 1748 983 1773 οι-

193 1789 272 1816 κείαν
290 1789 362 1824 ἡμᾶς
378 1791 537 1826 προαίρεσιν
552 1791 718 1819 ἀπολύεσθαι
743 1793 860 1820 κελεύει.
887 1793 983 1829 Ἐτέρᾳ

192 1835 222 1862 δὲ
235 1835 338 1871 ἀδήλῳ,
352 1837 399 1863 καὶ
414 1836 469 1872 γὰρ
482 1837 584 1864 δέδεται
595 1846 648 1864 τινι
662 1838 755 1873 δεσμῷ
770 1839 871 1865 σκύπου
884 1839 899 1874 ὴ
911 1839 982 1874 ψυχὴ

193 1881 261 1916 πρδς
284 1881 338 1908 τῶν
362 1882 410 1917 τῆς
433 1883 567 1918 πονηρίας
599 1885 762 1919 πνευμάτων
789 1885 889 1917 αὐτῶν,
917 1885 982 1920 παρ’

192 1925 207 1953 ὃ
229 1927 295 1962 μηδὲ
320 1928 431 1954 δυνατὸν
462 1929 530 1964 αὐτῇ
556 1929 621 1965 μήτ’
641 1931 783 1965 ἀγαπῆσαι
808 1931 885 1962 Θεὸν,
914 1932 982 1966 μήτε

192 1973 337 2000 πιστεῦσαι
369 1975 438 2009 μήτε
459 1977 594 2011 προσευχῇ
613 1977 765 2012 χρήσασθαι
787 1977 912 2013 καθάπερ
926 1977 982 2012 ἔχει

192 2019 353 2054 θελήματος.
384 2020 495 2047 Πάντων
527 2022 582 2056 γὰρ
599 2023 616 2057 ἠ
642 2022 798 2057 ἐναντιότης
819 2023 847 2049 ἕν
871 2031 901 2049 τε
926 2024 982 2054 τοῖς

193 2067 318 2100 φανεροῖς
338 2065 367 2092 ἓν
392 2074 422 2092 τε
437 2068 493 2098 τοῖς
519 2068 635 2102 ἀδήλοις.
655 2068 709 2094 ἀπὸ
727 2069 776 2104 τῆς
801 2069 983 2104 παραϐάσεως

191 2111 238 2137 τοῦ
276 2113 384 2146 πρώτου
426 2113 569 2148 ἀνθρώπου
603 2115 706 2146 πάντας
747 2116 821 2150 ἡμᾶς
861 2116 977 2150 μέτεισι.

198 2156 322 2183 Ἐπειδὰν
336 2157 383 2184 οὖν
394 2166 435 2189 τις
453 2158 573 2194 ὑπήκοον
585 2159 631 2191 οὓς
645 2160 684 2194 τῷ
699 2161 772 2195 λόγῳ
786 2160 833 2187 τοῦ
851 2161 919 2187 Θεοῦ
933 2170 983 2187 πα-

193 2202 370 2237 ρασχόμενος,
386 2203 491 2239 ἀποστῇ
508 2205 557 2239 μὲν
573 2205 626 2231 τῶν
648 2206 782 2240 βιωτικῶν
798 2207 980 2242 πραγμάτων,

192 2247 355 2281 ἀποταξεται
371 2249 398 2276 δὲ
412 2250 512 2282 πάσαις
531 2252 591 2283 ταῖς
609 2254 756 2287 σαρκικαῐς
780 2253 889 2288 ἡδοναῖς
900 2262 906 2269 ·
920 2254 982 2279 τότε

190 2294 222 2329 δὴ
245 2295 284 2330 τῷ
309 2295 370 2331 Θεῷ
394 2297 596 2332 προσεδρεύων,
622 2300 669 2325 καὶ
688 2299 759 2326 κατὰ
784 2300 881 2335 σχολὴν
907 2300 982 2336 αὐτῷ

1077 1471 1172 1500 XXIX.
1187 1473 1372 1509 Transgresso
1387 1472 1435 1500 Dei
1451 1471 1612 1498 mandatum
1628 1471 1746 1504 homini,
1759 1475 1788 1498 et
1798 1478 1831 1498 ex

1039 1517 1120 1544 beata
1145 1518 1265 1553 paradisi
1298 1518 1405 1553 dejecto
1436 1516 1565 1549 statione,
1590 1515 1698 1543 duabus
1724 1523 1759 1543 ex
1779 1515 1832 1543 hoc

1038 1564 1154 1599 contigit
1170 1564 1251 1599 quasi
1267 1564 1372 1592 catenis
1390 1563 1481 1598 ligari.
1494 1562 1572 1590 Prior
1587 1565 1639 1594 est,
1666 1569 1720 1597 qua
1737 1562 1832 1589 deviu-

1037 1610 1109 1637 citur
1121 1618 1194 1637 nexu
1210 1609 1336 1638 sensibili
1352 1617 1415 1637 cum
1430 1608 1548 1644 negotiis
1561 1608 1752 1640 saacularibus,
1768 1615 1830 1635 car-

1036 1656 1145 1684 nalibus
1168 1656 1368 1691 voluptatibus,
1387 1655 1502 1688 divitiis,
1519 1655 1723 1682 existimatione
1736 1674 1743 1686 ,
1759 1655 1830 1681 ami-

1038 1702 1114 1733 citia.
1133 1709 1230 1732 uxore.
1260 1702 1366 1734 liberis,
1396 1701 1559 1736 cognatione
1572 1721 1580 1733 ,
1604 1700 1704 1735 patria,
1720 1707 1831 1735 posses-

1035 1749 1172 1779 sionibus,
1187 1753 1214 1776 et
1238 1753 1267 1775 ut
1289 1756 1346 1775 uno
1359 1751 1459 1775 cuncta
1473 1747 1641 1782 complectar
1658 1746 1755 1779 verbo,
1766 1755 1831 1774 cum

1034 1793 1165 1820 omnibus
1187 1801 1248 1827 quae
1276 1792 1357 1827 220
1383 1791 1430 1819 hic
1453 1797 1625 1824 cernuntur;
1639 1799 1655 1819 a
1669 1791 1771 1826 quibus
1781 1792 1829 1819 Dei

1034 1849 1126 1868 sermo
1148 1848 1199 1867 nos
1220 1841 1298 1875 juxta
1329 1840 1469 1875 propriam
1494 1839 1694 1874 professionem
1718 1839 1829 1874 abjungi

1033 1888 1168 1923 praecipit.
1185 1887 1278 1914 Altera
1303 1892 1454 1914 estcatena
1483 1887 1510 1914 in
1530 1894 1631 1913 arcano
1660 1887 1826 1921 astringcus.

1036 1932 1144 1959 Etenim
1159 1931 1270 1959 vinculo
1285 1931 1404 1966 quodam
1420 1931 1596 1958 tenebrarum
1610 1930 1702 1957 anima
1726 1930 1830 1965 ligatur

1034 1977 1068 2004 ab
1083 1977 1151 2012 ipsis
1162 1976 1306 2012 spiritibus
1320 1975 1467 2010 nequitia};
1483 1983 1538 2010 quo
1560 1974 1606 2007 fit,
1629 1980 1657 2002 ut
1673 1982 1726 2002 non
1742 1975 1830 2009 possit

1033 2030 1124 2057 neque
1140 2029 1233 2049 amare
1250 2022 1348 2053 Deum,
1369 2028 1421 2048 nee
1433 2020 1557 2051 credere,
1570 2027 1621 2047 nec
1633 2019 1759 2047 oratione
1776 2021 1826 2051 uti.

1033 2066 1265 2102 quemadmodum
1276 2065 1370 2093 vellet.
1380 2064 1498 2092 Omnino
1510 2064 1583 2091 enim
1596 2064 1664 2098 haec,
1679 2071 1761 2099 quam
1779 2072 1828 2092 ex-

1032 2111 1166 2146 perimur,
1174 2110 1378 2138 adversantium
1392 2109 1538 2144 oppositio,
1550 2113 1604 2136 tam
1617 2109 1643 2136 in
1653 2109 1742 2144 palam
1749 2116 1819 2144 appa

1032 2158 1168 2191 rentibus,
1178 2165 1260 2192 quam
1275 2157 1302 2184 in
1315 2157 1390 2184 intus
1402 2156 1549 2188 abstrusis,
1563 2164 1595 2183 ex
1609 2156 1828 2191 transgressione

1032 2204 1115 2239 primi
1140 2203 1261 2231 hominis
1278 2203 1306 2230 in
1329 2210 1379 2230 nos
1395 2209 1493 2229 omnes
1510 2201 1631 2229 transiit.
1644 2201 1760 2234 Quando
1776 2201 1829 2236 igi-

1033 2256 1079 2278 tur
1104 2251 1166 2286 quis
1189 2250 1365 2277 obedientem
1391 2257 1487 2276 aurem
1511 2249 1596 2276 verbo
1619 2248 1667 2275 Dei
1691 2248 1827 2283 praebens.

1033 2296 1191 2332 abjunxerit
1215 2295 1327 2330 quidem
1345 2301 1374 2321 se
1399 2302 1413 2320 a
1436 2293 1616 2321 saacularibus
1629 2293 1763 2327 negotiis,
1781 2300 1826 2318 re-

192 2342 397 2377 συγγινόμενος,
423 2342 538 2378 δύναμιν
569 2344 704 2379 λαμϐάνει
730 2345 798 2381 πρὸς
813 2346 843 2371 τὸ
869 2346 981 2381 μαθεῖν·

1038 2342 1207 2370 nuntiaverit
1229 2345 1320 2368 autem
1346 2340 1454 2367 cunctis
1484 2339 1643 2366 carnalibus
1676 2338 1827 2372 voluptati-

190 2386 232 2413 δτι
249 2387 402 2422 κέκρυπταί
428 2397 470 2419 τις
493 2389 522 2415 ὲν
547 2389 654 2421 ἀδύτοις
681 2391 794 2426 καρδίας
810 2391 877 2427 ἄλλη
897 2392 982 2427 πάλη,

191 2432 240 2459 καὶ
262 2433 340 2465 ἄλλος
361 2434 501 2469 λογισμῶν
519 2435 636 2470 πόλεμος
647 2444 654 2451 ·
669 2437 717 2463 καὶ
728 2436 799 2463 οὓτω
814 2437 983 2472 παραμένων

189 2479 237 2504 καὶ
252 2478 306 2505 τῶν
323 2479 370 2505 τοῦ
386 2480 506 2515 Χριστοῦ
532 2481 659 2516 δεόμενος
685 2482 846 2517 οἰκτιρμῶν,
865 2483 983 2514 πίστεως

188 2524 264 2558 αὺτῷ
279 2525 380 2560 πολλῆς
401 2526 469 2560 μετά
492 2534 524 2560 γε
544 2526 593 2552 τοῦ
619 2528 767 2562 ὑπομένειν
781 2528 980 2563 συνεπομένης·

188 2571 219 2597 οὐ
237 2571 291 2606 μὴν
306 2571 373 2598 ἀλλὰ
389 2573 435 2598 καὶ
450 2572 500 2607 τῆς
522 2573 569 2599 τοῦ
586 2574 654 2600 Θεοῦ
673 2575 759 2609 ῥοπῆς
773 2574 980 2609 συνεφαπτομέ-

188 2625 247 2652 νης,
264 2617 376 2645 δύναται
390 2619 445 2645 τῶν
458 2619 532 2646 ἔνδον
555 2620 744 2655 ἀπαλλαγῆναι
765 2620 873 2656 δεσμῶν
889 2629 919 2646 τε
934 2620 981 2646 καὶ

189 2664 324 2698 φραγμῶν
341 2665 466 2697 ἐκείνων,
495 2666 542 2692 καὶ
560 2666 608 2692 τοῦ
621 2666 733 2698 σκότους
749 2666 803 2693 τῶν
814 2665 978 2701 πνευμάτων

188 2709 238 2743 τῆς
260 2712 403 2747 πονηρίας,
422 2711 494 2747 ἅπερ
513 2713 582 2738 εἰσὶν
594 2713 623 2739 αἱ
637 2712 691 2739 τῶν
708 2713 908 2748 κεκρυμμένων
923 2721 977 2740 πα-

190 2754 245 2782 θῶν
262 2756 398 2792 ἐνέργειαι
409 2764 417 2772 ·
430 2757 524 2785 τοῦτον
545 2758 574 2785 δὲ
585 2758 630 2785 τὸν
647 2758 766 2794 πόλεμον
776 2758 820 2786 διὰ
837 2759 886 2794 μὲν
898 2759 978 2794 χάρι-

225 2844 248 2859 ⁷⁶
264 2843 342 2871 Rcui.
357 2853 405 2875 xu.
422 2846 447 2874 6.

350 2891 484 2922 ι’Δτιιοι..
501 2892 558 2921 (in.
579 2890 724 2922 XXXIV.

1033 2389 1103 2420 bus;
1121 2394 1187 2415 tunc
1203 2387 1248 2415 illc
1266 2386 1322 2413 Deo
1335 2385 1489 2417 adhaerens,
1508 2389 1536 2411 ct
1551 2392 1600 2419 per
1611 2384 1697 2410 otium
1717 2391 1779 2410 cum
1792 2392 1825 2410 eo

1033 2442 1210 2465 conversaris,
1224 2433 1355 2459 virtutem
1373 2432 1474 2466 accipit
1488 2431 1521 2458 ad
1538 2430 1699 2457 discendum
1711 2450 1718 2461 ,
1739 2430 1825 2457 latere

1033 2483 1060 2509 in
1075 2482 1164 2516 adytis
1176 2480 1268 2508 cordis
1280 2480 1361 2507 aliam
1377 2479 1490 2510 luetam,
1502 2483 1530 2506 et
1541 2477 1616 2505 aliud
1627 2478 1825 2512 cogitationum

1033 2528 1154 2559 bellum;
1171 2531 1199 2554 et
1220 2526 1260 2553 sic
1275 2533 1451 2561 permanens,
1469 2532 1501 2552 ac
1515 2524 1618 2552 Christi
1632 2524 1826 2551 miserationes

1035 2573 1197 2608 implorans,
1210 2572 1263 2600 fide
1278 2572 1367 2606 ipsum
1379 2570 1475 2602 multa,
1491 2574 1636 2605 postquam
1649 2569 1823 2599 sustinuerit.

1033 2622 1178 2654 sequente,
1194 2617 1261 2653 quin
1279 2621 1307 2644 et
1323 2617 1372 2644 Dei
1394 2616 1514 2650 impulsu
1535 2618 1712 2650 cooperante,
1734 2619 1825 2649 potest

1034 2664 1214 2692 interioribus
1234 2662 1345 2690 liberari
1357 2661 1474 2688 vinculis
1484 2681 1490 2693 ,
1505 2665 1533 2688 et
1551 2660 1670 2688 maceria
1686 2660 1731 2687 illa
1745 2664 1824 2688 tene~

1034 2711 1157 2743 brarum,
1174 2717 1256 2744 quam
1273 2707 1464 2736 obmoliuntur
1482 2707 1534 2742 ipsi
1553 2706 1668 2741 spiritus
1680 2705 1821 2741 nequitiae,

1034 2757 1080 2792 qui
1096 2760 1161 2783 sunt
1173 2754 1282 2783 occulte
1298 2753 1491 2781 rebellantium
1507 2752 1534 2779 in
1555 2751 1634 2779 nobis
1649 2751 1822 2787 appetituum

1605 2889 1642 2920 31
