2075 3155
273 158 325 189 963

898 159 927 188 S.
947 159 1104 189 MACARI]
1121 158 1283 188 .‘EGYPTII
1290 181 1296 187 .

1848 156 1903 188 964

273 221 363 242 motus
375 220 403 243 et
416 220 539 243 conatus.
558 215 613 242 lloc
630 220 721 242 autem
746 216 858 246 bellum,
873 223 922 251 per
946 216 1059 251 gratiam

1112 224 1157 248 τος
1172 215 1291 250 Χριστοῦ
1309 214 1356 241 καὶ
1376 214 1516 248 δυνάμεως
1531 214 1638 241 δυνατοὶ
1655 213 1786 248 γινόμεθα
1800 222 1904 249 καταρμ

270 261 373 288 Christi
388 264 416 288 et
429 261 568 291 virtutem,
585 267 730 294 possumus
741 259 877 286 vincendo
893 259 981 286 linire.
995 259 1060 286 Siue

271 307 328 334 Deo
348 314 414 334 vero
435 307 592 342 adjuvantc.
608 310 636 333 et
658 313 706 340 per
722 313 751 333 se
775 305 875 340 ipsum,
900 305 1019 332 liberare
1031 312 1061 332 se

270 361 447 389 quemquam,
462 352 553 388 quoad
569 352 653 383 lucta,
671 359 732 386 quas
747 351 798 387 ipsi
817 356 860 379 est
876 358 938 378 cum
955 351 1060 385 cogita-

271 398 392 426 tionibus
410 398 555 433 expeditus
570 397 664 430 fuerit,
683 403 725 426 est
740 397 926 432 impossibile;
943 404 1060 424 renuere

270 449 359 471 tamen
382 449 410 472 et
422 451 477 471 non
494 443 689 477 condelectari,
705 444 846 479 possibile.

303 491 389 518 XXX.
411 491 440 519 bi
461 491 524 526 quis
540 492 623 518 rebus
648 491 745 519 mundi
769 491 853 527 hujus
878 495 905 518 et
919 490 1004 518 variis
1021 495 1060 518 te—

268 542 368 564 neatur
384 537 521 568 vinculis.
543 537 671 572 idemque
688 537 794 564 feratur
815 536 936 564 motibus
954 536 1060 572 appeti-

269 587 347 609 tuum
373 582 612 614 inordinatorum,
637 583 731 618 procul
759 582 781 610 is
808 590 873 610 sane
902 582 1002 615 aberit,
1029 587 1060 610 ut

269 633 416 663 cognoscat
440 628 513 662 quod
533 627 662 659 diximus,
680 635 740 655 esse
758 627 905 663 quamdam
923 628 1057 655 occultam

270 674 350 701 aliam
365 675 478 705 luctam,
493 678 520 701 et
536 673 638 701 bellum
659 673 685 700 in
704 681 804 700 arcano
817 673 902 701 aliud.
921 673 968 701 Sat
983 674 1058 701 enim

269 723 297 746 et
308 719 416 747 abunde
433 719 624 754 gratulandum
637 718 731 750 fuerit,
745 718 768 745 si
783 718 846 753 quis
861 726 889 746 se
900 718 1060 752 ahjunxcrit

269 766 304 792 ab
322 765 519 800 apparentibus
540 765 657 796 cunctis,
672 770 700 792 ct
714 765 837 792 carnales
850 771 962 799 prorsus
979 763 1059 790 volu-

269 815 358 846 ptates
381 811 559 843 abdicaverit,
578 811 748 845 Dominoque
765 810 906 837 adhmrere
924 809 1058 844 coeperit,

269 865 301 885 ac
322 857 473 892 intelligere
499 861 581 892 queat
603 857 713 892 penitus
727 857 799 883 intra
813 864 865 883 nos
884 855 1057 883 habitantem

1112 262 1181 295 γεϊν.
1201 261 1290 288 ’Δθεεὶ
1304 260 1332 286 δὲ
1351 260 1398 287 καὶ
1411 260 1443 286 δι’
1461 259 1559 286 ἑαυτοῦ
1575 260 1710 293 ῥὺσασθαί
1728 268 1790 286 τινα
1804 260 1902 286 ἑαυτὸν

1114 306 1195 342 μέχρι
1218 305 1266 332 τοῦ
1291 306 1338 332 καὶ
1357 305 1412 332 τῶν
1431 305 1463 331 ἐκ
1488 305 1542 331 τῶν
1566 305 1704 340 λογισμῶν
1731 305 1904 340 ἀπηλλάχθαι

1111 353 1210 387 πάλης,
1231 352 1361 378 ἀδύνατον
1375 360 1382 367 ·
1396 352 1427 378 τὸ
1447 351 1477 378 δὲ
1498 351 1651 387 ἀντιλέγειν
1665 351 1712 378 καὶ
1734 351 1772 386 μὴ
1790 352 1903 386 συνήδε-

1112 397 1182 431 σθαι,
1201 397 1324 424 δυνατόν.

1146 487 1182 516 Δ¹.
1199 487 1234 515 El'
1244 496 1286 520 τις
1302 489 1359 519 τοῖς
1377 488 1520 522 πράγμασι
1534 487 1582 514 τοῦ
1598 487 1702 522 κόσμου
1723 487 1817 514 τούτου
1832 507 1840 518 ,
1856 488 1904 513 καὶ

1110 536 1167 568 τοῖς
1183 534 1316 566 ποικίλοις
1340 534 1460 569 ὲνέχοιτο
1481 534 1600 568 δεσμοῖς,
1614 535 1672 565 τοῖς
1686 535 1736 568 τῆς
1761 533 1860 565 κακίας
1873 542 1904 560 τε

1111 582 1295 616 συναπάγοιτο
1319 580 1429 615 πάθεσι,
1446 580 1545 607 πολλοῦ
1572 589 1605 614 γε
1627 581 1673 607 καὶ
1686 580 1727 607 δεῖ
1746 579 1903 614 γινώσκειν,

1109 628 1147 659 ὡς
1175 628 1328 663 φθάσαντες
1345 627 1461 662 ἔφημεν,
1477 624 1547 654 εῖναι
1562 635 1623 653 τινα
1645 626 1734 661 πάλην
1749 626 1833 661 ἄλλην
1855 626 1904 653 καὶ

1111 674 1229 710 πόλεμον
1254 675 1282 700 ὲν
1307 673 1346 709 τῷ
1363 674 1463 708 ἀφανεῖ
1478 673 1581 708 ἕτερον.
1607 673 1762 708 Ἀγαπητὺν
1786 673 1841 707 γάρ
1859 673 1904 699 ἵνα

1109 720 1195 751 λύσας
1210 728 1252 751 τις
1268 719 1364 746 ἑαυτὸν
1380 718 1488 745 πάντων
1507 718 1677 753 φαινομένων
1690 738 1697 750 ,
1709 719 1821 745 καὶτῶν
1836 720 1903 754 σὰρ-

1110 767 1196 792 κικῶν
1209 765 1312 800 ἡδονῶν
1327 765 1497 800 ἀποστήσας,
1509 764 1547 800 τῷ
1561 764 1655 800 Κυρίῳ
1667 773 1697 791 τε
1711 765 1904 800 προσεδρεύειν

1109 812 1274 847 ἀρξάμενος,
1289 811 1439 845 ἐπιγνῶναι
1464 811 1576 846 δυνηθῇ.
1593 811 1644 845 τὴν
1665 811 1740 837 ἔνδον
1760 811 1903 845 οἰκουροῦ-

1118 868 1169 886 σαν
1194 859 1248 886 τῶν
1275 858 1370 885 παθῶν
1397 858 1503 892 πάλην,
1532 857 1580 884 καὶ
1609 858 1653 883 τὸν
1680 858 1708 884 ὲν
1738 858 1804 892 ἡμῖν
1835 866 1904 892 κρυ-ι

269 904 507 939 perturbationum
523 911 555 930 (-x
571 903 661 938 pravis
681 901 825 929 affectibus
840 901 953 934 luctam,
969 905 997 928 et
1012 908 1059 928 oc—

1114 905 1180 932 πτδν
1197 905 1325 940 πόλεμον.
1347 904 1380 930 El
1396 903 1450 938 γὰρ
1469 903 1517 938 μὴ,
1536 903 1573 934 ὡς
1588 903 1705 938 ἔφημεν,
1723 903 1810 929 ταῦτα
1825 903 1904 939 γένη-

269 950 373 978 cultum
396 950 423 977 in
449 950 529 976 nobis
543 949 655 976 bellum.
673 949 730 976 Nisi
745 948 818 975 enim
842 949 870 975 in
887 955 961 980 eum,
976 955 1059 982 quem

269 997 389 1024 diximus
402 997 525 1028 modum,
541 1001 639 1023 cuncta
651 1000 808 1030 comparata
827 995 902 1027 sint,
917 993 990 1021 haud
1005 994 1060 1021 uti—

269 1051 323 1078 que
341 1052 374 1071 ex
398 1043 527 1071 omnibus
555 1042 653 1069 anima:
675 1041 778 1068 viribus
792 1061 799 1073 ,
817 1046 845 1069 et
863 1045 937 1068 totus
953 1048 985 1068 ex
1002 1044 1060 1067 toto

268 1090 330 1125 quis
346 1089 486 1117 adhaerere
495 1089 561 1120 Deo,
577 1089 688 1115 sincero
698 1088 797 1115 atl‘ectu
808 1087 949 1114 decernet.
964 1086 1059 1121 Neque

269 1141 417 1171 cognoscet
429 1143 544 1162 arcanos
557 1135 623 1162 istos
640 1134 667 1161 in
682 1142 766 1168 prava
782 1133 954 1160 tendentium
972 1139 1057 1167 appe—

269 1183 368 1210 lituum
386 1181 514 1213 insultus,
538 1185 566 1208 et
588 1180 696 1207 vincula
719 1188 779 1214 qua:
799 1179 871 1206 intra
894 1183 979 1210 sunt;
1010 1177 1058 1205 sed

269 1228 442 1264 periclitatur
461 1235 496 1254 eo
506 1227 607 1254 erroris
629 1226 734 1257 labore,
752 1230 781 1252 ut
793 1224 954 1252 vulneribus
967 1228 1058 1251 trans-

269 1273 349 1305 lixus,
361 1277 388 1300 et
403 1272 508 1300 morbis
521 1271 648 1303 ali‘ectus,
663 1278 733 1306 quos
749 1270 821 1297 ultro
836 1269 921 1301 foret,
937 1269 1058 1304 perfecte

270 1325 359 1347 tamen
380 1323 458 1354 putet
471 1326 500 1346 se
515 1318 616 1345 valere.
631 1317 662 1344 Ei
676 1320 768 1344 autem
795 1316 842 1350 qui
858 1314 1057 1350 concupiscen-

269 1367 321 1394 tias
340 1370 367 1394 et
380 1365 494 1401 gloriam
501 1363 711 1398 contempserit,
725 1362 844 1397 primum
856 1361 968 1396 quidem
978 1368 1058 1396 posse

268 1413 349 1440 datur
377 1419 409 1439 ea
442 1418 503 1446 quae
529 1410 649 1437 diximus
674 1415 859 1444 cognoscere;
875 1406 975 1434 deinde
995 1414 1058 1441 prc-

268 1463 330 1486 cato
341 1457 481 1485 Christum
496 1464 558 1483 cum
580 1455 633 1482 ﬁde
644 1475 651 1486 ,
669 1459 697 1482 et
721 1462 796 1481 arma
814 1452 934 1488 Spiritus
947 1460 962 1479 e
979 1452 1057 1479 caelis

1111 960 1166 984 ται,
1184 951 1214 977 οὺ
1232 950 1297 986 παρ’
1314 950 1377 984 ὅλης
1393 949 1471 984 ἡμῶν
1487 950 1536 984 τῆς
1548 949 1637 983 ψυχῆς
1657 949 1704 975 καὶ
1721 948 1780 980 ὅλος
1795 948 1825 980 ἐξ
1841 948 1903 976 ὅλου

1111 1006 1151 1028 τις
1177 996 1371 1032 προσεδρεύειν
1393 995 1431 1030 τῷ
1452 995 1510 1030 Θεῷ
1539 995 1685 1028 στέρξειεν,
1703 994 1904 1028 οὐδ’,ὲπιγινώ-

1112 1042 1215 1069 σχειτά
1230 1042 1373 1077 ἀπόρρητα
1388 1041 1474 1068 ταῦτα
1488 1041 1537 1076 τῆς
1553 1040 1653 1071 κακίας
1669 1040 1754 1074 πάθη,
1776 1040 1823 1067 καὶ
1839 1040 1904 1071 τοὺς

1110 1088 1165 1114 ἔσῶ
1192 1087 1310 1122 δεσμούς
1322 1095 1329 1102 θ
1347 1087 1414 1113 ἀλλὰ
1432 1085 1580 1113 κινδυνεύει
1599 1085 1748 1120 τραύματα
1771 1085 1840 1120 ἔχων
1856 1086 1904 1112 καὶ

1109 1133 1202 1168 ἀφανῆ
1227 1133 1300 1167 πάθη
1332 1132 1520 1167 περιθάλπων,
1548 1131 1682 1164 ὑγιαίνειν
1708 1130 1831 1162 οἴεσθαι,
1856 1131 1903 1157 καὶ

1110 1180 1180 1206 νοεῖν
1194 1186 1200 1192 ·
1226 1179 1265 1214 τῷ
1283 1178 1311 1205 δέ
1327 1186 1358 1212 γε
1383 1177 1534 1213 ἐπιθυμίας
1559 1178 1606 1203 καὶ
1628 1176 1708 1211 δόξης
1735 1177 1902 1212 ὑπεριδόντι,

1109 1225 1217 1261 πρῶτον
1230 1225 1279 1260 μὲν
1294 1225 1443 1258 ἐπιγνῶναι
1456 1224 1543 1251 ταῦτα
1554 1223 1665 1250 δυνατέιν
1678 1223 1793 1257 γίνεται,
1807 1222 1904 1249 ἔπειτα,

1107 1270 1136 1297 δὲ
1152 1270 1274 1305 δεηθέντι
1288 1269 1407 1304 Χριστοῦ
1427 1269 1496 1301 μετᾶ
1508 1268 1638 1299 πίστεως,
1654 1268 1701 1294 καὶ
1714 1268 1783 1294 ὅπλα
1794 1267 1904 1293 λάῦονει

1109 1316 1137 1350 ἐξ
1154 1316 1268 1352 οὐρανοῦ
1283 1316 1317 1342 τὰ
1334 1315 1381 1342 τοῦ
1398 1315 1556 1349 Πνεύματος
1567 1335 1574 1345 ,
1590 1315 1635 1341 τὸν
1654 1313 1767 1348 θώρακα
1789 1313 1839 1348 τῆς
1861 1313 1903 1339 δι-

1108 1360 1265 1395 καιοσύνης,
1277 1360 1326 1394 τὴν
1342 1359 1560 1395 περικεφαλαίαν
1575 1359 1621 1385 τοῦ
1636 1359 1781 1393 σωτηρίου,
1796 1358 1842 1384 τὸν
1858 1358 1906 1384 θια-

1112 1407 1173 1443 ρεὺν
1199 1407 1248 1441 τῆς
1272 1407 1402 1436 πίστεως,
1422 1406 1466 1432 καὶ
1493 1405 1542 1440 τὴν
1567 1404 1725 1440 Πνεύματος
1751 1405 1902 1439 μάχαιραν,

1111 1451 1198 1478 ταῦτα
1211 1450 1422 1477 καταπαλαῖσαι.

269 1504 388 1538 adepto,
409 1502 522 1529 loricam
547 1501 653 1528 scilicet
674 1498 799 1534 iustitiae,
827 1498 931 1533 galeam
955 1496 1063 1528 salutis,
1094 1501 1203 1524 scutum
1231 1495 1306 1528 tidei,
1330 1501 1357 1523 et
1381 1495 1503 1532 gladium
1535 1494 1764 1530 Spiritus,facile
1776 1494 1816 1528 ﬁt,
1832 1500 1906 1525 totas

268 1553 330 1581 illas
342 1551 472 1579 adversas
491 1549 629 1577 debellare
645 1547 729 1575 acies.

305 1597 402 1626 XXXI.
414 1595 633 1624 innumerabiles
643 1594 714 1620 hosti
727 1597 820 1620 nostro
835 1593 930 1620 insunt
941 1590 1059 1619 nocendi
1074 1592 1097 1623 ο

268 1650 354 1677 artes.
370 1644 488 1671 avellere
502 1650 553 1670 nos
564 1649 579 1668 a
591 1641 725 1668 charitate
737 1640 764 1666 in
781 1639 921 1667 Christum
934 1638 1058 1666 conanti.

268 1694 326 1724 Aut,
341 1691 415 1718 enim
438 1689 513 1716 intus
535 1686 708 1718 alﬂictioncs,
724 1693 773 1720 per
794 1684 914 1720 Spiritus
927 1683 1058 1718 nequitias

268 1739 298 1766 in
309 1737 430 1765 animam
447 1734 589 1767 immittit;
605 1737 652 1760 aut
669 1731 851 1768 cogitationes
867 1731 1010 1758 ohscmnas
1030 1734 1059 1757 et

268 1784 404 1813 nefandas
430 1781 576 1818 producit,
603 1784 775 1815 patratorum
795 1777 861 1806 olim
889 1777 1058 1812 ﬂagitiorum

270 1829 431 1858 memoriam
448 1827 597 1860 refricans;
616 1825 755 1853 interdum
771 1828 930 1858 ctsatagens
945 1822 1059 1858 injicere

269 1874 392 1907 taedium,
406 1868 858 1908 suggestioncsquedesperationis
873 1868 1008 1899 inserens,
1016 1874 1058 1894 sa-

269 1921 326 1948 lnte
339 1926 399 1946 eam
416 1917 499 1952 potiri
515 1924 570 1944 non
594 1923 695 1950 posse;
715 1915 751 1941 ita
772 1913 884 1949 quidem
899 1918 930 1940 ut
951 1913 1058 1947 cogita-

269 1966 359 1993 tiones
384 1965 452 1992 istas
467 1971 500 1990 ex
517 1962 608 1989 anima
626 1969 675 1996 per
696 1969 725 1988 se
748 1961 806 1996 ipsa
825 1960 898 1987 ultro
915 1963 1003 1986 enata:
1018 1959 1058 1984 vi-

269 2013 406 2043 deantur;
421 2017 476 2037 non
486 2014 577 2036 autem
595 2008 630 2035 ab
644 2008 733 2034 alieno
745 2006 844 2042 spiritu
861 2005 979 2041 maligne
991 2003 1058 2032 sub-

268 2058 420 2087 seminatae,
442 2060 537 2090 utpote
557 2054 604 2089 qui
631 2053 706 2088 cupit
725 2053 820 2079 latere.
836 2051 890 2079 Aut
905 2051 989 2086 igitur
1000 2050 1058 2077 haec

269 2102 334 2137 agit,
347 2105 396 2128 aut
406 2100 516 2127 labores
526 2105 676 2134 corporcos
691 2096 814 2124 immittit
831 2105 838 2129 ;
855 2100 902 2122 aut
916 2095 999 2122 variis
1012 2103 1058 2122 ex-

268 2147 395 2182 cogitatis
415 2145 504 2172 modis
525 2148 669 2179 procurat,
695 2142 870 2170 contumeliis
883 2141 971 2168 bonos
986 2140 1056 2168 uilici

269 2193 304 2220 ab
318 2191 488 2219 hominibus.
505 2190 540 2217 At
553 2195 655 2224 quanto
671 2187 800 2215 acerbius
814 2187 949 2222 malignus
969 2186 1058 2214 hostis

268 2240 328 2268 hac
343 2238 371 2265 in
386 2245 438 2265 nos
450 2237 529 2271 ignea
541 2237 680 2272 jaculatur
697 2236 749 2262 tela
762 2244 770 2268 ;
791 2238 868 2261 tanto
884 2242 934 2261 nos
949 2234 1055 2260 instan—

269 2286 325 2315 tius
332 2283 461 2312 convenit
473 2284 531 2317 spei
547 2289 693 2318 suspensas
705 2289 738 2308 ex
751 2280 807 2308 Deo
820 2279 906 2313 magis
916 2279 1058 2314 magisque

267 2333 371 2361 habere
389 2332 509 2360 rationes
527 2340 534 2364 ;
552 2335 629 2358 certo
662 2329 757 2364 utique
778 2334 935 2363 persuasos,
964 2325 1058 2353 divina

268 2378 350 2407 nobis
368 2378 432 2406 talia
446 2376 569 2413 permitti
585 2376 724 2402 voluntate
737 2394 744 2406 ,
763 2381 823 2408 quze
838 2379 922 2399 unum
932 2371 959 2398 id
978 2378 1057 2405 spec—

269 2430 319 2458 tat,
337 2430 368 2452 ut
392 2428 516 2452 amantes
535 2422 583 2450 Dei
608 2421 708 2448 anima:
725 2423 767 2447 tot
789 2418 937 2453 exploratae
957 2417 1057 2451 proba-

270 2471 405 2503 tionibus,
430 2469 577 2497 manifesto
593 2471 747 2495 monstrent
763 2474 792 2492 sc
811 2472 874 2492 cum
895 2465 922 2491 iu
940 2464 1055 2491 veritate

267 2517 397 2552 diligere.

305 2562 385 2597 221
411 2560 517 2588 XXX“.
535 2560 605 2586 Anni
620 2559 693 2586 mille
713 2558 795 2593 hujus
811 2555 873 2589 aevi,
903 2555 1006 2583 mundo
1019 2555 1057 2581 in-

267 2607 444 2644 corruptibili
457 2611 485 2634 et
497 2605 643 2634 aeternitati
656 2604 819 2639 comparati,
829 2611 861 2630 ea
873 2603 911 2629 illi
921 2602 979 2629 fere
992 2609 1057 2636 pro-

269 2654 396 2690 portione
421 2651 599 2687 respondent,
629 2658 682 2685 qua
695 2654 724 2676 ut
741 2649 763 2676 si
785 2649 848 2683 quis
871 2655 904 2674 ex
930 2647 1057 2674 universa

269 2705 355 2725 arena
376 2704 461 2724 unum
483 2700 598 2732 granum
612 2694 740 2729 accipiat.
756 2692 1012 2720 considerationem
1030 2694 1058 2718 et

269 2746 342 2774 hanc
359 2745 472 2772 institue
489 2751 497 2775 ;
523 2749 684 2770 concessum
703 2741 752 2768 tibi
768 2744 833 2767 esse
854 2745 1013 2773 supremum
1031 2737 1058 2764 in

266 2799 365 2819 omnes
382 2795 469 2818 terras
491 2789 637 2824 imperium
658 2795 720 2815 cum
735 2788 813 2822 plena
827 2793 855 2813 et
878 2792 974 2813 secura
996 2791 1060 2819 pos-

269 2843 393 2864 sessione
408 2835 530 2862 omnium
542 2834 746 2861 thesaurorum.
760 2832 904 2858 Faciamus
926 2834 1059 2865 prwtcrea

267 2888 346 2909 mum
361 2881 428 2909 ιιιυά
441 2889 556 2918 regnum
569 2879 715 2915 incocpisse
735 2878 826 2905 statim
838 2885 851 2903 ιι
864 2877 953 2912 primo
968 2883 1060 2904 rerum

1147 1591 1210 1617 AA’.
1232 1589 1336 1625 Μυρίαι
1363 1589 1402 1624 τῷ
1428 1589 1609 1625 ἀντικειμένῳ
1633 1591 1660 1617 al
1688 1591 1808 1626 μηχαναὶ
1836 1591 1907 1618 καθ’

1111 1637 1200 1673 ήμῶν,
1218 1637 1267 1672 τῆς
1279 1637 1319 1668 είς
1334 1636 1380 1663 τὸν
1393 1637 1518 1672 Χριστὸν
1531 1637 1642 1671 ἀγάπης
1657 1637 1784 1672 ἀποσπᾷν
1798 1646 1900 1672 πειρω-

1113 1683 1196 1717 μένῳ.
1211 1682 1246 1709 Ἢ
1273 1682 1328 1718 γὰρ
1344 1682 1418 1709 ἔνδον
1437 1681 1542 1716 θλίψεις
1570 1681 1613 1708 διὰ
1625 1682 1678 1708 τῶν
1700 1682 1753 1716 τῆς
1770 1682 1904 1718 πονηρίας

1111 1729 1274 1764 πνευμάτων
1297 1731 1329 1764 τῇ
1346 1729 1420 1764 ψυχῇ
1442 1729 1550 1762 ἐπάγει,
1582 1728 1599 1763 ἢ
1619 1728 1767 1762 λογισμοὺς
1785 1729 1902 1763 μιαρούς

1111 1783 1140 1801 τε
1155 1775 1200 1801 καὶ
1216 1774 1364 1809 ἀθεμίτους
1381 1774 1484 1810 ταύτης
1497 1774 1707 1806 κατασκευάζει,
1724 1774 1778 1801 τῶν
1806 1775 1905 1810 προτέ-

1113 1829 1167 1856 ρων
1194 1819 1405 1855 ἁμαρτημάτων
1432 1820 1483 1854 τὴν
1505 1821 1614 1856 μνήμην
1630 1820 1833 1849 άνασκαλεύων,
1854 1820 1903 1847 ἅτε

1111 1866 1247 1901 χαύνωσιν
1261 1867 1328 1901 αὐτῇ
1357 1865 1476 1892 ἐνθεῖναι
1502 1866 1673 1901 βουλόμενος,
1692 1867 1739 1892 καὶ
1755 1866 1903 1901 λογισμοὺς

1111 1910 1300 1945 ἀπογνώσεως.
1322 1909 1479 1945 ἐμϐάλλειν,
1505 1911 1546 1936 ὅτι
1558 1910 1588 1936 δὲ
1598 1910 1628 1936 οὺ
1641 1911 1753 1938 δυνατὸν
1765 1911 1831 1946 αὐτῇ
1849 1920 1901 1937 σω-

1110 1956 1208 1992 τηρίας
1222 1957 1331 1990 τυχεῖν·
1353 1956 1401 1982 καὶ
1425 1956 1463 1987 ὡς
1479 1958 1542 1988 τοὺς
1557 1956 1703 1991 λογισμοὺς
1717 1958 1828 1989 τούτους
1837 1957 1903 1991 παρ’

1110 2003 1210 2037 ἑαυτῆς
1233 2002 1302 2033 ὅλως
1314 2003 1365 2038 τῆς
1382 2002 1472 2037 ψυχῆς
1487 2002 1637 2038 γεννώσης,
1652 2005 1698 2030 καὶ
1710 2004 1771 2039 οὐχὶ
1782 2005 1904 2040 πνεύμα-

1110 2056 1154 2080 τος
1172 2048 1313 2082 ἀλλοτρίου
1340 2048 1434 2080 κακῶς
1462 2049 1561 2080 αὐτοὺς
1593 2050 1829 2085 ὑποσπείραντος,
1856 2052 1903 2078 καὶ

1112 2094 1273 2129 βουλομένου
1296 2094 1450 2121 λανθάνειν.
1481 2095 1516 2121 ’Ὴ
1540 2095 1632 2121 τοίνυν
1662 2098 1753 2122 ἐκεῖνα
1778 2099 1858 2129 ποιεῖ,
1884 2097 1902 2132 ἢ

1111 2139 1208 2171 πόνους
1229 2140 1400 2174 σωματικοὺς
1419 2139 1529 2174 ἐπάγει.
1548 2141 1583 2167 Ἦ
1594 2141 1764 2176 ὀνειδισμοὺς
1783 2143 1830 2169 καὶ
1846 2142 1903 2169 θλί-

1109 2185 1170 2220 ψεις
1185 2185 1235 2216 τὰς
1246 2185 1276 2218 ἐξ
1295 2184 1447 2220 ἀνθρώπων
1472 2186 1576 2213 ἐπινοεῖ
1594 2195 1601 2201 ·
1624 2187 1681 2214 ἀλλ’
1703 2189 1764 2214 ὅσον
1777 2189 1791 2214 ὁ
1815 2197 1901 2225 πονη-

1111 2231 1157 2266 ρὸς
1171 2231 1205 2257 τὰ
1218 2231 1405 2266 πεπυρωμένα
1423 2231 1516 2265 ,ταῦτα
1536 2232 1600 2267 βέλη
1624 2233 1685 2260 καθ’
1698 2233 1775 2268 ἡμῶν
1792 2235 1901 2270 ἀφίησι,

1075 2268 1236 2303 ί)το;τοῦτον
1262 2277 1337 2312 ἡμᾶς
1351 2278 1499 2312 ’προσήκει
1528 2278 1579 2313 τῆς
1611 2279 1679 2314 πρὸς
1702 2279 1768 2306 Θεὸν
1794 2268 1902 2312 ἐλπίδος

1113 2323 1213 2358 μᾶλλον
1239 2322 1366 2358 ὲξῆφθαι,
1396 2323 1518 2358 ἀκριϐῶς
1543 2324 1659 2358 εἰδότας,
1674 2325 1716 2351 ὅτι
1732 2325 1811 2352 τοῦτο
1825 2326 1902 2361 αὐτῷ

1111 2369 1218 2404 θέλημα
1232 2377 1238 2384 ·
1251 2369 1282 2395 τὸ
1308 2368 1357 2400 τὰς
1379 2368 1517 2403 ἐρωτικῶς
1547 2369 1662 2404 ἐχούσας
1673 2369 1755 2396 αὑτοῦ
1772 2371 1812 2401 είς
1825 2370 1901 2396 δοκί-

1112 2425 1173 2451 μιον
1201 2416 1293 2442 δοῦναι
1318 2416 1418 2451 ψυχὰς,
1437 2416 1462 2442 εί
1481 2416 1510 2449 ἐξ
1539 2415 1670 2450 ἀληθείας
1694 2416 1775 2443 αὐτὸν
1791 2417 1902 2452 ἠγαπή-

1110 2470 1184 2489 κασι.

1144 2555 1205 2582 AB'.
1224 2554 1305 2580 Χίλια
1323 2553 1371 2587 ἐτη
1399 2553 1446 2579 τοῦ
1462 2553 1559 2584 αἰῶνος
1578 2553 1685 2585 τούτου,
1700 2537 1837 2588 άφθάρτῳ
1857 2554 1905 2580 x6-

1110 2610 1170 2636 σμῳ
1186 2602 1232 2627 καὶ
1252 2599 1330 2627 αἰῶνι
1349 2599 1579 2634 παραϐαλλόμενα
1599 2598 1706 2625 τοιοῦτό
1725 2599 1752 2625 τί
1768 2600 1848 2630 εἰσιν,
1864 2600 1904 2631 ὡς

1109 2648 1135 2674 εἰ
1151 2656 1192 2678 τις
1207 2648 1320 2681 ψάμμον
1341 2646 1405 2681 μίαν
1418 2646 1466 2679 τῆς
1486 2645 1550 2679 ὅλης
1572 2645 1686 2680 ψάμμου
1703 2645 1752 2679 τῆς
1762 2645 1902 2679 θαλάσσης

1110 2693 1197 2720 λάϐοι.
1215 2691 1318 2726 Σκέψαι
1339 2692 1367 2718 δέ
1385 2699 1431 2725 μοι
1451 2691 1498 2717 καὶ
1523 2690 1568 2717 τὸν
1587 2691 1687 2726 τρόπον
1704 2691 1813 2717 τοῦτον·
1831 2691 1903 2718 ἔστω

1109 2740 1163 2774 γὰρ
1179 2737 1278 2770 ἐξεῖναί
1303 2746 1343 2763 σοι
1371 2737 1443 2772 μόνῳ
1469 2737 1518 2771 μὲν
1541 2736 1667 2771 γενέσθαι
1691 2737 1796 2772 βασιλεί
1810 2737 1904 2771 πάσης

1109 2785 1157 2819 τῆς
1182 2783 1251 2818 γῆς·
1279 2783 1352 2818 μόνῳ
1364 2783 1419 2808 τῶν
1445 2782 1589 2817 θησαυρῶν
1617 2783 1745 2810 ἁπάντων
1769 2783 1904 2811 δεσπόσαι

1109 2831 1159 2865 τῆς
1173 2829 1348 2863 οἰκουμένης.
1376 2828 1474 2863 Θῶμεν
1489 2829 1517 2854 δὲ
1539 2829 1589 2863 τὴν
1614 2829 1701 2864 ἀρχὴν
1717 2829 1766 2863 τῆς
1783 2828 1838 2855 τῶν
1852 2829 1904 2855 ἁν-

1113 2875 1229 2912 θρώπων
1245 2875 1284 2906 εἰς
1296 2875 1326 2900 τὸ
1347 2872 1417 2901 εἶναι
1436 2875 1616 2910 παραγωγῆς,
1632 2875 1720 2910 ἀρχὴν
1735 2875 1780 2902 καί
1796 2883 1837 2901 σοι
1855 2884 1902 2909 γε-
