2075 3155
168 172 223 204 965

744 174 792 203 DE
809 174 1021 204 LIBERTATE
1041 174 1194 205 MENTIS.

1734 178 1786 209 966

168 225 260 252 νὲσθαι
280 225 326 260 τῆς
351 225 488 260 βασιλείας
499 233 505 240 ·
520 227 582 260 ὅρον
597 226 626 252 δὲ
639 226 740 262 ταύτης
753 225 822 254 εἶναι
837 227 886 263 τὴν
899 228 951 255 τῶν

1013 233 1077 261 πω,
1095 236 1127 256 ac
1141 229 1291 256 terminum
1307 229 1366 264 ejus
1376 229 1435 256 [ore
1455 231 1718 258 consummationem
1747 233 1789 259 ul-

170 271 340 306 φαινομένων
365 271 467 298 τούτων
482 271 529 298 καὶ
545 271 591 299 τοῦ
607 272 709 307 κόσμου
727 273 827 305 παντὸς
842 273 955 301 ἀλλοίω-

169 317 211 344 σίν
234 326 263 343 τε
286 317 332 344 καὶ
358 317 547 351 μεταποίησιν.
564 317 597 344 Τί
620 317 688 351 οὓν;
704 319 836 353 αἱρέσεώς
852 327 894 346 σοι
909 319 954 346 δο-

169 363 272 397 θείσης.
293 363 414 398 ἧμειψας
437 363 522 397 αὐτὴν
543 363 594 398 τῆς
619 364 749 399 ἀληθινῆς
766 366 812 392 καὶ
829 365 954 400 βεϐαίας,

168 409 215 438 καὶ
231 407 307 434 οὐδὲν
321 407 436 438 οὐδόλως
447 408 562 442 ἐχούσης
577 409 724 443 παροδικδν
739 410 787 436 καὶ
800 409 931 445 λυόμενον
943 418 950 442 ;

168 453 225 480 Οὐκ
247 452 280 479 ἂν
295 453 382 487 ἔγωγε
397 453 491 488 φαίην,
508 455 534 480 εί
549 462 589 480 σοι
602 454 632 480 τὸ
649 454 741 490 κρίνον
758 454 824 490 εἶχε,
843 455 891 482 καὶ
904 464 956 482 κα-

168 499 222 530 λῶς
237 498 371 525 ἐσκέπτου
388 499 452 533 περ)⁸
466 499 519 526 τῶν
535 499 589 526 σῶν
601 508 608 514 ν
628 501 657 527 Τί
674 501 728 534 γὰρ
748 500 862 534 κέρδος,
878 501 955 535 φησὶ,

168 544 209 577 τῷ
222 543 376 578 ἀνθρώπῳ,
391 545 417 571 ει
438 544 491 571 τὸν
509 545 626 579 κόσμον
648 544 722 572 ὅλον
736 545 897 579 κερδήσας,
911 544 958 578 ζη-

165 591 261 625 μιωθῇ
280 591 339 624 τὴν
357 590 463 625 ψυχὴν
478 591 583 622 αὑτοῦ,
599 589 632 627 ἦς
649 592 702 618 οὐδ’
725 589 794 618 εἶναι
818 599 844 618 τι
859 591 957 619 ἀντάλ-

168 638 261 672 λαγμα
276 637 492 672 μεμαθήκαμεν;
510 638 570 664 ἐπεὶ
588 638 633 664 καὶ
658 638 758 669 παντὸς
779 636 827 663 τοῦ
852 637 956 673 κόσμου

170 684 217 710 καὶ
241 683 290 718 τῆς
311 683 382 709 κατὰ
412 683 513 718 κόσμον
538 683 676 716 βασιλείας
706 683 774 718 αὐτὴ
802 684 869 718 μόνη
896 683 957 710 καθ’

169 728 269 763 ἑαυτὴν
289 730 305 763 ἡ
327 728 399 763 ψυχὴ
423 729 574 764 τιμιωτέρα
599 729 701 764 πολλῷ,
719 731 798 765 μήτοι
822 738 853 764 γε
871 730 888 765 ἡ
903 729 959 756 τῶν

169 774 291 809 οὐρανῶν
315 773 451 809 βασιλεία·
480 774 645 809 τιμιωτέραν
666 774 695 801 δὲ
722 775 792 801 κατὰ
807 775 887 802 τοῦτο
908 775 958 810 τὴν

168 818 257 854 ψυχὴν
272 818 352 850 εἶναι,
368 819 469 854 φαμὲν,
486 819 546 846 καθ’
561 820 575 846 ὃ
592 820 629 854 μὴ
655 821 700 846 ἐπ’
720 820 795 847 οὐδὲν
819 821 884 848 ἄλλο
904 820 958 847 τῶν

169 865 255 891 ὄντων
281 865 434 900 ηὐδόκησεν
458 866 472 891 ὑ
497 865 562 896 Θεὸς
581 865 627 892 τοῦ
643 865 800 900 Πνεύματος
817 866 867 900 τῆς
891 866 959 898 ἰδίας

170 909 277 944 φύσεως
299 910 395 936 ἕνωσιν
421 910 515 936 θέσθαι
530 911 577 937 καὶ
593 911 751 938 κοινωνίαν·
771 912 822 938 οὐκ
840 911 957 946 οὐρανῷ,

169 954 219 988 οὐχ
234 954 311 989 ἡλίῳ,
328 955 378 980 οὐκ
396 954 521 990 ἄστροις,
539 956 570 982 οὐ
588 955 716 991 Θαλάττῃ,
731 956 761 983 οὐ
783 958 829 991 γῇ,
843 957 891 992 οὐχ
906 956 961 983 ἑτέ-

171 1009 206 1035 ρᾳ.
231 1000 284 1026 τινὶ
301 1000 388 1026 κτίσει
409 1001 463 1026 τῶν
479 1001 635 1036 ὁρωμένων,
652 1002 693 1028 ὅτι
711 1002 747 1037 μὴ
770 1002 809 1037 τῷ
826 1002 961 1038 ἀνθρώπῳ

173 1046 264 1081 μόνῳ·
281 1043 303 1080 ᾧ
328 1048 375 1072 καὶ
398 1046 453 1072 τῶν
483 1046 640 1081 κτισμάτων
664 1047 744 1078 αὐτὸς
766 1048 892 1083 ἠγάπησε
907 1049 961 1075 τῶν

169 1091 289 1118 οἰκείων.
311 1092 343 1117 El
365 1091 410 1117 οὖν
425 1091 457 1118 τὰ
475 1092 580 1126 μεγάλα
591 1092 670 1120 ταυτὶ
684 1092 732 1119 τοῦ
746 1093 861 1128 κόσμου,
877 1093 961 1120 πλοῦ-

169 1136 216 1162 τόν
240 1145 311 1172 φημι
332 1137 438 1163 τοσόνδε
460 1137 506 1164 καὶ
528 1137 666 1172 βασιλείαν
688 1138 738 1173 τῆς
773 1139 825 1173 γῆς
852 1138 961 1173 ἁπάσης

171 1182 216 1216 ὑφ’
232 1183 272 1209 ἐνὶ
290 1183 364 1218 μόνῳ
378 1183 519 1219 κειμένην,
534 1184 584 1210 οὐκ
600 1184 633 1210 ἂν
648 1184 736 1220 ὀρθῶς
757 1185 900 1219 κρίναντες
912 1184 962 1219 τῆς

170 1228 280 1254 αἰωνίου
293 1228 448 1264 ἡλλάξαμεν
465 1229 612 1264 βασιλείας,
624 1230 650 1256 τί
666 1229 797 1261 παθόντες
813 1230 837 1256 οἱ
851 1230 962 1261 πλείους

171 1273 280 1307 φαύλων
303 1274 387 1309 αὐτὴν
406 1274 453 1301 καὶ
466 1275 520 1301 τῶν
535 1275 670 1309 τυχόντων
683 1275 818 1310 τιμῶνται
831 1276 963 1310 πραγμά-

171 1315 312 1345 τωνόἶον
338 1319 487 1354 ἐπιθυμίας
513 1320 596 1351 τινὸς,
622 1320 702 1355 δόξης
726 1320 831 1356 ὀλίγης,
851 1321 962 1355 κέρδους

173 1363 294 1399 μετρίου,
310 1364 356 1390 καὶ
369 1364 423 1391 τῶν
435 1365 563 1391 τοιούτων
574 1374 582 1398 ς
598 1365 666 1401 ὅπερ
679 1365 734 1401 γάρ
747 1375 788 1397 τις
803 1366 850 1393 τοῦ
865 1366 963 1397 αἰῶνος

171 1409 267 1436 τούτου
281 1409 362 1444 φιλεῖ,
379 1410 427 1436 καὶ
438 1406 460 1444 ᾧ
472 1410 589 1443 δέδεται,
602 1411 691 1438 ἐκεῖνο
713 1412 822 1443 πάντως
841 1411 889 1438 καὶ
913 1412 963 1445 τῆς

172 1454 225 1481 τῶν
240 1454 365 1491 οὐρανῶν
379 1455 537 1483 ἀλλάττεται
555 1455 692 1491 βασιλείας
706 1465 712 1472 ⁸
727 1457 774 1483 καὶ
791 1457 820 1483 τὸ
837 1457 962 1492 χαλεπώ-

171 1507 263 1532 τατον,
279 1501 320 1526 ὅτι
339 1501 386 1527 καὶ
405 1501 471 1528 Θεὸν
498 1502 605 1537 ἡγεῖται
619 1502 714 1528 τοῦτο·
737 1502 827 1534 καθώς
849 1511 901 1529 που
920 1503 964 1529 λέ-

172 1545 275 1578 λεκται,
293 1547 334 1574 ὃτι
350 1544 374 1582 ᾧ
390 1556 434 1582 τις
451 1547 585 1582 ἥττηται,
597 1549 691 1582 τούτῳ
710 1549 758 1575 καὶ
770 1549 960 1577 δεδούλωται.

172 1592 233 1628 Χρὴ
251 1593 297 1620 οὖν
322 1593 382 1620 ὅλον
400 1594 453 1630 ὅλῳ
476 1595 511 1621 δι’
523 1594 586 1621 ὅλου
612 1593 652 1630 τῷ
678 1594 737 1630 Θεῷ
763 1595 959 1630 προσδραμεῖν,

173 1639 325 1674 ἀναρτῆσαι
347 1648 376 1665 τε
397 1640 494 1667 ἑαυτὸν
510 1641 557 1667 καὶ
573 1641 733 1676 σταυρῶσαι
745 1641 817 1677 ψυχῇ
842 1642 890 1668 καὶ
907 1641 961 1668 σώ-

174 1691 241 1718 ματι
257 1683 302 1710 διὰ
325 1686 419 1712 πασῶν
445 1686 627 1721 πορευόμενον
653 1686 709 1713 τῶν
737 1686 852 1714 ἐντολῶν
878 1687 961 1714 αὑτοῦ

172 1728 228 1755 τῶν
245 1729 279 1763 ἀγ
284 1729 340 1757 ιων.
379 1739 382 1742 '

1007 272 1103 298 timam
1132 272 1235 304 saeculi,
1252 277 1280 299 et
1306 280 1399 300 rerum
1425 273 1507 301 modo
1535 275 1725 309 apparentium
1742 283 1790 303 ex-

1007 322 1157 352 spectatam
1174 318 1321 353 aliquando
1336 319 1527 347 mutationem.
1540 320 1610 353 Quid
1624 321 1710 356 ergo?
1724 329 1790 348 num

1007 361 1136 396 opinione
1151 362 1201 389 tibi
1219 362 1282 389 data
1313 362 1443 398 eligendi,
1458 368 1549 390 utrum
1570 364 1665 391 malles
1683 364 1791 392 existis

1007 407 1117 434 duobus
1131 408 1232 442 regnis,
1250 412 1418 442 praeoptares
1434 408 1486 435 hoc
1499 413 1638 436 terrenum
1656 409 1683 436 in
1696 410 1792 436 mundi

1008 449 1061 478 ﬁne
1095 451 1270 485 desiturum,
1296 452 1447 487 praeferens
1471 453 1498 480 id
1522 453 1561 480 illi
1581 453 1686 481 caelesti
1702 454 1791 486 alteri.

1008 504 1084 529 vero,
1097 497 1186 524 solido
1209 502 1238 524 et
1257 497 1428 532 permanenti
1445 499 1549 533 regno?
1574 498 1651 526 Haud
1666 499 1792 534 equidem

1008 542 1183 575 crediderim,
1198 543 1221 570 si
1241 543 1336 578 utique
1351 544 1450 578 sapias,
1467 548 1495 570 et
1511 551 1589 578 aequo
1601 549 1733 579 rectoque
1747 545 1792 579 ju-

1009 587 1082 614 dicio
1096 587 1130 614 de
1143 595 1172 615 re
1188 592 1234 615 tua
1245 592 1320 615 tanta
1331 593 1445 616 statuas.
1456 588 1524 621 Quid
1533 590 1601 615 enim
1616 589 1664 621 (ait
1676 589 1792 623 Veritas)

1009 633 1115 667 prodest
1139 635 1250 666 homini,
1280 635 1304 664 et"
1335 635 1463 662 mundum
1489 636 1638 662 uniuersum
1670 635 1794 666 lucretur,

1016 679 1114 705 animae
1143 683 1231 706 autem
1273 687 1328 707 suae
1352 679 1536 706 detrimentum
1560 681 1680 714 patiatur
1691 680 1723 706 ⁷⁷.
1742 680 1796 707 Pro

1010 730 1064 757 qua
1082 723 1151 751 nihil
1170 731 1220 758 par
1235 725 1263 752 in
1283 725 1524 752 commutationem
1549 725 1609 752 dari
1626 732 1707 760 posse
1721 724 1796 751 didi-

1009 770 1108 802 cimus,
1123 770 1346 804 quandoquidem
1363 775 1391 798 et
1404 771 1507 798 mundo
1523 771 1583 805 ipso
1600 774 1667 804 toto,
1683 774 1711 797 et
1726 777 1796 805 qua-

1009 813 1140 849 licunque
1157 815 1298 842 mundano
1312 823 1406 850 regno,
1426 815 1483 844 sola
1496 823 1546 850 per
1563 823 1592 843 se
1608 816 1693 850 ipsam
1705 815 1798 842 anima

1009 859 1157 894 pretiosior
1179 859 1267 886 multo
1278 864 1335 892 est;
1351 859 1452 887 nedum
1468 864 1498 886 ut
1513 860 1665 894 comparari
1689 867 1751 886 cum
1764 859 1797 887 iis

1011 905 1097 940 possit
1122 905 1254 933 ctelorum
1274 913 1399 940 regnum.
1417 905 1482 932 Inde
1497 909 1587 932 autem
1605 905 1798 940 pretiosiorem

1012 950 1120 978 cunctis
1140 951 1258 978 dicimus
1279 950 1498 985 animam,quod
1519 951 1605 977 solam
1633 950 1706 977 illam
1726 950 1798 977 inter

1012 1002 1108 1022 omnes
1121 995 1267 1023 inferiores
1283 999 1424 1023 creaturas
1438 994 1547 1030 dignam
1564 995 1636 1022 Deus
1653 994 1797 1030 judicavit,

1012 1041 1057 1068 cui
1070 1049 1151 1068 suum
1165 1041 1285 1076 propriae
1300 1044 1404 1067 naturae
1425 1039 1556 1075 Spiritum
1574 1039 1669 1067 intime
1691 1039 1799 1066 unitum

1011 1086 1123 1122 penitus
1137 1087 1244 1114 inderet
1257 1091 1286 1114 et
1301 1086 1539 1118 communicaret;
1555 1085 1629 1120 quod
1647 1092 1701 1113 non
1717 1085 1798 1118 caelo,

1011 1139 1066 1159 non
1083 1132 1144 1164 soli,
1156 1139 1211 1158 non
1224 1131 1316 1164 astris,
1332 1139 1388 1158 non
1400 1130 1479 1163 mari,
1492 1138 1547 1157 non
1560 1135 1639 1157 terra:
1650 1130 1798 1162 conceSsit;

1014 1184 1071 1204 non
1084 1178 1130 1205 alii
1156 1177 1275 1212 denique
1295 1177 1446 1204 visibilium
1459 1180 1592 1203 creaturae
1615 1175 1664 1202 ulli
1687 1180 1801 1210 prmter-

1012 1231 1095 1258 quam
1113 1222 1160 1249 uni
1183 1222 1289 1249 homini
1303 1230 1310 1255 ;
1323 1228 1406 1257 quem
1421 1221 1482 1249 vice
1495 1221 1619 1250 omnium
1634 1228 1649 1247 a
1664 1228 1692 1248 se
1703 1220 1800 1248 condi—

1014 1272 1104 1296 torum
1133 1267 1160 1294 in
1187 1274 1293 1302 partem
1317 1267 1396 1303 quasi
1419 1266 1559 1302 propriam
1587 1266 1641 1294 sibi
1666 1265 1799 1301 seposuit.

1013 1313 1119 1348 sibique
1132 1313 1274 1349 applicuit,
1291 1320 1324 1340 eo
1347 1316 1503 1340 contentus.
1534 1312 1563 1340 Si
1585 1320 1650 1347 ergo
1671 1312 1730 1339 haec
1739 1319 1801 1347 qua:

1015 1359 1125 1386 maximi
1150 1357 1220 1386 tium
1242 1359 1269 1385 in
1283 1358 1397 1391 mundo,
1418 1357 1531 1390 divitiae,
1557 1357 1629 1390 dico,
1643 1358 1754 1393 amplae,
1772 1363 1801 1386 et

1014 1411 1094 1432 terra:
1120 1405 1204 1432 totius
1228 1404 1373 1439 imperium
1396 1404 1424 1431 in
1449 1403 1605 1431 monarchae
1620 1403 1701 1431 unius
1719 1404 1801 1438 pleno

1013 1450 1128 1478 arbitrio
1143 1450 1264 1485 positum
1288 1449 1511 1484 haudquaquam,
1536 1453 1610 1476 recte
1633 1448 1800 1484 iudicantes,

1014 1506 1076 1525 cum
1090 1501 1193 1524 ωιετηο
1215 1499 1446 1523 commutaremus
1462 1502 1563 1529 regno;
1578 1502 1639 1529 quae
1661 1494 1802 1522 dementia

990 1544 1197 1581 ‘plurimorum
1222 1546 1275 1572 est,
1304 1548 1374 1575 quos
1397 1540 1519 1575 quotidie
1548 1540 1675 1567 videmus
1702 1539 1802 1568 vilibus

1016 1589 1083 1618 illud
1114 1593 1142 1617 et
1175 1587 1333 1619 mediocris,
1362 1586 1445 1613 etiam
1475 1585 1581 1620 vulgari
1610 1585 1800 1619 aestimatione,

1014 1635 1096 1671 pretii
1124 1635 1207 1661 rebus
1228 1633 1404 1669 posthabere,
1419 1636 1495 1667 puta,
1512 1631 1658 1667 cupiditati
1670 1633 1800 1666 cuipiam,

1014 1682 1119 1717 exigua:
1130 1680 1215 1712 laudi,
1224 1680 1303 1707 lucro
1317 1686 1373 1706 non
1384 1687 1491 1714 magno,
1502 1683 1530 1706 et
1541 1679 1700 1707 similibus?
1709 1679 1802 1706 Enim-

1014 1735 1080 1756 vero
1096 1726 1169 1762 quod
1179 1725 1240 1761 quis
1251 1726 1279 1752 in
1291 1726 1344 1752 hoc
1357 1724 1459 1752 mundo
1472 1724 1571 1760 diligit,
1588 1724 1690 1759 cuique
1703 1724 1801 1760 deligi-

173 1780 229 1808 tur,
244 1775 271 1802 id
289 1776 413 1808 omnino,
424 1781 558 1811 quantum
573 1778 600 1804 in
616 1778 675 1812 ipso
692 1781 744 1810 est,
755 1785 818 1804 cum
831 1778 963 1806 caelorum
984 1783 1068 1812 regno
1090 1775 1258 1802 commutat:
1289 1770 1367 1805 Quin.
1392 1769 1465 1804 qu0d
1480 1769 1561 1804 longe
1582 1774 1625 1797 est
1641 1769 1800 1804 capilalius-

173 1828 201 1850 et
214 1824 245 1851 id
252 1824 337 1851 Deum
352 1832 431 1851 suum
443 1824 516 1852 facit.
536 1824 614 1852 Sicut
628 1825 729 1852 alicubi
746 1825 879 1859 scriptum
913 1830 956 1852 est
971 1833 977 1850 :
999 1823 1020 1850 Α
1054 1828 1105 1856 quo
1119 1819 1176 1853 ι1²ιί⁵
1187 1818 1270 1844 vim“
1281 1820 1329 1848 es"
1345 1816 1367 1842 εί
1380 1815 1803 1851 πιαησίναηίτηοθΡοτίθιίείῖιπ

174 1873 262 1898 totum
277 1878 309 1898 ex
324 1875 382 1898 toto
396 1871 534 1899 hominem
549 1871 583 1898 ad
595 1871 681 1898 Deum
699 1875 785 1899 totum
802 1871 958 1907 confugere,
997 1869 1074 1897 illum
1103 1864 1241 1900 amplecti,
1270 1871 1303 1890 ex
1327 1870 1361 1889 eo
1383 1862 1514 1897 pendere,
1554 1861 1605 1896 ipsi
1630 1862 1749 1890 animam
1774 1867 1803 1891 et

172 1925 285 1953 corpus,
303 1918 380 1952 quasi
406 1918 491 1945 clavis
515 1918 588 1945 cruci
612 1917 758 1953 contigere,
785 1917 958 1945 incedentem
979 1923 1028 1952 per
1041 1912 1133 1940 omnia
1150 1915 1243 1938 sane“!
1256 1909 1317 1943 eius
1329 1907 1467 1935 manda”-

209 1962 271 1990 ΛΓ.
289 1959 366 1990 Εἶεν·
380 1964 433 1998 ἄρα
448 1964 476 1991 δέ
495 1973 536 1991 σοι
558 1964 606 1991 καὶ
616 1963 719 1991 δίκαιον
730 1962 799 1991 εἶναι
813 1964 895 1997 δοκεῖ,
911 1964 962 1998 τὴν

177 2009 226 2043 μὲν
242 2009 364 2044 φθαρτὴν
380 2009 464 2045 αὐτὴν
491 2010 580 2042 δόξαν,
597 2010 644 2036 καὶ
659 2010 708 2045 τὴν
733 2010 870 2045 ἐφήμερον
884 2010 962 2045 βασι-

176 2054 261 2087 λείαν,
279 2055 325 2081 καὶ
346 2055 415 2081 ἄλλα
430 2056 480 2082 ὅσα
493 2054 606 2082 τοιαῦτα
621 2056 676 2082 τῶν
689 2055 851 2091 ἐπικαίρων,
874 2056 963 2081 πόνων

176 2099 224 2125 καὶ
243 2099 361 2133 ἱδρώτων
384 2099 500 2132 πολλῶν,
513 2101 571 2130 τοῖς
586 2100 761 2135 ὀρεγομένοις
782 2100 872 2127 αὐτῶν
888 2109 965 2136 περι-

177 2144 318 2178 γίνεσθαι·
335 2145 365 2172 τδ
389 2146 418 2172 δὲ
441 2146 489 2172 σὺν
513 2145 623 2181 Χριστῷ
638 2147 778 2182 ἀπέραντα
800 2147 964 2182 βασιλεύειν,

177 2190 224 2216 καὶ
235 2190 266 2216 τδ
279 2190 333 2216 τῶν
347 2190 539 2226 ὰνεκλαλήτων
555 2191 667 2217 ἐκείνων
692 2192 832 2226 ἐπιτυχεῖν
843 2190 964 2226 ἀγαθῶν,

1050 1957 1246 1986 ΧΧΧ111.11ιεο
1265 1956 1321 1982 sint
1340 1955 1386 1983 ita.
1404 1955 1538 1982 Creterum
1563 1953 1636 1981 idem
1652 1954 1748 1989 utique
1757 1955 1803 1989 ju-

1016 2010 1088 2032 stum
1114 2003 1277 2032 arbitraris,
1303 2001 1511 2036 corruptibilem
1531 2001 1608 2027 istam
1627 2000 1754 2036 gloriam,
1776 2006 1805 2029 et

1016 2050 1170 2078 desiturum
1196 2055 1322 2083 regnum,
1356 2046 1474 2081 aliaque,
1493 2050 1631 2081 quotquot
1652 2048 1719 2073 sunt
1745 2046 1805 2081 ejus

1016 2095 1126 2131 generis
1152 2094 1319 2121 cadurarum
1349 2099 1453 2124 rerum,
1472 2092 1517 2118 illa
1543 2091 1805 2127 concupiscentibus

1015 2140 1175 2175 contingere
1195 2138 1291 2166 multis
1315 2143 1407 2173 empta
1420 2137 1562 2165 laboribus
1582 2142 1611 2165 et
1637 2136 1803 2170 sudoribus;

1016 2193 1162 2222 aequumne
1175 2190 1267 2213 tamen
1282 2191 1390 2218 censes,
1399 2188 1532 2212 aeternum
1545 2184 1715 2212 consortium
1727 2184 1805 2219 regni

176 2235 256 2262 τοῦτο
282 2236 311 2262 δὲ
336 2236 421 2268 οὕτως
446 2237 493 2263 καὶ
513 2237 604 2272 ρᾁιον
630 2235 709 2270 εἶναι,
725 2237 762 2269 ὡς
777 2237 866 2264 πόνων
888 2237 961 2270 ἐκτὸς

1018 2232 1132 2264 Christi,
1147 2236 1175 2259 et
1192 2230 1418 2258 inenarrabilium
1439 2230 1547 2258 illorum
1565 2229 1740 2265 adeptionem
1756 2229 1806 2257 bo-

179 2282 226 2308 καὶ
240 2282 372 2317 καμάτων
387 2283 586 2318 κατορθοῦσθαι
599 2283 638 2319 τῷ
651 2284 805 2319 βουλομένῳ
818 2293 825 2317 ;

216 2413 276 2441 ΛΔ’.
290 2414 337 2446 Τίς
348 2415 365 2449 ἡ
381 2414 523 2449 οἰκονομία
545 2414 593 2449 τῆς
609 2414 657 2440 τοῦ
670 2415 789 2449 Χριστοῦ
806 2415 966 2450 παρουσίας,

180 2461 196 2495 ἢ
213 2460 254 2492 τίς
266 2460 345 2495 ἡμῶν
362 2461 470 2495 φύσεως
489 2461 557 2495 πρὸς
573 2460 672 2496 ἑαυτὴν
687 2461 818 2493 ἐπάνοδος
834 2462 883 2488 καὶ
899 2462 969 2488 ἀπο-

179 2507 362 2539 κατάστασιςς
385 2507 521 2533 ’Δπέδωκε
542 2507 645 2543 γὰρ-τῇ
661 2507 820 2543 ἀνθρωπίνῃ
845 2508 926 2542 φύσει
939 2508 969 2534 τὸ

178 2552 226 2580 τοῦ
241 2553 456 2588 πρωτοπλάστου
477 2553 563 2588 Ἀδὰμ
577 2553 695 2589 ἀξίωμα,
713 2554 782 2589 πρὸς
798 2554 826 2581 δὲ
839 2554 886 2581 καὶ
901 2554 967 2588 κλη-

181 2598 309 2634 ρονομίαν
329 2599 403 2634 αὑτῷ
420 2600 561 2634 οὐρανίαν,
579 2599 601 2625 ὢ
624 2599 700 2631 θείας
719 2600 766 2626 καὶ
784 2599 906 2635 μεγάλης
930 2599 970 2634 τῷ

180 2645 237 2672 am
260 2646 370 2681 χάριτος
393 2646 440 2673 τοῦ
467 2646 569 2680 ἀγαθοῦ
597 2646 767 2681 Πνεύματος,
795 2647 967 2682 ἐδωρήσατο·

182 2692 324 2726 ἐξαγαγών
339 2701 370 2719 τε
382 2693 512 2727 αὐτὴνὲκ
528 2693 577 2727 τῆς
593 2692 717 2727 φυλακῆς
731 2692 778 2718 τοῦ
793 2693 917 2724 σκότους,
935 2692 968 2719 δι’

183 2734 216 2771 ἦς
232 2737 345 2767 ἐλθόντι,
365 2738 412 2764 καὶ
432 2739 461 2764 ὲν
479 2735 496 2776 ᾖ
515 2739 662 2773 κρούσαντι
676 2738 788 2764 δυνατὸν
803 2739 879 2770 ἐντὸς
894 2739 971 2772 γενέ-

187 2782 247 2808 σθαι
261 2783 308 2817 τῆς
325 2783 462 2817 βασιλείας
476 2793 483 2800 ·
496 2784 620 2816 Αἰτεῖτε,
643 2783 713 2823 γάρό
725 2792 802 2818 φησι.
817 2783 866 2810 καὶ
883 2783 971 2817 δοθή-

222 2872 243 2888 "
259 2872 351 2901 Matth.
376 2874 489 2907 “1,26.
528 2874 550 2891 ⁷³
563 2875 584 2902 ll
604 2874 677 2901 Pctr.
697 2882 725 2906 ιι,
744 2875 785 2901 19.

1017 2287 1128 2311 norum,
1146 2278 1231 2314 gratis
1246 2276 1375 2312 quiddam
1390 2284 1451 2304 esse
1465 2277 1604 2312 parabile;
1621 2283 1653 2304 ac
1675 2276 1806 2303 facilitate

1018 2324 1217 2357 summa,citra
1229 2323 1354 2350 laborem
1369 2325 1609 2351 contentionemve
1621 2321 1703 2349 ullam
1718 2321 1805 2348 cuivis

1018 2371 1121 2399 volenti
1134 2371 1245 2398 evenire
1252 2371 1264 2395 ί

1054 2417 1174 2445 XXXIV.
1190 2415 1269 2449 Quod
1281 2415 1426 2442 consilium
1446 2421 1540 2449 quaave
1560 2414 1630 2440 ratio
1648 2416 1692 2440 est
1705 2412 1807 2439 adven-

1020 2468 1065 2491 tus
1084 2462 1186 2490 Christi
1206 2470 1212 2487 :
1229 2461 1326 2496 quisve
1352 2451 1457 2487 natura:
1485 2464 1585 2485 nostrae
1609 2457 1641 2485 ad
1671 2465 1701 2485 se
1719 2458 1806 2492 ipsam

1020 2509 1136 2540 reditus,
1155 2512 1183 2534 cl.
1208 2506 1236 2533 in
1253 2506 1392 2540 integrum
1407 2503 1565 2532 restitutio?
1585 2502 1716 2530 Reddidit
1731 2502 1806 2529 enim

1019 2555 1145 2583 Christus
1158 2553 1286 2579 humana:
1300 2554 1406 2578 naturae
1422 2550 1539 2577 ablatam
1559 2549 1611 2584 ipsi
1626 2550 1704 2584 prius
1717 2548 1808 2583 digni-

1020 2604 1104 2627 tatem
1119 2598 1215 2626 Adami
1230 2596 1410 2632 protoplasti;
1427 2600 1615 2630 metereaque
1624 2593 1738 2622 donavit
1751 2593 1808 2620 ha:-

1020 2645 1165 2673 reditatem
1180 2643 1230 2678 ipsi
1244 2643 1384 2670 caelestem
1396 2649 1402 2668 :
1412 2643 1428 2668 ο
1437 2648 1501 2668 vere
1515 2639 1670 2667 divinantet
1681 2645 1807 2674 magnam

1022 2689 1087 2717 boni
1105 2688 1224 2723 Spiritus
1235 2687 1367 2722 gratiam!
1383 2686 1510 2713 Educens
1525 2693 1592 2712 vero
1603 2685 1688 2719 ipsam
1700 2691 1732 2711 ex
1748 2691 1807 2710 car-

1021 2743 1084 2763 cere
1105 2734 1279 2761 tenebrarum
1300 2733 1371 2760 viam
1388 2732 1470 2759 etiam
1483 2731 1547 2758 vitae
1557 2735 1585 2758 et
1599 2731 1710 2766 januam
1729 2736 1807 2756 mon-

1023 2782 1129 2814 stravit,
1146 2788 1194 2815 per
1219 2787 1301 2815 quam
1328 2787 1390 2807 cum
1414 2777 1524 2811 transit,
1544 2782 1571 2806 ct
1586 2777 1620 2805 ad
1636 2783 1718 2812 quam
1744 2783 1807 2804 cum
