2075 3155
271 178 323 210 967
887 170 918 201 S.
929 169 1091 200 MACARII
1112 169 1274 200 EGYP’I‘II
1848 169 1901 201 968

269 234 370 269 pulsat,
386 236 477 268 potest
492 231 518 258 in
535 230 667 258 interiora
683 228 759 264 regni
779 231 924 262 penetrare
952 235 958 251 :
973 225 1059 252 Petite
1075 229 1088 257 Α

1083 229 1097 257 λ
1110 234 1196 252 σεται
1211 225 1282 260 ὑμῖν
1292 233 1298 240 '
1311 226 1443 259 κρούετε,
1451 225 1500 252 καὶ
1514 225 1717 260 ἀνοιγήσεται.
1736 226 1785 253 Διά
1800 225 1902 261 ταύτης

269 280 357 312 enim,
373 279 421 311 ait,
437 283 461 306 et
481 277 587 304 dabitur
600 277 689 307 vobis;
704 275 806 310 pulsate
829 279 853 300 et
867 273 1002 308 aperietur
1016 280 1062 298 vo-

1110 272 1158 306 τῆς
1176 270 1261 305 θύρας
1276 270 1364 297 οὐδενὶ
1381 270 1437 297 τῶν
1452 271 1622 306 βουλομένων
1648 270 1751 306 ἆπορον
1760 271 1813 307 τὴν
1821 272 1899 299 ὲλευ-

271 327 310 354 bi:
321 327 354 352 "'.
367 325 420 352 Per
436 324 509 351 illam
523 327 632 358 portam
647 321 751 349 nemini
770 327 878 352 eorum,
892 318 940 353 qui
952 317 1060 349 volunt,

1111 318 1204 354 θερίαν
1218 317 1267 352 τὴν
1282 315 1380 344 ἑαυτοῦ
1402 315 1492 350 ψυχῆς
1516 316 1653 350 ἐφευρεῖν,
1670 315 1777 350 ἐκείνην
1790 324 1820 342 τε
1836 316 1902 348 τοὺς

271 370 441 406 impossibile
449 373 504 402 est,
519 376 576 396 suae
588 367 674 403 ipsius
689 366 787 394 animae
809 365 936 392 invenire
946 363 1061 391 liberta-

1113 361 1194 393 ἰδίους
1205 361 1352 388 ἀπολαϐεῖν
1370 360 1528 394 λογισμοὺς,
1549 360 1596 386 καὶ
1622 359 1770 395 πλουτῆσαι
1784 361 1904 395 Χριστὸν

271 405 337 448 tem,
353 416 433 451 222
448 423 501 443 nec
516 422 576 443 eam
587 413 783 442 convenientes
798 411 849 446 ipsi
866 411 990 445 recipere
1014 416 1062 436 co-

1113 407 1247 440 σύνοικον,
1265 407 1313 434 καὶ
1335 406 1374 437 ὡς
1398 406 1508 441 νυμφίῳ
1523 405 1597 440 αὑτῷ
1611 407 1682 433 κατὰ
1694 406 1744 440 τὴν
1759 405 1903 432 κοινωνίαν

271 460 430 497 gitationcs,
442 465 470 487 et
488 467 551 487 cum
563 459 704 486 Christum
728 464 821 484 secum
840 454 965 491 possidet.
984 453 1064 481 habi-

1113 452 1160 479 τοῦ
1189 452 1292 486 ἀγαθοῦ
1325 451 1482 487 ῐινεύματος
1515 450 1680 486 χρήσασθαι.
1709 451 1760 478 Ἴδε
1792 450 1904 485 ἀγάπην

272 496 387 537 tantem,
410 503 576 538 locupletem
599 510 670 534 esse,
687 508 776 536 coque
787 499 874 527 veluti
888 505 989 534 sponso
1009 496 1063 524 frui

1113 498 1234 534 ἇρρητον
1251 498 1387 525 Δεοπότου
1417 497 1486 533 πρὸς
1511 497 1556 523 τὸν
1576 496 1622 522 ὑπ’
1645 496 1729 523 αὐτοῦ
1758 496 1905 532 γενόμενον

272 558 322 586 per
332 549 614 578 communicationem
630 548 695 575 boni
708 547 838 582 Spiritus.
852 545 920 572 Vide
939 543 1065 571 ineliabi-

869 545 920 572 'ide
939 543 1065 571 inelfabi-
1114 545 1184 571 κατὰ
1195 545 1244 580 τὴν
1255 543 1346 570 εἰκόνα
1362 543 1411 580 τὴν
1425 542 1522 570 ἑαυτοῦ
1537 542 1688 578 ἄνθρωπον.

272 596 327 624 lem
347 595 510 623 charitatem
529 593 638 621 Domini
659 592 791 620 adversus
802 590 953 621 hominem,
971 588 1004 615 ad
1022 587 1064 615 sui

273 642 362 677 ipsius
375 640 521 676 imaginem
533 639 689 667 conditum.

308 709 331 726 "
343 709 439 737 Matth.
455 715 502 740 vn,
523 707 550 735 7.

274 795 1896 820 ___________________________.

674 887 722 932 S.
781 885 1028 931 MACARII
1083 881 1500 928 ALEXANDRINI

926 988 1056 1011 ABBATIS
1071 987 1245 1010 ΜτιυΕΝειε

583 1073 906 1140 REGULA
946 1074 1049 1135 AD
1107 1059 1590 1137 MONACHOS‘”

307 1265 329 1292 1.
350 1263 451 1291 Milites
473 1269 539 1297 ergo
563 1260 665 1288 Christi
691 1260 731 1287 sic
756 1259 847 1286 taliter
868 1266 934 1286 suos
959 1258 1064 1287 debent
1083 1264 1103 1290 Β
1153 1258 1220 1286 Vlll.
1242 1258 1299 1285 Non
1333 1258 1420 1284 oderis
1445 1257 1604 1284 laboriosam
1628 1265 1736 1292 operam
1761 1258 1771 1273 ³
1792 1267 1800 1285 :
1818 1259 1909 1286 otium

273 1316 441 1345 componere
465 1315 585 1342 gressus,
607 1306 768 1333 charitatem
795 1305 821 1331 in
842 1312 871 1332 se
896 1303 1066 1338 perfectissi-
1118 1312 1227 1340 quoque
1254 1312 1288 1330 ne
1313 1308 1436 1331 sectatus
1459 1303 1556 1330 fueris.
1581 1303 1611 1330 ln
1631 1303 1733 1339 vigiliis
1752 1305 1909 1337 confectus,

272 1363 345 1383 mam
366 1353 540 1382 continentes
557 1361 564 1379 :
588 1352 673 1380 Deum
698 1359 730 1377 ea:
755 1354 812 1377 tota
830 1350 924 1377 anima
946 1350 1066 1384 diligere,
1119 1351 1145 1377 in
1166 1356 1249 1384 opere
1264 1349 1339 1384 justo
1355 1348 1480 1379 allectus.
1495 1349 1642 1375 ambulans
1661 1349 1738 1383 quasi
1755 1349 1912 1377 dormitans

273 1407 298 1428 et
320 1409 352 1428 ea:
376 1405 429 1428 toto
451 1400 540 1431 corde,
567 1402 592 1425 et
613 1406 644 1424 ex
664 1401 719 1424 tota
739 1397 836 1423 virtute
855 1405 904 1423 sua
923 1397 943 1422 ¹.
1117 1396 1207 1423 lassus
1217 1394 1249 1421 ad
1265 1399 1382 1421 stratum
1404 1399 1480 1421 tuum
1496 1394 1601 1426 venias,
1616 1398 1644 1421 et
1660 1402 1723 1422 cum
1738 1394 1850 1422 Christo
1862 1403 1910 1422 re-

308 1446 342 1474 ll.
363 1446 483 1473 Invicem
514 1444 588 1471 inter
611 1450 641 1470 se
667 1442 896 1477 perfectissimam
930 1445 1068 1469 sectantes
1118 1442 1261 1477 quiescere
1282 1445 1308 1468 te
1330 1441 1434 1467 credas.
1456 1439 1460 1443 ’

273 1491 470 1521 obedientiam,
496 1489 616 1525 paciﬁci,
648 1488 740 1519 mites,
772 1487 918 1519 moderati,
943 1495 998 1514 non
1020 1495 1067 1514 su-
1154 1489 1204 1516 rx.
1225 1487 1399 1522 Cursnmque
1418 1486 1577 1514 monasterii
1594 1494 1677 1521 super
1696 1486 1786 1513 omnia
1801 1486 1910 1521 diligas.

272 1537 365 1573 peri-ti.
382 1544 437 1563 non
460 1535 598 1570 illiuriOSi.
623 1542 678 1561 ηοῐι
701 1540 876 1564 susurrones.
900 1540 955 1560 non
971 1533 1068 1560 irriSO-
1118 1536 1170 1569 Qui
1181 1543 1246 1563 vero
1260 1535 1360 1569 sacpius
1375 1542 1455 1561 orare
1468 1533 1599 1566 voluerit,
1612 1533 1771 1560 uberiorem
1787 1534 1913 1561 imeniet

274 1590 334 1614 res,
360 1589 415 1609 non
437 1581 564 1609 verbosi.
590 1587 645 1606 non
670 1579 899 1614 prmsumptuosi,
931 1587 988 1606 non
1014 1580 1068 1607 sibi
1119 1582 1334 1610 misericordiam
1352 1582 1465 1609 Christi.

275 1628 427 1664 placentes,
448 1625 497 1653 sed
509 1625 565 1652 Deo
577 1624 621 1651 cui
640 1624 764 1650 militant
787 1623 898 1650 Christo
913 1632 920 1650 :
938 1631 994 1650 non
1010 1624 1068 1650 bla-

1154 1629 1188 1656 X.
1209 1628 1396 1662 Matutinoque
1411 1627 1485 1654 dit-to
1501 1627 1538 1654 ita
1555 1627 1766 1654 meditationem
1789 1627 1911 1654 habeant

276 1674 428 1710 sphemiﬂm
442 1677 589 1704 secum-95’
602 1677 655 1698 nec
666 1669 791 1697 dicentes
807 1669 957 1704 αυίάίιυιιιη
972 1674 1069 1704 limi"
1120 1674 1218 1701 fratres
1236 1681 1322 1707 usque
1343 1673 1376 1699 ad
1394 1673 1490 1699 horam
1505 1673 1652 1699 secundam
1671 1681 1677 1698 :
1693 1672 1714 1699 si
1733 1677 1823 1698 latnen
1835 1672 1912 1699 nulla

275 1719 350 1755 quod
374 1719 476 1746 bonum
503 1722 545 1744 ⁸³⁸
566 1725 572 1744 ³
594 1715 628 1743 ad
654 1714 820 1749 Obsequium
844 1723 898 1741 "0“
926 1715 1007 1750 ινίετί,
1035 1715 1068 1742 ad
1120 1727 1201 1748 causa
1221 1718 1367 1748 exstiterit.
1383 1726 1436 1752 qua
1452 1726 1564 1746 necesse
1584 1718 1619 1745 sit
1631 1718 1713 1745 etiam
1729 1719 1912 1752 praetermissa

275 1764 429 1792 orationem
452 1761 550 1798 parati,
569 1761 597 1788 in
617 1760 777 1788 humilitate
802 1760 929 1794 perfecti,
955 1760 981 1787 in
1003 1759 1069 1786 obe-
1119 1765 1299 1792 medilauuue
1315 1764 1419 1799 aliquid
1445 1764 1502 1791 ﬁeri
1529 1765 1556 1791 iu
1575 1772 1732 1792 commune,

276 1809 382 1838 dientia
406 1808 559 1844 praecincti,
578 1808 606 1834 in
623 1805 724 1841 vigiliis
750 1805 895 1838 instantes,
913 1805 940 1832 in
961 1806 1068 1841 jejunio
1155 1811 1200 1838 χι,
1222 1810 1288 1838 post
1302 1810 1398 1837 ιιοηηη
1413 1817 1482 1837 γει-ο
1503 1810 1652 1837 secundum
1673 1809 1861 1844 unusquisque
1876 1809 1910 1836 ad

277 1857 390 1884 hilares.
1120 1863 1192 1890 opus
1213 1863 1293 1882 suum
1318 1859 1430 1889 paratus
1454 1855 1490 1882 sit
1515 1863 1602 1889 usque
1625 1855 1658 1882 ad
1684 1855 1780 1881 horam
1797 1862 1910 1887 nonam,

312 1903 357 1930 Ill.
383 1901 480 1929 Nullus
514 1908 544 1927 se
571 1899 626 1926 alio
650 1899 796 1935 lUSliOI‘em
822 1898 997 1931 arbitretur;
1021 1898 1068 1926 sed
1120 1905 1151 1928 ut
1174 1901 1308 1936 quidquid
1329 1901 1483 1936 injunctum
1507 1900 1602 1932 fuerit,
1623 1901 1679 1927 sine
1703 1902 1914 1927 murmuratione

276 1948 469 1982 unusquisque
492 1946 621 1974 omnibus
651 1953 680 1972 se
705 1945 864 1972 inferiorem
890 1949 1066 1972 contemnat:
1082 1942 1103 1972 C
1120 1947 1240 1983 per/icta:
1256 1947 1277 1978 δ,
1294 1948 1367 1974 sicut
1384 1947 1453 1974 dicit,
1476 1951 1589 1974 sanctus
1611 1947 1769 1980 Apostolus.

277 1993 346 2027 Quia
363 1993 447 2029 quise
460 1991 572 2023 exultat,
587 1990 784 2022 humiliabitur;
797 1995 820 2017 et
837 1991 880 2026 qui
897 1990 1067 2023 se/mmiliat,
1155 1993 1215 2020 Xll.
1235 1992 1264 2020 Si
1289 1992 1352 2027 quis
1372 1996 1464 2019 autem
1490 1992 1714 2024 murmurat/crit,
1732 1991 1774 2019 vel
1797 1997 1913 2018 conten-

265 2039 440 2073 ,exallabilur
461 2039 481 2064 ¹.

1121 2038 1207 2065 tiosus
1223 2038 1371 2070 exstiterit,
1387 2042 1435 2064 aut
1451 2037 1574 2064 referens
1589 2038 1615 2064 in
1636 2037 1728 2072 aliquo
1744 2037 1911 2064 contrariam

312 2085 358 2112 IV.
382 2085 554 2118 Prmceplum
581 2082 700 2110 senioris
727 2086 757 2109 ut
779 2082 895 2108 salutem
913 2081 1067 2116 suscipias:
1119 2084 1289 2112 voluntatem
1311 2084 1470 2119 prwceplis;
1489 2083 1570 2118 digne
1587 2089 1732 2118 correptus
1759 2082 1912 2110 secundum

277 2138 333 2158 non
351 2129 551 2156 murmurando
569 2127 651 2154 ullam
671 2134 782 2161 operam
802 2126 885 2153 facias
903 2134 909 2152 =
934 2134 989 2153 non
1013 2134 1070 2153 reS—
1120 2130 1266 2157 arbitrium
1277 2129 1395 2157 senioris
1407 2130 1447 2157 vel
1461 2129 1572 2156 modum
1585 2129 1682 2163 culpae,
1707 2128 1801 2155 tandiu
1824 2127 1914 2154 obsti—

278 2175 440 2211 Ροηδίοηθῐη
460 2178 557 2201 Comm
582 2176 750 2207 υτίεεθρῑυῐη
773 2179 900 2206 ιιευτρθε-
1120 2181 1193 2208 neat,
1219 2175 1342 2210 quandiu
1362 2176 1402 2203 vel
1423 2176 1511 2210 culpa:
1527 2175 1645 2210 qualitas
1676 2174 1843 2209 poposcerit,
1867 2175 1913 2201 vel

315 2222 346 2249 γ.
367 2221 427 2249 Νοη
449 2225 476 2247 te
489 2219 615 2251 extollas,
633 2222 681 2245 aut
694 2217 855 2252 magniﬁcos
880 2217 1000 2250 aliquant
1017 2216 1070 2243 nti-
1121 2230 1134 2249 δ

1121 2229 1150 2249 se
1171 2222 1330 2257 paenitendo
1357 2222 1555 2253 humiliavcrit,
1585 2221 1627 2248 vel
1652 2220 1914 2252 etnendaverit;ita

279 2269 334 2295 lem
361 2274 472 2302 operatn
491 2265 590 2293 fecisse
615 2273 622 2291 ἒ
639 2272 694 2291 11011
717 2264 745 2291 in
770 2263 940 2298 acquirendo
966 2262 1068 2297 aliquid
1122 2273 1152 2295 υι
1171 2273 1315 2303 corrpplus
1332 2277 1386 2295 non
1409 2268 1511 2296 audeat,
1526 2276 1641 2302 usquam
1658 2267 1792 2295 recidere.

279 2314 350 2342 lucri
370 2313 555 2348 congaudens.
579 2316 627 2338 aut
650 2311 678 2338 in
700 2311 801 2337 damno
827 2309 1010 2337 contristeris.

1156 2313 1225 2340 Xlll.
1247 2313 1349 2348 Siquis
1363 2313 1460 2343 frater.
1474 2313 1516 2339 vel
1532 2313 1578 2347 qui
1594 2313 1620 2338 in
1643 2311 1765 2338 oratorio
1779 2316 1855 2343 sunt,
1869 2312 1913 2339 vel

315 2360 359 2388 Vl.
378 2360 438 2387 Νοῐι
462 2365 488 2386 te
515 2357 687 2385 familiaritas
711 2357 765 2384 ulla
794 2355 934 2383 stecularis
960 2354 1069 2387 trahat;
1189 2367 1238 2393 per
1253 2359 1366 2385 cellulas
1384 2358 1556 2389 consistunt,
1574 2358 1734 2392 quicunque
1748 2358 1808 2392 ejus
1823 2358 1915 2384 errori

279 2407 328 2434 sed
352 2411 408 2433 tota
433 2405 579 2433 delectatio
599 2408 645 2431 tua
660 2404 686 2430 in
703 2403 802 2430 cellula
819 2402 990 2429 demoretur.
1007 2400 1071 2428 Cel-
1121 2404 1302 2435 consenserit,
1326 2403 1472 2438 culpabitis
1489 2403 1554 2430 erit,

280 2453 334 2480 lam
353 2457 383 2479 ut
402 2452 559 2487 paradisum
574 2451 692 2482 habeas;
714 2450 813 2476 fratres
831 2454 893 2476 tuos
914 2447 1072 2483 spiritualcs
1157 2450 1226 2477 XIV.
1247 2450 1287 2476 Ad
1310 2450 1406 2476 horam
1435 2457 1500 2476 vero
1518 2449 1651 2478 orationis
1672 2449 1736 2476 dato
1758 2449 1837 2483 signo
1859 2457 1915 2476 non

281 2503 312 2526 ut
330 2503 448 2525 aeternos
469 2496 592 2524 conﬁdas
614 2496 715 2522 habere
739 2498 876 2528 parentes.
1122 2495 1214 2522 statim
1232 2495 1417 2529 praetermisso
1433 2494 1507 2532 omni
1523 2501 1607 2528 opere
1618 2493 1692 2528 quod
1714 2493 1779 2528 agit,
1802 2499 1917 2528 paratus

316 2543 371 2571 Vlrl.
393 2542 573 2577 Praepositum
587 2539 747 2567 monaslel'ii
765 2539 862 2565 “"1035
873 2543 902 2565 ιιι
917 2538 1070 2570 dominum.
1123 2541 1218 2573 fuerit,
1236 2541 1308 2568 foras
1325 2540 1500 2572 excludatur,
1517 2545 1547 2568 ut
1571 2540 1732 2572 erubescat;
1757 2540 1822 2574 quia
1847 2540 1916 2567 nihil

281 2589 378 2624 diligas
394 2593 425 2615 ut
439 2592 593 2622 parentem.
612 2585 746 2612 Similiter
758 2591 868 2618 quoque
881 2591 976 2610 omnes
991 2591 1071 2618 opor—
1088 2614 1100 2624 .-

722 2592 746 2611 :r
758 2591 868 2618 quoque
881 2591 976 2610 omnes
991 2591 1071 2618 opor—
1088 2614 1108 2624 λ
1125 2586 1244 2613 orationi
1260 2589 1476 2620 praeponendum
1489 2591 1541 2613 cst.

280 2639 321 2662 tet
331 2614 448 2669 diligere
472 2633 582 2662 lratrcs,
605 2638 668 2658 curn
685 2630 786 2665 quibus
807 2629 890 2656 etiam
913 2633 938 2656 te
952 2624 1069 2657 conlidis
1088 2614 1108 2642 θ
1158 2631 1215 2659 XV.
1237 2614 1355 2665 Operam
1378 2631 1434 2658 Deo
1449 2631 1554 2658 dabunt
1567 2631 1665 2665 singuli
1681 2630 1781 2658 fratres
1791 2634 1917 2665 tempore

280 2681 375 2709 videre
395 2678 510 2714 gloriam
530 2676 646 2704 Christi.
1126 2685 1181 2712 quo
1203 2677 1290 2704 Missa:
1314 2677 1340 2703 in
1362 2677 1463 2712 vigiliis
1488 2677 1668 2705 observandis
1697 2676 1777 2710 fiunt,
1805 2677 1917 2711 quando

323 2747 432 2775 ‘Marc.
457 2754 505 2778 xn,
531 2745 577 2772 50.
615 2745 624 2759 '
646 2743 714 2770 Luc.
739 2751 793 2775 xiv,
823 2743 866 2770 li.
904 2743 914 2759 ⁸
936 2743 1022 2771 Eccli.
1049 2752 1085 2771 vn
1106 2764 1114 2778 ,
1138 2743 1180 2771 lG.
1220 2744 1232 2760 δ
1249 2744 1369 2780 Philipp.
1394 2753 1424 2778 ιι,
1452 2744 1495 2772 14.

317 2816 356 2853 (l)
373 2817 440 2845 Post
464 2816 537 2853 hanc
554 2813 762 2853 inscriptionem
784 2813 911 2853 sequitur
924 2812 1016 2853 _altera
1032 2812 1071 2853 ‘in
1126 2814 1202 2845 curii,
1218 2815 1263 2853 qui
1279 2814 1369 2840 habuit
1384 2814 1431 2841 sub
1456 2814 1622 2841 ordinatione
1636 2822 1685 2840 sua
1705 2814 1819 2848 quinth
1834 2812 1918 2840 millia

283 2847 357 2880 edito
383 2851 570 2880 llolstcniano.
587 2857 620 2877 ex
641 2847 691 2875 ins.
700 2848 811 2879 codice,
835 2853 866 2874 ut
886 2848 1006 2880 videtur,
1022 2847 1072 2874 de-
1128 2847 1332 2876 "nonae/tortu".

285 2893 404 2924 sumpta,
426 2895 487 2923 qua:
504 2887 545 2914 sic
565 2893 594 2913 se
619 2884 702 2912 habet
719 2883 835 2918 :Incipit
849 2883 942 2918 regula
969 2882 997 2910 S.
1015 2882 1072 2910 Ma.
