2075 3155
166 230 220 262 969

747 225 903 256 REGULA
920 222 971 253 AD
986 220 1208 256 MONACHOS.‘

1742 230 1797 261 970

166 290 263 312 omnes
279 283 466 317 conveniunt,
482 291 518 311 ne
540 282 680 311 deﬁciant.
703 282 867 317 Quicunque
886 281 989 317 κτα-Δ
1003 280 1145 316 fratribus,
1175 282 1252 310 velut
1282 283 1375 318 regula
1409 283 1542 312 continet.
1574 284 1627 319 Qui
1652 291 1798 322 susceptus

165 332 247 355 vatur
261 335 369 361 somno,
386 331 465 355 exeat
480 327 553 355 foras
573 336 580 355 :
597 335 653 354 non
667 334 695 354 se
710 326 811 354 fabulis
827 330 954 361 occupet,

166 374 214 401 sed
227 374 321 401 statim
335 373 430 400 redeat
444 373 478 401 ad
494 381 574 408 opus,
585 380 641 408 quo
658 372 831 400 convenitur.
846 372 875 399 In
891 380 957 400 con-

166 418 324 453 gregatione
335 421 426 444 autem
441 417 498 452 ipsa
514 417 560 445 ubi
576 417 686 452 legitur,
701 424 783 444 aures
797 424 906 451 semper
921 416 956 443 ad

168 464 327 498 Scripturas
348 463 477 495 habeant,
490 468 518 490 et
533 463 673 490 silentium
688 463 846 490 observent.

202 509 271 536 XVI.
292 509 350 536 Hoc
365 509 447 535 etiam
463 509 661 536 attendendum
677 508 740 540 fuit,
763 512 795 535 ut
811 508 895 535 frater
908 508 955 543 qui

166 564 216 590 pro
238 555 361 590 qualibet
375 555 455 590 culpa
471 555 596 590 arguitur
610 555 653 582 vel
666 556 834 590 increpatur,
848 555 956 590 patien-

167 600 232 627 tiam
255 599 364 632 habeat,
380 604 408 628 et
428 608 482 627 non
500 600 666 635 respondeat
682 601 807 635 arguenti
831 607 877 633 se,
906 600 955 628 sed

167 645 293 672 humiliet
323 653 352 673 se
381 645 410 672 in
434 645 582 676 omnibus.
608 645 759 672 secundum
787 650 954 680 praeceptum

166 691 273 718 Domini
289 691 406 718 dicentis
424 699 431 717 :
447 690 515 723 Quia
530 691 597 718 Deus
610 692 751 718 humilibus
768 692 815 718 dat
827 693 953 727 gratiam,

164 738 282 770 superbis
295 741 385 764 autem
397 736 493 764 resistit
506 737 528 765 ⁸.
547 737 580 764 Et
598 747 604 764 :
621 736 671 769 Qui
685 745 713 764 se
730 737 863 770 humiliat,
877 737 955 764 exal-

165 783 265 810 tabitur
285 783 304 810 ‘.

196 829 277 856 XVII.
295 828 346 861 Qui
356 836 422 856 vero
430 828 531 863 saepius
540 828 699 863 corripitur,
712 833 804 856 etnon
819 835 848 855 se
861 835 955 856 emen-

164 875 281 908 daverit,
305 874 471 902 novissimus
490 875 517 901 in
538 874 636 901 ordine
653 878 726 902 stare
745 874 885 910 jubeatur.
900 873 953 906 Qui

163 921 186 948 si
208 928 257 948 nec
280 921 321 947 sic
334 920 445 955 quidem
461 927 490 947 se
507 920 706 952 emendaverit,
732 924 880 947 extraneus
904 919 954 946 ha-

163 967 272 998 beatur,
290 967 361 994 sicut
372 966 504 994 Dominus
523 966 591 993 dixit
610 975 617 992 :
634 965 674 993 Sit
695 966 740 993 tibi
754 967 821 993 sicut
836 966 952 993 ethnicus

165 1017 190 1040 et
203 1012 364 1046 ‘publicanus
381 1013 404 1039 ".

201 1056 293 1084 XVIII.
312 1057 353 1084 Ad
367 1059 494 1085 ‘mensam
514 1063 605 1086 autem
627 1057 783 1092 specialiter
802 1058 895 1085 nullus
914 1057 953 1085 lo-

164 1108 276 1137 quatur,
292 1103 345 1130 nisi
360 1103 407 1138 qui
423 1108 522 1138 praeest
534 1103 576 1130 vel
595 1103 643 1138 qui
659 1104 845 1138 interrogatus
860 1103 952 1131 fuerit.

200 1149 271 1176 XIX.
299 1149 396 1177 Nullus
420 1158 449 1177 se
466 1150 494 1176 in
520 1157 569 1177 sua
594 1150 693 1184 peritia
722 1158 811 1184 neque
830 1150 857 1176 in
887 1157 953 1178 voce

163 1196 275 1228 exaltet,
290 1196 338 1223 sed
358 1204 408 1230 per
423 1196 607 1224 humilitatem
629 1200 658 1223 et
674 1195 860 1223 obedientiam
876 1195 954 1223 laete-

165 1246 211 1268 tur
235 1241 263 1268 in
288 1241 415 1268 Domino.

200 1287 259 1314 XX.
280 1287 495 1322 Hospitalitatem
517 1292 647 1314 sectantes
669 1295 719 1322 per
731 1287 823 1314 omnia
840 1287 861 1318 ",
877 1291 905 1314 et
919 1295 953 1314 ne

163 1337 273 1360 avertas
293 1333 414 1364 oculum,
437 1336 486 1359 aut
511 1332 619 1359 inanem
643 1332 765 1359 dimittas
783 1339 952 1367 pauperem;

163 1387 199 1406 ne
221 1378 290 1406 forte
310 1379 441 1406 Dominus
459 1379 486 1405 in
502 1378 609 1413 hospite
631 1383 678 1406 aut
696 1379 724 1405 in
739 1385 859 1413 paupere
876 1377 909 1404 ad
928 1381 954 1405 te

163 1425 264 1456 veniat,
285 1430 313 1452 et
331 1425 422 1452 videat
436 1429 461 1452 te
485 1425 655 1452 haesitantem
672 1433 679 1451 :
700 1429 727 1451 et
747 1423 951 1456 contemnaris;

163 1471 211 1499 sed
237 1471 366 1498 omnibus
381 1471 498 1498 hilarem
524 1475 550 1498 te
569 1470 694 1503 ostende,
713 1474 742 1498 et
759 1470 877 1497 ﬁdeliter
892 1477 952 1504 age.

199 1516 269 1543 XXI.
287 1517 388 1544 Passus
406 1516 532 1552 injuriam
546 1522 645 1543 taceas.
659 1515 787 1551 lnjuriam
799 1515 888 1542 facere
898 1522 953 1542 non

162 1569 254 1592 nosse.
275 1561 372 1589 factam
398 1569 479 1596 posse
496 1561 623 1588 tolerare.
640 1560 700 1588 Non
716 1565 742 1587 te
764 1559 855 1587 inania
869 1559 953 1587 sedu-

162 1611 226 1634 cant
240 1607 364 1639 consilia,
387 1607 434 1634 sed
461 1607 547 1642 magis
569 1611 594 1634 te
617 1606 774 1640 specialiter
796 1606 824 1632 in
841 1605 950 1633 Christo
964 1618 984 1646 ο

162 1653 304 1680 conﬁrma.
321 1652 381 1680 Non
397 1652 446 1679 tibi
468 1652 586 1679 aestimes
609 1652 680 1679 ullos
702 1651 885 1687 proximiores
901 1659 950 1686 pa-

162 1701 266 1728 rentes,
295 1705 376 1731 quam
394 1697 440 1731 qui
460 1701 550 1724 tecum
568 1697 670 1724 suntin
687 1697 785 1724 cellula
805 1696 915 1723 lratres.

196 1743 279 1769 XXII.
299 1742 326 1769 Si
345 1742 378 1769 ad
402 1742 556 1770 necessaria
573 1741 740 1776 requirenda
755 1750 770 1769 e
782 1741 951 1768 monasterio

161 1789 220 1816 bini
236 1789 414 1824 egrediantur
429 1789 472 1815 vel
483 1789 553 1815 terni
567 1787 674 1820 fratres,
688 1788 757 1814 tales
771 1787 838 1814 ﬁant
851 1787 951 1821 quibus

159 1834 295 1866 creditur,
310 1834 366 1869 tqui
383 1834 510 1861 timorem
531 1834 578 1861 Dei
598 1833 625 1860 in
648 1841 677 1860 se
693 1833 796 1860 habere
812 1833 949 1864 videntur,

161 1888 215 1908 non
234 1880 280 1915 qui
299 1880 493 1908 verbositatem
515 1884 562 1907 aut
581 1880 671 1915 gulam
691 1883 844 1906 sectantur.
859 1881 951 1905 “‘s'ra‘i

198 1925 292 1952 XXIII.
313 1926 385 1961 Ergo
399 1926 422 1953 si
440 1925 503 1960 quis
522 1925 556 1953 de
575 1925 675 1952 sarculo
699 1924 733 1951 ad
753 1923 950 1951 monasterium

160 1971 283 1999 converti
298 1972 428 2005 voluerit,
445 1971 540 2006 regula
562 1970 587 1998 ei
604 1969 757 1997 introeunti
780 1969 896 2004 legatur,
924 1972 953 1996 et

161 2025 257 2046 omnes
276 2022 354 2045 actus
368 2017 527 2045 monasterii
545 2016 584 2044 illi
595 2015 736 2051 pateﬁant.
751 2015 804 2048 Qui
818 2015 841 2043 si
858 2014 952 2042 omnia

161 2067 223 2098 apte
245 2064 419 2096 sustinuerit,
442 2063 483 2091 sic
498 2063 580 2098 digne
595 2070 610 2089 a
630 2062 765 2089 fratribus
781 2061 949 2097 suscipiatur

160 2109 188 2136 iu
203 2109 381 2136 monasterio.

196 2154 290 2182 XXIV.
311 2155 379 2182 Nam
391 2154 413 2182 si
428 2154 548 2189 aliquam
565 2154 593 2181 in
607 2154 706 2182 cellula
715 2152 948 2187 volueritinferre

1005 326 1099 360 fuerit,
1115 335 1171 355 non
1187 328 1275 355 solum
1290 328 1325 356 de
1345 329 1499 357 substantia
1515 337 1598 365 quam
1622 330 1726 364 intulit,
1746 333 1796 362 sed

1005 373 1088 400 etiam
1102 381 1154 401 nec
1177 373 1211 401 de
1230 381 1260 401 se
1273 373 1333 409 ipso
1351 374 1385 401 ab
1408 375 1454 402 illa
1468 375 1606 410 iudicabit
1627 376 1706 403 hora.
1727 377 1796 404 Nam

1006 419 1028 447 si
1045 419 1147 454 aliquid
1172 419 1249 454 prius
1268 420 1391 455 erogavit
1411 421 1589 455 pauperibus,
1608 426 1655 449 aut
1680 423 1796 450 veniens

1006 466 1034 492 in
1045 466 1170 493 cellulam
1181 466 1284 500 aliquid
1302 466 1396 493 intulit
1409 466 1550 499 fratribus,
1568 467 1621 502 ipsi
1637 472 1727 495 tamen
1739 476 1795 496 non

1004 515 1046 538 est
1061 511 1177 543 licitum,
1198 516 1229 539 ut
1247 512 1349 546 aliquid
1366 512 1466 540 habeat
1481 510 1508 539 in
1525 520 1573 540 sua
1594 518 1742 548 potestate.

1041 556 1124 584 XXV.
1144 557 1178 584 Et
1194 557 1216 584 si
1230 564 1263 584 ex
1280 557 1406 592 qualibet
1421 565 1503 585 causa
1523 558 1643 585 scandali
1658 562 1719 592 post
1739 563 1795 586 ter-

1005 600 1074 628 tium
1098 600 1170 628 diem
1190 601 1254 628 inde
1269 602 1346 629 exire
1360 601 1488 633 voluerit,
1505 602 1575 628 nihil
1596 602 1707 636 penitus
1721 602 1794 630 acci-

1004 645 1072 680 piat.
1097 645 1148 672 nisi
1169 645 1196 672 in
1215 650 1290 673 veste
1310 654 1364 680 qua
1386 646 1472 673 venit.
1486 646 1564 679 Quod
1580 647 1602 674 si
1623 655 1689 674 casu
1706 652 1795 675 trans-

1005 691 1079 725 ierit,
1101 692 1193 719 nullus
1215 692 1364 720 haeredium
1381 694 1418 727 (2)
1430 694 1490 729 ejus
1504 694 1581 721 adire
1593 693 1703 721 debeat.
1715 694 1795 727 Quod

1004 737 1027 764 si
1052 737 1203 772 impulsare
1224 739 1262 773 (3)
1285 739 1419 771 voluerit,
1452 740 1545 774 regula
1569 740 1594 767 ei
1623 740 1740 775 legatur,
1766 745 1795 767 et

1004 781 1189 809 confundatur
1202 783 1329 818 turpiter,
1344 788 1373 810 et
1388 784 1512 811 discedat
1525 784 1656 812 confusus
1668 793 1675 811 :
1688 785 1753 820 quia
1765 788 1795 812 et

1004 826 1044 853 illi
1062 834 1077 853 a
1093 834 1148 861 quo
1168 827 1279 861 repetit,
1305 828 1395 855 fuerat
1421 829 1546 857 recitata.

1040 870 1135 898 XXVI.
1155 871 1227 906 Ergo
1248 880 1282 899 ex
1305 873 1428 908 qualibet
1447 881 1527 901 causa
1548 874 1611 908 quis
1637 874 1795 909 peccaverit

1004 915 1098 949 frater,
1114 917 1148 944 ab
1163 918 1289 945 oratione
1302 919 1498 953 suspendatur,
1511 923 1540 946 et
1549 919 1662 955 jejuniis
1678 920 1794 947 distrin—

1004 966 1094 997 gatur.
1107 961 1185 995 Quod
1203 963 1224 989 si
1241 971 1332 990 coram
1347 964 1476 991 omnibus
1493 963 1625 992 fratribus
1640 969 1795 1000 prostratus

1003 1007 1112 1034 veniam
1132 1008 1326 1042 postulaverit,
1344 1008 1499 1036 dimittatur
1513 1009 1562 1036 illi.

1039 1053 1146 1081 XXVII.
1168 1054 1235 1082 Nam
1250 1055 1272 1082 si
1299 1055 1326 1081 in
1345 1062 1394 1082 sua
1410 1055 1528 1083 voluerit
1547 1063 1726 1091 perseverare
1744 1064 1795 1084 ne-

1003 1098 1090 1133 quitia
1107 1103 1135 1126 et
1152 1100 1291 1134 superbia,
1315 1104 1344 1128 et
1357 1100 1431 1128 dicat
1447 1110 1454 1128 :
1474 1100 1525 1128 Hic
1546 1109 1597 1137 ego
1621 1101 1723 1129 durare
1738 1109 1794 1129 non

1003 1152 1126 1180 possum,
1143 1146 1191 1173 sed
1217 1146 1350 1181 accipiam
1371 1147 1492 1174 casulam
1510 1155 1609 1180 meam,
1625 1152 1653 1175 et
1673 1155 1734 1175 eam
1746 1148 1794 1175 ubi

1003 1190 1121 1218 voluerit
1141 1191 1273 1218 Dominus
1289 1201 1295 1219 :
1315 1192 1441 1227 quisquis
1457 1193 1491 1220 dc
1512 1187 1645 1221 fratribus
1659 1202 1722 1221 eum
1738 1194 1793 1221 hoc

1003 1235 1104 1262 ditisse
1121 1236 1198 1270 prius
1214 1237 1344 1268 audierit.
1373 1237 1473 1265 referat
1495 1238 1652 1273 przeposito,
1677 1243 1705 1265 et
1722 1246 1792 1273 pra:-

1002 1281 1109 1315 positus
1135 1281 1238 1308 abbati.
1267 1282 1359 1310 Abbas
1382 1290 1475 1310 coram
1502 1284 1632 1311 omnibus
1658 1283 1792 1311 fratribus

1002 1328 1132 1360 resideat,
1144 1333 1170 1356 et
1183 1336 1245 1355 eum
1256 1329 1382 1356 exhiberi
1391 1330 1499 1365 jubeat,
1511 1335 1539 1358 et
1547 1330 1630 1366 virgis
1644 1335 1791 1366 purgetur:

1002 1378 1030 1400 et
1051 1374 1139 1401 oratio
1166 1374 1223 1405 fiat,
1237 1380 1265 1402 et
1284 1375 1324 1402 sic
1337 1375 1370 1402 ad
1389 1375 1612 1403 communionem
1631 1376 1791 1412 recipiatur.

1002 1419 1038 1446 Ut
1054 1419 1077 1446 si
1097 1419 1160 1454 quis
1186 1427 1251 1447 sane
1276 1427 1331 1447 non
1353 1420 1517 1448 emendatur
1540 1421 1678 1455 doctrina,
1707 1421 1793 1457 virgis

1002 1470 1146 1501 purgetur.

1038 1511 1157 1539 XXVIII.
1177 1511 1255 1545 Quod
1271 1513 1292 1540 si
1310 1520 1374 1541 casu
1394 1513 1457 1548 quis
1473 1512 1558 1541 frater
1572 1513 1606 1541 de
1624 1514 1793 1541 monasterio

1002 1557 1077 1584 exire
1102 1557 1233 1589 voluerit,
1250 1557 1320 1584 nihil
1342 1557 1457 1592 penitus
1476 1558 1606 1593 accipiat,
1628 1558 1681 1586 nisi
1699 1558 1728 1585 in
1743 1566 1792 1586 no—

1003 1603 1138 1630 tatissimo
1162 1602 1199 1638 (4)
1225 1603 1400 1635 vestimento,
1422 1608 1450 1630 et
1473 1609 1549 1631 extra
1570 1605 1792 1632 communionem

1002 1648 1120 1676 inﬁdelis
1139 1648 1272 1676 discedat.
1287 1649 1355 1676 Nam
1373 1649 1460 1684 quieti
1475 1654 1504 1677 et
1529 1650 1636 1685 paciﬁci
1652 1651 1792 1678 excelsum

999 1694 1134 1729 diripiunt
1155 1703 1269 1730 regnum
1282 1695 1303 1727 ’.
1318 1700 1345 1723 et
1359 1696 1409 1723 ﬁlii
1433 1701 1629 1731 computantur
1645 1696 1790 1729 Altissimi,

999 1744 1027 1766 et
1047 1740 1181 1774 pretiosas
1197 1740 1408 1776 splendidasque
1423 1741 1559 1776 accipient
1578 1749 1716 1774 coronas;
1742 1741 1791 1769 ﬁlii

999 1790 1091 1812 autem
1111 1785 1293 1813 tenebrarum
1321 1787 1349 1813 in
1368 1787 1505 1814 exteriora
1533 1787 1614 1815 ibunt
1641 1791 1790 1815 tormenta.

999 1830 1085 1866 Super
1101 1840 1179 1866 quem
1200 1832 1372 1867 requiescant,
1400 1833 1463 1860 dicit
1487 1833 1625 1865 Dominus,
1646 1834 1699 1860 nisi
1712 1841 1792 1868 super

1000 1877 1136 1908 humilem,
1149 1882 1173 1904 et
1184 1878 1313 1912 quietum,
1324 1883 1348 1905 et
1363 1882 1514 1906 trementem
1525 1887 1657 1906 sermones
1668 1887 1738 1906 meos
1747 1880 1767 1895 '°
1778 1880 1791 1906 ?

1035 1922 1131 1950 XXIX.
1150 1923 1253 1956 Quarta
1277 1928 1305 1951 et
1328 1929 1403 1952 sexta
1427 1924 1497 1952 feria
1512 1924 1557 1958 qui
1575 1923 1735 1959 infrangunt
1749 1925 1790 1960 je-

997 1969 1119 2004 junium,
1137 1969 1213 1997 .luda
1227 1970 1398 1997 aestimantur
1419 1969 1568 2005 participes
1585 1970 1633 2004 qui
1648 1969 1789 1997 Christum

1002 2015 1127 2042 tradidit.

1035 2061 1120 2088 XXX.
1140 2061 1209 2089 Illud
1235 2061 1318 2089 etiam
1347 2061 1545 2090 attendendum
1570 2062 1633 2095 fuit,
1656 2066 1688 2090 ut
1714 2061 1788 2089 intra

1001 2107 1199 2134 monasterium
1217 2107 1364 2135 artiﬁcium
1387 2115 1441 2135 non
1458 2108 1540 2136 faciat
1557 2108 1640 2140 ullus,
1661 2107 1716 2135 nisi
1744 2108 1790 2136 ille

1001 2154 1080 2188 cujus
1095 2153 1163 2180 ﬁdes
1179 2153 1293 2188 probata
1318 2153 1413 2186 fuerit,
1431 2153 1477 2189 qui
1491 2153 1525 2182 ad
1540 2153 1686 2181 utilitatem
1700 2158 1728 2181 et
1740 2162 1790 2182 ne-

160 2200 352 2232 substantiam,
378 2200 405 2227 in
430 2208 525 2228 mensa
559 2203 679 2235 ponatur
701 2207 794 2227 coram
819 2199 948 2227 omnibus
961 2200 1158 2238 Deessitatem
1181 2200 1342 2228 monasterii
1363 2200 1446 2228 faciat
1466 2200 1540 2236 quod
1567 2201 1668 2236 poterit
1687 2200 1790 2228 facere.

195 2274 273 2323 'Iac.
290 2293 327 2318 ιν,
349 2285 375 2312 6.
414 2286 424 2302 '
442 2285 538 2314 Matth.
558 2293 634 2319 χχιιι,
652 2287 696 2315 12.
732 2287 743 2303 ’
766 2287 861 2317 Matth.
887 2297 953 2317 xvm

1007 2289 1034 2317 7.
1071 2290 1082 2305 ⁸
1101 2290 1180 2317 Rom.
1200 2298 1256 2322 xu,
1285 2290 1327 2318 l5.
1365 2290 1376 2306 ⁸
1398 2290 1494 2318 Matth.
1518 2298 1546 2323 v,
1584 2290 1611 2322 4,
1627 2290 1655 2318 9.
1695 2290 1717 2306 ¹⁹
1735 2289 1788 2317 Isa.

159 2327 212 2353 LVI,
230 2320 258 2347 2.

204 2413 248 2449 (2);
266 2412 426 2440 "medium.
440 2412 512 2440 Idem
527 2420 560 2440 ac
580 2413 720 2448 pradium.
737 2413 806 2441 Vide
818 2412 949 2449 Cangium

160 2446 188 2475 in
210 2446 333 2479 ‘Glossar,
351 2457 377 2475 v.
400 2448 560 2476 Ilteredium.

197 2483 236 2517 (5)
253 2483 413 2518 Impulsare.
430 2484 565 2510 Ezeilare.
584 2482 663 2517 Apud
682 2483 845 2511 Marcull‘um
867 2483 916 2511 lib.
931 2492 948 2511 ιι

159 2517 247 2545 Form.
265 2518 309 2550 52,
326 2527 358 2545 ex
373 2519 488 2553 cpistola
500 2518 611 2545 Henrici
630 2518 660 2551 ν,
675 2518 784 2546 abbatis
807 2519 951 2546 Fuldensis

158 2553 192 2580 ad
209 2554 277 2582 alios
291 2553 405 2581 abbates
415 2553 528 2581 Ordinis
545 2553 574 2581 S.
591 2553 732 2581 Benedicti
748 2554 878 2582 :Abbates
889 2554 950 2589 qui-

999 2415 1062 2441 dam
1071 2415 1170 2440 ordinis
1185 2419 1268 2440 nostri
1285 2422 1389 2441 παθη...
1405 2414 1586 2449 multipliciter
1596 2414 1786 2450 impulsarunt.

1000 2454 1164 2486 quatenus...
1180 2457 1313 2486 assumere
1326 2457 1491 2486 pararemus,
1505 2455 1560 2477 etc.
1578 2449 1640 2477 Vid.
1655 2449 1788 2486 Cangium

1001 2483 1029 2511 in
1047 2484 1166 2512 Glassar.
1189 2492 1215 2511 v.
1242 2483 1400 2518 Impulsam

1040 2519 1078 2554 (4)
1092 2519 1263 2546 Notatissimo
1277 2524 1339 2546 vest.
1356 2519 1423 2546 Vide
1434 2519 1505 2546 infra
1521 2527 1581 2554 quae
1594 2520 1787 2549 adnotavimus

1002 2554 1038 2582 ad
1058 2561 1118 2589 cap.
1143 2554 1187 2586 10,
1207 2553 1307 2589 regulae
1326 2562 1356 2581 ιιι
1381 2554 1493 2582 Patrum
1516 2553 1550 2582 ad
1563 2555 1723 2584 monachos.

201 2721 309 2751 Sancti
324 2721 452 2764 Ifecarii
466 2721 738 2764 ApOphthegmata
755 2744 770 2764 ._
791 2731 912 2753 necnon
935 2727 1085 2764 excerpta
1100 2723 1182 2754 varia
1193 2732 1214 2764 ς
1236 2727 1342 2764 sancto
1366 2723 1520 2764 illacario,
1541 2731 1711 2764 sermonem
1743 2725 1783 2756 de

161 2759 296 2790 Exuessu
316 2759 569 2802 _Ju§t_orum;c_t'e.
587 2759 807 2802 ~e‘tA’EpAistolas
825 2771 892 2801 qua;
912 2759 1084 2802 sequuntur
1098 2765 1132 2794 in
1164 2761 1299 2792 editione
1315 2761 1539 2799 Gallandiana,
1551 2763 1621 2802 jam
1642 2762 1783 2795 dedimus

161 2807 258 2837 supra
277 2799 334 2829 col.
347 2799 488 2838 235-265,
505 2799 651 2838 385-392,
669 2799 810 2832 406-447.
