2075 3155
273 180 323 214 im

278 246 1814 261 Μ

746 185 798 215 SS.
818 185 1078 216 MACARIORUM
1098 186 1146 216 ET
1167 170 1397 219 PAPHNUTII.‘

1851 191 1905 222 972

631 331 691 388 S.
728 332 1169 409 SERAPIONIS,
1209 334 1532 407 MACARII,

527 455 860 501 PAPHNUTII
901 454 976 500 ET
1009 455 1305 502 ALTERIUS
1339 455 1584 502 MACARII
1606 448 1646 483 (υ

598 564 921 630 REGULA
960 564 1063 628 AD
1102 564 1556 631 MONACHOS.

576 759 689 790 CAPUT
706 760 726 788 Ι.

584 805 711 842 Prwfatio
716 829 723 835 .

306 850 482 886 223-253
508 851 674 879 Sedentibus
691 853 728 887 (2)
746 853 826 881 nobis
839 854 866 881 in
887 862 973 882 unum
997 862 1061 882 con-

271 892 333 920 silio
348 892 540 924 saluberrimo,
564 900 627 920 cum
647 902 729 928 prece
758 895 903 922 Dominum
929 901 1054 924 nostrqu

272 940 439 972 rogavimus,
450 942 480 964 ut
496 938 576 966 nobis
584 939 764 967 distribuerat
779 940 911 976 Spiritum
924 947 1059 974 sanctum,

273 983 320 1017 qui
338 990 389 1010 nos
411 983 571 1016 instrueret,
588 985 707 1020 qualiter
732 986 849 1014 fratrum
871 989 1060 1016 conversatio—

271 1035 332 1055 nem
345 1028 387 1055 vel
405 1029 526 1064 regulam
539 1030 602 1057 vita:
616 1030 744 1058 ordinare
756 1032 903 1065 possimus.

580 1086 694 1115 CAPUT
715 1087 749 1115 ΙΙ.

392 1130 432 1158 De
443 1133 529 1167 prima
541 1134 727 1169 conjugatione
735 1136 935 1163 ctenobitarum.

554 1167 684 1204 Serapion
700 1171 779 1198 dixit.

305 1210 439 1244 Quoniam
457 1213 636 1241 misericordia
653 1215 762 1244 Domini
780 1216 858 1252 plena
876 1222 914 1244 est
928 1219 1017 1245 terral
1032 1222 1061 1247 et

270 1256 421 1284 multorum
437 1257 474 1292 (5)
491 1259 600 1294 agmina
617 1259 651 1287 ad
668 1261 730 1288 vita:
740 1261 877 1297 fastigium
893 1263 1018 1295 tendunt,
1032 1269 1060 1292 et

271 1302 336 1336 quia
347 1303 433 1330 eremi
445 1305 559 1332 vastitas
572 1310 599 1332 et
611 1305 785 1333 diversorum
798 1313 986 1336 monstrorum
1001 1313 1058 1337 ter—

271 1352 318 1371 ror
331 1345 490 1380 singillatim
504 1347 627 1376 habitare
640 1348 738 1378 fratres
753 1358 808 1378 non
817 1352 968 1386 permittit;
985 1353 1058 1388 opti-

270 1398 345 1417 mum
373 1391 483 1419 videtur
511 1393 631 1429 Spiritus
658 1396 744 1423 sancti
764 1398 910 1433 praeceptis
933 1399 1055 1427 obedire.

1074 762 1099 791 A
1114 769 1224 797 quoque
1234 762 1269 789 ab
1284 761 1328 789 his
1344 762 1432 796 quise
1447 762 1492 789 ta'li
1503 769 1587 796 opere
1601 761 1746 788 unanimes
1768 769 1830 789 esse
1851 769 1903 790 cu-

1113 806 1203 841 piunt,
1216 807 1280 841 quia
1292 814 1341 841 per
1357 806 1542 833 obedientiam
1564 806 1702 833 Abraham
1712 806 1814 840 placuit
1835 806 1902 840 Deo,

1112 856 1138 878 et
1157 853 1258 879 amicus
1271 852 1319 879 Dei
1334 852 1486 887 appellatus
1506 856 1542 879 est
1554 852 1575 878 ⁸.
1585 852 1636 879 Per
1646 851 1834 879 obedientiam
1851 853 1903 887 ipsi

1112 897 1228 932 apostoli
1254 902 1416 925 meruerunt
1435 902 1517 925 testes
1540 897 1657 924 Domino
1680 898 1708 924 in
1733 897 1861 925 tribubus
1873 903 1904 925 et

1112 943 1220 979 populis
1236 951 1307 971 esse.
1321 943 1382 979 ipse
1405 951 1516 978 quoque
1530 943 1662 970 Dominus
1687 948 1783 971 noster
1803 943 1838 971 de
1853 952 1903 971 su-

1112 990 1206 1024 pernis
1219 989 1253 1016 ad
1268 988 1400 1016 inferiora
1414 989 1586 1016 descendens
1600 989 1638 1016 ait
1651 999 1657 1015 :
1672 988 1731 1016 Non
1744 989 1803 1016 ueni
1815 989 1904 1024 facere

1112 1035 1273 1062 voluntatem
1287 1043 1384 1068 meam,
1398 1035 1443 1062 sed
1462 1035 1518 1069 ejus
1531 1035 1576 1070 qui
1598 1043 1639 1062 me
1661 1035 1760 1062 misit'.
1777 1034 1825 1062 His
1835 1042 1903 1070 ergo

1112 1080 1194 1108 lautis
1205 1081 1355 1108 virtutibus
1367 1079 1473 1107 firmata
1493 1079 1650 1107 obedientia
1666 1087 1830 1115 magnopere
1843 1087 1904 1107 ma-

1111 1132 1219 1160 gnoque
1234 1125 1326 1152 studio
1337 1129 1474 1164 teneatur.

1422 1169 1535 1197 CAPUT
1556 1169 1588 1196 V.

1110 1215 1244 1243 Macarius
1258 1216 1344 1243 dixit:
1357 1215 1481 1250 Qualiter
1492 1214 1633 1250 spirituale
1648 1216 1800 1242 exercitium
1815 1215 1847 1243 ab
1861 1217 1902 1244 his

1277 1252 1322 1286 qui
1341 1249 1594 1286 prwsuntPatribus
1613 1255 1744 1278 teneatur.

1144 1297 1279 1329 Quoniam
1294 1296 1410 1324 fratrum
1429 1295 1546 1331 insignia
1559 1296 1704 1328 virtutum,
1716 1296 1903 1325 habitationes

1109 1347 1229 1375 quoque,
1240 1340 1283 1367 vel
1294 1340 1450 1367 obedientia
1461 1339 1589 1374 superius
1602 1340 1755 1374 conscripta
1770 1344 1834 1366 sunt
1844 1340 1895 1374 (5),

1109 1392 1184 1412 nunc
1199 1384 1318 1419 qualiter
1335 1384 1476 1419 spirituale
1487 1383 1647 1411 exercitium
1659 1383 1693 1410 ab
1707 1384 1750 1410 his
1757 1385 1804 1419 qui
1820 1392 1894 1419 pne-

271 1435 329 1463 Nec
342 1437 381 1471 (4)
396 1441 491 1465 nostra
508 1425 619 1474 propria
634 1441 717 1468 verba
734 1425 863 1476 po'ssum'
874 1425 952 1471 ﬁr'mé
1071 1425 1095 1454 B
1109 1434 1174 1480 sunt
1189 1430 1318 1480 Patribus
1346 1434 1490 1480 teneatur,
1506 1429 1562 1456 Deo
1576 1429 1690 1480 juivante
1709 1430 1902 1480 ostendamus.

271 1488 378 1513 verare,
391 1482 444 1510 nisi
461 1483 575 1511 firmitas
585 1484 789 1520 Scripturarum
814 1495 829 1515 e
839 1490 991 1516 centesimo
1012 1491 1061 1517 tri-

270 1526 373 1554 cesimo
397 1529 518 1556 secundo
537 1530 643 1564 psalmo
662 1536 786 1559 nostrum
810 1533 935 1561 ordinem
958 1535 1059 1567 ﬁrmet,

271 1580 326 1607 quo
338 1573 426 1601 dicit:
448 1575 516 1601 Ecce
533 1584 615 1610 quam
640 1577 736 1604 bonum
754 1583 779 1605 et
800 1587 882 1614 quam
898 1582 1058 1615 Jucundum,

270 1619 390 1646 habitare
409 1620 504 1654 fratres
518 1621 545 1647 in
557 1629 639 1648 unum
651 1623 671 1648 ‘.
684 1623 719 1650 Et
740 1623 839 1651 iterum
852 1632 859 1650 :
873 1625 925 1658 Qui
938 1626 1059 1655 habitare

271 1665 336 1698 facit
349 1666 489 1693 unanimes
500 1667 527 1693 in
542 1667 651 1701 domo';
668 1668 773 1696 firmam
784 1671 839 1705 jam
854 1678 929 1699 nunc
937 1673 1058 1707 regulam

270 1708 381 1744 pietatis
397 1719 446 1746 per
468 1712 587 1747 Spiritus
613 1715 700 1741 sancti
722 1716 909 1745 ostensionem
927 1717 1060 1747 fratribus

271 1754 401 1784 ordinare
409 1776 416 1788 ,
431 1765 640 1793 prosequamur.

575 1804 687 1833 CAPUT
705 1806 749 1839 ΙΙΙ,

357 1848 431 1876 Idem
443 1849 507 1885 ipse,
522 1850 561 1878 De
574 1853 752 1920 unfinimitatc
768 1857 792 1880 et
803 1854 971 1888 jucunditate

619 1895 649 1913 ra
664 1895 732 1914 rum.

619 1895 732 1914 rutrum.

304 1930 437 1959 Volumus
462 1940 528 1967 ergo
550 1932 652 1961 fratres
673 1935 816 1963 unanimes
836 1936 864 1963 in
885 1937 968 1964 domo
996 1944 1057 1964 cum

266 1975 439 2010 iucunditate
454 1977 579 2006 habitare
595 1987 602 2006 :
618 1979 665 2006 sed
677 1980 794 2014 qualiter
816 1983 983 2010 unanimitas
1000 1983 1058 2018 ipsa

268 2022 312 2048 vel
324 2022 482 2057 jucunditas
497 2028 572 2052 recto
582 2024 680 2054 ordine
694 2030 830 2061 teneatur,
843 2028 901 2056 Deo
912 2029 1057 2064 adiuvante

268 2067 440 2096 mandamus.

571 2115 683 2146 CAPUT
702 2117 746 2146 IV.

321 2154 373 2188 Qui
385 2165 477 2192 supra,
491 2158 532 2192 De
548 2160 651 2194 abbate,
666 2163 836 2224 cet/quomodo
846 2164 869 2190 ei
885 2164 1007 2192 obediant

597 2204 691 2224 monac
700 2207 728 2224 ιι.

597 2204 728 2225 monacln.

307 2236 437 2266 Volumus
461 2247 527 2275 ergo
552 2249 638 2269 unum
660 2251 778 2278 praeesse
811 2246 947 2273 seniorem
975 2253 1058 2282 super

268 2290 365 2311 omnes
389 2284 498 2318 fratres,
520 2294 570 2315 nec
597 2288 632 2316 ab
651 2289 711 2325 ejus
731 2291 849 2318 consilio
873 2292 917 2319 vel
942 2292 1058 2327 imperio

266 2334 432 2362 quemquam
455 2329 597 2359 sinistrum
613 2332 761 2362 declinare.
784 2336 831 2363 sed
849 2336 920 2364 sicut
938 2337 1054 2372 imperio

266 2371 374 2400 Domini
394 2381 456 2406 cum
468 2377 542 2403 omni
570 2377 664 2406 laetitia
690 2380 824 2414 obedire;
844 2382 953 2410 dicente
976 2371 1054 2419 iApo—

265 2418 337 2464 stolo
350 2419 384 2446 ad
405 2420 533 2450 Hebraeos
550 2431 556 2449 :
575 2424 681 2452 Obcdite
701 2428 848 2462 praepositis
868 2429 970 2461 vestris,
989 2430 1052 2464 quia

264 2462 315 2496 ipsi
337 2465 448 2500 vigilant
469 2476 516 2502 pro
542 2470 640 2497 vobis‘.
659 2471 693 2498 Et
719 2472 852 2500 Dominus
871 2474 940 2500 dixit
957 2483 964 2502 :
984 2462 1052 2501 Nolo

264 2509 436 2544 sacriﬁcium,
463 2514 507 2540 scd
527 2514 729 2544 obedientiam“.
755 2518 992 2547 Considerandum
1010 2524 1053 2548 est

300 2578 388 2604 ‘Psal.
405 2588 486 2612 χχχιι,
505 2581 531 2607 5.
569 2583 578 2596 ¹
599 2582 669 2609 Psal.
687 2591 784 2615 cxxxu.
802 2586 826 2611 Ι.
867 2587 877 2602 ³
892 2587 963 2614 Psal.
982 2595 1051 2615 van

1100 2608 1106 2614 .
1144 2587 1153 2602 ⁸
1167 2586 1252 2613 Hebr.
1269 2593 1325 2616 λιιι,
1341 2585 1384 2611 l5.

1111 1474 1236 1506 Debetis.
1253 1475 1299 1509 qui
1318 1475 1444 1510 praestis
1455 1475 1561 1506 Patres,
1575 1475 1643 1502 tales
1656 1483 1703 1502 vos
1716 1475 1857 1508 exhibere,
1873 1481 1905 1503 ut

1109 1520 1258 1554 Apostolus
1272 1520 1310 1547 ait
1323 1528 1330 1547 :
1346 1520 1438 1546 Estote
1463 1521 1549 1554 forma
1572 1520 1734 1547 credentibus
1742 1521 1764 1552 ⁸,
1779 1521 1831 1548 hoc
1847 1526 1902 1553 est,

1111 1571 1143 1594 ut
1158 1574 1206 1601 per
1221 1567 1382 1601 qualitatem
1409 1566 1529 1601 mystica:
1548 1566 1659 1600 pictatis
1681 1570 1710 1593 et
1733 1567 1901 1599 severitatis,

1110 1611 1228 1638 fratrum
1249 1611 1358 1638 animos
1373 1611 1408 1638 ad
1431 1611 1554 1638 cmlestia
1580 1610 1614 1638 de
1636 1611 1755 1638 terrenis
1777 1612 1902 1647 erigatis,

1110 1657 1221 1685 dicente
1247 1657 1380 1692 Apostolo
1400 1665 1407 1683 :
1429 1656 1528 1691 Argue,
1554 1655 1671 1687 obsecra,
1695 1657 1814 1691 increpa,
1842 1665 1902 1684 cum

1110 1703 1182 1729 omni
1205 1702 1334 1737 patientia
1363 1705 1388 1727 et
1410 1701 1532 1727 doctrina
1543 1700 1563 1727 '.
1577 1700 1611 1727 Et
1637 1700 1692 1727 alio
1708 1701 1770 1728 loco
1793 1701 1900 1736 inquit:

1111 1749 1181 1782 Quid
1193 1749 1271 1777 vultis
1284 1750 1333 1776 ?in
1345 1751 1420 1784 virga
1449 1749 1554 1776 ueniam
1577 1749 1611 1775 ad
1629 1757 1687 1781 vos,
1703 1757 1738 1775 an
1754 1750 1782 1776 in
1803 1751 1901 1784 spiritu

1110 1795 1366 1824 mansuetudinis"?
1382 1793 1590 1822 Decernendum
1605 1799 1647 1821 est
1663 1794 1697 1821 ab
1713 1794 1760 1821 illo
1773 1795 1820 1829 qui
1832 1803 1902 1829 pra:-

1109 1847 1162 1876 est,
1176 1841 1292 1878 qualiter
1305 1841 1377 1868 circa
1390 1840 1512 1876 singulos
1524 1840 1622 1868 debeat
1635 1839 1746 1875 pietatis
1770 1841 1899 1868 affectum

1110 1892 1281 1920 monstrare;
1301 1892 1329 1914 et
1347 1886 1467 1921 qualiter
1485 1890 1578 1913 tenere
1598 1885 1698 1913 debeat
1713 1885 1897 1920 disciplinam,

1109 1942 1164 1961 non
1190 1933 1335 1960 immemor
1362 1931 1471 1959 Domini
1496 1931 1634 1958 dicentis:
1650 1930 1683 1958 1n
1706 1940 1758 1966 qua
1773 1939 1897 1959 mensura

1111 1980 1192 2006 mensi
1206 1978 1318 2012 fueritis,
1337 1978 1490 2005 remetietur
1500 1977 1570 2004 vobis
1580 1978 1614 2004 ¹¹.

1419 2023 1530 2051 CAPUT
1546 2023 1589 2050 VI.

1145 2071 1220 2098 Idem
1231 2071 1296 2105 ipse.
1313 2070 1344 2097 Ut
1359 2071 1385 2096 in
1403 2069 1522 2096 oratione
1538 2070 1683 2097 astantibus
1700 2069 1789 2097 nullus
1807 2069 1865 2096 sine

1241 2108 1369 2141 prwcepto
1381 2105 1481 2131 abbatis
1495 2105 1627 2139 psalmum
1637 2105 1765 2139 imponat.

1143 2150 1304 2179 Astantibus
1329 2157 1394 2184 ergo
1414 2149 1447 2176 ad
1471 2149 1623 2177 orationem
1641 2150 1734 2176 nullus
1750 2155 1899 2184 praesumat

1108 2198 1168 2226 sine
1190 2199 1328 2231 praecepto
1343 2193 1390 2229 qui
1416 2198 1515 2229 praeest
1538 2194 1644 2226 Patris,
1663 2195 1761 2229 psalmi
1787 2194 1897 2222 laudem

1107 2243 1245 2272 emittere.
1263 2241 1336 2269 Ordo
1352 2241 1402 2269 iste
1422 2244 1562 2273 teneatur,
1580 2245 1609 2267 ut
1625 2241 1718 2269 nullus
1732 2241 1854 2276 priorem
1871 2241 1898 2268 in

1108 2288 1276 2316 monasterio
1291 2287 1325 2314 ad
1342 2286 1469 2314 standum
1483 2287 1525 2313 vel
1535 2286 1708 2321 psallendum
1717 2287 1815 2313 ordine
1828 2295 1900 2321 pra:-

1107 2338 1197 2362 sumat
1214 2332 1379 2368 praecedere,
1400 2331 1511 2358 dicente
1525 2331 1670 2358 Salomone
1687 2339 1694 2358 :
1711 2331 1771 2364 Fili,
1796 2333 1898 2364 prima-

1107 2385 1163 2407 tum
1175 2379 1357 2414 concupiscere
1372 2377 1426 2404 noli
1435 2377 1467 2409 ²²,
1479 2391 1514 2397 -—-
1526 2384 1608 2412 neque
1621 2377 1771 2403 accubueris
1784 2377 1860 2410 prior
1870 2377 1896 2403 in

1106 2426 1239 2457 convivio;
1253 2433 1284 2451 ne
1295 2424 1331 2460 (6)
1349 2424 1437 2450 veniat
1450 2422 1544 2449 melior
1556 2427 1591 2453 te,
1600 2426 1624 2449 et
1636 2423 1706 2449 dicat
1719 2422 1765 2448 tibi
1778 2430 1784 2448 :
1799 2422 1894 2457 Surge,

1107 2479 1131 2501 et
1146 2474 1325 2509 confusionem
1340 2471 1453 2508 patiaris
1465 2472 1492 2497 in
1507 2471 1549 2497 die
1565 2471 1612 2497 illa
1625 2471 1657 2497 ".
1667 2470 1809 2498 Etiterum
1824 2470 1896 2498 dici-

1106 2526 1152 2546 tur
1168 2517 1247 2545 :Noli
1269 2517 1353 2544 altum
1373 2523 1478 2551 sapere,
1493 2515 1538 2542 sed
1552 2515 1655 2542 time“.
1673 2515 1749 2548 Quod
1765 2515 1787 2542 si
1807 2515 1894 2542 tardat

1422 2583 1537 2610 “Matth.
1552 2592 1588 2613 ix.
1602 2583 1645 2611 15.
1683 2584 1693 2599 ⁸
1713 2583 1771 2611 Jac.
1797 2591 1827 2614 ιι,
1847 2583 1894 2611 ‘23.

267 2612 366 2655 itoan-
384 2607 485 2655 53.31
515 2616 525 2631 η
540 2615 549 2642 ι
564 2607 1012 2655 T5955?limitiamid?!“
1020 2607 1056 2643 2a

1108 2630 1138 2648 π.
1154 2607 1252 2655 ιῦῖέἱξ
1269 2607 1412 2647 "illudill.
1424 2607 1537 2650 viif'él'"
1549 2607 1665 2646 ἱῖΙεὲὲἰι.
1679 2607 1772 2648 vui—lt.
1795 2607 1893 2646 “Li—1E.

262 2654 325 2678 xw,
338 2647 364 2674 8.
405 2649 426 2664 “
442 2650 521 2677 Rom.
536 2658 573 2682 xl,
590 2651 635 2678 20.

298 2727 337 2762 (Ι)
354 2727 511 2766 Holstenius
523 2730 556 2756 atl
568 2731 670 2757 calcem
686 2731 750 2758 Cod.
764 2731 855 2764 Regul.
873 2740 904 2759 ex
916 2731 1051 2766 antiquis-

262 2762 497 2801 simo'exetnlplari
515 2765 575 2791 cod.
590 2765 650 2801 Vat.
669 2766 748 2801 5542.
769 2762 873 2801 aliquot
892 2762 1050 2794 varias-lec-

261 2796 352 2823 tiones
372 2798 476 2836 prol'crt
488 2799 600 2833 hujusce
610 2800 716 2835 Regula:
727 2796 890 2832 sancto-runt,
900 2807 953 2829 etc.
970 2806 1051 2836 prout

261 2836 436 2871 se'q'ullntur._
446 2833 494 2871 llic
509 2840 600 2862 autem
616 2833 676 2869 post
689 2837 799 2863 murrina
811 2842 929 2871 quatuor
941 2833 1050 2864 Patrum

262 2865 374 2893 additur
387 2867 413 2894 in
430 2868 539 2897 laudato
555 2865 659 2902 codice,
677 2871 810 2898 abbatum.

298 2902 335 2934 (ἓ)
349 2902 509 2931 Scdt'ntilms.
524 2906 561 2932 ΙιΙ.
578 2906 638 2933 cod.
655 2906 870 2933 residentibnsdit
881 2914 952 2934 mox.
967 2912 993 2932 ut
1003 2916 1049 2933 no—

1103 2732 1140 2758 bis
1157 2731 1291 2758 tribueret.
1310 2731 1435 2762 Rectius,
1450 2736 1480 2757 ul
1493 2731 1612 2758 videtur.

1140 2768 1177 2798 (ὅ)
1195 2766 1347 2792 Multorum.
1363 2766 1403 2793 Id.
1418 2766 1478 2793 cod.
1495 2766 1572 2792 atltlit
1591 2766 1736 2792 hominum.

1137 2803 1175 2835 (Ι)
1190 2801 1252 2827 Nec.
1269 2801 1317 2828 Ms.
1331 2801 1383 2828 Nec
1393 2806 1491 2827 tamen.
1502 2801 1630 2836 [denique
1643 2805 1725 2835 caput
1738 2801 1895 2830 secundum

1101 2845 1163 2863 cum
1181 2837 1263 2862 tertio
1278 2836 1303 2862 in
1322 2844 1406 2862 unum
1423 2837 1573 2871 conjungit.

1136 2871 1174 2903 (Si)
1190 2871 1344 2905 Conscripta
1357 2876 1428 2898 simt.
1445 2872 1493 2899 Ms.
1509 2871 1664 2906 Conscripta
1683 2871 1856 2906 placuerunt.

1136 2906 1173 2942 (ti)
1186 2906 1231 2932 Νιι,
1244 2906 1292 2932 Ms.
1308 2905 1345 2932 Ne
1359 2908 1436 2940 forte.
