2075 3155
184 199 236 232 9⁵13

183 301 307 332 diti'erre,
323 305 351 328 et
368 300 518 328 secundum
531 301 591 337 ejus
610 301 757 336 imperium
772 300 886 329 obedire
903 307 970 327 eon~

184 345 260 373 venit
271 346 381 373 fratres.

484 411 597 440 CAPUT
617 413 674 440 VII.

219 476 294 503 Idem
310 477 375 511 ipse,
385 476 520 510 Quomodo
536 479 733 514 examinentur,
745 481 789 516 qui
806 489 838 508 ea;
849 481 944 508 uacula

478 519 678 542 convertuntur.

219 579 344 613 Qualiter
358 588 423 608 vero
435 583 601 611 examinatio
615 591 680 620 erga
692 591 741 612 eos
758 585 805 619 qui
821 586 855 612 de
875 587 975 614 saeculo

185 631 386 654 convertuntur
410 629 498 655 teneri
528 629 646 663 debeat,
677 631 858 659 ostendamus
882 632 973 660 vobis.

185 672 366 707 Amputandte
387 678 453 701 sunt
474 675 563 708 primo
577 675 611 702 ab
628 676 784 710 hujusmodi
809 677 911 704 divitia
925 685 976 704 saa-

186 717 252 744 culi.
269 717 303 744 Et
315 717 337 744 si
356 718 419 751 quis
437 726 542 753 pauper
553 720 677 746 converti
689 720 829 752 videatur,
848 721 930 748 habet
948 725 976 748 et

187 762 246 797 ipse
259 762 369 790 divitias
388 772 457 798 quas
469 770 612 798 amputare
633 765 742 798 debeat,
762 774 831 801 quas
857 767 977 802 Spiritus

186 814 297 836 sanctus
312 809 434 837 ostendit
446 817 495 844 per
512 810 685 838 Salomonem
701 812 816 840 dicens:
836 812 897 840 Odit
918 815 978 841 ani-

186 863 230 882 ma
241 863 298 883 mea
316 863 459 890 pauperem
469 856 612 890 superbum
621 861 646 883 et
656 857 762 884 divitem
779 858 930 885 mendacem
943 860 975 886 ".

186 900 220 927 Et
243 900 296 927 alio
320 901 380 928 loco
397 901 467 929 dicit
482 910 488 928 :
506 901 580 929 Sicut
600 902 769 930 uulneratum
789 904 930 939 superbum
944 905 976 932 “.

187 945 272 972 Debet
289 952 354 980 ergo
371 946 394 973 is
406 946 453 980 qui
468 950 566 980 praeest
582 946 673 979 Pater,
687 955 785 982 magno
797 948 888 975 studio
907 949 979 976 hanc

187 990 306 1024 regulam
324 994 418 1018 tenere
432 999 440 1023 ;
457 995 488 1018 ut
513 991 536 1018 si
564 999 669 1026 pauper
687 993 876 1025 convertitur,
889 994 979 1029 primo

186 1041 305 1070 exponat
319 1037 454 1064 sarcinam
471 1038 608 1072 superbia:
620 1046 626 1064 :
639 1042 668 1065 et
679 1038 720 1066 sic
732 1039 904 1067 examinatus
918 1048 980 1068 sus-

187 1081 316 1115 cipiatur.
338 1081 427 1109 Debet
453 1086 517 1109 ante
539 1083 630 1110 omnia
655 1083 798 1111 humiliter
815 1085 854 1120 (7)
879 1086 977 1119 imbui,

189 1131 219 1153 ut
233 1126 307 1160 quod
327 1134 456 1162 magnum
471 1132 500 1155 et
514 1128 570 1155 Deo
586 1133 730 1163 acceptum
744 1131 911 1158 sacrificium
925 1138 977 1165 est,

187 1180 263 1199 suam
276 1172 444 1200 voluntatem
457 1181 511 1200 non
531 1173 612 1201 faciat
637 1176 827 1210 unusquisque
841 1181 976 1210 vestrum.

189 1217 304 1250 fratres;
322 1218 369 1245 sed
387 1219 421 1245 ad
445 1227 524 1246 omne
546 1227 611 1255 opus
631 1220 727 1248 bonum
750 1223 841 1255 parati
862 1227 943 1250 estote
957 1225 977 1240 ”

187 1261 327 1296 Quidquid
343 1262 486 1294 acciderit,
503 1268 550 1290 aut
560 1264 667 1298 justum
681 1265 749 1300 quid
763 1265 857 1299 fuerit,
872 1275 980 1294 memo—

189 1315 234 1335 res
255 1315 314 1336 esse
340 1308 467 1337 debetis:
482 1309 515 1336 In
540 1310 709 1338 tribulatione
739 1313 867 1346 patientes
887 1313 930 1346 ¹⁸;
950 1314 978 1341 in

189 1353 318 1388 operibus
333 1354 452 1381 honesti.
469 1354 556 1382 Nolite
572 1364 616 1382 vos
634 1356 743 1383 invicem
762 1357 796 1383 ad
812 1359 979 1386 iracundiam

189 1408 331 1435 provocare
352 1401 384 1427 ‘9.
400 1401 451 1428 Sed
471 1409 575 1436 semper
589 1401 658 1429 bona
681 1403 819 1430 sectamini
833 1405 866 1430 ¹⁰.
895 1404 913 1431 Ii
931 1405 978 1440 qui

190 1445 258 1471 tales
275 1449 352 1476 sunt.
370 1453 432 1473 cum
450 1445 484 1473 de
501 1446 594 1474 saeculi
612 1446 695 1481 hujus
714 1447 854 1475 illecebris
867 1448 978 1476 liberari

189 1491 337 1523 voluerint,
353 1492 549 1527 appropiantes
564 1493 742 1524 monasterio,
759 1493 929 1521 hebdomade
940 1495 978 1530 (8)

190 1543 240 1571 pro
265 1537 372 1565 foribus
395 1538 505 1573 jaceant
521 1546 527 1564 :
545 1538 613 1565 nulli
635 1546 697 1566 cum
726 1539 766 1566 eis
788 1540 822 1566 de
847 1540 979 1568 fratribus

188 1582 339 1618 junguntur
350 1603 358 1614 ,
375 1587 404 1610 et
419 1591 528 1618 semper
544 1583 614 1611 dura
633 1588 660 1612 et
676 1584 814 1612 laboriosa
824 1585 869 1613 'eis
880 1594 979 1621 propo—
993 1597 1013 1626 (ι

191 1633 302 1656 nantur.
319 1629 347 1656 Si
364 1637 429 1656 vero
445 1630 684 1664 perseveraverint
697 1631 850 1665 pulsantes,
871 1632 912 1659 eis
924 1640 979 1659 non

190 1678 306 1708 negetur
324 1674 484 1709 ingressus;
505 1675 552 1702 sed
573 1675 597 1702 is
616 1676 663 1710 qui
681 1680 781 1710 praeest
792 1677 872 1704 Pater
882 1677 979 1712 hujus-

192 1719 264 1746 modi
280 1719 406 1747 homines
423 1720 537 1747 introire
551 1721 710 1755 permittat,
725 1727 753 1749 et
765 1723 884 1757 qualiter
897 1724 980 1751 vitam

191 1764 318 1797 fratrum,
331 1766 372 1793 vel
386 1767 507 1801 regulam
524 1771 616 1794 tenere
625 1767 740 1801 possint,
755 1769 892 1796 ostendat.
901 1770 979 1803 Quod

191 1812 213 1839 si
231 1811 309 1838 dives
322 1815 375 1843 est,
396 1817 424 1839 et
436 1813 540 1840 habens
553 1813 655 1840 multas
671 1814 784 1841 divitias
800 1816 826 1842 in
839 1817 939 1843 smeulo
952 1821 980 1844 et

192 1857 316 1885 converti
331 1858 462 1890 voluerit,
480 1859 562 1886 debet
577 1859 667 1894 primo
680 1860 718 1896 (9:
742 1860 788 1888 Dei
811 1862 979 1890 voluntatem

193 1903 320 1938 implere,
334 1908 363 1930 et
383 1905 514 1938 consequi
536 1910 703 1940 praeceptum
721 1906 786 1933 illud
801 1907 979 1942 praecipuum,

193 1949 266 1983 quod
280 1949 446 1977 adolescenti
463 1951 540 1977 diviti
557 1951 659 1978 dicitur
675 1959 680 1977 :
701 1951 786 1979 Vende
801 1953 890 1980 omnia
913 1954 980 1981 bona

194 1999 251 2027 tua,
268 2001 292 2022 et
314 1996 348 2022 da
371 1997 541 2031 pauperibus,
556 2002 581 2024 et
604 1998 667 2024 tolle
684 2006 787 2025 crucem
801 2004 884 2031 tuam,
905 2005 928 2026 et
942 2009 982 2027 se-

194 2048 275 2076 quere
289 2049 330 2068 me
345 2042 378 2068 “.
395 2041 500 2069 Deinde
515 2042 694 2070 instruendus
706 2047 747 2070 est
766 2043 801 2070 ab
814 2051 847 2071 eo
858 2044 904 2079 qui
917 2053 982 2079 prae-

192 2091 235 2114 est
250 2086 342 2117 Patre,
357 2087 522 2114 utnihilsibi
533 2089 679 2122 relinquat,
695 2089 748 2116 nisi
761 2097 870 2116 crucem
879 2089 981 2120 Christi

195 2140 278 2167 quam
301 2136 395 2164 tenet,
419 2137 447 2160 et
468 2138 600 2167 sequatur
623 2134 779 2161 Dominum.
803 2134 899 2163 Crucis
915 2144 982 2163 vero

194 2178 300 2214 fastigia
312 2186 374 2214 quae
389 2179 509 2206 tenenda
526 2186 611 2213 sunt;
628 2180 718 2214 primo
733 2180 806 2207 omni
825 2181 982 2210 obedientia

194 2231 249 2251 non
262 2232 339 2252 suam
353 2224 523 2252 voluntatem
541 2225 641 2256 facere,
656 2225 704 2252 sed
723 2226 845 2254 alterius.
867 2227 945 2260 Quod
959 2229 981 2255 si

766 198 919 230 REGULA
935 198 985 228 AD
1005 197 1218 228 MONACHOS.

184 256 209 284 is
222 254 270 290 qui
294 258 403 290 przeest,
431 259 540 290 oportet
556 255 678 290 primum
707 255 734 282 in
754 255 882 282 notitiam
907 255 966 290 ejus
981 256 1005 286 Α

1756 192 1808 223 illi

1309 250 1421 279 CAPUT
1450 249 1518 279 Vill.

1022 322 1159 358 Idemque,
1187 320 1307 353 Qualiter
1333 318 1465 354 peregrini
1489 317 1600 352 hospites
1620 314 1812 349 suspiciantur.

1059 379 1241 408 Venientibus
1252 377 1293 405 eis
1309 376 1404 404 nullus
1419 375 1473 403 nisi
1498 382 1582 404 unus,
1600 372 1644 400 cui
1657 379 1724 399 cura
1738 371 1811 398 circa

1024 426 1158 462 hospitale
1195 424 1280 451 fuerit
1312 422 1436 457 injuncta
1471 424 1610 450 occurrat.
1639 422 1667 445 et
1698 424 1812 451 respon-

1024 481 1084 500 sum
1097 471 1152 507 (ΙΙ)
1166 471 1212 498 det
1227 468 1414 497 venientibus.
1431 467 1526 497 Orare,
1541 465 1584 492 vel
1597 471 1690 499 pacem
1712 462 1812 489 offerre

1024 526 1080 546 non
1096 518 1177 545 liceat
1191 516 1250 548 ulli,
1267 515 1320 542 nisi
1333 514 1423 549 primo
1441 512 1567 539 videatur
1587 510 1621 537 ab
1637 517 1670 536 co
1683 508 1729 543 qui
1744 515 1813 542 prre-

1024 570 1068 592 cst
1089 565 1187 596 Patre;
1205 567 1233 590 ct
1253 562 1380 589 oratione
1395 558 1475 587 simul
1488 563 1607 591 peracta,
1623 559 1754 589 sequatur
1769 562 1814 580 or—

1025 610 1090 638 dine
1103 616 1153 636 suo
1170 608 1245 643 pacis
1260 607 1380 634 oihcium
1399 605 1527 632 reddere.
1548 603 1604 641 _Nec
1619 601 1713 628 licebit
1729 599 1812 626 alicui

1025 655 1104 682 fratri
1118 661 1181 682 cum
1198 652 1413 687 superveniente
1431 647 1612 677 sermocinari
1625 656 1633 679 ς
1647 654 1701 673 non
1716 645 1752 672 sit
1765 645 1811 671 ulli

1026 708 1093 728 cura
1111 698 1313 733 interrogandi.
1334 697 1408 724 unde
1425 695 1541 725 venerit,
1554 693 1620 728 quid
1635 691 1753 722 venerit,
1771 690 1813 717 vel

1026 745 1138 780 quando
1153 744 1346 771 ambulaturus
1362 743 1408 773 sit,
1420 741 1473 768 nisi
1489 740 1539 767 soli
1552 738 1598 773 qui
1614 741 1712 772 praeest
1722 735 1808 766 Patri,

1026 795 1075 818 aut
1086 790 1188 824 quibus
1199 789 1257 824 ipse
1271 787 1395 824 jusserit.
1410 785 1591 814 Venientibus
1601 790 1668 809 vero
1681 780 1814 808 fratribus

1028 835 1061 862 ad
1077 835 1172 862 horam
1200 832 1371 864 refectionis,
1396 839 1452 858 non
1467 829 1561 857 licebit
1575 827 1721 863 peregrino
1736 824 1814 852 fratri

1027 888 1091 908 cum
1115 879 1245 906 fratribus
1268 877 1447 907 manducare,
1469 875 1522 902 nisi
1538 881 1600 902 cum
1616 881 1650 900 eo
1672 871 1720 907 qui
1734 874 1815 905 przest

994 931 1015 959 Β
1030 925 1122 955 l'atre,
1137 927 1168 950 ut
1179 922 1268 957 possit
1281 921 1422 948 tedilicari.
1449 919 1530 946 Nullo
1540 918 1635 946 licebit
1651 924 1713 943 cum
1727 923 1760 959 eo
1776 914 1815 940 lo-

1029 967 1092 1003 qui;
1108 974 1160 994 nec
1173 966 1289 1000 alicujus
1301 964 1357 998 (’12)
1371 963 1499 990 audiatur
1511 969 1612 992 sermo,
1628 960 1679 986 nisi
1693 958 1815 1003 divinus.

1028 1000 1075 1046 qui
1087 1018 1120 1037 ex
1134 1009 1234 1044 pagina
1248 1008 1417 1043 proferatur,
1431 1006 1529 1041 etejus
1542 1004 1589 1039 qui
1605 1007 1705 1046 praeest
1714 1000 1815 1046 Patris.

1028 1044 1072 1081 vel
1089 1053 1191 1088 quibus
1206 1052 1265 1087 ipse
1285 1050 1398 1087 jusserit
1426 1049 1512 1084 loqui,
1536 1052 1567 1074 ut
1583 1045 1686 1081 aliquid
1704 1045 1739 1072 de
1760 1044 1817 1072 Deo

1029 1098 1186 1126 conveniat.

1279 1151 1362 1188 244
1377 1150 1489 1178 CAPUT
1509 1148 1555 1176 Ix.

1170 1209 1292 1243 Qualiter
1301 1209 1468 1244 jejuniorum
1482 1207 1546 1244 ordo
1557 1209 1691 1232 teneatur.

1291 1218 1292 1223 ¹
1318 1218 1468 1244 clamorum
1482 1218 1546 1233 aruu

1291 1218 1457 1279 Igaplmutius
1476 1242 1556 1268 dixit:

1062 1301 1158 1336 Magna
1174 1304 1203 1328 et
1219 1299 1298 1327 utilia
1325 1298 1360 1326 ad
1389 1298 1488 1326 animae
1508 1297 1623 1325 salutem
1641 1296 1713 1323 dicta
1739 1299 1816 1326 sunt.

1028 1347 1128 1375 fratres
1144 1356 1151 1374 :
1163 1355 1216 1374 nec
1227 1347 1279 1373 hoc
1290 1345 1436 1373 tacendum
1453 1348 1506 1375 est,
1518 1344 1637 1378 qualiter
1649 1342 1816 1377 jejuniorum

1028 1393 1097 1420 ordo
1110 1392 1247 1420 tenendus
1260 1391 1305 1418 sit.
1318 1391 1376 1418 Nec
1385 1390 1459 1417 aliud
1475 1390 1541 1416 huic
1555 1388 1677 1415 firmitati
1694 1387 1817 1414 testimo-

1030 1438 1107 1464 nium
1123 1437 1272 1470 convenit,
1288 1435 1440 1463 dulcissimi
1456 1435 1571 1466 fratres,
1588 1434 1639 1461 nisi
1658 1433 1725 1460 illud
1742 1433 1814 1467 quod

1029 1483 1116 1511 dicit:
1146 1482 1241 1509 Petrus
1270 1487 1359 1509 autem
1381 1485 1405 1508 et
1440 1480 1561 1507 Joannes
1582 1479 1758 1506 ascendebant
1788 1479 1816 1505 in

1029 1528 1158 1563 templum
1187 1528 1257 1554 circa
1282 1528 1376 1554 haram
1402 1527 1531 1554 orationis
1555 1533 1654 1552 nonam
1666 1526 1699 1552 ¹¹.
1730 1524 1816 1552 Debet

1029 1582 1095 1609 ergo
1107 1575 1158 1602 iste
1176 1574 1246 1602 ordo
1267 1573 1367 1605 teneri,
1393 1573 1503 1604 fratres,
1531 1577 1563 1600 ut
1591 1573 1667 1599 nullo
1692 1571 1737 1598 die
1764 1570 1817 1597 nisi

1031 1622 1098 1648 hora
1110 1629 1182 1648 nona
1205 1620 1368 1648 reficiantur
1392 1619 1529 1646 fratresin
1545 1616 1724 1647 monasterio,
1735 1623 1817 1643 exce—

1029 1671 1074 1701 pta
1094 1666 1237 1694 Dominica
1257 1666 1302 1693 die
1325 1670 1354 1693 et
1370 1665 1601 1700 Quinquagesima
1629 1664 1815 1691 Pcntecostes.

1030 1712 1078 1739 Die
1098 1716 1189 1739 autem
1202 1712 1345 1739 Dominica
1363 1711 1433 1738 nihil
1462 1711 1536 1738 aliud
1564 1714 1655 1745 agant,
1681 1709 1734 1736 nisi
1760 1708 1817 1735 Deo

1030 1763 1138 1790 vacent,
1158 1765 1193 1784 ne
1210 1765 1260 1792 pro
1271 1757 1362 1792 aliqua
1383 1757 1531 1784 occasione
1550 1764 1578 1784 se
1595 1754 1817 1783 velintautalios

1029 1811 1172 1831 excusare.
1201 1802 1305 1830 Tamen
1334 1806 1474 1829 contestor
1503 1802 1614 1833 fratres,
1643 1800 1716 1834 quod
1742 1799 1816 1826 nulla

1029 1849 1154 1884 operatio
1168 1849 1196 1874 in
1211 1848 1256 1875 die
1276 1848 1323 1874 illa
1336 1851 1432 1874 sancta
1449 1848 1646 1881 comperiatur,
1674 1847 1727 1873 nisi
1758 1849 1816 1872 tan-

1031 1899 1089 1921 tum
1105 1893 1214 1928 hymnis
1237 1892 1405 1927 et'psalmis,
1432 1896 1460 1919 et
1486 1893 1602 1920 canticis
1626 1890 1817 1929 spiritualibus

1031 1940 1090 1967 dies
1101 1939 1146 1966 illa
1163 1938 1340 1973 transigatur.

1342 1993 1455 2023 CAPUT
1473 1994 1507 2020 Χ.

1084 2043 1158 2070 Idem
1177 2045 1241 2079 ipse.
1263 2043 1384 2076 Qualiter
1404 2041 1501 2076 fratres
1519 2038 1611 2064 debent
1630 2037 1746 2072 operari.

1068 2088 1197 2124 Idemque
1213 2089 1269 2123 (ίὸ)
1286 2087 1472 2124 praecipimus.
1491 2084 1596 2112 Debent
1624 2091 1690 2118 ergo
1719 2083 1818 2110 fratres

1033 2134 1117 2161 istum
1131 2135 1257 2162 ordinem
1274 2140 1381 2162 tenere.
1401 2134 1423 2160 A
1437 2133 1524 2168 prima
1538 2133 1604 2159 hora
1622 2138 1709 2165 usque
1722 2129 1756 2156 ad
1768 2129 1818 2156 ho-

1034 2188 1093 2207 ram
1111 2181 1221 2208 tertiam
1240 2181 1297 2208 Deo
1306 2183 1406 2207 vacent
1420 2179 1521 2206 fratres
1537 2187 1544 2210 ;
1562 2186 1577 2205 a
1594 2177 1675 2204 tertia
1691 2184 1756 2203 vero
1769 2184 1818 2203 us-

1034 2234 1087 2261 que
1098 2227 1132 2253 ad
1144 2234 1256 2258 nonam,
1278 2225 1413 2261 quidquid
1425 2225 1579 2260 injunctum
1598 2223 1682 2250 fuerit
1697 2230 1711 2249 a
1726 2223 1817 2253 Patre.

193 2271 312 2297 voluerit
335 2271 503 2298 monasterio
525 2275 631 2306 partem
654 2271 789 2304 conferre,
805 2273 914 2300 noverit
929 2281 983 2308 quo
1000 2267 1022 2294 Ι)
1035 2273 1094 2300 sine
1105 2273 1196 2307 aliqua
1206 2273 1424 2300 murmuratione
1434 2271 1545 2298 faciant.
1555 2269 1819 2297 Meminissedebcnt

194 2315 291 2342 ordine
308 2315 366 2343 sive
382 2316 451 2350 ipse,
466 2316 523 2344 sive
548 2318 608 2352 ejus
628 2317 731 2344 oblatio
753 2318 929 2352 suscipiatur.
945 2319 980 2346 Et

195 2362 218 2388 si
242 2362 362 2389 voluerit
387 2362 422 2390 de
451 2363 508 2390 Suis
530 2363 618 2390 servis
645 2371 737 2391 secum
766 2364 793 2391 in
815 2365 982 2393 monasterio

196 2407 360 2441 conducere,
380 2409 488 2436 noverit
501 2408 556 2444 (10)
575 2409 630 2443 jam
649 2417 704 2436 non
717 2417 780 2437 cum
799 2417 908 2438 servum
933 2411 982 2437 ha-

196 2451 272 2484 bere,
282 2453 328 2480 sed
343 2453 474 2486 fratrem;
488 2457 519 2480 ut
533 2455 560 2481 in
571 2455 700 2482 omnibus
712 2455 849 2490 perfectus
861 2456 982 2484 invenia-

197 2501 242 2524 tur
256 2498 338 2526 homo
351 2499 407 2527 ille.

232 2603 252 2618 ”‘
266 2602 350 2630 Eccli.
376 2611 448 2636 utv,
465 2605 491 2631 4.
532 2605 553 2621 ¹⁵
567 2605 637 2632 Psal.
664 2613 790 2638 Luxvm,
819 2605 863 2632 Η.

196 2637 291 2667 Thess.
303 2647 330 2671 ν,
342 2639 386 2666 i5.
425 2639 447 2655 ¹¹
464 2639 547 2667 Mare.
571 2648 598 2672 χ,
613 2640 658 2666 21.
696 2641 719 2656 ¹²
733 2640 794 2668 Act.
811 2648 850 2672 ιιι,
870 2641 897 2668 1.

233 2736 270 2768 ('1)
288 2737 439 2763 Humiliter.
457 2736 506 2763 Ms.
527 2735 692 2762 Ilumilitate.
711 2735 744 2763 Et
758 2736 839 2770 paulo
852 2740 917 2770 post
931 2744 980 2771 pa-

199 2774 270 2797 ratus
280 2772 313 2797 sit
327 2779 375 2804 pro
392 2771 481 2805 parati
494 2775 584 2797 estote.
606 2770 702 2797 Recte.

235 2806 272 2837 (8)
290 2806 467 2832 "ebdomada.
484 2806 532 2832 Ms.
546 2805 602 2832 hab.
623 2806 759 2832 continua.

235 2839 273 2872 (9)
288 2840 387 2867 Primo.
400 2841 491 2869 Addit.
507 2849 558 2867 ms.
575 2844 637 2867 ante
651 2840 751 2867 omnia.
763 2841 802 2868 Ex
818 2847 891 2873 mox,
902 2849 982 2876 quam

201 2878 297 2901 teneat.

235 2909 291 2943 (10)
308 2908 422 2936 Noverit.
435 2910 509 2938 Idem
526 2911 588 2938 cod.
605 2911 705 2938 noverit
720 2919 757 2937 se.

903 2606 923 2622 "
946 2606 967 2633 ll
981 2605 1053 2633 Tim.
1075 2614 1101 2638 ιι,
1119 2606 1164 2632 21.

935 2641 958 2657 ’³
975 2641 1074 2676 Philip.
1087 2649 1116 2673 ιι,
1133 2640 1177 2668 Η.

1033 2318 1061 2346 hi
1077 2319 1177 2353 quibus
1194 2319 1357 2354 injungilur,
1373 2318 1477 2345 dictum
1494 2316 1617 2352 Apostoli
1637 2315 1750 2342 :Omnia
1760 2322 1819 2348 qua:

1031 2365 1130 2400 facitis,
1143 2365 1199 2391 sine
1218 2365 1427 2391 murmuratione
1447 2363 1526 2398 facile
1541 2363 1574 2389 “.
1591 2362 1699 2388 Timere
1716 2361 1819 2387 debent

1032 2410 1098 2438 illud
1113 2410 1215 2437 dictum
1227 2410 1350 2436 terribile
1368 2409 1473 2436 :Nolite
1492 2415 1671 2438 murmurare,
1683 2407 1748 2432 sicut
1760 2407 1818 2439 qui~

1031 2457 1094 2483 dam
1112 2463 1202 2482 eorum
1234 2459 1477 2485 murmurauerunt,
1504 2458 1528 2480 et
1552 2454 1584 2480 ab
1613 2452 1818 2479 exterminatore

1031 2503 1165 2537 perierunt
1179 2501 1211 2528 ".
1230 2501 1317 2529 Debet
1333 2501 1422 2537 .etiam
1453 2500 1500 2535 qui
1516 2504 1614 2535 praeest
1640 2499 1731 2530 Pater,
1748 2505 1818 2533 opus

1205 2606 1226 2621 ³⁸
1244 2605 1323 2632 Rom.
1354 2612 1401 2635 xu,
1431 2604 1472 2630 12.

1513 2604 1533 2618 ’³
1550 2601 1728 2638 Ephcs.v1,4.
1763 2601 1786 2616 ¹⁰
1804 2601 1815 2628 l

1216 2641 1238 2656 ”
1255 2640 1338 2667 lCor.
1360 2647 1384 2669 κ,
1402 2639 1443 2665 10.

1068 2737 1122 2769 (Η)
1143 2735 1178 2762 Et
1191 2744 1259 2770 resp.
1280 2735 1329 2761 Ms.
1346 2739 1374 2761 ut
1388 2742 1457 2770 resp.
1476 2733 1536 2760 Mox
1552 2733 1622 2759 idem
1636 2740 1686 2770 ms.
1697 2737 1764 2770 post
1775 2742 1816 2760 ve-

1032 2771 1162 2798 nientith
1177 2768 1263 2801 addit,
1282 2770 1389 2804 necipw
1404 2769 1501 2795 audeat
1514 2776 1576 2804 eum
1589 2768 1759 2795 uenientibus.

1069 2806 1124 2839 (t2)
1138 2805 1268 2840 Alicujus.
1279 2805 1372 2832 Addit.
1383 2812 1434 2831 ms.
1453 2804 1498 2830 ibi.
1512 2803 1597 2830 Paulo
1609 2806 1670 2837 post
1682 2803 1814 2836 recitetnr.

1032 2842 1093 2868 loco
1106 2841 1267 2875 proferatur.

1068 2873 1123 2909 (125i
1141 2875 1275 2910 Idemque.
1297 2875 1336 2902 An
1351 2873 1491 2910 Itemque?
