2075 3155
318 182 369 216 ιηι

322 246 1850 259 -————————‘-——————_—_—-———-——-—————-—-——-

791 185 843 215 ss.
863 183 1122 215 MACARIOBUM
1142 183 1190 214 ET
1212 167 1441 216 PAPHNUTII;
1880 183 1922 214 972

677 331 737 388 S.
773 331 1215 406 SERAPIONIS,
1254 331 1578 402 MACARll,

573 455 906 501 PAPHNUTII
947 453 1022 498 ET
1055 452 1351 498 ALTEBIUS
1385 451 1632 497 MACABII
1654 441 1694 476 (ί)

645 563 968 629 REGULA
1006 562 1110 626 AD
1149 561 1605 628 MONACHOS.

624 759 736 790 CAPUT
753 760 774 788 I.

632 806 771 842 Prwfatio.

355 851 530 887 223-253
556 851 722 880 Sedentibus
739 853 776 887 (Ξ)
794 853 914 880 nobisin
936 861 1021 881 unum
1045 860 1109 880 con-

320 894 381 922 silio
397 894 588 925 saluberrimo,
613 901 675 921 cum
696 901 777 929 prece
807 895 951 922 Dominum
977 899 1102 922 nostrum

321 941 488 974 rogavimus,
498 943 528 965 ut
545 939 624 966 nobis
633 939 812 967 distribueret
827 940 960 975 Spiritum
973 945 1107 972 sanctum,

322 985 369 1019 qui
387 992 438 1012 nos
460 984 620 1017 instrueret,
637 985 756 1020 qualiter
781 985 898 1014 fratrum
920 987 1109 1015 conversatio-

321 1037 382 1057 nem
394 1029 436 1057 vel
454 1029 575 1065 regulam
589 1030 651 1057 vitm
665 1030 794 1058 ordinare
805 1031 952 1065 possimus.

629 1086 742 1115 CAPUT
765 1086 798 1114 ll.

442 1132 481 1160 De
493 1134 578 1168 prima
591 1134 776 1170 conjugatione
784 1135 984 1162 caenobitarum.

604 1168 733 1204 Serapion
750 1170 828 1197 dixit.

355 1212 489 1246 Quoniam
508 1215 686 1242 misericordia
703 1215 811 1243 Domini
830 1215 909 1251 plena
925 1221 964 1243 est
978 1217 1067 1243 terra‘
1082 1220 1110 1245 et

321 1258 471 1286 multorum
488 1258 524 1294 (5)
541 1259 650 1294 agmina
667 1260 701 1287 ad
718 1260 780 1288 vitae
790 1260 927 1296 fastigium
943 1261 1068 1294 tendunt.
1082 1267 1110 1290 et

322 1304 386 1338 quia
398 1305 484 1331 eremi
495 1305 610 1332 vastitas
622 1311 650 1332 et
662 1305 835 1333 diversorum
849 1311 1036 1334 monstrorum
1051 1311 1109 1335 ter-

322 1353 369 1373 ror
382 1347 540 1382 singillatim
554 1348 677 1376 habitare
690 1349 788 1377 fratres
803 1358 858 1377 non
868 1350 1019 1384 permittit;
1036 1352 1108 1386 opti-

321 1400 396 1419 mum
424 1393 534 1420 videtur
562 1394 682 1429 Spiritus
709 1395 795 1422 sancti
815 1397 960 1432 praeceptis
984 1398 1106 1425 obedire.

323 1437 380 1465 Nec
393 1438 433 1472 (4)
447 1442 542 1466 nostra
560 1441 671 1474 propria
685 1441 769 1468 verba
786 1447 902 1476 possunt
925 1443 1003 1470 ﬁrma
1013 1451 1109 1478 perse-

322 1490 429 1515 verare,
442 1483 495 1511 nisi
512 1483 627 1511 ﬁrmitas
637 1484 841 1520 Scripturarum
865 1495 880 1514 e
890 1488 1042 1515 centesimo
1063 1489 1112 1515 tri-

322 1528 425 1555 cesimo
448 1529 570 1556 secundo
590 1530 695 1565 psalmo
714 1535 839 1558 nostrum
861 1532 987 1560 ordinem
1010 1533 1110 1565 ﬁrmet.

322 1582 378 1608 quo
390 1574 478 1602 dicit:
500 1577 567 1602 Ecce
586 1585 668 1611 quam
692 1577 788 1603 bonum
807 1581 830 1604 et
852 1587 934 1614 quam
950 1580 1110 1614 Jucundum,

323 1620 443 1647 habitare
461 1621 556 1655 fratres
570 1622 597 1648 in
609 1629 691 1649 unum
703 1623 723 1647 ⁸.
736 1622 772 1649 Ει
792 1623 892 1650 iterum
905 1631 911 1649 :
925 1623 977 1656 Qui
990 1625 1111 1652 habitare

323 1666 388 1700 facit
401 1667 541 1694 unanimes
553 1667 580 1694 in
594 1667 704 1700 domo';
719 1668 826 1695 ﬁrmam
836 1670 892 1704 jam
906 1677 981 1697 nunc
990 1671 1110 1706 regulam

323 1710 434 1746 pietatis
450 1720 499 1747 per
521 1713 640 1748 Spiritus
666 1714 753 1741 sancti
775 1715 962 1743 ostensionem
980 1716 1112 1744 fratribus

324 1756 453 1785 ordinare
462 1777 469 1789 .
484 1765 693 1793 prosequamur.

628 1805 740 1833 CAPUT
758 1806 802 1838 lll,

410 1849 485 1877 Idem
496 1850 561 1886 ipse,
576 1851 614 1878 De
627 1852 805 1921 unianimitate
821 1856 846 1878 et
856 1852 1024 1887 jucunditate

672 1891 786 1913 rati-um.

672 1891 786 1913 rutrum.

358 1931 491 1960 Volumus
515 1940 581 1967 ergo
604 1932 705 1960 fratres
726 1934 870 1962 unanimes
890 1935 918 1962 in
939 1935 1022 1962 domo
1049 1942 1111 1962 cum

321 1977 493 2011 iucunditate
508 1978 633 2006 habitare
649 1987 656 2006 :
672 1979 718 2006 sed
730 1980 848 2014 qualiter
870 1981 1036 2008 unanimitas
1054 1981 1113 2015 ipsa

323 2023 367 2049 vel
379 2023 536 2058 iucunditas
551 2028 627 2052 recto
636 2024 733 2054 ordine
748 2030 884 2060 teneatur,
897 2027 955 2054 Deo
966 2027 1112 2063 adiuvante

323 2068 494 2096 mandamus.

626 2115 738 2145 CAPUT
756 2117 801 2144 ιν.

377 2155 428 2188 Qui
440 2165 532 2192 supra,
547 2157 587 2192 De,
604 2159 706 2193 abbate,
721 2162 891 2222 lat/quomodo
902 2162 924 2188 ei
941 2162 1062 2190 obediant

652 2203 747 2222 monac
756 2205 783 2222 ιι.

652 2203 783 2223 monacm.

363 2236 493 2265 Volumus
517 2246 583 2274 ergo
608 2248 694 2268 unum
716 2249 835 2276 praeesse
867 2243 1002 2271 seniorem
1030 2252 1114 2280 super

324 2290 420 2310 omnes
445 2283 554 2317 fratres,
575 2293 627 2313 nec
654 2287 688 2314 ab
707 2287 767 2323 ejus
788 2289 905 2316 consilio
929 2290 972 2316 vel
997 2290 1113 2325 imperio

323 2334 488 2362 quemquam
512 2329 653 2357 sinistrum
670 2331 818 2360 declinare.
840 2333 887 2361 sed
905 2334 976 2362 sicut
994 2334 1110 2370 imperio

322 2371 431 2400 Domini
451 2381 513 2405 cum
525 2375 600 2402 omni
627 2376 721 2404 laetitia
747 2378 880 2411 obedire;
900 2379 1009 2408 dicente
1038 2382 1110 2416 Apo-

322 2418 394 2445 stolo
407 2418 441 2446 ad
462 2419 590 2448 Hebraeos
607 2430 613 2447 :
632 2422 738 2450 Obedite
757 2425 905 2459 pra’positis
924 2427 1026 2458 vestris,
1045 2427 1108 2462 quia

320 2463 372 2496 ipsi
394 2465 505 2500 vigilant
526 2475 573 2501 pro
599 2468 698 2495 vobis‘.
715 2469 749 2496 Et
775 2470 908 2498 Dominus
928 2471 997 2498 dixit
1014 2481 1021 2500 :
1040 2472 1109 2498 Nolo

321 2510 493 2543 sacriﬁcium,
520 2513 565 2539 sed
584 2513 785 2542 obedientiam“.
811 2516 1049 2544 Considerandum
1066 2522 1110 2545 est

357 2578 446 2605 Il"sal.
462 2587 543 2611 xxx",
563 2581 589 2607 5.
626 2582 635 2596 ¹
657 2581 726 2609 Psal.
744 2591 841 2614 cxxxu.
859 2585 882 2611 l.
924 2586 934 2600 '
948 2585 1020 2612 Psal.
1039 2592 1108 2612 van

1157 2605 1162 2610 .
1201 2583 1210 2598 ⁸
1224 2583 1308 2610 Hebr.
1325 2588 1381 2611 λιιι,
1397 2578 1440 2604 15.

1122 759 1146 789 Α
1161 766 1272 794 quoque
1282 759 1317 786 ab
1332 758 1375 785 his
1391 758 1480 793 quise
1494 758 1539 785 ιιιΊὶ
1551 763 1638 792 opere
1653 752 1796 781 unanimes
1817 757 1872 778 esse
1889 757 1929 777 cu-

1161 803 1251 838 piunt,
1264 804 1328 838 quia
1340 811 1388 838 per
1404 801 1592 829 obedientiam
1614 798 1753 828 Abraham
1763 795 1859 843 placuit
1876 794 1930 843 lien,

1160 854 1186 876 et
1206 850 1305 876 amicus
1319 848 1367 876 Dei
1382 848 1534 884 appellatus
1554 851 1592 874 est
1604 847 1625 873 ⁸.
1636 846 1689 873 Per
1699 841 1877 871 obedientiam
1890 840 1931 874 ipsi

1160 895 1276 930 apostoli
1302 898 1464 922 meruerunt
1483 898 1566 921 testes
1589 891 1711 919 Domino
1734 890 1761 916 in
1786 886 1900 914 tribubus
1911 888 1932 911 et

1161 940 1269 976 populis
1284 947 1355 968 esse.
1369 939 1431 974 Ipse
1453 946 1564 974 quoque
1579 937 1717 966 Dominus
1742 938 1834 962 noster
1852 931 1882 959 de
1894 938 1932 957 sn-

1160 987 1255 1021 pernis
1267 985 1302 1013 ad
1317 985 1448 1013 inferiora
1462 984 1637 1012 descendens
1653 983 1692 1009 ait
1705 991 1711 1008 :
1727 980 1784 1008 Non
1797 978 1852 1006 ueni
1862 977 1933 1011 facere

1161 1033 1322 1059 voluntatem
1336 1040 1433 1064 meam,
1447 1031 1492 1058 sed
1511 1031 1567 1065 ejus
1580 1030 1627 1065 qui
1650 1036 1693 1056 me
1715 1025 1813 1054 misit'.
1829 1023 1872 1050 llis
1880 1027 1933 1055 ergo

1161 1078 1243 1105 lautis
1255 1077 1404 1104 virtutibus
1415 1076 1522 1103 ﬁrmata
1542 1073 1704 1103 obedientia
1720 1075 1876 1105 magnopere
1887 1072 1934 1093 ωλι

1160 1129 1268 1157 gnoque
1283 1121 1375 1149 studio
1386 1125 1523 1160 teneatur.

1471 1165 1585 1193 CAPUT
1606 1165 1640 1192 ν.

1159 1212 1293 1240 Macarius
1308 1213 1374 1240 dixit
1385 1219 1394 1238 :
1407 1211 1529 1244 Qualiter
1543 1208 1686 1245 spirituale
1702 1206 1850 1235 exercitium
1864 1202 1891 1230 ab
1903 1201 1935 1228 hil

1327 1248 1372 1283 qui
1391 1250 1508 1282 praesunt
1518 1245 1645 1272 Patribus
1665 1248 1797 1271 teneatur.

1195 1293 1330 1327 Quoniam
1344 1293 1460 1320 fratrum
1479 1291 1597 1327 insignia
1610 1291 1759 1320 virtutum,
1771 1283 1936 1328 habitationes

1159 1326 1279 1372 quoque,
1290 1337 1333 1364 vel
1344 1335 1501 1364 obedientia
1512 1334 1640 1370 superius
1654 1332 1808 1378 conscripta
1823 1331 1880 1378 sum
1888 1326 1929 1378 (ξ),

1160 1390 1234 1410 nunc
1249 1381 1369 1416 qualiter
1386 1380 1527 1415 spirituale
1537 1378 1700 1406 exercitium
1712 1376 1748 1403 ab
1761 1375 1803 1401 his
1810 1375 1854 1408 qui
1868 1377 1929 1406 pm-

1122 1422 1146 1452 B
1160 1432 1225 1454 sunt
1239 1426 1369 1454 Patribus
1397 1430 1540 1458 teneatur,
1558 1425 1614 1452 Deo
1627 1424 1745 1459 juvante
1764 1418 1935 1448 ostendamus-

1162 1472 1287 1503 chetis.
1304 1471 1351 1506 qui
1369 1471 1496 1506 praeestis
1507 1470 1613 1502 Patres,
1627 1470 1696 1496 tales
1709 1475 1758 1494 vos
1770 1465 1901 1493 exhibere,
1912 1463 1937 1486 ιιι

1161 1517 1309 1552 Apostolus
1324 1517 1362 1543 ait
1375 1525 1382 1543 :
1398 1516 1490 1543 Estole
1515 1517 1601 1550 forma
1625 1512 1788 1541 credentibus
1796 1511 1817 1542 ⁸,
1832 1510 1879 1557 hoc
1893 1509 1936 1557 ἕξιν

1162 1569 1194 1592 ut
1210 1571 1258 1598 per
1273 1563 1434 1598 qualitatem
1460 1562 1581 1597 mystica:
1600 1560 1712 1596 pietatis
1735 1562 1764 1585 et
1788 1554 1936 1601 severitatis,

1161 1609 1280 1636 fratrum
1301 1608 1410 1635 animos
1425 1607 1459 1634 ad
1483 1606 1607 1634 cmlestia
1633 1606 1667 1633 de
1689 1602 1810 1632 terrenis
1830 1599 1936 1633 erigaliS.

1163 1655 1273 1682 dicente
1299 1653 1432 1688 Apostolo
1452 1660 1459 1679 :
1482 1652 1581 1687 Argue,
1607 1651 1724 1680 obsecra,
1748 1649 1864 1691 increpa.
1888 1647 1936 1691 cum

1162 1700 1234 1726 omni
1258 1698 1387 1734 patientia
1415 1701 1440 1724 et
1462 1697 1585 1723 doctrina
1596 1696 1616 1722 '.
1631 1696 1665 1723 Et
1689 1693 1745 1721 alio
1762 1692 1823 1719 loco
1844 1689 1935 1739 inquii:

1163 1746 1233 1780 Quid
1246 1746 1385 1774 vultis?in
1398 1747 1472 1780 virga
1502 1745 1608 1772 veniam
1631 1744 1665 1770 ad
1681 1750 1739 1774 eos,
1756 1748 1791 1766 an
1807 1739 1833 1765 in
1853 1736 1935 1770 spiritu

1163 1791 1419 1821 mansuetudinis”?
1435 1789 1644 1818 Decernendum
1659 1793 1698 1816 cst
1716 1786 1750 1813 ab
1765 1785 1813 1811 illo
1826 1782 1869 1817 qui
1880 1785 1937 1815 pra!-

1163 1844 1216 1873 est,
1229 1839 1346 1874 qualiter
1358 1837 1431 1865 circa
1443 1836 1565 1871 singulos
1577 1836 1675 1863 debeat
1688 1830 1802 1879 pietatis

1164 1873 1335 1917 monstrare;
1355 1888 1383 1911 et
1401 1883 1520 1918 qualiter
1539 1885 1632 1909 tenere
1652 1881 1754 1908 debeat
1770 1873 1934 1908 disciplinam,

1163 1939 1219 1958 non
1244 1931 1389 1957 immemor
1416 1927 1524 1955 Domini
1550 1926 1688 1954 dicentis:
1704 1923 1737 1952 In
1760 1930 1812 1958 qua
1826 1923 1931 1947 mensura

1165 1977 1246 2003 mensi
1260 1975 1373 2009 fueritis.
1391 1974 1544 2001 remetiatur
1554 1973 1623 1999 vobis
1634 1973 1668 1999 ¹¹.

1473 2018 1584 2046 CAPUT
1600 2018 1643 2045 Vl.

1200 2068 1275 2095 Idem
1285 2068 1351 2102 ipse,
1367 2066 1398 2093 Ut
1414 2067 1439 2092 in
1457 2065 1576 2103 oratione
1591 2063 1733 2103 astantibus
1750 2058 1837 2103 nullus
1854 2055 1903 2082 sine

1296 2098 1423 2137 praecepto
1436 2101 1535 2127 abbatis
1549 2099 1678 2134 psalmum
1688 2098 1814 2131 imponat.

1198 2135 1359 2176 Astantibus
1381 2135 1449 2180 ergo
1469 2144 1502 2171 ad
1525 2143 1674 2170 orationem
1692 2141 1785 2169 nullus
1800 2135 1930 2180 priBSHlm‘

1163 2195 1223 2223 sine
1245 2195 1383 2228 praecepto
1398 2178 1445 2225 qui
1471 2192 1568 2224 praeest
1591 2187 1695 2218 Patris,
1713 2183 1811 2220 psalmi
1836 2178 1928 2227 laudern

1162 2241 1302 2269 emittere.
1318 2237 1391 2265 Ordo
1407 2237 1457 2264 iste
1477 2238 1614 2266 teneatur,
1631 2237 1660 2259 ut
1675 2232 1769 2259 nullus
1783 2229 1894 2264 priorem
1907 2229 1928 2249 In

1164 2285 1331 2314 monasterio
1346 2283 1380 2310 ad
1398 2280 1523 2309 standum
1536 2280 1578 2306 vel
1588 2277 1760 2313 psallendum
1770 2274 1863 2320 ordine
1874 2275 1931 2320 prat-

1163 2335 1253 2360 sumat
1269 2328 1435 2365 praecedere,
1456 2325 1563 2352 dicente
1578 2323 1720 2350 Salomone
1766 2318 1825 2369 Fili,

1163 2382 1219 2404 tum
1231 2363 1412 2410 coacupiscere
1427 2371 1481 2398 noli
1490 2371 1521 2401 ",
1533 2382 1567 2388 —-
1578 2374 1658 2401 neque
1671 2363 1826 2412 accubuerit
1839 2363 1902 2412 prior
1910 2363 1930 2412 ul

1162 2423 1295 2454 convivio;
1308 2404 1340 2447 ite
1351 2419 1387 2455 (6)
1405 2417 1491 2444 veniat
1505 2414 1595 2441 melior
1607 2417 1641 2441 te,
1650 2415 1674 2437 et
1687 2411 1759 2436 dicat
1778 2407 1822 2434 tibi
1835 2415 1841 2431 :
1854 2404 1931 2456 δυξας.

1163 2476 1187 2499 et
1203 2451 1382 2506 confusionem
1397 2464 1508 2502 patiaris
1520 2463 1546 2488 in
1561 2461 1600 2506 die
1615 2458 1708 2506 illa
1718 2456 1752 2506 lit
1763 2451 1933 2506 iterumdici:

1163 2523 1209 2543 tur
1224 2499 1304 2542 :liioli
1325 2499 1410 2540 altum
1430 2514 1532 2543 sapere.
1547 2504 1589 2531 sed
1604 2502 1706 2530 time“.
1725 2499 1812 2534 Quod
1827 2499 1848 2525 si
1863 2501 1869 2516 ι
1914 2500 1923 2517 ³

1478 2569 1697 2600 ⁸ΜειῑιΙι.ιιι.13.
1737 2569 1747 2583 ⁸
1771 2567 1821 2594 Jac

324 2613 334 2623 ’⁷
345 2612 423 2652 Ιοθῃ.
441 2622 478 2652 IV_,_
490 2603 543 2652 ὅθ’
572 2616 583 2630 ⁸
597 2615 607 2642 1
621 2603 717 2652 Thess:
733 2603 1107 2652 tritusili’ll'imflii-inii;

1327 2603 1468 2641 ”ίῖ’ὶιιὲιίιιι.
1480 2617 1526 2639 vn,
1537 2607 1562 2632 '2.
1601 2606 1622 2620 ¹²
1632 2603 1719 2631 Eccli.
1733 2611 1786 2632 vn.

320 2655 383 2678 xw.
396 2647 421 2674 8.
463 2649 484 2664 “
499 2650 578 2677 Rom.
594 2658 630 2682 ιι,
648 2650 692 2678 20.

357 2727 395 2762 (1)
412 2727 569 2756 Holstenius
581 2730 613 2756 ad
626 2732 728 2757 calcem
744 2730 808 2757 Cod.
822 2729 913 2763 Regni.
931 2738 962 2757 ex
974 2729 1108 2764 antiquis-

321 2762 555 2799 simo-exemplari
573 2766 634 2792 cod.
648 2766 709 2791 Vat.
728 2765 807 2791 5542.
827 2762 932 2799 aliquot
950 2762 1108 2792 varias'lec-

321 2797 410 2823 tiones
430 2799 533 2834 profert
547 2799 658 2833 hujusce
668 2799 775 2834 Regula:
786 2797 948 2830 sancto—rum.
958 2805 1011 2827 etc.
1028 2804 1109 2834 prout

320 2836 494 2869 seq‘Iiuntur.’
505 2833 553 2859 llic
568 2840 659 2861 autem
674 2833 735 2868 post
748 2835 858 2861 nomina
871 2840 987 2869 quatuor
999 2833 1108 2862 Patrum

321 2865 433 2893 additur
447 2867 472 2893 in
489 2868 598 2895 laudato
614 2865 719 2901 cudi-(‘0,
736 2870 869 2896 abba/um.

358 2902 395 2934 (ἓ)
409 2901 569 2929 Scdenlibus.
584 2904 620 2930 1ιΙ.
638 2905 698 2931 rod.
715 2905 928 2931 residentibuxlil
941 2912 1010 2933 mox,
1026 2910 1051 2930 ut
1062 2914 1108 2931 no-

1160 2729 1198 2756 bis
1214 2727 1349 2754 tribueret.
1368 2721 1491 2756 Rectius,
1507 2723 1535 2756 ιιι
1548 2716 1665 2756 videtur.

1198 2751 1461 2794 (il'Multorirm:_ld.
1476 2753 1534 2780 cod.
1550 2751 1625 2794 addit

1328 2786 1605 2832 DiS.NPCIﬂtll(li1=:_lllC‘

1159 2828 1229 2860 cuin'
1240 2831 1322 2858 tertio
1337 2829 1362 2854 in
1381 2831 1465 2852 unum
1481 2828 1576 2860 conm"

1194 2856 1404 2901 illonscripta
1416 2862 1485 2901 stitit.
1503 2856 1548 2883 Ms.
1566 2876 1598 2881 η.-

1195 2895 1232 2937 (ἐς)
1245 2901 1292 2928 Nc.
1304 2898 1351 2925 Ms.
1367 2895 1404 2922 Nc
1419 2895 1494 2927 forte.
