2075 3155
272 201 324 232 €75

273 307 412 338 praecepto
420 302 463 329 cui
478 302 628 337 injunctum
639 301 734 334 fuerit,
748 301 847 330 fratres
855 302 984 330 obediant
997 302 1056 330 sine

273 349 395 385 querela.

568 395 680 423 CAPUT
701 394 747 421 XI.

274 441 395 474 Qualiter
407 442 548 474 inﬁrmitas
568 440 608 468 vel
631 441 790 475 possibilitas
813 447 952 474 corporum
969 438 1000 466 ab
1027 446 1057 465 eo

411 476 455 511 qui
475 480 566 510 μναῖαι
583 476 662 503 Patre
684 476 859 510 cognoscenda
876 476 920 501 sit.

309 521 414 555 Siquis
438 529 471 548 ex
497 521 628 548 fratribus
651 528 701 556 pro
722 520 836 556 jejunio,
856 519 898 546 vel
925 518 1056 553 operibus

273 573 404 592 manuum
427 573 548 597 suarum,
567 573 627 600 qua:
652 565 798 600 Apostolus
819 564 947 599 praecepit
977 563 1055 596 (l4):

273 608 417 642 Operantes
429 609 548 636 manibus
571 610 675 641 nostris,
690 617 722 635 ne
735 617 810 643 quem
830 612 943 635 vestrum
962 614 1058 641 grava-

274 656 409 687 remus“;
425 655 448 682 si
462 655 485 682 is
501 655 547 689 qui
561 655 623 681 talis
636 660 679 681 est
702 654 784 681 fuerit
797 653 956 680 inﬁrmitate
968 652 1058 678 obses-

274 708 333 732 sus,
352 701 551 734 providendum
571 705 613 727 est
631 700 665 726 ab
688 707 721 726 co
745 699 792 734 qui
816 702 925 734 praeest,
939 697 1057 732 qualiter

274 745 331 778 ipsa
355 745 500 773 infirmitas
529 749 706 772 sustentetur.
730 744 807 777 Quod
834 745 856 770 si
878 743 1002 770 infirmus
1016 746 1058 769 est

274 790 366 816 animo
377 790 431 825 (l5)
451 791 606 826 hujusmodi
623 790 717 822 frater,
734 793 843 823 oportet
856 796 919 815 eum
933 788 1058 822 frequen-

275 836 329 862 tius
346 836 465 869 opcrari,
496 834 696 862 considerando
718 834 878 868 Apostolum
890 833 923 865 ",
941 833 1058 867 qualiter

273 888 373 915 corpus
396 888 476 908 suum
504 881 629 907 servituti
655 880 764 914 redigit.
789 879 846 906 Hoc
857 883 948 906 autem
962 879 1058 906 obser-

273 926 392 952 vandum
406 930 459 957 est,
479 929 511 953 ut
533 925 562 952 in
585 925 662 952 nullo
689 925 857 951 voluntatem
877 931 953 951 suam
977 923 1059 950 faciat
1072 917 1096 946 Β

274 970 330 998 ille.

589 1016 664 1043 CAP.
685 1016 743 1043 XII.

275 1061 399 1094 Qualiter
416 1062 503 1097 ofﬁciis
523 1061 619 1088 mutuis
637 1070 665 1088 se
685 1062 781 1096 fratres
800 1063 962 1097 prteneniant
986 1062 1056 1095 (l6).

310 1108 338 1135 Si
354 1107 527 1142 congregatio
541 1107 626 1134 multa
639 1107 782 1139 est,dcbet
798 1108 819 1134 is
832 1108 878 1142 qui
896 1113 993 1142 przeest
1007 1108 1057 1135 Pa-

276 1159 326 1185 ter,
345 1153 491 1188 disponere
507 1152 753 1184 hebdomadarios,
775 1158 802 1180 ct
821 1153 943 1180 ordinem
958 1153 1038 1180 ofﬁcii
1049 1173 1057 1185 ,

273 1206 327 1233 quo
343 1199 396 1226 sibi
422 1199 539 1226 invicem
561 1198 710 1226 succedant
727 1198 760 1226 ad
777 1199 989 1226 ministrandum
1006 1208 1013 1226 :
1031 1203 1058 1226 et

273 1245 422 1272 decernere
434 1244 516 1272 debet
529 1245 574 1272 ille
588 1245 655 1280 (I7),
669 1244 807 1279 quomodo
818 1245 916 1272 debeat
926 1253 996 1278 esse,
1010 1245 1057 1280 qui

273 1291 413 1318 cellarium
432 1290 548 1318 fratrum
573 1291 723 1318 contineat.
748 1291 834 1318 Debet
857 1290 918 1318 talis
940 1295 1059 1318 tantum-

273 1339 354 1366 modo
371 1337 434 1373 eligi
447 1358 454 1369 ,
471 1338 517 1373 qui
536 1337 621 1372 possit
643 1337 669 1363 in
689 1336 817 1363 omnibus
832 1337 901 1372 gula:
922 1345 976 1364 suae
996 1345 1058 1372 sug.

273 1384 443 1420 gestionibus
457 1383 610 1414 dominari,
631 1386 659 1409 et
680 1382 837 1417 cvangelico
852 1381 947 1409 ordine
967 1382 1058 1409 fratri-

273 1431 325 1457 bus
343 1430 401 1457 suis
417 1429 519 1455 victum
536 1428 688 1463 gubernare
707 1436 713 1454 :
729 1427 776 1462 qui
791 1427 885 1454 timeat
898 1427 974 1454 Iudae
993 1436 1059 1455 sen-

275 1474 408 1505 tentiam,
423 1474 470 1508 qui
495 1473 529 1500 ab
546 1473 624 1500 initio
645 1472 689 1499 fur
714 1472 766 1499 fuit
780 1473 814 1500 ’⁷,
837 1472 954 1500 Studerc
976 1473 1058 1501 debet

273 1520 321 1554 qui
336 1520 399 1546 huic
412 1518 501 1546 oﬁicio
510 1518 666 1552 deputatur,
681 1522 711 1544 ut
723 1517 816 1545 audiat
831 1527 837 1544 :
855 1518 922 1550 Quia
938 1520 983 1553 qui
995 1519 1058 1546 bene

274 1565 481 1594 ministraverit,
506 1563 600 1589 bonum
624 1563 737 1597 gradum
762 1563 817 1598 (l8)
838 1564 949 1598 acquirit
964 1564 1006 1596 ἐς
1031 1568 1058 1592 et

274 1610 371 1637 anima:
388 1617 443 1636 suae
459 1609 566 1636 lucrum
590 1608 663 1635 facit.
678 1608 764 1635 Nosse
779 1608 881 1635 debent
898 1608 981 1635 etiam
1004 1608 1059 1636 fra-

274 1661 342 1687 tres,
359 1655 422 1690 quia
441 1654 575 1690 quidquid
600 1655 628 1681 in
646 1654 812 1682 monasterio
828 1658 978 1686 tractatur,
1002 1655 1059 1682 sive

275 1700 303 1727 in
314 1699 395 1731 vasis,
411 1699 468 1726 sive
480 1699 509 1726 in
523 1699 705 1730 ferramentis,
714 1698 758 1725 vel
773 1703 870 1725 caetera
881 1699 982 1731 omnia,
998 1707 1059 1727 esse

275 1745 454 1772 sanctiﬁcata.
471 1744 500 1772 Si
515 1745 577 1780 quis
591 1745 625 1772 de
642 1744 775 1772 fratribus
792 1745 895 1780 aliquid
918 1745 1058 1780 negligen—

277 1793 319 1815 ter
334 1789 509 1821 tractaverit,
527 1793 631 1823 partem
653 1796 682 1816 se
694 1788 795 1816 habere
810 1790 917 1817 noverit
933 1797 994 1817 cum
1012 1790 1060 1818 illo

274 1841 348 1868 rege,
364 1833 410 1868 qui
428 1834 454 1860 in
470 1833 543 1861 vasis
555 1833 654 1860 domus
672 1834 721 1862 Dei
737 1834 914 1863 sanctiﬁcatis
924 1843 987 1862 cum
1001 1835 1059 1863 suis

275 1879 386 1906 bibebat
397 1879 567 1911 concubinis,
578 1884 605 1906 ct
614 1879 720 1914 qualem
726 1881 981 1908 meruitviudictam
992 1882 1014 1915 (1
1020 1882 1057 1916 9).

275 1924 460 1952 Custodienda
475 1930 540 1952 sunt
549 1924 599 1952 ista
609 1928 754 1959 praecepta,
768 1929 796 1952 et
805 1932 854 1960 per
865 1926 987 1961 singulos
999 1926 1060 1954 dies

275 1973 304 1999 in
317 1980 398 1999 aures
409 1972 523 1999 fratrum
538 1972 677 1999 recitanda
686 1977 798 2005 sunt,ut
807 1981 862 2001 non
874 1974 1060 2002 condemnen—

274 2024 320 2045 tur
333 2019 362 2045 in
380 2018 500 2053 peccatis
515 2018 582 2045 suis.

584 2063 658 2091 CAP.
680 2063 749 2091 XIII.

276 2109 395 2142 Qualiter
405 2110 475 2136 inter
484 2117 512 2136 se
524 2110 683 2137 monasteria
698 2118 787 2145 pacem
797 2110 904 2144 ﬁrmam
915 2112 1058 2138 obtineant.

460 2154 535 2182 Alius
556 2155 609 2189 (20)
625 2155 757 2182 Macarius
777 2156 842 2182 dixit
858 2165 866 2183 :

309 2198 444 2231 Quoniam
461 2199 564 2226 veritas
584 2203 766 2233 protestatur,
783 2207 843 2234 qua:
862 2200 928 2228 dicit
942 2210 948 2228 :
969 2201 1000 2228 In
1016 2209 1061 2228 ore

275 2245 387 2270 duorum
405 2244 443 2271 vel
460 2244 540 2271 trium
553 2245 655 2271 testium
667 2245 745 2271 stabit
760 2253 835 2272 onme
851 2247 956 2274 verbum

275 2290 374 2318 manda
390 2299 455 2326 ergo
467 2296 509 2318 est
525 2292 618 2326 regula
636 2292 762 2326 pietatis;
779 2301 830 2320 nec
847 2293 901 2329 (2|)
915 2295 1058 2322 tacendum

274 2342 333 2370 cst,
358 2337 474 2372 qualiter
499 2337 571 2365 inter
595 2345 625 2365 se
649 2339 813 2366 monasteria
835 2347 929 2374 pacem
952 2340 1057 2368 firmam

309 2428 347 2455 “l
369 2427 433 2454 Cor.
462 2435 498 2461 Iv,
526 2427 568 2455 12.

620 2429 642 2444 ’⁸
662 2428 670 2455 Ι
691 2427 753 2456 Cor.
783 2437 825 2462 Ix,
842 2429 888 2457 27.

274 2463 295 2477 ³⁸
313 2463 321 2489 Ι
337 2463 437 2495 Tim.v,
458 2462 500 2489 1'2.

309 2543 364 2578 (Ili)
375 2543 513 2579 Praecepit.
530 2545 577 2572 Ms.
595 2545 722 2579 Prisci-pit
740 2546 837 2572 dicens.

310 2579 365 2612 (I5)
387 2578 498 2610 Quodsi
509 2580 631 2614 inﬁrmus
645 2578 689 2606 est
700 2580 799 2606 animo.
815 2581 864 2606 Ms.
883 2580 959 2612 Quod
974 2583 996 2608 si
1011 2581 1059 2615 ﬁr—

277 2622 333 2640 mus
351 2618 387 2639 est
405 2622 524 2648 corpore.

310 2649 364 2680 (16)
384 2648 562 2675 Prmveniant.
577 2650 641 2676 Post
656 2649 726 2676 hanc
742 2657 837 2677 vocem
851 2651 927 2678 addit
943 2658 994 2678 ms.
1011 2652 1059 2677 iste

275 2684 337 2709 ordo
354 2688 482 2709 tenentur.

310 2718 364 2752 (l7)
387 2718 420 2744 Et
442 2718 582 2744 decernere
597 2718 670 2744 debet
689 2719 744 2745 ille.
765 2719 828 2747 "me
842 2721 941 2748 desunt
961 2721 989 2747 iu
1005 2728 1056 2748 ius.

275 2750 409 2791 [instatur]
423 2752 494 2791 idem
505 2754 566 2791 cod.
581 2753 667 2791 qualis
684 2754 766 2791 habet
780 2763 829 2789 pro
845 2755 983 2791 quomodo.

310 2787 365 2819 (18)
384 2787 511 2814 Gradum.
528 2788 576 2814 Ms.
593 2789 705 2822 gradum
719 2790 766 2816 sibi
780 2787 837 2819 aco.

311 2822 364 2855 (l9)
386 2822 489 2849 Meruit.
509 2823 557 2850 Ms.
575 2825 709 2851 meruerit.

310 2856 365 2890 (20)
385 2855 468 2883 Alius.
485 2857 532 2884 Ms.
550 2857 616 2885 Item
631 2859 709 2886 alii“.

310 2889 364 2925 (2|)
383 2890 445 2918 Nec.
464 2892 511 2920 Ms.
526 2893 578 2920 Nec
592 2894 638 2921 lzoc
650 2898 700 2921 tae.

770 190 1104 232 ~SSTMACARIORUM
1116 199 1164 230 ET
1178 194 1400 232 PAPHNUTII'.

273 257 346 292 quod
370 256 524 284 faciendum
540 260 582 284 est
601 259 648 284 uni
671 256 825 292 injungere,
841 262 871 284 ut
890 256 982 284 catteri
997 256 1056 291 ejus
1070 257 1094 286 Α
1107 255 1260 283 obtineant.
1276 256 1334 283 Non
1351 256 1445 284 licebit
1458 257 1492 284 de
1507 257 1562 284 alio
1576 262 1752 291 monasterio,
1770 260 1829 288 sine
1845 271 1894 290 vo-
1936 252 1942 256 ”

940 2429 962 2446 ’⁷
979 2430 1058 2457 Joan.
1080 2438 1135 2463 xu,
1167 2431 1192 2458 6.

1841 206 1896 239 976

1106 302 1212 329 luntate
1223 302 1283 337 ejus
1295 303 1342 336 qui
1353 307 1452 337 praeest
1465 302 1563 336 Patris,
1577 303 1676 331 fratres
1692 305 1815 341 recipere
1826 307 1895 343 (22).

1108 345 1156 373 sed
1169 353 1220 373 nec
1231 346 1324 373 videre
1343 350 1464 381 oportet,
1478 347 1586 375 dicente
1600 348 1731 383 Apostolo
1745 359 1752 377 ε
1770 351 1837 384 Quia
1850 354 1896 388 qui

1108 391 1222 425 primani
1242 391 1322 425 [idem
1336 393 1441 418 irritam
1458 392 1537 427 fecit,
1558 399 1596 421 est
1610 394 1712 428 inﬁdeli
1731 397 1845 424 deterior
1862 399 1895 426 ³⁰.

1107 436 1185 470 Quod
1203 437 1226 464 si
1244 442 1371 472 precatus
1385 437 1515 473 fueritjab
1529 446 1563 466 eo
1576 439 1623 474 qui
1640 446 1738 475 praeest
1753 441 1832 470 Patre
1842 465 1849 476 ,
1865 448 1898 472 ut

1108 483 1135 510 in
1151 484 1204 510 alio
1219 483 1383 511 monasterio
1399 484 1578 519 ingrediatur,
1593 487 1802 516 commendetur
1816 489 1850 516 ab
1861 497 1897 517 eo

1108 528 1132 555 ei
1149 529 1195 563 qui
1210 533 1319 563 praeest,
1343 529 1390 556 ubi
1406 536 1466 558 esse
1485 530 1641 565 desiderat;
1657 538 1684 560 et
1702 534 1741 561 sic
1763 535 1898 569 suscipia-

1109 577 1164 599 tur.
1179 573 1247 600 Nam
1265 574 1324 600 sine
1339 574 1482 602 voluntate
1498 576 1554 610 (23)
1572 577 1619 611 qui
1635 585 1752 612 praeesse
1767 579 1850 607 debet
1867 580 1897 608 in

1109 618 1275 646 monasterio
1292 619 1392 650 Patris,
1407 620 1563 648 nullatenus
1578 622 1644 649 alibi
1668 623 1817 658 recipiatur
1838 625 1897 651 fra-

1109 667 1160 690 ter.
1175 662 1252 695 Quod
1268 663 1290 690 si
1304 665 1508 699 praesumpserit
1521 667 1584 693 talia
1598 666 1698 699 facere,
1710 670 1856 697 noveritse
1868 670 1897 697 in

1108 709 1212 744 synodo
1229 709 1431 744 episcoporum,
1445 716 1493 738 aut
1505 712 1532 738 in
1546 716 1682 739 conventu
1700 712 1818 740 fratrum
1836 722 1898 741 suo-

1109 761 1169 781 rum
1191 755 1219 781 in
1239 755 1407 782 audientiam
1427 757 1545 783 venire:
1563 762 1591 784 et
1611 761 1678 784 tunc
1705 758 1815 785 recedet
1834 763 1896 786 tan-

1109 807 1190 834 quam
1206 800 1300 834 junior
1317 808 1394 833 suus,
1417 801 1506 828 donec
1528 802 1562 828 ab
1577 810 1610 829 eo
1625 802 1669 829 cui
1688 802 1814 838 injuriam
1832 804 1897 832 fecit

1109 845 1216 871 veniam
1232 849 1324 879 petat;
1342 850 1373 872 ut
1387 854 1442 873 non
1466 854 1515 881 per
1528 847 1614 882 ipsius
1630 848 1727 875 vitium
1745 849 1790 876 alii
1805 849 1897 884 despi-

1109 890 1217 917 ciantur
1236 890 1340 918 Patres.
1355 891 1403 919 Ille
1422 899 1486 919 vero
1499 893 1650 920 monachus
1665 899 1783 928 quantos
1797 894 1897 922 fratres

1110 935 1137 962 in
1153 936 1207 962 alio
1220 936 1389 963 monasterio
1410 937 1555 970 invenerit,
1572 942 1661 966 tantos
1674 947 1704 966 se
1724 939 1833 967 noverit
1848 940 1898 967 ha-

1109 981 1176 1008 bere
1189 981 1304 1015 priores.
1316 981 1373 1009 Nec
1388 982 1585 1009 attendendum
1594 987 1646 1016 est,
1661 983 1708 1018 qui
1723 984 1775 1011 fuit
1798 990 1894 1018 antea;

1109 1024 1164 1054 sed'
1172 1027 1345 1061 probandum
1361 1031 1414 1060 est,
1429 1029 1518 1062 qualis
1529 1036 1589 1056 esse
1603 1029 1729 1064 cmperit.
1747 1029 1896 1065 Susceptus

1109 1071 1189 1107 245
1201 1079 1267 1098 vero
1275 1073 1296 1099 si
1313 1072 1415 1099 habere
1431 1073 1541 1100 videtur
1553 1073 1666 1108 aliquid,
1684 1074 1741 1102 sive
1759 1074 1785 1102 in
1800 1075 1895 1107 rebus,

1109 1118 1166 1145 sive
1179 1118 1208 1144 in
1223 1118 1375 1149 codicibus,
1391 1119 1461 1145 ultra
1475 1119 1500 1146 ei
1522 1120 1662 1154 possidere
1675 1128 1729 1147 non
1744 1120 1848 1152 licebit,
1865 1125 1896 1147 nt

1109 1164 1196 1198 possit
1216 1171 1276 1191 esse
1291 1164 1440 1198 perfectus,
1459 1165 1531 1199 quod
1549 1165 1614 1192 alibi
1628 1173 1682 1192 non
1698 1166 1798 1200 potuit.
1815 1166 1894 1193 Resi-

1109 1208 1239 1236 dentibus
1251 1216 1316 1236 vero
1329 1209 1470 1242 fratribus,
1486 1210 1508 1237 si
1526 1209 1608 1237 fuerit
1619 1210 1710 1245 aliqua
1724 1211 1758 1238 de
1772 1211 1894 1246 Scriptu~

1110 1255 1148 1282 ris
1161 1254 1280 1286 collatio.
1293 1259 1322 1282 et
1335 1254 1420 1282 fuerit
1431 1262 1465 1283 ex
1481 1255 1524 1283 his
1540 1256 1596 1291 (24)
1614 1257 1674 1284 talis
1688 1256 1784 1288 scitus,
1801 1265 1855 1284 non
1867 1256 1893 1284 ei

1109 1301 1203 1328 licebit
1218 1300 1321 1335 aliquid
1339 1301 1444 1333 dicere,
1466 1302 1519 1329 nisi
1538 1307 1706 1337 praeceptum
1726 1303 1753 1330 ei
1774 1303 1857 1330 fuerit
1877 1310 1893 1330 a

1109 1344 1190 1373 Patre
1209 1345 1274 1381 (25).

1418 1391 1494 1419 CAP.
1515 1391 1584 1420 XIV.

1108 1435 1232 1470 Idemque
1250 1443 1260 1462 :
1279 1434 1401 1468 Qualiter
1423 1436 1510 1464 clerici
1529 1438 1640 1473 hospites
1658 1438 1817 1474 suscipiendi
1834 1443 1895 1466 sunt

1396 1483 1423 1509 in
1443 1484 1613 1510 monasteria.

1144 1527 1212 1555 Cum
1237 1527 1311 1554 omni
1336 1529 1490 1557 reverentia
1512 1533 1542 1555 ut
1565 1529 1683 1556 ministri
1705 1529 1818 1556 altaris:
1839 1536 1895 1556 non

1072 1587 1094 1616 ο
1109 1573 1203 1600 licebit
1225 1574 1277 1601 nisi
1303 1573 1368 1607 ipsis
1390 1574 1543 1602 orationem
1556 1575 1694 1610 complere
1706 1596 1713 1608 ,
1739 1576 1796 1602 sive
1810 1576 1896 1603 ostia-

1109 1619 1182 1651 rius,
1202 1619 1259 1646 sive
1274 1619 1399 1646 ministcr
1415 1623 1457 1646 est
1479 1620 1573 1654 templi
1597 1620 1656 1647 Dei.
1671 1620 1749 1653 Quod
1765 1621 1787 1648 si
1803 1621 1896 1656 aliquo

1109 1671 1174 1691 casu
1187 1664 1278 1699 lapsus
1296 1670 1346 1697 est,
1363 1668 1391 1691 et
1404 1665 1432 1691 in
1446 1672 1480 1692 eo
1494 1665 1566 1699 quod
1581 1665 1684 1692 dicitur
1698 1667 1830 1700 probatus
1839 1667 1895 1694 cri-

1110 1710 1195 1742 mine,
1213 1717 1268 1736 non
1290 1709 1371 1737 liccat
1391 1710 1416 1737 ei
1436 1714 1499 1737 ante
1516 1718 1578 1737 eum
1593 1711 1640 1745 qui
1661 1717 1760 1746 pra-cst
1775 1712 1895 1745 Patrem,

1110 1755 1151 1780 vel
1170 1753 1323 1787 secundum
1348 1755 1496 1789 complere.
1512 1755 1586 1782 Nulli
1606 1755 1780 1790 permittatur
1796 1757 1896 1784 clerico

1110 1801 1138 1827 in
1157 1800 1324 1827 monasterio
1344 1800 1469 1827 habitare
1480 1820 1487 1831 ,
1502 1801 1555 1828 nisi
1573 1801 1597 1828 ei
1613 1802 1802 1829 tantummodo
1814 1810 1895 1836 quem

1109 1845 1202 1879 lapsus
1220 1846 1324 1879 peccati
1337 1846 1370 1872 ad
1387 1845 1571 1873 humilitatem
1590 1845 1722 1879 deduxit,
1734 1851 1762 1873 et
1776 1852 1818 1874 est
1835 1848 1895 1874 vul-

1109 1894 1241 1923 neratus;
1266 1895 1296 1917 ut
1323 1890 1351 1917 in
1373 1890 1542 1918 monasterio
1568 1891 1733 1918 humilitatis
1760 1892 1896 1919 medicina

1109 1939 1231 1963 sanetur.
1242 1935 1304 1963 Ilaec
1311 1935 1389 1962 vobis
1405 1935 1521 1963 tenenda
1534 1935 1681 1968 suﬁiciant,
1690 1935 1799 1970 fratres,
1810 1943 1896 1964 custo-

1109 1981 1208 2009 dienda
1220 1981 1394 2013 conveniant,
1410 1986 1437 2008 et
1449 1982 1527 2010 eritis
1539 1982 1794 2017 irreprehensibilcs
1807 1983 1834 2010 in
1846 1991 1896 2018 po-

1110 2027 1176 2062 pulo
1193 2027 1251 2054 Dei.

1426 2072 1501 2100 CAP.
1522 2072 1579 2100 XV.

1198 2117 1319 2150 Qualiter
1338 2117 1423 2153 culpa:
1442 2117 1606 2153 singulorum
1626 2119 1807 2147 emendentur.

1145 2163 1201 2192 Nec
1220 2164 1273 2192 hoc
1287 2165 1431 2191 tacendum
1447 2169 1503 2196 est,
1528 2165 1648 2199 qualiter
1662 2167 1750 2201 culpa),
1773 2167 1897 2202 singulo-

1111 2217 1172 2236 rum
1187 2210 1368 2238 emendentur
1386 2218 1455 2245 :pro
1469 2211 1602 2245 qualitate
1617 2212 1704 2246 culpa:
1719 2213 1773 2239 erit
1785 2221 1896 2240 excom—

967 2248 999 2280 ¹⁵ι
1016 2248 1060 2275 ﬁt"
1076 2255 1097 2282 [ἱ
1112 2256 1272 2283 municatio.
1300 2257 1370 2291 Ergo
1393 2256 1445 2284 iste
1473 2256 1543 2283 ordo
1570 2260 1706 2284 teneatur.
1730 2257 1758 2285 Si
1786 2258 1848 2293 quis
1863 2266 1897 2286 ex

1112 2297 1244 2325 fratribus
1265 2305 1419 2325 sermonem
1434 2298 1553 2325 otiosum
1569 2299 1705 2332 emiserit,
1724 2308 1759 2327 ne
1782 2307 1846 2327 rcus
1862 2301 1897 2327 sit

1112 2343 1230 2375 concilii,
1244 2343 1418 2378 praecipimus
1429 2351 1493 2371 eum
1511 2345 1603 2372 triduo
1621 2353 1637 2373 a
1651 2345 1764 2373 fratrum
1781 2354 1896 2381 congre-

1249 2432 1271 2447 ’⁸
1291 2432 1312 2459 l.
1331 2433 1401 2460 Tim.
1429 2434 1526 2466 "1:15.
1581 2436 1602 2451 ’³
1622 2434 1716 2462 Matth.
1744 2442 1820 2468 xvul,
1853 2435 1894 2462 16-

1146 2549 1200 2584 (22)
1220 2549 1353 2582 Recipere.
1370 2548 1431 2575 Post
1451 2549 1566 2576 verbum
1583 2550 1740 2584 hujusmodi
1753 2550 1831 2577 addit
1844 2558 1892 2577 ms.

1109 2588 1133 2609 et
1149 2593 1201 2620 non
1214 2585 1299 2611 solum
1308 2591 1366 2620 non
1380 2584 1492 2620 recipere
1507 2592 1516 2620 ς
1533 2593 1592 2619 qtae
1603 2585 1714 2619 quidem
1727 2585 1762 2612 ob
1773 2585 1895 2620 ejusdem

1109 2619 1185 2645 verbi
1199 2618 1396 2660 repetitionem
1419 2618 1722 2652 librario'excidcrint,
1741 2626 1772 2647 ut
1787 2618 1821 2647 ex
1833 2628 1896 2647 con-

1110 2655 1295 2725 lei35)hilvliii'
1310 2689 1366 2725 sine
1386 2688 1521 2715 voluntate
1542 2693 1599 2716 emt.
1622 2690 1684 2717 Ilzcc
1704 2695 1732 2717 ct
1755 2690 1897 2725 sequentia

1108 2731 1194 2757 usque
1205 2724 1238 2750 ad
1252 2732 1294 2753 ea,
1307 2723 1358 2750 Ille
1368 2731 1428 2749 vero
1444 2725 1597 2755 monachus.
1615 2724 1716 2752 desunt
1734 2725 1760 2752 in
1774 2723 1824 2752 tus.

1145 2759 1200 2799 (2i)
1213 2759 1255 2785 lia;
1272 2759 1312 2785 liis
1324 2758 1344 2794 ].
1357 2759 1439 2785 Deest
1457 2759 1614 2793 prmpositio
1628 2760 1655 2786 in
1677 2768 1729 2787 ms.
1743 2764 1771 2788 et
1785 2760 1896 2795 quidem

1252 2827 1357 2862 Patre],
1368 2828 1416 2854 Ms.
1429 2828 1461 2855 ab
1468 2837 1497 2854 co
1508 2829 1553 2863 qui
1565 2833 1669 2863 prteert.
1683 2830 1734 2857 llic
1746 2837 1811 2857 vero
1824 2828 1899 2857 desi-

1109 2863 1148 2890 nit
1161 2863 1256 2890 codcx.
1271 2863 1331 2890 Vat.
1349 2871 1438 2897 neque
1456 2864 1507 2890 tria
1521 2864 1616 2892 ultima
1628 2865 1717 2900 capita
1730 2864 1865 2901 agnoscit.
