2075 3155
190 192 243 222 977

188 303 224 324 eo
235 297 378 332 jungatur.
396 296 424 323 Si
440 304 506 324 vero
519 297 619 332 aliquis
632 297 824 332 deprehensus
845 298 928 325 fuerit
950 298 979 325 in

191 342 259 375 risu,
276 343 319 370 vel
350 343 378 369 in
392 341 554 369 ccurrilitate
568 342 713 374 sermonis,
727 343 800 370 sicut
811 343 849 370 ait
862 343 980 378 Aposto-

191 388 244 421 lus,
260 396 318 423 quae
331 388 366 415 ad
374 396 429 415 rem
441 396 492 415 non
505 389 617 423 pertinet
628 388 662 421 ⁸¹,
678 388 809 424 jubemus
822 387 979 424 hujusmodi

195 434 312 460 duarum
332 433 566 461 hebdomadarum
589 434 678 469 spatio
702 435 729 462 in
744 434 855 462 nomine
872 435 979 462 Domini

192 479 266 506 omni
292 479 399 514 ﬂagello
430 479 592 507 humilitatis
616 480 755 511 coerceri.
781 480 889 507 dicente
908 481 980 515 Apo-

193 525 284 552 stolo:
299 523 328 551 Si
349 526 405 559 quis
424 525 506 559 frater
521 526 674 552 nominatur
692 526 853 558 iracundus,
867 532 914 553 aut
933 535 979 553 au-

192 570 296 605 perbus.
307 575 353 596 aut
364 570 516 603 maledicus,
529 573 597 599 hunc
614 577 703 599 notate
715 573 748 598 ".
766 572 801 599 Et
817 581 823 599 ε
839 571 897 599 Non
911 573 980 600 adite

192 621 220 642 ut
240 616 372 642 inimicum
387 636 394 648 ,
412 617 457 643 sed
475 618 598 653 corripite
611 623 638 644 ut
658 618 767 652 fratrem
783 618 816 645 ".
838 619 871 646 Et
885 619 912 646 in
926 619 979 646 alio

192 660 253 687 loco
269 670 276 687 :
295 661 324 688 Si
344 662 402 697 quis
418 662 502 696 frater
516 663 593 697 fuerit
609 668 756 698 praeventus
776 665 805 691 in
827 664 916 700 aliquo
932 665 979 692 de-

193 706 264 739 licto,
280 715 323 734 vos
334 708 378 742 qui
391 708 525 742 spiritales
545 709 604 735 estis
616 729 623 741 ,
644 710 766 736 instruite
779 711 929 746 hujusmodi
945 712 978 744 “,

192 756 221 778 et
234 752 364 787 corripite
376 752 506 786 fratrem;
520 754 556 781 ita
569 759 600 782 ut
610 762 660 789 per
672 755 836 783 humililatis
850 755 980 791 frequen-

194 796 259 825 tiam
275 806 328 825 non
343 799 489 834 reprobus,
509 800 557 828 sed
572 800 704 836 probatus
723 801 751 828 in
767 803 978 837 congregatione

193 850 362 878 perseveret.

262 1019 394 1055 "Ephes.
411 1029 438 1053 v,
456 1021 480 1049 l.
531 1022 553 1039 "
571 1022 579 1050 l
599 1021 662 1050 Cor.
680 1030 706 1056 ν,
721 1022 764 1050 ll.

775 191 929 223 REGULA
947 191 1000 222 AD
1020 190 1234 222 MONACHOS.

189 251 299 287 satione
314 251 357 278 vel
372 251 509 286 colloquio
527 258 588 279 esse
605 251 725 279 alienum
737 272 745 284 ,
765 256 796 279 ut
810 252 903 280 nullus
916 259 977 280 cum
990 251 1017 282 A

803 1022 826 1039 "
844 1023 868 1051 ll
883 1023 981 1052 Thess.
996 1032 1035 1058 ιιι,
1056 1024 1100 1052 15.
1138 1024 1161 1041 ³⁸
1185 1023 1245 1053 Gal.
1260 1031 1298 1056 γι,
1316 1024 1342 1051 1.

1765 191 1818 223 978

1342 251 1418 280 CAP.
1438 251 1507 280 XVI.

1114 297 1147 326 Ut
1164 298 1222 325 sine
1241 305 1414 333 personarum
1434 297 1582 332 acceptione
1600 295 1741 332 aequaliter

1353 343 1494 374 iudicetur.

1065 389 1123 417 Hoc
1147 393 1211 416 ante
1233 389 1326 416 omnia
1344 389 1519 424 pracipimus
1532 387 1611 415 vobis
1627 387 1674 422 qui
1697 387 1763 414 huic
1778 386 1820 413 of-

1030 435 1092 463 ﬁcio
1104 436 1238 471 praeesﬁs,
1252 440 1284 463 ut
1299 443 1424 470 persona)
1436 444 1450 462 a
1463 435 1541 462 vobis
1561 442 1615 461 non
1637 433 1817 468 accipiantur,

1029 481 1076 508 sed
1093 482 1191 516 aequali
1210 481 1310 508 aﬂ‘ectu
1334 489 1430 508 omnes
1454 480 1623 516 diligantur,
1641 483 1669 506 ct
1686 487 1736 514 per
1757 486 1819 505 cor-

1031 527 1183 562 reptionem
1200 535 1296 554 omnes
1313 532 1469 554 sanentur:
1485 526 1550 562 quia
1570 525 1714 562 aequalitas
1730 524 1820 559 placet

1027 572 1099 606 apud
1111 572 1206 601 Deum,
1223 572 1332 599 dicente
1347 572 1484 606 Propheta
1499 581 1505 598 :
1518 571 1547 598 Si
1565 580 1622 598 vere
1636 572 1725 606 utique
1739 569 1821 605 25,6

1022 618 1158 652 justitiam
1166 617 1575 652 loquimini,justejudicate,ﬁlii
1583 616 1755 643 hominum”.
1765 615 1821 642 Nec

1027 663 1112 690 latere
1131 671 1180 690 vos
1202 663 1340 695 volumus,
1365 663 1430 697 quia
1447 663 1493 697 qui
1506 670 1561 689 non
1583 662 1700 696 corripit
1723 668 1820 688 erran-

1028 715 1104 742 tem,
1132 710 1240 737 noverit
1267 717 1296 737 se
1323 718 1372 745 pro
1403 717 1436 737 co
1468 710 1603 737 rationem
1633 709 1818 736 redditurum.

1027 756 1122 783 Estote
1133 755 1228 783 fideles
1243 762 1270 782 et
1283 755 1347 782 boni
1361 755 1490 783 doctores
1502 756 1535 782 ad
1552 763 1648 782 omnes
1665 763 1671 781 τ
1689 753 1819 789 corripite

1028 801 1166 836 inquietos
1181 809 1188 828 :
1205 801 1336 836 suscipite
1356 801 1480 828 infirmos
1497 810 1503 827 :
1521 801 1657 836 patientes
1675 804 1763 827 estote
1785 798 1820 826 ad

1029 853 1126 872 omnes
1144 855 1150 872 :
1167 851 1195 872 et.
1207 849 1325 880 quantos
1338 845 1446 872 fueritis
1462 845 1571 876 lucrati,
1588 852 1637 880 pro
1651 844 1734 871 tantis
1749 850 1821 870 mer-

1030 890 1124 918 cedem
1140 890 1281 925 accipietis
1292 911 1300 923 ,
1317 890 1345 917 in
1360 891 1472 917 nomine
1485 890 1576 917 Patris
1587 894 1615 917 et
1629 889 1691 917 Filii
1705 892 1734 926 et
1756 887 1820 923 Spi—

1030 935 1101 963 ritus
1115 936 1213 964 sancti.

1380 1024 1402 1040 "
1421 1023 1522 1051 Psalm.
1541 1031 1610 1056 Lvn,
1628 1023 1657 1050 2.

605 1209 807 1251 BEGULA
844 1211 963 1251 ALIA
1002 1211 1070 1250 AD
1114 1212 1408 1253 MONACHOS.

486 1385 678 1415 PMFATIO.
991 1393 1012 1420 Β
1027 1390 1126 1418 Deum.
1140 1390 1170 1418 ln
1180 1393 1317 1418 conventu
1327 1389 1450 1417 onmium
1467 1389 1559 1416 nullus
1564 1388 1657 1424 junior
1669 1389 1820 1424 quidquam

224 1430 292 1460 Cum
316 1431 498 1460 resideremus
519 1433 548 1460 in
571 1441 656 1460 unum
679 1433 707 1461 in
729 1434 840 1462 nomine
868 1435 976 1463 Domini

189 1479 277 1506 nostri
293 1478 357 1506 Jesu
370 1478 488 1511 Christi,
504 1480 656 1507 secundum
669 1480 844 1508 traditionem
864 1481 976 1510 Patrum

189 1529 345 1552 sanctorum
358 1525 498 1557 virorum,
515 1525 604 1553 visum
629 1531 671 1554 est
697 1527 777 1554 nobis
801 1528 977 1555 conscribere

188 1570 232 1598 vel
247 1571 367 1605 regulam
385 1571 513 1599 ordinare
527 1592 534 1604 ,
549 1580 609 1607 qua:
626 1572 652 1599 in
668 1573 836 1600 monasterio
851 1578 978 1602 teneatur

189 1615 222 1642 ad
243 1616 395 1650 profectum
421 1616 557 1649 fratrum;
574 1622 603 1644 nt
622 1625 713 1653 neque
727 1626 778 1646 nos
797 1619 954 1647 laboremus
967 1640 976 1652 ,

189 1669 278 1695 neque
301 1666 414 1689 sanctus
439 1663 602 1697 prtepositus
621 1663 668 1698 qui
693 1664 861 1692 constitutus
885 1670 926 1693 est
949 1665 977 1692 in

189 1707 266 1741 loco;
282 1707 484 1735 dubitationem
505 1707 625 1743 aliquam
644 1710 699 1744 pati
713 1711 799 1744 possit
813 1719 820 1737 :
837 1714 867 1737 ut
881 1718 978 1738 omnes

190 1754 338 1786 unanimes,
353 1755 424 1781 sicut
438 1754 571 1789 scriptum
583 1759 635 1787 est,
649 1759 673 1781 et
683 1763 764 1781 unum
779 1757 925 1782 sentientes
942 1756 976 1789 ³⁸,

191 1799 307 1826 invicem
321 1799 502 1834 honorantes,
516 1807 547 1827 ea
565 1808 626 1835 qure
639 1805 740 1828 statuta
755 1806 820 1829 sunt
834 1808 849 1828 a
859 1801 978 1830 Domino

187 1844 246 1879 jugi
260 1844 452 1872 observatione
471 1845 637 1872 custodiant.

190 1899 266 1927 CAP.
288 1900 347 1927 1.-
357 1900 395 1927 De
407 1902 583 1938 unanimitate
597 1902 743 1934 charitatis,
759 1907 783 1929 et
802 1903 834 1930 de
846 1903 978 1938 diligendo

404 1945 435 1963 ac
448 1936 650 1971 obtemperando
668 1937 766 1965 abbati.

226 1982 295 2009 Ante
306 1983 398 2009 omnia
421 1983 554 2010 habentes
576 1983 757 2015 charitatem,
783 1985 977 2016 humilitatem,

191 2029 362 2064 patientiam,
380 2031 630 2060 mansuetudinem.
650 2031 694 2058 vel
713 2035 811 2058 caetera
825 2040 886 2066 quae
899 2032 979 2059 docet

190 2080 301 2103 sanctus
313 2076 461 2110 Apostolus
475 2077 507 2109 ³⁷;
536 2077 573 2104 ita
595 2082 626 2104 ut
642 2085 723 2104 nemo
735 2078 884 2112 quidquam
897 2086 978 2106 suum

190 2121 321 2154 vindicet,
338 2121 396 2152 sed.
407 2122 480 2150 sicut
496 2122 629 2157 scriptum
644 2127 686 2150 est
702 2123 729 2150 in
744 2124 858 2151 Actibus
872 2128 981 2159 aposto-

190 2167 292 2199 lorum,
309 2167 429 2195 habeant
445 2168 536 2195 omnia
563 2169 721 2196 communia
737 2169 770 2196 ³⁸.
790 2169 837 2196 lllc
852 2177 918 2196 vero
933 2169 980 2204 qui

190 2213 354 2248 pncpositus
365 2217 418 2247 est,
430 2214 477 2241 Dei
487 2214 622 2253 judicium
632 2219 660 2242 et
673 2215 875 2242 ordinationem
888 2223 981 2243 sacer-

190 2258 263 2286 dotis
277 2259 303 2286 in
316 2259 444 2287 omnibus
458 2260 564 2292 timere,
577 2261 691 2296 diligere
705 2266 733 2288 ct
749 2261 884 2289 obaudire
900 2261 982 2289 debet

190 2305 342 2332 secundum
365 2306 507 2333 veritatem
525 2315 532 2333 :
548 2307 612 2342 quia
636 2307 658 2334 si
673 2307 737 2342 quis
762 2308 839 2334 illum
858 2312 936 2343 putat
952 2316 982 2336 se

189 2359 335 2386 spernere,
354 2352 439 2379 Deum
459 2352 563 2386 spernit
576 2373 583 2385 ,
608 2353 679 2380 sicut
699 2353 831 2388 scriptum
849 2357 892 2380 est
909 2362 915 2379 ε
930 2353 982 2386 Qui

190 2406 233 2423 vos
246 2398 331 2429 audit,
348 2405 388 2424 me
400 2397 474 2424 audit
490 2406 498 2424 :
514 2402 538 2424 et
556 2399 601 2433 qui
614 2407 657 2425 vos
670 2399 782 2433 spernit,
796 2407 837 2425 me
854 2400 953 2434 spernit
971 2408 980 2426 :

189 2446 214 2468 et
227 2442 272 2478 qui
288 2451 328 2468 me
343 2443 454 2477 spernit,
468 2443 567 2477 spernit
580 2451 639 2469 eum
652 2444 696 2478 qui
709 2451 749 2470 me
763 2444 833 2470 misit
847 2444 880 2470 ³’.
895 2444 935 2470 lta
949 2447 980 2471 ut

189 2487 249 2514 sine
265 2487 351 2522 ipsius
366 2488 508 2515 voluntate
528 2488 622 2515 nullus
643 2488 728 2516 frater
738 2489 889 2524 quidquam
906 2494 978 2524 agat,

189 2541 280 2568 neque
303 2533 418 2568 accipiat
433 2533 468 2560 ab
482 2534 574 2568 aliquo
589 2534 692 2569 aliquid
704 2555 712 2567 ,
736 2542 825 2570 neque
844 2535 907 2568 det,
927 2543 980 2563 nec

191 2585 306 2616 usquam
323 2586 436 2612 prorsus
450 2578 559 2605 recedat
573 2578 632 2606 sine
647 2579 742 2606 verbo.

189 2634 269 2674 CAP._
286 2635 318 2662 ll.
336 2650 372 2655 --
385 2635 417 2662 Ut
430 2643 523 2674 nonae
539 2635 642 2670 fabellis
656 2636 892 2674 vanisdeslruant,
909 2641 934 2663 et
951 2641 978 2663 ut
996 2647 1017 2674 ο

260 2671 287 2696 in
302 2674 430 2697 conventu
443 2671 493 2697 nisi
510 2671 687 2706 interrogatus
699 2672 757 2706 quis
772 2671 906 2706 loquatur.

226 2713 410 2742 Observantcs
420 2715 502 2742 etiam
517 2715 580 2748 hoc,
599 2720 628 2742 ut
638 2723 692 2742 non
705 2723 734 2742 se
746 2715 864 2743 invicem
880 2716 980 2744 fabulis

191 2759 269 2786 vanis
283 2760 436 2794 destruant,
451 2761 498 2788 sed
516 2761 706 2796 unusquisque
716 2769 786 2796 opus
797 2769 878 2788 suum
895 2762 979 2790 inedi-

194 2807 267 2831 tetur
287 2810 315 2832 ct
342 2807 499 2840 custodiat,
522 2811 551 2835 et
574 2807 755 2842 cogitationes
779 2807 881 2835 habeat
905 2808 978 2843 apud

1028 1435 1081 1462 nisi
1106 1436 1292 1471 interrogatus
1313 1435 1453 1470 loquatur.
1476 1434 1612 1462 Czeterum
1636 1434 1660 1461 si
1682 1434 1745 1470 quis
1762 1435 1822 1463 vult

1028 1481 1242 1508 consolationem
1254 1481 1379 1516 accipere
1391 1481 1433 1508 vel
1442 1480 1556 1507 verbum
1563 1479 1670 1513 audire,
1681 1484 1820 1508 secretum

1030 1529 1058 1552 ct
1071 1530 1258 1560 opportunum
1276 1530 1383 1560 tempus
1399 1525 1533 1560 requirat.

1027 1582 1102 1609 CAP.
1124 1582 1166 1610 lll.
1192 1597 1227 1602 —-
1255 1583 1286 1610 Ut
1313 1582 1461 1609 advenienti
1489 1582 1647 1617 peregrino,
1673 1581 1819 1616 nihille

1055 1618 1175 1644 exhibeat
1192 1618 1260 1653 quis,
1275 1626 1356 1652 quam
1373 1625 1508 1644 occursum
1520 1617 1646 1644 humilem
1660 1621 1682 1642 et
1697 1625 1799 1651 parem.

1074 1662 1239 1690 Advenienti
1256 1662 1401 1697 peregrino
1423 1662 1491 1689 nihil
1513 1662 1575 1697 plus
1595 1662 1724 1689 exhibeat
1741 1669 1823 1696 quam

1028 1715 1146 1742 pacem:
1166 1708 1303 1743 reliquum
1328 1715 1384 1734 non
1407 1707 1444 1735 sit
1467 1707 1506 1734 illi
1527 1715 1592 1734 cura
1617 1706 1690 1734 unde
1701 1707 1821 1739 venerit,

1028 1761 1080 1789 pro
1093 1761 1148 1789 quo
1164 1754 1291 1786 venerit,
1307 1754 1351 1780 vel
1365 1753 1475 1788 quando
1496 1753 1687 1780 ambulaturus
1704 1752 1756 1785 sit,
1772 1760 1824 1780 nec

1028 1808 1058 1828 se
1070 1800 1168 1835 jungat
1182 1800 1216 1826 ad
1232 1799 1338 1827 fabulas
1358 1807 1420 1826 cum
1437 1799 1493 1826 illo.

1028 1856 1105 1884 CAP.
1124 1857 1208 1884 lV.—
1222 1856 1253 1884 Ut
1266 1860 1393 1891 pra'sente
1409 1857 1512 1891 seniore
1523 1855 1655 1891 psallendi
1671 1855 1824 1890 loquendive

1250 1890 1303 1917 non
1323 1891 1417 1918 habent
1437 1890 1602 1925 facultatem.

1067 1937 1135 1964 Illud
1149 1944 1259 1971 quoque
1274 1936 1478 1963 observandum
1499 1941 1542 1963 est
1553 1956 1561 1968 ,
1580 1941 1610 1963 ut
1625 1941 1759 1971 praesente
1780 1944 1825 1963 se-

1030 1982 1109 2010 niore
1125 1990 1307 2017 quocunque,
1328 1982 1371 2009 vel
1394 1982 1566 2017 prtecedente
1591 1983 1618 2009 in
1635 1982 1732 2010 ordine
1752 1982 1824 2016 psal-

1030 2028 1115 2060 lendi,
1133 2035 1252 2062 sequens
1266 2035 1319 2054 non
1335 2027 1436 2054 habeat
1457 2026 1616 2054 facultatem
1631 2027 1763 2061 loquendi
1780 2027 1823 2054 vel

1029 2075 1133 2110 aliquid
1149 2074 1344 2110 praesumendi,
1369 2073 1421 2100 nisi
1441 2077 1546 2101 tantum
1567 2074 1590 2100 is
1603 2074 1650 2108 qui
1667 2073 1693 2100 in
1714 2073 1823 2106 ordine,

1030 2124 1061 2148 ut
1082 2120 1187 2148 dictum
1204 2124 1265 2153 est,
1283 2119 1440 2154 praecedere
1463 2119 1582 2146 videtur.
1606 2119 1664 2147 Hoc
1685 2127 1771 2155 usque
1789 2119 1824 2147 ad

1030 2167 1116 2194 imum
1131 2171 1194 2194 ante
1208 2166 1301 2193 omnia
1317 2165 1345 2192 in
1357 2165 1492 2198 oratione,
1507 2173 1554 2193 seu
1573 2166 1601 2193 in
1615 2173 1710 2200 opere,
1725 2166 1783 2193 sive
1795 2165 1824 2193 in

1029 2220 1162 2247 responso
1176 2212 1268 2240 dando
1284 2212 1339 2239 erit
1353 2212 1528 2239 servandum.
1545 2212 1573 2239 Si
1591 2220 1659 2240 vero
1671 2212 1823 2247 simplicior

1030 2259 1135 2290 fuerit,
1151 2259 1194 2286 vel
1211 2257 1369 2293 impeditior
1393 2266 1539 2290 sermone,
1552 2262 1580 2285 et
1595 2258 1703 2285 dederit
1721 2258 1821 2290 locum,

1029 2305 1068 2332 ita
1091 2305 1204 2332 demum
1230 2312 1349 2339 sequens
1377 2304 1519 2338 loquatur.
1548 2303 1644 2331 Omnia
1675 2308 1767 2330 tamen
1794 2303 1822 2329 in

1029 2351 1158 2378 charitate
1167 2350 1235 2385 fiant
1248 2350 1283 2382 ‘°,
1299 2357 1355 2377 non
1370 2357 1419 2385 per
1429 2349 1634 2377 contentionem
1649 2349 1691 2376 vel
1702 2348 1821 2383 aliquam

1029 2396 1282 2431 prtesumptioncm.

1029 2453 1105 2482 CAP.
1126 2453 1157 2480 V.
1172 2467 1207 2473 ——
1222 2452 1259 2479 De
1272 2461 1349 2479 cursu
1370 2453 1498 2479 orationis
1509 2471 1517 2483 ,
1536 2455 1561 2478 et
1587 2451 1658 2478 horis
1675 2450 1803 2486 operandi
1813 2471 1821 2483 ,

1182 2496 1213 2515 ac
1232 2488 1263 2514 de
1278 2488 1439 2514 correctione
1455 2486 1674 2522 delinquentium.

1065 2534 1170 2562 Cursus
1198 2541 1265 2560 vero
1287 2533 1442 2560 orationum
1467 2533 1509 2560 vel
1534 2533 1723 2567 psalmorum,
1749 2531 1822 2560 sicut

1031 2579 1137 2607 dudum
1154 2583 1286 2606 statutum
1299 2582 1352 2610 est,
1368 2578 1439 2605 ultra
1458 2583 1565 2613 tempus
1584 2578 1656 2606 istud
1672 2577 1822 2605 meditandi

1031 2625 1218 2660 operandique
1233 2624 1399 2651 servabitur.
1422 2624 1461 2651 lta
1481 2624 1688 2652 meditationem
1703 2623 1823 2651 habeant

1032 2671 1142 2703 fratres,
1161 2676 1190 2698 ut
1202 2678 1288 2705 usque
1299 2670 1333 2697 ad
1347 2670 1442 2697 horam
1457 2670 1604 2698 secundam
1620 2671 1729 2705 legant;
1745 2669 1768 2697 si
1782 2674 1824 2696 ta-

1032 2725 1095 2744 men
1115 2717 1190 2744 nulla
1209 2725 1290 2744 causa
1303 2717 1440 2744 exstiterit
1454 2737 1461 2749 ,
1478 2724 1531 2751 qua
1556 2724 1667 2744 necesse
1687 2718 1724 2744 sit
1738 2716 1821 2744 etiam

1032 2763 1112 2799 247
1124 2763 1308 2798 przetermissa
1319 2762 1499 2790 meditatione
1509 2761 1613 2796 aliquid
1630 2762 1687 2788 fieri
1706 2762 1732 2788 in
1747 2769 1822 2788 eom-

1032 2816 1125 2836 mune.
1144 2808 1209 2836 Post
1228 2808 1323 2835 horam
1335 2815 1401 2835 vero
1413 2806 1562 2835 secundam
1579 2807 1771 2841 unusquisque
1786 2805 1821 2833 ad

232 2896 254 2912 ”
268 2896 384 2932 Philipp.
402 2906 431 2931 ιι,
444 2899 470 2926 ‘2.
510 2899 532 2915 ³⁷
554 2899 660 2928 ('oloss.
687 2908 726 2933 ιιι,
744 2899 803 2926 l2-l
814 2900 834 2926 l.
874 2898 895 2916 ³⁸
915 2899 975 2926 Act.

1041 2898 1085 2926 52.
1125 2899 1146 2915 ³⁸
1167 2899 1234 2926 Luc.
1257 2907 1289 2931 ι,
1314 2898 1356 2926 l6.
1396 2897 1418 2914 ⁸ο
1438 2897 1449 2925 ι
1470 2896 1534 2924 Cor.
1561 2904 1627 2929 xw,
1648 2896 1692 2924 η.
