2075 3155
255 179 309 211 979

748 179 802 210 SS-
817 178 1075 210 MACARIORUM
1092 179 1140 210 ET
1154 178 1367 210 PAPHNUTII

1829 176 1883 208 980

256 243 326 271 opus
342 242 422 263 suum
445 237 556 270 paratus
570 234 626 262 sit:
640 239 668 263 et
681 243 767 270 usque
779 235 814 262 ad
829 235 926 263 boram
943 242 1045 262 nonam
1060 235 1086 265 Α
1099 236 1278 267 necessitate,
1287 235 1335 263 sed
1348 234 1434 270 magis
1442 233 1509 262 vitio
1520 231 1724 269 procedendum
1739 233 1886 267 putaverit,

256 281 390 317 quidquid
407 281 559 316 iniunctum
573 280 675 314 fuerit,
699 282 755 308 sine
774 282 985 308 murmuratione
1005 279 1047 306 vel

257 329 420 356 hmitatione
431 327 453 343 “
467 328 592 362 perﬁciat
605 347 613 360 ,
627 327 699 354 sicut
714 327 795 354 docet
807 331 918 354 sanctus
930 326 1048 360 Aposto-

256 374 310 401 lus.
328 373 356 401 Si
369 373 431 407 quis
449 377 542 400 autem
557 373 781 405 murmuravcrit,
796 372 839 400 vel
859 371 1048 399 contentiosus

256 418 404 446 exstiterit.
417 423 465 445 aut
475 425 618 453 opponens
633 418 659 445 in
670 418 763 452 aliquo
774 418 939 445 contrariam
952 417 1062 444 volun-i

258 468 341 490 tatem
356 463 508 498 praeceptis,
524 463 605 498 digne
614 468 758 490 correctus
772 468 826 491 tam
839 462 886 490 diu
899 463 1046 495 abstineat,

256 517 339 544 quam
355 509 402 536 diu
416 510 460 536 vel
475 510 563 544 culpm
577 509 695 543 qualitas
711 510 878 544 poposcerit,
893 509 934 535 vel
949 517 978 536 se
991 516 1047 544 pte-

256 555 372 583 nitendo
385 556 575 583 humiliavcrit
586 560 668 591 atque
684 555 884 583 emendaverit.
900 554 1050 582 Correctus

256 606 350 629 autem
366 609 420 628 non
436 601 537 629 audeat
556 609 671 636 usquam
694 601 833 629 recedere.
852 600 880 628 Si
899 600 962 635 quis
983 606 1050 627 vero

255 647 291 674 de
311 645 460 679 fratribus,
484 647 526 674 vcl
548 647 595 682 qui
618 647 646 674 in
661 646 783 674 oratorio
796 650 880 678 sunt,
895 645 938 673 vel
959 645 1006 680 qui
1022 644 1052 672 in

257 692 334 720 cellis
349 692 514 725 consistunt,
527 693 588 729 ejus
599 692 689 719 errori
704 691 886 722 consenserit.
901 690 1047 726 culpabilis

256 737 321 768 crit,
335 742 417 772 atque
435 737 719 764 excommunicatione
736 736 924 771 dignissimus.

255 782 331 810 CAP.
349 783 392 811 Vl.
405 798 441 803 —-
460 783 497 809 De
514 783 553 809 his
564 783 609 818 qui
620 782 654 809 ad
669 790 732 817 opus
748 781 794 808 Dei
806 781 882 808 tarde
896 785 1048 808 occurrunt.

300 829 340 856 Ad
365 829 462 856 horam
487 836 554 855 vero
577 827 710 855 Orationis
736 827 800 854 dato
830 827 908 862 signo
936 826 958 853 si
987 826 1049 860 quis

256 883 312 902 non
328 875 420 902 statim
437 874 620 910 praetermisso
634 874 708 900 omni
723 881 806 908 opere
816 872 890 908 quod
904 871 959 908 agit
976 871 1052 906 (quia

257 921 327 948 nihil
350 921 468 948 orationi
497 919 712 955 praeponendum
736 918 790 954 est)
815 924 926 954 paratus
949 917 1050 951 fuerit,

257 965 331 993 foras
341 965 503 992 excludatur
511 965 733 992 confundendus.
742 964 860 999 Operam
871 971 936 990 vero
946 962 1051 990 dabunt

258 1011 357 1046 singuli
381 1011 490 1044 fratres,
513 1014 544 1038 ut
566 1015 690 1046 tempore
711 1017 766 1044 quo
781 1009 871 1036 missae
890 1008 946 1043 (26)
964 1007 1052 1039 ﬁunt,

259 1056 317 1084 sive
333 1056 386 1089 die,
404 1057 462 1084 sive
478 1061 569 1088 nocte,
586 1056 696 1091 quando
711 1055 818 1082 diutius
845 1054 878 1082 ad
899 1055 1052 1081 orationem

259 1103 388 1130 standum
404 1107 447 1130 cst
469 1110 523 1130 non
541 1101 681 1135 deﬁciant,
703 1102 746 1129 vel
764 1100 904 1136 superﬂuo
917 1100 988 1127 foras
1005 1107 1050 1126 re-

260 1148 378 1181 cedant;
397 1148 460 1183 quia
477 1148 611 1182 scriptum
638 1151 681 1174 est
699 1147 727 1173 in
751 1146 898 1181 Evangelia
914 1154 922 1172 :
939 1145 1047 1180 Oportet

259 1197 347 1219 autent
363 1200 465 1227 semper
478 1200 567 1224 orare,
581 1195 606 1218 et
617 1199 670 1218 non
683 1191 793 1225 deﬁcere
808 1190 841 1217 δ’.
856 1190 889 1217 Et
898 1189 952 1216 alio
967 1189 1046 1216 loco:

258 1237 318 1265 Non
332 1238 484 1273 impediaris
498 1246 577 1264 orare
593 1245 696 1273 semper
711 1236 744 1263 ⁸⁸.
762 1235 791 1263 Si
807 1235 868 1270 quis
883 1238 974 1262 autem
991 1242 1046 1261 non

1100 283 1170 311 sciat
1184 290 1225 316 se,
1238 290 1300 310 cum
1316 281 1504 316 deprehensus
1522 279 1615 312 fuerit,
1630 278 1796 314 culpabilem
1813 278 1888 314 judi-

1100 324 1237 361 canditm,
1259 328 1324 363 quia
1348 335 1397 362 per
1420 334 1498 354 suam
1517 325 1710 361 negligentiam
1736 328 1764 351 et
1779 324 1846 351 alios
1861 324 1889 350 in

1101 375 1199 402 vitium
1212 374 1308 401 mittit.
1335 373 1364 400 in
1378 373 1479 408 vigiliis
1492 371 1694 400 observandum
1709 375 1762 404 est,
1779 370 1890 405 quando

1102 428 1199 448 omnes
1213 420 1392 451 conveniunt,
1411 419 1572 454 quicunque
1591 422 1720 453 gravatur
1738 425 1847 449 somno,
1862 421 1891 444 et

1102 467 1159 494 exit
1180 466 1263 498 foras,
1286 473 1340 492 non
1357 472 1386 493 se
1403 465 1504 492 fabulis
1525 469 1652 499 occupet,
1676 464 1723 491 sed
1742 463 1834 491 statim
1850 471 1892 490 rc-

1097 512 1162 539 deat
1191 511 1225 539 ad
1247 519 1317 546 opus
1340 511 1374 538 ad
1400 510 1473 545 quod
1493 510 1666 538 convenitur.
1691 510 1721 537 In
1744 517 1893 544 congrega—

1098 560 1174 586 tione
1182 562 1274 585 autem
1284 557 1342 592 ipsa
1353 557 1399 584 ubi
1414 556 1525 592 legitur.
1538 564 1633 583 aurem
1648 563 1758 590 semper
1770 555 1803 582 ad
1819 555 1892 582 Scri-

1099 611 1196 641 pturas
1206 605 1334 637 habeant.
1349 609 1378 632 et
1391 604 1531 632 silentium
1545 604 1694 631 observent
1708 610 1815 630 omnes.

1100 660 1176 689 CAP.
1191 660 1248 687 VII.
1265 675 1301 679 —
1319 659 1352 686 Ut
1367 659 1449 693 frater
1473 659 1518 693 qui
1538 665 1585 692 pro
1611 657 1726 693 qualibet
1754 655 1831 690 culpa
1847 663 1895 680 ar-

1135 696 1234 758 guitur,
1248 692 1406 729 patientiam
1420 692 1515 721 habeat
1527 701 1537 726 ;
1551 696 1575 720 et
1590 696 1619 719 ut
1636 692 1669 719 ad
1686 699 1804 718 mensam
1819 697 1894 716 nemo

1149 735 1274 758 oauatur.

1149 735 1274 765 oquatur.

1138 777 1196 804 Hoc
1218 776 1301 804 etiam
1327 773 1483 802 addendum
1513 772 1584 803 fuit,
1611 776 1642 799 ut
1661 770 1818 805 frater_qui
1843 777 1895 804 pro

1103 823 1226 859 qualibet
1258 822 1338 857 culpa
1362 821 1484 856 arguitur
1510 819 1553 847 vel
1583 818 1759 851 increpatur,
1786 816 1896 852 patien-

1106 870 1171 897 tiam
1188 869 1299 901 habeat,
1315 871 1344 895 et
1360 875 1414 894 non
1430 865 1596 901 respondeat
1610 863 1738 899 arguenti
1754 871 1761 895 ;
1779 861 1826 889 sed
1841 861 1896 888 bu-

1108 913 1196 940 miliat
1216 920 1245 940 se
1268 913 1296 939 in
1317 911 1445 939 omnibus
1471 909 1622 937 secundum
1647 911 1814 942 praeceptum
1843 905 1898 932 Do-

1107 958 1174 985 mini
1191 957 1308 984 dicentis
1333 964 1340 982 :
1368 955 1435 988 Quia
1453 954 1520 981 Deus
1540 953 1680 980 humilibus
1701 953 1747 979 dat
1769 951 1897 986 gratiam,

1105 1002 1222 1037 superbia
1247 1006 1334 1028 autem
1348 1001 1444 1028 resistit
1458 1000 1491 1026 “.
1509 999 1554 1031 Et,
1574 998 1625 1031 Qui
1641 1006 1668 1025 se
1683 996 1805 1025 humilia!
1820 994 1899 1022 exal—

1106 1049 1206 1076 tabitur
1223 1049 1255 1074 ".
1269 1047 1321 1080 Qui
1336 1055 1402 1074 vero
1417 1046 1517 1082 saepius
1531 1049 1674 1080 correptus
1688 1052 1742 1071 non
1760 1049 1790 1070 se
1801 1049 1898 1070 emen-

1104 1092 1228 1125 daverit,
1243 1092 1411 1120 novissimus
1424 1091 1451 1118 in
1467 1090 1564 1118 ordine
1580 1094 1652 1117 stare
1664 1089 1812 1125 iubeatur;
1826 1086 1900 1114 sicut

1103 1139 1235 1166 Dominus
1256 1138 1348 1165 dixit:
1369 1137 1409 1165 Sit
1430 1137 1475 1164 tibi
1499 1137 1565 1163 sicut
1591 1136 1708 1163 ethnicus
1725 1139 1749 1161 et
1778 1133 1897 1169 publica-

1103 1193 1153 1213 nus
1167 1185 1200 1212 ".
1220 1184 1261 1212 Ad
1277 1191 1399 1211 mensam
1412 1187 1503 1210 autem
1519 1182 1675 1217 specialiter
1692 1180 1784 1208 nullus
1802 1179 1900 1212 loqua-

1103 1235 1158 1264 tur,
1177 1231 1230 1259 nisi
1244 1230 1291 1266 qui
1307 1233 1418 1266 praeest,
1430 1229 1474 1256 vel
1487 1229 1534 1263 qui
1548 1228 1731 1263 interrogatus
1740 1225 1833 1253 fuerit.

293 1315 316 1331 δ’
337 1314 454 1349 Philipp.
477 1322 507 1347 ιι,
526 1313 570 1341 M.
609 1314 633 1330 "
652 1312 720 1340 Luc.
730 1319 806 1344 xvul,
825 1311 851 1338 Ι.
888 1309 912 1326 ⁸³
931 1309 1017 1336 Eccli.
1038 1316 1053 1335 ι

1107 1307 1170 1341 ,22.
1207 1306 1232 1323 “
1251 1307 1262 1335 l
1278 1307 1353 1334 Petr.
1371 1313 1398 1338 v,
1418 1305 1445 1333 5.
1483 1305 1506 1321 ⁸⁵
1525 1303 1592 1331 Luc.
1606 1311 1661 1335 nv,
1679 1302 1722 1330 ll.
1759 1301 1782 1318 “
1801 1301 1898 1329 Matth.

259 1358 335 1381 xvtu.
350 1350 395 1376 27.

295 1426 351 1461 (ἳῦ)
371 1425 468 1453 Μίδεω.
493 1425 638 1461 Orationes
656 1429 688 1461 Aet
712 1423 834 1461 collecta:
856 1428 926 1461 qua}.
949 1420 978 1447 in
1002 1419 1056 1447 ﬁne

259 1455 360 1489 versus
385 1469 400 1488 a
424 1461 567 1488 sacerdote
593 1459 757 1486 dicebantur
780 1455 871 1484 dieue
891 1455 998 1487 Μίδεω,
1023 1462 1056 1481 eo

260 1497 333 1531 quod
360 1496 416 1523 Deo
433 1495 522 1531 missa:
543 1492 785 1531 sint._;\liquando
813 1490 987 1531 accipiuntur
1000 1497 1057 1531 pro

262 1524 338 1558 boris
351 1530 491 1558 canonicis
505 1534 533 1556 et
553 1524 692 1556 cursibus.
704 1526 846 1554 nocturnis
861 1524 879 1559 ,⁷
896 1529 978 1560 prout
1000 1524 1055 1551 hic.

1111 1419 1180 1447 Vide
1190 1418 1350 1446 Mcnardum
1365 1417 1398 1445 ad
1413 1415 1549 1445 Concord.
1567 1416 1664 1451 regul..
1679 1423 1740 1450 pag.
1756 1415 1818 1448 551,
1835 1415 1900 1451 376,

1111 1455 1174 1486 377,
1192 1454 1238 1487 qui
1254 1454 1321 1480 alias
1330 1452 1532 1480 declarationes
1544 1450 1635 1479 affert.
1652 1451 1796 1485 "omnem,
1811 1451 1838 1478 in
1851 1450 1901 1477 ln-

1111 1490 1174 1516 dict.
1187 1489 1288 1515 declar.
1308 1496 1334 1516 v.
1353 1488 1452 1515 M15515.

264 1631 1891 1651 ____________________________._._

634 1706 836 1748 REGULA
873 1702 1068 1746 TERTIA
1106 1704 1173 1742 AD
1203 1702 1498 1743 MONACHOS.

455 1883 568 1911 CAPUT
585 1883 605 1911 1.
623 1897 659 1904 ——
674 1883 713 1910 De
727 1884 869 1910 conuersis.

299 1939 366 1970 Cum
377 1939 403 1967 in
418 1939 528 1966 nomine
539 1938 646 1965 Domini
660 1945 714 1964 una
730 1945 792 1964 cum
808 1937 939 1965 fratribus
955 1937 1056 1964 nustris

262 1985 636 2019 convenissemus,imprimis
643 1985 744 2019 placuit
754 1984 884 2019 ut_regula
895 1989 922 2011 et
932 1984 1056 2011 instituta

263 2033 373 2060 Patrum
387 2040 435 2066 per
445 2031 569 2058 ordinem
586 2031 744 2065 legerentur
758 2039 764 2057 :
791 2031 892 2066 quibus
905 2030 984 2058 lectis
997 2031 1057 2065 pla-

233 2102 239 2108 ,
263 2078 331 2110 cuit,
341 2078 362 2104 si
373 2077 407 2104 de
420 2077 520 2104 s:eculo
533 2076 595 2111 quis
607 2076 633 2103 iu
645 2076 812 2104 monasterio
827 2076 949 2103 converti
963 2076 1057 2102 volue-

264 2123 311 2156 rit,
323 2123 416 2158 regula
429 2123 455 2150 ei
480 2122 630 2150 introeunti
643 2123 795 2157 legatur,et
807 2130 904 2150 omnes
912 2126 989 2150 actus
999 2129 1058 2149 mo-

263 2169 376 2199 nasterii
393 2168 430 2195 illi
443 2169 582 2203 patefiant.
593 2168 670 2202 Quod
683 2169 705 2196 si
720 2169 812 2196 omnia
821 2173 882 2204 apte
894 2168 1057 2204 susceperit,

263 2214 304 2241 sic
319 2213 400 2248 digne
413 2222 427 2240 a
442 2215 572 2242 fratribus
586 2215 614 2241 iu
627 2215 725 2242 cellula
747 2215 913 2250 suscipiatur
930 2222 936 2239 2
964 2219 1020 2242 tum
1035 2213 1058 2241 si

264 2260 385 2295 aliquam
404 2260 432 2286 in
446 2261 571 2287 cellulam
581 2261 700 2288 voluerit
714 2261 816 2288 inferre
829 2261 1021 2292 substantiam,
1031 2260 1057 2287 in

266 2313 360 2333 mensa
378 2311 496 2341 ponatur
513 2314 603 2333 coram
619 2307 748 2334 omnibus
765 2307 909 2340 fratribus,
926 2307 1003 2334 velut
1016 2315 1059 2334 re-

269 2354 332 2388 gula
347 2353 481 2380 continet.
499 2352 577 2386 Quod
592 2353 615 2380 si
631 2358 775 2388 susceptus
787 2346 880 2385 fuerit,
898 2361 954 2380 non
970 2353 1059 2380 solum

265 2399 300 2426 de
326 2399 478 2426 substantia
500 2406 581 2433 quam
606 2399 710 2432 intulit,
733 2399 782 2426 sed
797 2399 879 2426 etiam
905 2407 956 2427 nec
979 2399 1014 2427 de
1030 2407 1059 2427 se

268 2445 328 2478 ipso
343 2444 377 2472 ab
391 2444 436 2471 illa
447 2444 582 2479 iudicabit
598 2445 676 2472 hora.

280 2491 356 2518 CAP.
372 2490 403 2518 ll.
426 2506 461 2510 —
481 2490 514 2518 Ut
537 2490 618 2517 abbas
631 2491 697 2518 nihil
709 2491 757 2518 sibi
770 2492 906 2526 proprium
922 2492 1042 2519 vindicet.

1188 1881 1264 1910 CAP.
1280 1882 1326 1910 Ill.
1344 1897 1380 1903 -—
1399 1882 1438 1910 De
1461 1883 1620 1910 uestimentis
1635 1883 1833 1910 monachorum.

1144 1939 1312 1967 Vestimenta
1322 1947 1387 1966 vero
1396 1939 1528 1966 fratribus
1537 1939 1690 1966 necessaria
1704 1939 1741 1966 ita
1751 1938 1836 1966 abbas
1846 1946 1904 1965 om-

1110 1985 1328 2012 nibusordinare
1336 1985 1428 2017 debet,
1438 1993 1499 2020 quas
1511 1985 1652 2012 monachis
1660 1985 1790 2015 deceant;
1800 1992 1854 2011 non
1863 1984 1905 2012 di-

1111 2030 1198 2057 versis
1213 2029 1354 2057 coloribus
1362 2030 1457 2063 tincta,
1466 2030 1589 2064 exceptis
1597 2030 1713 2057 cucullis
1723 2037 1784 2065 quae
1792 2037 1905 2064 compa—

1111 2079 1216 2106 rantur,
1233 2076 1255 2103 si
1274 2075 1378 2103 fuerint
1392 2075 1487 2111 nigrm,
1498 2075 1537 2102 uti
1555 2083 1602 2102 eas
1617 2075 1718 2102 debere
1733 2081 1888 2102 censemus.

1130 2133 1206 2160 CAP.
1227 2133 1271 2160 IV.
1297 2148 1333 2153 —
1355 2132 1388 2160 Ut
1410 2132 1485 2159 nulla
1512 2131 1608 2159 mulier
1638 2132 1674 2159 ad
1702 2131 1892 2159 monasterium

1226 2179 1266 2206 vel
1293 2188 1387 2213 agrum
1421 2179 1609 2206 monachorum
1640 2179 1757 2206 accedat.

1148 2215 1370 2243 Familiaritatem
1392 2214 1548 2246 mulierum,
1571 2220 1624 2242 tam
1648 2219 1810 2249 parentum,
1824 2221 1905 2249 quam

1112 2267 1304 2290 extranearum
1315 2269 1366 2297 pro
1385 2262 1563 2290 custodienda
1580 2261 1645 2294 vita,
1656 2261 1738 2297 248
1751 2262 1794 2289 vel
1811 2270 1907 2289 cavcn‘

1113 2308 1155 2335 dis
1166 2309 1271 2343 laqueis
1283 2307 1397 2338 diaboli.
1410 2308 1445 2335 ab
1453 2308 1581 2335 omnibus
1591 2307 1907 2335 monasteriisvelcultu-

1113 2355 1151 2382 ris
1158 2355 1366 2387 monachorum;
1374 2363 1421 2382 seu
1430 2354 1675 2389 frequentationem
1686 2355 1882 2382 monachorum
1891 2362 1906 2381 ι

1113 2399 1288 2427 monasteriis
1296 2400 1459 2435 puellarum,
1469 2400 1540 2428 sicut
1550 2400 1641 2435 regula
1650 2400 1740 2431 docet,
1749 2399 1905 2434 prohibere,

1113 2454 1269 2474 censemus.
1290 2446 1386 2481 Neque
1402 2447 1458 2474 ulla
1482 2447 1581 2474 mulier
1597 2446 1713 2474 interius
1728 2446 1828 2473 atrium
1847 2454 1906 2473 mo-

1115 2493 1228 2520 nasterii
1251 2492 1358 2527 ingredi
1381 2493 1492 2520 audeat.
1509 2492 1587 2526 Quod
1605 2492 1627 2520 si
1648 2500 1710 2520 cum
1732 2491 1846 2519 consilio
1862 2492 1905 2518 vel

303 2536 402 2563 Abbati
433 2544 500 2564 vero
523 2537 592 2564 nulli
606 2537 688 2564 liceat
707 2537 758 2564 sibi
775 2537 926 2572 quidquam
947 2538 1059 2572 proprie
1077 2551 1100 2579 ι)
1115 2539 1256 2567 voluntate
1277 2539 1385 2567 abbatis
1401 2540 1599 2567 monasterium
1614 2540 1658 2566 vel
1683 2539 1796 2566 cellulas
1810 2547 1905 2566 mona-

266 2582 419 2614 vindicare,
444 2590 506 2610 cum
531 2584 623 2610 omnia
645 2583 702 2610 Deo
718 2583 839 2618 propitio
863 2584 890 2610 in
904 2584 979 2611 illius
1003 2591 1061 2611 ma-

266 2634 349 2655 neant
370 2632 514 2663 potestate.
543 2628 570 2655 Si
588 2629 650 2664 quis
662 2637 737 2661 vero,
754 2629 828 2664 quod
852 2629 879 2656 in
904 2630 997 2665 regula
1016 2631 1061 2666 ju-

266 2673 391 2700 nioribus
403 2673 576 2708 prohibetur,
591 2675 642 2701 sibi
657 2674 760 2710 aliquid
773 2683 807 2702 ex
828 2676 1001 2704 successione
1014 2684 1060 2711 pa-

268 2722 388 2751 rentum,
402 2726 449 2746 seu
461 2719 586 2753 quolibet
601 2719 701 2747 donato
711 2720 829 2748 retinere
843 2723 1058 2756 praesumpserit,

268 2768 298 2790 et
324 2771 379 2791 non
402 2764 495 2791 omnia
519 2764 546 2792 in
566 2773 711 2792 commune
735 2767 869 2800 posuerit,
894 2775 909 2794 a
928 2767 1060 2794 fratribus

268 2814 410 2845 arguatur.
433 2811 463 2838 Si
485 2811 512 2838 in
532 2812 600 2839 vitio
625 2812 789 2847 perstiterit,
814 2813 840 2840 in
859 2814 984 2841 notitiam
999 2815 1060 2849 epi-

269 2856 343 2890 scopi
361 2856 523 2884 deferatur:
537 2858 585 2892 qui
599 2857 622 2884 si
643 2858 678 2884 ab
701 2858 833 2894 episcopo
845 2865 988 2895 correptus
1008 2868 1060 2888 nec

269 2901 308 2929 sic
321 2902 522 2936 emendaverit,
539 2903 703 2939 deponatur.

1117 2586 1233 2613 chorum
1246 2585 1370 2620 quaedam
1386 2585 1470 2613 fuerit
1485 2585 1616 2620 ingressa,
1631 2585 1731 2613 mcrito
1745 2585 1811 2620 ipsis
1821 2585 1907 2612 abbas

1113 2636 1142 2660 et
1157 2639 1258 2659 nomen
1282 2631 1390 2659 abbatis
1403 2636 1528 2666 reponat,
1549 2636 1578 2659 et
1593 2631 1750 2658 inferiorem
1766 2638 1795 2658 se
1816 2630 1907 2657 omni-

1115 2678 1166 2705 bus
1177 2677 1344 2713 presbyteris
1357 2682 1535 2712 recognoscat
1547 2687 1554 2704 :
1567 2677 1630 2712 quia
1649 2677 1710 2704 talis
1724 2682 1818 2704 sancto
1833 2675 1908 2712 gregi

1115 2724 1237 2759 prmponi
1261 2723 1354 2756 debet,
1377 2724 1424 2758 qui
1440 2731 1488 2751 eos
1512 2723 1701 2750 immaculatos
1725 2723 1781 2749 Deo
1807 2721 1908 2748 offerre

1115 2774 1263 2806 procuret;
1287 2778 1341 2797 non
1366 2778 1415 2804 per
1429 2769 1568 2804 quaslibet
1582 2768 1780 2796 familiaritates
1796 2766 1909 2794 diabolo

1115 2817 1223 2845 sociare
1232 2815 1354 2844 festinet.

1130 2864 1205 2891 CAP.
1226 2864 1258 2891 γ.
1274 2879 1307 2884 --
1323 2863 1359 2890 De
1373 2863 1482 2890 lectione
1493 2867 1518 2890 et
1526 2861 1678 2897 operatione
1688 2860 1891 2887 monachorum.

1151 2909 1284 2937 Matutino
1315 2909 1389 2936 dicto
1422 2908 1520 2935 fratres
1549 2907 1660 2935 lectioni
1690 2910 1790 2933 vacent
1818 2913 1907 2940 usque
