2075 3155
201 196 251 228 981

793 178 948 229 IlEGULA
980 199 1030 229 AD
1046 198 1260 229 MONACHOS.

1777 195 1831 228 982

203 249 237 277 ad
250 249 345 276 horam
359 249 506 277 secundam
521 259 527 276 :
544 250 566 278 si
581 255 672 278 tamen
689 251 764 278 nulla
780 259 862 279 causa
876 252 989 279 exstite—
1002 255 1026 283 Α
1039 252 1114 280 CAP.
1133 252 1178 279 XI.
1198 267 1233 272 —
1254 252 1286 279 Ut
1311 251 1391 279 abbas
1410 260 1469 279 cum
1492 251 1619 287 fratribus
1641 251 1742 286 reﬁciat
1766 252 1837 279 omni

202 295 250 328 rit,
267 304 321 331 qua
336 303 447 323 necesse
464 296 499 323 sit
512 297 594 323 etiam
610 297 793 332 praatermissa
810 297 927 324 lectione
943 297 994 324 all-

204 342 270 377 quid
284 342 343 369 ﬁeri
356 342 384 369 in
395 350 550 370 commune.
569 343 633 370 Post
644 344 738 370 lteram
751 343 897 371 secundam
910 351 995 370 unus-

205 388 322 422 quisque
335 387 369 414 ad
390 395 458 422 opus
477 395 556 415 suum
570 393 680 423 paratus
700 389 735 416 sit
749 397 835 424 usque
847 389 881 416 ad
897 389 994 416 horam

206 441 306 460 nonam
324 443 329 460 :
348 433 421 468 quod
447 434 601 470 injunctum
637 435 730 468 fuerit,
758 435 822 462 Sine
842 443 994 462 murmura-

207 480 277 506 tione
294 479 418 513 perﬁciet
432 480 466 506 ".

207 534 283 561 CAP.
301 533 343 561 VI.
354 549 390 553 —
400 533 438 560 De
452 534 491 561 Itis
503 534 548 570 qui
560 534 595 560 ad
610 542 674 570 opus
692 534 740 562 Dei
754 535 829 562 tarde
844 541 996 564 occurrunt.

242 581 284 608 Ad
307 582 403 608 horam
429 589 494 609 vere
518 582 650 609 orationis
672 582 736 609 dato
762 584 851 618 signo,
873 584 921 619 qui
943 593 999 612 non

209 628 300 655 statim
322 628 506 663 praetermisso
532 629 606 656 omni
633 637 716 664 opere
743 630 817 664 quod
843 631 898 666 agit
924 631 1000 666 (quia

210 674 280 701 nihil
296 673 414 701 orationi
429 676 644 709 praeponendum
659 676 711 709 est)
727 680 838 710 paratus
854 676 946 708 fuerit,
964 677 999 704 ab

211 719 310 746 abbate
324 720 367 746 vel
380 719 525 754 pmposito
536 720 718 754 corripiatur:
735 724 764 748 et
778 721 830 748 nisi
844 725 1000 756 prostratus

211 763 318 790 veniam
333 763 453 797 petierit,
472 764 737 791 excommunieetur.

315 807 391 835 CAP.
412 808 468 835 VII.
486 823 522 827 ——
541 808 579 835 De
590 809 695 836 silentio
707 810 742 836 ad
755 818 884 837 mensam.

246 853 287 880 Ad
310 861 431 881 mensam
457 858 549 881 autem
573 855 729 889 specialiter
747 856 839 883 nullus
860 856 998 892 loquatur,

212 898 265 925 nisi
287 899 333 933 qui
349 903 458 933 praeest,
476 899 519 926 vel
532 899 578 934 qui
593 900 775 936 interrogatus
789 901 882 929 fuerit.

228 953 303 981 CAP.
323 953 392 981 VIII.
412 969 447 973 —
467 953 500 990 Ut
528 955 563 981 ad
590 956 737 982 necessaria
766 956 909 990 quaerenda
931 956 986 983 bini

455 988 496 1016 vel
512 990 581 1016 terni
598 990 748 1016 mittantur.

247 1033 288 1061 Ad
300 1034 454 1061 necessaria
467 1034 614 1069 querenda
629 1035 656 1062 in
669 1035 778 1067 cellula,
791 1035 847 1062 bini
859 1036 1004 1071 egredian-

214 1085 259 1107 tur
280 1080 324 1107 vel
355 1079 426 1107 terni
443 1079 542 1107 fratres
560 1089 566 1107 :
585 1084 613 1107 et
634 1080 672 1107 ita
685 1081 734 1114 illi,
748 1080 849 1115 quibus
870 1082 1002 1116 creditur,

213 1133 267 1153 non
290 1125 337 1160 qui
355 1126 550 1153 verbositatem
568 1130 616 1153 aut
637 1126 727 1161 gulam
742 1131 894 1154 sectantur.

214 1182 290 1211 CAP.
317 1182 364 1210 IX.
390 1198 426 1202 —
454 1182 486 1210 Ut
510 1191 641 1217 nusquam
668 1183 725 1210 sine
743 1187 874 1219 praecepto
893 1185 1004 1212 senioris

517 1218 697 1253 egrediantur.

249 1273 277 1301 Si
293 1273 356 1308 quis
373 1280 439 1300 vero
453 1277 530 1301 extra
550 1273 747 1301 conscientiam
762 1274 871 1302 abbatis
879 1275 922 1302 vel
936 1282 1005 1310 prae.-

214 1319 306 1354 positi,
331 1319 548 1354 qualemcunque
575 1319 664 1346 locum
693 1320 843 1355 ingressus,
875 1321 944 1356 gulae
963 1321 1006 1349 vel

213 1365 341 1392 ebrietati
366 1373 394 1392 se
414 1365 576 1398 sociaverit;
605 1370 653 1392 aut
679 1365 702 1393 si
726 1366 754 1393 in
775 1366 899 1401 proximo
917 1371 1007 1394 trans-

215 1412 325 1443 missus,
347 1419 396 1446 pro
415 1419 465 1439 sua
483 1411 595 1438 levitate
610 1411 653 1438 vel
677 1412 750 1447 gula,
767 1420 822 1439 non
841 1413 934 1440 statim
960 1421 1008 1440 ex-

215 1457 307 1493 pedita
335 1458 499 1485 necessitate
519 1457 553 1485 ad
574 1458 669 1486 cellam
693 1458 827 1492 redierit;
844 1466 906 1486 cum
930 1459 957 1486 in
980 1459 1008 1486 id

216 1503 325 1531 facinus
338 1504 422 1531 fuerit
438 1504 572 1535 detectus,
595 1509 625 1531 ut
639 1511 758 1531 canones
778 1504 889 1537 docent,

217 1550 292 1585 ginta
314 1550 414 1577 diebus
437 1558 452 1577 a
477 1550 670 1579 communione
694 1556 847 1586 separetur,
863 1555 910 1579 aut
923 1552 1008 1587 virgis

218 1603 305 1624 cmsus
319 1596 492 1624 emendetur.

218 1651 294 1680 CAP.
315 1652 349 1679 Χ.
365 1668 400 1672 -
412 1652 450 1679 De
462 1653 500 1679 his
512 1654 556 1688 qui
565 1653 595 1680 de
609 1655 770 1680 monasteria
783 1654 855 1680 exire
869 1654 1008 1681 uoluerint.

256 1708 333 1742 Quod
349 1708 372 1736 si
396 1715 460 1736 casu
479 1709 541 1744 quis
565 1708 649 1735 frater
662 1708 697 1736 de
719 1708 816 1736 cellula
835 1716 868 1735 ex
888 1709 1010 1744 qualibet

221 1754 343 1782 scandali
372 1762 454 1781 causa
477 1754 553 1781 exire
574 1754 702 1786 voluerit,
732 1754 800 1781 nihil
824 1755 935 1789 penitus
956 1755 1008 1783 nisi

222 1800 401 1835 nugalissimo
427 1799 482 1834 (9.7)
511 1799 641 1827 induatur
669 1800 852 1832 vestimento,
881 1804 909 1827 et
934 1806 1010 1828 extra

223 1847 445 1874 communionem
461 1846 580 1874 inﬁdelis
596 1846 728 1874 discedat.

261 1925 283 1941 "
295 1925 414 1961 Philipp.
432 1933 461 1958 u,
478 1925 522 1952 14.

263 2004 319 2041 (2⁸1)
338 2005 529 2040 Ναθαιὶεεὶιηο.
540 2005 571 2032 ld
583 2008 636 2041 est2
653 2004 726 2041 quod
745 2003 835 2041 risum»
850 2008 958 2041 moveat
969 2011 1016 2031 oc-

227 2039 414 2072 currentibus,
445 2041 596 2074 interprete
620 2040 733 2074 Cangio,
757 2040 805 2074 qui
829 2039 903 2066 hunc
925 2039 1015 2074 ipsum

228 2077 325 2103 recitat
353 2075 381 2102 in
402 2075 520 2103 Glossar.
538 2083 565 2102 ν.
580 2075 789 2110 Nugalissimus.
812 2075 915 2102 Eodem
931 2082 1014 2101 sensu

229 2110 417 2142 accipiendum
428 2111 621 2138 notatissimum
634 2111 828 2143 vestimentum,
846 2110 924 2144 cujus
934 2117 1012 2137 men-

1381 291 1509 322 tempore.

1077 343 1148 370 Illud
1178 350 1288 378 quoque
1308 342 1466 375 statuimus,
1484 347 1514 370 ut
1535 343 1648 370 abbates
1670 341 1744 369 omni
1768 345 1838 370 tem-

1042 395 1109 423 pore
1135 396 1198 416 cum
1216 387 1348 415 fratribus
1371 387 1497 415 reﬁciant
1522 397 1528 414 :
1560 387 1623 423 quia
1645 395 1679 414 eo
1703 391 1836 421 tempore.

1045 443 1101 469 quo
1114 435 1216 462 fratres
1233 438 1281 461 aut
1303 441 1353 468 pro
1367 433 1533 469 negligentia
1549 441 1674 468 arguere,
1688 437 1736 459 aut
1754 432 1837 467 spiri-

1044 481 1112 507 tuali
1124 480 1225 507 debent
1238 487 1365 507 sermone
1377 480 1502 507 imbuere
1513 499 1520 511 ,
1534 480 1636 514 absque
1652 483 1727 506 certa
1740 486 1838 506 neces-

1047 526 1126 553 sitate
1143 533 1172 553 se
1187 532 1328 552 removere
1344 533 1399 552 non
1414 525 1525 552 debent.

1064 583 1140 611 CAP.
1160 582 1218 610 XII.
1238 597 1273 602 —-
1293 582 1325 609 Ut
1349 581 1438 609 nullus
1461 582 1603 608 monachus
1619 581 1646 607 in
1666 580 1823 614 inﬁrmitate

1156 618 1254 652 positus
1266 622 1406 652 parentum
1422 617 1509 644 studio
1521 617 1726 643 commendetur.

1084 664 1113 691 Id
1125 664 1207 691 etiam
1223 671 1273 698 pro
1290 663 1470 690 custodienda
1485 662 1555 689 fama
1571 661 1728 696 specialiter
1744 660 1840 688 statui-

1047 718 1119 742 mus,
1133 714 1163 736 ut
1179 709 1270 736 nullus
1284 709 1434 736 monachus
1449 709 1477 735 in
1496 708 1656 735 infirmitate
1674 707 1780 742 positus
1795 713 1840 733 re-

1047 756 1112 784 licto
1126 755 1293 782 monasterio
1306 760 1450 790 parentum
1467 762 1580 781 suorum
1591 754 1684 781 studio
1700 761 1842 780 commen-

1048 803 1129 831 detur
1145 812 1151 829 :
1170 802 1234 837 quia
1256 802 1342 837 magis
1357 809 1420 828 eum
1434 800 1605 828 srecularium
1623 799 1842 834 spectaculorum

1048 849 1109 876 visu
1123 853 1170 876 aut
1189 847 1284 875 auditu
1299 846 1384 882 pollui
1401 854 1555 878 censemus,
1579 853 1660 881 quam
1684 845 1718 872 ab
1731 844 1844 880 aegritu-

1019 888 1040 915 Β
1054 896 1117 923 dine
1132 903 1212 930 posse
1227 893 1347 930 purgari.

1133 940 1208 967 CAP.
1228 940 1298 967 XIII.
1319 954 1355 960 --
1372 938 1411 965 De
1422 939 1461 966 his
1473 939 1517 973 qui
1533 938 1632 972 furtum
1648 937 1758 972 faciunt.

1090 987 1118 1015 Si
1130 987 1192 1022 quis
1204 994 1270 1013 vero
1281 985 1432 1012 monachus
1440 983 1542 1011 furtum
1552 983 1658 1015 fecerit,
1671 983 1743 1018 quod
1754 982 1846 1018 potius

1054 1032 1227 1067 sacrilegium
1242 1031 1295 1058 dici
1308 1034 1409 1065 potest,
1428 1029 1455 1056 id
1471 1029 1629 1056 censuimus
1644 1028 1844 1062 ordinandum;

1055 1082 1086 1105 ut
1101 1078 1195 1112 junior
1207 1076 1291 1111 virgis
1303 1083 1390 1103 cmsus
1410 1075 1476 1102 tanti
1493 1075 1618 1102 criminis
1629 1082 1692 1102 reus
1707 1082 1847 1110 nunquam

1053 1122 1174 1150 otlicium
1189 1122 1335 1149 clericatus
1346 1120 1483 1156 excipiat;
1502 1120 1523 1147 si
1543 1128 1610 1148 vero
1622 1120 1676 1155 iam
1691 1120 1808 1148 clericus
1818 1121 1846 1147 in

1054 1168 1080 1195 id
1097 1168 1205 1195 facinus
1218 1168 1300 1195 fuerit
1311 1166 1644 1202 deprehensus,’nominis
1657 1166 1743 1200 ipsius
1760 1167 1848 1202 digni-

1053 1218 1110 1242 tate
1119 1215 1242 1250 privetur
1256 1223 1262 1241 ε
1277 1214 1321 1241 cui
1331 1213 1457 1242 suﬂiccre
1466 1217 1556 1247 potest
1571 1220 1621 1247 pro
1636 1218 1713 1240 actus
1724 1213 1766 1240 sui
1781 1213 1849 1240 levi-

1055 1265 1122 1294 tate,
1138 1261 1248 1296 impleta
1263 1261 1431 1296 poenitentia:
1444 1260 1641 1292 satisfactione,
1659 1260 1828 1288 communio.

1055 1308 1131 1336 CAP.
1150 1308 1220 1336 XIV.
1252 1322 1287 1328 —
1317 1307 1350 1335 Ut
1369 1307 1457 1334 nullus
1480 1307 1589 1333 alterius
1612 1308 1768 1334 monasterii
1790 1315 1848 1334 ma-

1149 1344 1262 1370 nacltum
1281 1343 1339 1369 sine
1358 1343 1485 1378 permissu
1503 1341 1605 1369 abbatis
1619 1343 1756 1372 suscipiat.

1089 1390 1253 1417 Monachum
1276 1389 1332 1416 nisi
1354 1389 1462 1416 abbatis
1474 1388 1515 1416 sui
1529 1393 1576 1415 aut
1591 1388 1725 1423 permissu
1742 1392 1789 1415 aut
1803 1395 1851 1415 vo-

1055 1435 1161 1462 luntate
1174 1435 1207 1462 ad
1219 1435 1295 1462 aliud
1306 1434 1502 1462 monasterium
1512 1434 1749 1468 eonnnigranlem,
1759 1433 1852 1461 nullus

1057 1481 1142 1509 abbas
1160 1485 1207 1508 aut
1221 1481 1362 1515 suscipere
1379 1485 1426 1507 aut
1441 1480 1558 1507 retinere
1570 1485 1726 1515 pra‘sumat.
1737 1479 1814 1513 Quod
1828 1479 1852 1507 si

1020 1522 1042 1554 C
1059 1527 1092 1554 ad
1108 1509 1305 1554 districtiorem
1320 1526 1441 1561 regulam
1457 1534 1511 1553 non
1522 1509 1578 1560 pro.
1593 1529 1670 1553 actus
1686 1526 1727 1552 sui
1741 1525 1852 1552 levitate

1058 1573 1215 1601 tendentem
1231 1573 1316 1600 abbas
1328 1581 1395 1600 suus
1419 1573 1508 1608 ipsum
1533 1573 1565 1600 ad
1581 1573 1698 1600 alterum
1714 1576 1854 1600 monaste-

1057 1619 1130 1646 rium
1145 1618 1261 1645 transire
1285 1617 1453 1653 permiserit,
1466 1621 1496 1644 ut
1513 1617 1575 1644 inde
1591 1622 1685 1651 postea
1697 1617 1749 1644 sub
1763 1617 1854 1652 aliqua

1058 1665 1202 1692 occasione
1218 1664 1328 1700 aggredi
1340 1669 1496 1699 prmsumat,
1512 1663 1586 1690 nulla
1597 1663 1703 1691 ratione
1716 1662 1853 1698 permitli-

1059 1718 1130 1738 mus.
1139 1710 1209 1738 Sane
1222 1710 1244 1737 si
1259 1709 1322 1744 quis
1336 1715 1397 1744 post
1408 1710 1478 1736 hanc
1489 1709 1725 1744 diligentissimam
1737 1708 1857 1736 sanctio-

1062 1764 1124 1783 nem
1138 1764 1192 1783 non
1206 1756 1353 1783 observare
1366 1764 1426 1790 qua:
1444 1762 1507 1782 sunt
1518 1755 1646 1790 superius
1658 1754 1855 1790 comprehensa

1062 1802 1268 1836 praesumpserit
1282 1821 1289 1833 ,
1314 1809 1390 1828 reum
1414 1810 1443 1829 se
1468 1801 1620 1828 divinitatis
1634 1801 1736 1835 pariter
1759 1804 1787 1827 ct
1801 1799 1856 1827 fra-

1065 1847 1205 1875 ternitatis
1216 1848 1319 1883 judicio
1336 1847 1459 1875 futurum
1474 1855 1535 1875 esse
1549 1851 1706 1882 cognoscat.

1068 2003 1106 2039 tio
1123 2002 1150 2030 in
1174 2004 1317 2038 superiore
1333 2004 1427 2039 regula
1443 2003 1471 2031 S.
1495 2003 1606 2031 Macarii
1626 2011 1686 2038 cap.
1709 2003 1753 2034 28,
1782 2002 1856 2039 quod

1067 2037 1226 2101 Ilollstenius
1247 2037 1456 2075 interpretatur,
1472 2040 1549 2076 parvi
1570 2037 1695 2066 momenti
1713 2047 1744 2066 ac
1757 2037 1856 2065 nullius

1067 2082 1098 2101 va
1111 2082 1175 2101 om.

1065 2082 1175 2102 vatem.
