2075 3155
263 175 315 206 967

879 166 910 197 S.
921 166 1082 196 MACARII
1104 165 1266 196 IEGYPTII

1841 166 1893 198 968

261 231 362 266 pulsat,
379 232 469 264 potest
484 228 510 255 in
527 227 659 254 interiora
675 225 751 260 regni
771 228 915 259 penetrare
944 231 951 248 τ
965 221 1050 249 Petite
1067 241 1074 254 λ

1109 230 1187 249 σεται
1203 222 1290 257 ὑμῖν·
1302 222 1492 256 κρούετε,καὶ
1507 221 1709 257 ἀνοιγήσεται.
1728 223 1778 250 Διὰ
1792 222 1895 257 ταύτης

261 276 348 309 enim,
365 275 413 307 ait,
429 279 453 302 el
473 274 578 301 dabitur
592 273 681 304 vobis;
695 271 798 307 pulsate
821 275 845 297 et
860 269 994 305 aperietur
1008 276 1054 294 υο-

263 323 302 350 bis
312 323 346 349 ".
359 321 411 348 Per
428 320 501 347 illam
516 323 624 354 portam
639 317 743 346 nemini
762 324 870 349 eorum,
884 315 932 350 qui
944 313 1051 346 volunt,

263 366 433 402 impossibile
442 369 495 398 est,
511 372 568 392 sua:
580 364 666 399 ipsius
681 363 779 390 animae
802 361 928 388 invenire
938 360 1053 387 liberta-

263 418 329 444 tem,
345 413 425 447 222
441 419 493 439 nec
508 419 568 439 eam
579 410 775 438 convenientes
789 407 841 442 ipsi
858 407 982 441 recipere
1006 413 1054 433 eo-

263 456 422 493 gitationes,
434 461 462 484 et
480 464 543 483 cum
555 455 696 483 Christum
720 461 813 481 secum
831 451 957 487 possidet
975 450 1056 478 habi-

264 492 379 533 tantem,
402 500 568 535 locupletem
591 506 662 531 esse,
679 505 768 532 eoque
779 496 866 524 veluti
880 502 981 530 sponso
1001 492 1055 520 frui

263 554 314 582 per
324 545 605 574 communicationem
622 544 687 571 boni
699 543 830 578 Spiritus.
844 541 912 569 Vide
931 539 1057 567 ineffabi-

264 593 319 620 lem
338 591 502 619 charitatem
520 589 629 617 Domini
651 588 783 616 adversus
794 587 946 618 hominem,
963 585 996 612 ad
1014 584 1056 612 sui

265 637 353 674 ipsius
366 636 512 672 imaginem
525 635 681 664 conditum.

299 706 323 722 "
335 705 430 733 Matth.
446 711 493 736 vn,
514 704 542 732 7.

1103 269 1150 302 τῆς
1169 266 1252 302 θύρας
1269 267 1356 293 οὐδενὶ
1373 267 1429 294 τῶν
1443 267 1614 303 βουλομένων
1640 267 1743 302 ἄπορον
1753 267 1806 303 τὴν
1814 269 1892 296 ἔλευ-

1103 315 1196 350 θεριαν
1210 314 1259 349 τὴν
1274 312 1372 340 ἑαυτΰῦ
1394 312 1485 347 ψυχῆς
1508 313 1645 346 ἐφευρεῖν.
1662 312 1769 347 ἐκείνην
1783 321 1812 339 τε
1829 313 1895 344 τοὺς

1105 358 1186 390 ιδίους
1197 358 1344 385 ἀπολαϐεῖν
1363 356 1519 391 λογισμοὺς,
1541 357 1588 383 καὶ
1614 357 1763 392 πλουτῆσαι
1777 357 1896 392 Χριστὸν

1105 403 1239 436 σύνοικον,
1257 404 1305 430 καὶ
1327 403 1366 434 ὡς
1390 402 1500 438 νυμφίῳ
1514 401 1590 437 αὑτῷ
1603 403 1674 429 κατὰ
1686 403 1736 436 τὴν
1751 403 1895 429 κοινωνίαν

1104 449 1152 476 τοῦ
1181 448 1283 483 ἀγαυοῦ
1316 448 1474 484 Πνεύματος
1507 447 1672 483 χρήσασθαι.
1701 448 1753 474 Ἴδε
1785 447 1896 482 ἀγάπην

1105 495 1225 531 ἄρῤητον
1243 495 1378 521 Δεσπότου
1409 494 1478 529 πρὲις
1502 494 1548 520 τὸν
1568 493 1614 519 ὑπ’
1637 493 1722 520 αὐτοῦ
1750 493 1897 528 γενόμενον

1106 541 1176 568 κατὰ
1187 541 1236 577 τὴν
1246 540 1338 567 εἰκόνα
1353 540 1403 576 τὴν
1417 539 1514 567 ἑαυτοῦ
1529 539 1682 575 ἄνθρωπον.

266 792 1887 816 ___________________._—__———.

666 883 713 928 S.
772 881 1019 927 MACARII
1074 878 1492 925 ALEXANDRINI

918 984 1047 1008 ABBATIS
1063 983 1236 1006 HITRIENSIS

574 1069 897 1136 REGULA
937 1070 1041 1132 AD
1099 1056 1581 1133 MONACHOS‘”

298 1260 321 1288 l.
341 1259 443 1287 Milites
465 1264 530 1293 ergo
554 1256 657 1284 Christi
682 1256 723 1283 sic
748 1255 838 1282 taliter
860 1262 925 1282 suos
951 1254 1056 1283 debent
1074 1260 1095 1287 Β
1144 1255 1212 1283 \‘lll.
1233 1254 1291 1281 Non
1325 1255 1412 1281 oderis
1436 1254 1595 1281 laboriosam
1619 1263 1728 1289 operam
1752 1255 1762 1270 ³
1783 1256 1898 1283 :otium

265 1311 432 1341 componere
456 1310 576 1338 gressus,
598 1302 759 1329 charitatem
786 1301 813 1328 in
834 1308 863 1328 se
887 1300 1058 1335 perfectissi-

264 1358 336 1379 mam
357 1349 556 1378 comineutes:
580 1348 664 1375 Deum
690 1355 721 1374 ea;
747 1350 803 1373 tota
822 1346 915 1372 anima
937 1346 1058 1381 diligere,

264 1403 289 1424 et
312 1405 344 1424 ea:
367 1401 421 1423 toto
442 1396 531 1427 corde,
558 1399 583 1421 ct
604 1402 635 1420 ea:
655 1397 710 1419 tota
731 1393 827 1419 virtute
846 1401 895 1419 sua
915 1393 934 1418 ³.

299 1442 334 1469 Il.
355 1442 475 1469 Invicem
506 1440 578 1467 inter
602 1446 632 1466 se
659 1438 887 1473 perfectissimam
921 1441 1060 1465 sectantes

264 1487 462 1518 obedientiam,
488 1485 607 1520 pacifici,
640 1484 731 1515 mites,
763 1483 910 1516 moderati,
934 1491 989 1510 non
1012 1491 1058 1511 su-

264 1533 356 1569 perbi,
373 1540 428 1559 non
451 1531 589 1566 injuriosi,
614 1538 669 1557 non
692 1537 868 1560 susurrones.
891 1537 947 1556 non
963 1529 1059 1556 irriso-

266 1586 326 1610 res,
352 1585 406 1604 non
428 1576 555 1605 verbosi.
582 1583 636 1602 non
661 1576 890 1610 prmsumptuosi,
922 1583 979 1602 non
1006 1576 1059 1603 sibi

266 1624 418 1659 placentes,
440 1621 488 1648 sed
500 1621 556 1648 Deo
568 1620 612 1647 cui
631 1619 755 1646 militant
777 1619 889 1646 Christo
904 1628 910 1646 :
929 1627 985 1646 non
1002 1620 1059 1646 bla-

267 1670 420 1706 sphemiam
433 1672 580 1699 sectantes,
593 1673 646 1694 nec
657 1665 782 1692 dicentes
798 1665 948 1700 quidquam
963 1670 1060 1700 prmter

266 1715 341 1751 quod
365 1715 468 1742 bonum
494 1717 536 1740 est
556 1721 563 1739 :
585 1712 619 1739 ad
645 1710 811 1745 obsequium
835 1719 889 1737 non
917 1711 998 1746 pigri,
1027 1711 1060 1738 ad

267 1760 420 1788 orationem
443 1757 541 1793 parati,
560 1757 588 1784 in
608 1756 768 1784 humilitate
793 1755 920 1790 perfecti,
946 1756 972 1782 in
994 1756 1060 1783 obc-

267 1805 372 1833 dientia
397 1804 549 1840 praecincti,
569 1803 596 1830 in
614 1801 715 1836 vigiliis
741 1801 886 1834 instantes,
905 1801 932 1828 in
952 1802 1058 1837 jejunio

267 1852 381 1879 hilares.

303 1898 348 1925 lll.
373 1897 471 1924 Nullus
505 1903 534 1922 se
562 1895 616 1922 alio
641 1895 787 1930 justiorem
813 1894 988 1926 arbitretur;
1012 1894 1059 1922 sed

267 1944 460 1978 unusquisque
483 1942 612 1970 omnibus
641 1948 670 1968 se
696 1941 854 1968 inferiorem
881 1945 1056 1968 contemnat:
1073 1937 1094 1968 C

268 1989 337 2022 Quia
353 1989 438 2024 quise
451 1987 563 2019 exultat,
577 1986 775 2018 humiliabitur;
788 1991 811 2013 et
827 1987 871 2022 qui
888 1995 916 2013 se
927 1986 1058 2019 lmmiliat,

256 2034 430 2069 ,exaltabitur
452 2034 472 2060 ³.

301 2080 348 2107 iV.
373 2081 544 2113 Prteceptum
571 2078 690 2106 senioris
718 2082 748 2104 ut
770 2077 885 2104 salutem
904 2076 1058 2112 suscipias:

268 2133 324 2153 non
341 2124 541 2151 murmurantlo
559 2123 641 2150 ullam
661 2130 772 2157 operam
792 2121 876 2149 facias
894 2130 900 2148 ε
925 2130 980 2148 non
1004 2130 1061 2149 rcs-

268 2171 430 2206 ponsionem
451 2173 548 2196 contra
572 2173 740 2203 pneceptum
763 2175 890 2202 usurpcs.

306 2217 337 2244 V.
357 2216 417 2244 Non
439 2220 466 2242 te
480 2215 605 2246 extollas,
624 2217 671 2240 aut
684 2212 846 2248 magnificcs
871 2212 990 2246 aliquam
1007 2212 1061 2238 uti—

269 2263 324 2290 lem
351 2269 462 2297 operam
481 2260 580 2288 fecissc
605 2267 684 2286 :non
708 2259 735 2286 in
761 2258 930 2293 acquirendo
956 2258 1060 2292 aliquid

270 2309 340 2337 lucri
361 2307 545 2343 congaudens,
571 2311 618 2333 aut
641 2306 668 2333 in
690 2305 791 2332 damno
818 2304 1001 2332 contristeris.

305 2355 350 2382 Vl.
368 2355 429 2382 Non
452 2359 478 2381 te
506 2352 678 2379 familiaritas
702 2352 756 2378 ulla
785 2350 924 2378 srecularis
951 2350 1060 2383 trahat;

270 2401 318 2429 sed
343 2405 398 2428 tota
424 2399 570 2427 delectatio
590 2402 636 2425 tua
651 2398 677 2424 in
694 2397 792 2425 ccllula
810 2397 980 2424 demoretur.
998 2396 1060 2423 Cel-

270 2447 324 2474 lam
344 2451 374 2474 ut
392 2445 551 2481 paradisum
565 2445 683 2477 habeas;
704 2444 803 2470 fratres
820 2449 883 2470 tuos
904 2443 1062 2478 spirituales

271 2497 302 2519 ut
320 2497 439 2519 mternos
460 2490 582 2518 conﬁdas
605 2489 705 2516 habere
729 2493 866 2523 parentes.

307 2537 361 2565 VH.
384 2536 563 2571 Praepositum
577 2535 737 2562 monasterii
755 2534 852 2561 timeas
862 2539 891 2561 ut
907 2533 1060 2566 dominum,

271 2583 368 2619 diligas
385 2587 416 2609 ut
429 2586 583 2617 parentem.
603 2580 736 2607 Similiter
748 2587 858 2614 quoque
871 2587 965 2606 omnes
980 2587 1061 2613 opor-

266 2633 311 2657 tet
324 2618 438 2664 diligere
462 2628 572 2658 fratres,
595 2634 658 2655 cum
675 2626 776 2660 quibus
797 2626 879 2652 etiam
903 2630 928 2652 te
943 2618 1060 2652 confidis

270 2676 365 2704 videre
385 2673 500 2709 gloriam
520 2672 635 2700 Christi.

313 2742 422 2771 IMarc.
446 2750 495 2774 xu,
521 2741 566 2768 50.
604 2741 614 2756 ¹
635 2740 703 2767 Luc.
729 2747 783 2771 χεν,
813 2739 855 2766 Η.

307 2812 346 2849 (i)
363 2813 430 2840 Post
454 2812 526 2849 hanc
544 2810 751 2849 inscriptionem
774 2809 901 2849 sequitur
915 2808 1006 2849 altera
1022 2808 1061 2849 ‘iu

273 2843 347 2875 edito
373 2848 560 2876 llolsteniano,
577 2853 610 2873 ex
631 2843 681 2871 ius.
691 2844 801 2875 codice,
826 2848 856 2870 ut
877 2843 996 2876 videtur,
1013 2843 1062 2870 dc-

275 2888 393 2920 sumpta,
416 2891 476 2918 qua:
494 2883 535 2910 sic
555 2889 584 2908 se
608 2880 692 2907 habet
709 2879 826 2914 :Incipit
840 2878 932 2913 regula
959 2878 987 2906 S.
1005 2878 1062 2905 Ma.

1110 1309 1218 1336 quoque
1245 1309 1279 1327 ne
1305 1304 1427 1327 sectatus
1451 1300 1547 1327 fueris.
1572 1300 1601 1327 In
1622 1300 1724 1336 vigiliis
1743 1301 1899 1334 confectus,

1110 1347 1136 1373 in
1158 1353 1241 1381 opere
1255 1346 1330 1380 justo
1346 1345 1471 1376 affectus,
1486 1345 1632 1372 ambulans
1652 1345 1730 1380 quasi
1746 1346 1902 1374 dormitans

1109 1392 1198 1419 lassus
1208 1391 1240 1418 ad
1257 1396 1372 1418 stratum
1395 1395 1472 1418 tuum
1488 1391 1592 1423 venias,
1607 1395 1635 1418 et
1651 1398 1714 1418 cum
1729 1391 1840 1419 Christo
1853 1400 1900 1419 re-

1109 1438 1252 1473 quiescere
1273 1442 1299 1464 te
1321 1437 1426 1464 credas.
1447 1435 1451 1440 ’

1145 1485 1195 1512 IX.
1216 1484 1390 1518 Cursumque
1410 1483 1568 1510 monasterii
1585 1490 1667 1517 super
1687 1483 1778 1510 omnia
1792 1483 1899 1518 diligas.

1110 1532 1161 1566 Qui
1173 1539 1237 1559 vero
1251 1531 1351 1566 saepius
1366 1539 1446 1557 orare
1460 1530 1590 1562 voluerit,
1603 1530 1761 1557 uberiorem
1779 1530 1903 1558 inveniet

1110 1579 1325 1607 misericordiam
1343 1578 1457 1606 Christi.

1145 1625 1178 1652 Χ.
1200 1624 1387 1658 Matutinoquc
1403 1624 1476 1650 dicto
1493 1624 1529 1651 ita
1547 1624 1756 1651 meditationem
1780 1624 1902 1650 habeant

1111 1670 1209 1698 fratres
1227 1677 1313 1704 usque
1334 1669 1367 1696 ad
1385 1669 1481 1696 horam
1495 1669 1643 1696 secundam
1661 1678 1668 1695 :
1683 1669 1705 1696 si
1725 1674 1814 1696 tamen
1826 1669 1902 1696 nulla

1111 1723 1192 1743 causa
1212 1714 1358 1744 exstiterit.
1375 1722 1427 1748 qua
1442 1722 1556 1742 necesse
1575 1715 1610 1742 sit
1622 1715 1704 1742 etiam
1719 1715 1902 1749 praetermissa

1110 1761 1290 1789 meditatione
1306 1760 1410 1796 aliquid
1436 1761 1493 1788 ﬁeri
1520 1761 1547 1788 in
1566 1768 1723 1788 commune.

1145 1807 1191 1834 XI.
1213 1807 1279 1834 Post
1293 1807 1389 1833 horam
1404 1814 1474 1833 vero
1494 1807 1643 1834 secundam
1663 1807 1852 1841 unusquisque
1867 1806 1900 1833 ad

1111 1859 1182 1886 opus
1204 1859 1284 1878 suum
1309 1856 1421 1886 paratus
1445 1851 1481 1879 sit
1506 1859 1593 1886 usque
1615 1851 1649 1878 ad
1675 1851 1771 1878 horam
1788 1859 1901 1883 nonam,

1112 1901 1142 1924 ut
1165 1897 1299 1932 quidquid
1320 1897 1474 1932 injunctum
1498 1896 1592 1929 fuerit,
1613 1898 1669 1924 sine
1694 1899 1904 1924 murmuratione

1111 1943 1231 1979 perﬁciat
1247 1944 1268 1974 ⁸,
1285 1944 1358 1970 sicut
1376 1943 1444 1970 dicit
1467 1947 1579 1970 sanctus
1602 1943 1759 1977 Apostolus.

1146 1989 1206 2016 Xll.
1225 1989 1255 2016 Si
1280 1988 1343 2024 quis
1363 1993 1455 2016 autem
1481 1989 1705 2021 murmuraverit,
1723 1989 1765 2016 vel
1787 1994 1904 2015 conten-

1111 2034 1198 2062 tiosus
1214 2034 1362 2066 exstiterit,
1378 2038 1426 2061 aut
1442 2033 1565 2061 referens
1579 2035 1606 2060 in
1626 2034 1719 2068 aliquo
1735 2033 1902 2061 contrariam

1111 2080 1280 2107 voluntatem
1302 2081 1461 2115 praeceptis;
1480 2080 1560 2115 digne
1577 2086 1723 2114 correptus
1749 2079 1902 2107 secundum

1111 2126 1257 2153 arbitrium
1268 2125 1386 2153 senioris
1397 2126 1438 2153 vel
1452 2125 1562 2152 modum
1576 2126 1672 2160 culpae,
1697 2125 1790 2152 tandiu
1815 2124 1904 2151 obsti-

1111 2177 1184 2203 neat,
1209 2171 1333 2206 quandiu
1353 2173 1393 2200 vel
1414 2173 1501 2207 culpae
1518 2172 1636 2206 qualitas
1666 2171 1833 2206 poposcerit,
1858 2171 1902 2198 vel

1112 2225 1141 2244 se
1161 2218 1320 2252 pmnitendo
1348 2218 1546 2249 Itumiliaverit,
1576 2218 1618 2245 vel
1642 2217 1904 2249 cmendaveritﬂta

1113 2269 1142 2290 ut
1161 2269 1306 2299 correptus
1323 2273 1377 2292 non
1400 2265 1502 2292 audeat
1517 2272 1632 2299 usquam
1648 2265 1782 2292 recidere.

1146 2309 1215 2336 XIII.
1237 2309 1264 2336 Si
1277 2309 1340 2344 quis
1355 2309 1450 2339 frater.
1464 2310 1506 2336 vel
1522 2309 1568 2344 qui
1584 2309 1611 2335 in
1633 2308 1755 2335 oratorio
1770 2312 1846 2341 sunt,
1858 2309 1902 2335 vel

1111 2354 1158 2389 qui
1178 2362 1228 2389 per
1243 2355 1357 2382 cellulas
1374 2355 1529 2382 consistunt
1540 2375 1547 2386 ,
1565 2354 1725 2389 quicunque
1738 2355 1798 2389 ejus
1813 2355 1904 2381 errori

1111 2399 1293 2432 consenserit,
1317 2400 1462 2434 cuipabilis
1480 2400 1544 2426 erit.

1147 2446 1216 2473 XIV.
1237 2446 1277 2472 Ad
1300 2446 1396 2473 horam
1425 2453 1490 2472 vero
1508 2446 1642 2474 orationis
1661 2446 1726 2472 dato
1749 2445 1827 2479 signo
1849 2453 1904 2472 non

1112 2491 1204 2518 statim
1223 2491 1407 2525 praetermisso
1423 2491 1497 2527 omni
1514 2497 1596 2525 opere
1608 2490 1682 2524 quod
1704 2490 1770 2526 agit,
1792 2496 1905 2525 paratus

1112 2537 1208 2569 fuerit,
1226 2537 1298 2564 foras
1315 2537 1490 2568 excludatur,
1507 2542 1537 2564 ut
1561 2537 1723 2569 erubescat;
1747 2537 1812 2571 quia
1836 2537 1905 2564 nihil

1115 2583 1234 2609 orationi
1250 2586 1466 2617 prmponcmlum
1479 2587 1533 2609 est.

1148 2627 1205 2655 XV.
1227 2627 1345 2662 Operam
1367 2628 1424 2654 Deo
1439 2627 1544 2654 dabunt
1556 2627 1655 2662 singuli
1671 2627 1771 2654 fratres
1781 2631 1906 2662 tempore

1115 2681 1171 2708 quo
1193 2673 1280 2700 Missa:
1303 2674 1329 2700 in
1351 2673 1452 2708 vigiliis
1477 2673 1657 2701 observandis
1687 2673 1767 2706 fiunt,
1794 2673 1906 2708 quando

894 2739 904 2754 ³
926 2739 1012 2767 Eccli.
1039 2748 1075 2767 vu
1096 2760 1103 2774 ,
1127 2739 1170 2767 16.
1210 2741 1221 2756 ⁸
1239 2741 1358 2776 Philipp.
1383 2749 1413 2774 ιι,
1441 2741 1484 2768 fi.

1116 2810 1192 2841 curii,
1208 2811 1252 2845 qui
1269 2810 1358 2836 habuit
1373 2810 1420 2836 sub
1445 2809 1612 2837 ordinatione
1625 2819 1675 2837 sua
1696 2811 1809 2845 quinque
1823 2809 1908 2836 millia

1118 2847 1320 2872 morum/torum.
