2075 3155
176 231 230 263 969

758 226 914 258 REGULA
930 224 981 255 AD
996 223 1219 258 MONACHOS.‘

1752 233 1806 265 970

176 292 273 313 omnes
289 284 476 318 conveniunt,
493 292 528 312 ne
550 284 690 312 deﬁciant.
713 284 877 319 Quicunque
896 283 999 318 ατε-Δ
1013 282 1155 318 fratribus,
1186 284 1263 312 velut
1291 285 1385 321 regula
1419 286 1552 315 continet.
1584 288 1637 321 Qui
1661 294 1807 325 susceptus

175 334 257 356 vatur
270 336 379 362 somno,
396 333 475 356 exeat
490 328 563 356 foras
583 338 589 356 :
607 336 663 356 non
677 335 706 355 se
721 327 821 355 fabulis
837 332 964 363 occupet,

176 375 224 402 sed
237 375 330 402 statim
345 374 440 402 redeat
454 374 488 402 ad
504 382 584 409 opus,
595 382 651 409 quo
668 374 840 401 convenitur.
856 374 885 401 In
901 381 968 401 con-

176 419 333 454 gregatione
345 422 436 445 autem
450 418 508 453 ipsa
524 418 570 445 ubi
586 419 696 453 legitur,
712 426 793 446 aures
807 425 916 453 semper
930 418 965 445 ad

177 465 336 498 Scripturas
357 464 486 496 habeant,
499 469 527 491 et
543 464 683 491 silentium
698 465 855 491 observent.

211 510 280 537 XVI.
302 509 359 537 Hoc
375 510 456 537 etiam
473 510 671 537 attendendum
687 510 750 541 fuit,
773 514 804 537 ut
821 510 905 537 frater
918 511 965 545 qui

176 565 225 591 pro
247 556 370 591 qualibet
385 556 464 591 culpa
480 556 606 591 arguitur
619 557 663 584 vel
675 557 844 592 increpatur,
857 558 966 592 patien-

177 601 241 628 tiam
264 601 374 634 habeat,
389 605 417 629 et
437 609 492 628 non
510 601 676 636 respondeat
692 602 817 636 arguenti
840 609 886 634 se,
915 602 965 630 sed

175 645 302 673 humiliet
333 654 361 674 se
391 647 419 673 in
443 647 591 678 omnibus,
617 647 769 674 secundum
796 651 963 682 prmceptum

175 692 282 719 Domini
298 692 416 720 dicentis
433 701 440 718 :
456 691 524 724 Quia
539 692 606 719 Deus
619 693 761 720 humilibus
777 694 824 720 dat
836 695 962 728 gratiam,

173 739 291 771 superbis
304 742 394 765 autem
406 737 502 765 resistit
516 738 537 766 '.
555 738 589 765 Et
608 748 614 765 :
630 737 681 771 Qui
694 746 722 766 se
739 738 872 771 humiliat,
886 739 963 766 exal-

174 785 274 811 tabilur
294 785 313 810 ⁸.

205 830 286 857 XVII.
304 830 355 862 Qui
365 837 431 857 vero
439 829 540 864 smpius
549 829 708 864 corripitur,
721 834 750 857 et
757 837 813 857 non
827 837 857 857 se
870 837 964 857 emen-

173 876 290 908 daverit,
314 875 480 903 novissimus
499 876 526 902 in
547 875 645 902 ordine
663 879 735 903 stare
754 876 894 910 iubeatur.
909 875 962 908 Qui

173 921 196 948 si
215 929 266 949 nec
289 921 330 948 sic
343 921 454 956 quidem
471 928 500 948 se
516 921 715 953 emendaverit,
741 925 889 948 extraneus
914 921 963 948 ha-

173 967 280 999 beatur,
298 967 370 994 sicut
380 967 514 994 Dominus
531 967 600 994 dixit
619 976 626 994 :
643 966 683 994 Sit
704 967 750 994 tibi
763 968 829 994 sicut
845 967 961 994 ethnicus

175 1017 199 1040 et
212 1013 373 1047 'publicanus
390 1014 412 1040 ⁷.

209 1057 301 1085 XVIII.
321 1058 362 1085 Ad
376 1054 504 1086 'mensam
523 1064 614 1086 autem
635 1059 792 1094 specialiter
811 1059 903 1086 nullus
923 1059 962 1087 lo-

173 1108 284 1138 quatur,
301 1104 353 1131 nisi
369 1104 416 1139 qui
432 1109 530 1139 praeest
542 1105 585 1132 vel
603 1105 651 1139 qui
668 1105 853 1140 interrogatus
869 1105 961 1132 fuerit.

209 1149 280 1177 XIX.
307 1150 404 1178 Nullus
429 1158 458 1178 se
475 1151 502 1178 in
529 1158 577 1178 sua
603 1151 701 1186 peritia
731 1159 820 1186 neque
838 1151 865 1178 in
896 1159 962 1179 voce

172 1197 284 1228 exaltet,
299 1197 347 1224 sed
366 1205 416 1232 per
431 1197 615 1224 humilitatem
638 1201 666 1224 et
683 1197 868 1224 obedientiam
885 1197 962 1224 laete-

174 1246 220 1269 tur
244 1242 271 1268 in
296 1242 423 1270 Domino.

209 1287 267 1314 XX.
289 1287 503 1323 Hospitalitatem
526 1293 656 1315 sectantes
678 1296 727 1323 per
739 1289 831 1315 omnia
848 1289 869 1320 ',
885 1293 914 1316 et
927 1296 962 1316 ne

172 1338 281 1361 avertas
301 1333 422 1365 oculum,
445 1337 494 1360 aut
520 1333 628 1360 inanem
651 1333 774 1360 dimittas
792 1341 961 1368 pauperem;

172 1387 207 1407 ne
229 1379 298 1406 forte
318 1380 450 1406 Dominus
467 1379 494 1406 in
510 1379 618 1414 hospite
639 1385 686 1407 aut
704 1380 733 1407 in
747 1387 868 1414 paupere
884 1379 917 1406 ad
937 1383 962 1406 te

171 1426 273 1457 veniat.
293 1430 321 1453 et
339 1426 431 1453 videat
444 1430 470 1453 te
493 1426 663 1453 haesitantem
680 1434 687 1452 :
708 1430 735 1452 et
755 1425 959 1458 contemnaris;

172 1471 219 1499 sed
245 1473 374 1499 omnibus
389 1472 506 1499 hilarem
531 1476 558 1500 te
576 1472 702 1504 ostende,
721 1476 750 1499 et
766 1471 885 1498 ﬁdeliter
900 1478 960 1506 age.

207 1517 277 1544 XXI.
296 1517 396 1545 Passus
414 1517 540 1552 iniuriam
554 1523 653 1544 taceas.
667 1516 795 1552 Iniuriam
807 1516 896 1543 facere
906 1524 961 1543 non

171 1569 261 1593 nosse,
283 1562 381 1589 factam
406 1569 487 1597 posse
504 1562 631 1589 tolerare.
648 1561 708 1589 Non
724 1567 750 1588 te
771 1561 862 1588 inania
877 1561 961 1588 sedu-

171 1611 234 1635 cant
248 1608 372 1640 consilia,
395 1608 442 1635 sed
469 1608 554 1643 magis
577 1612 602 1635 te
625 1607 781 1641 specialiter
804 1607 831 1634 in
849 1606 991 1648 Christoc

170 1653 312 1680 conﬁrma.
329 1653 388 1680 Non
404 1653 454 1680 tibi
476 1653 594 1680 aestimes
617 1653 687 1680 ullos
709 1653 893 1688 proximiores
909 1660 957 1688 pa-

171 1702 274 1729 rentes,
303 1705 384 1732 quam
402 1697 448 1732 qui
467 1702 558 1725 tecum
575 1702 639 1725 sunt
652 1698 678 1724 in
694 1698 793 1725 cellula
813 1698 922 1724 Iratres.

203 1743 287 1770 XXII.
306 1743 333 1770 Si
353 1743 386 1770 ad
410 1744 564 1771 necessaria
580 1743 747 1778 requirenda
762 1751 777 1770 e
790 1743 958 1770 monasterio

169 1789 228 1817 bini
244 1789 422 1824 egrediantur
437 1790 480 1816 vel
491 1790 561 1816 terni
574 1789 682 1821 fratres,
696 1789 764 1816 tales
779 1788 845 1816 ﬁant
858 1789 959 1823 quibus

167 1834 302 1867 creditur,
317 1835 373 1870 {qui
390 1835 518 1862 timorem
538 1835 586 1862 Dei
605 1835 633 1862 in
655 1842 684 1862 se
701 1834 803 1861 habere
819 1834 956 1866 videntur,

168 1889 223 1908 non
241 1881 287 1916 qui
307 1881 501 1908 verbositatem
522 1885 569 1909 aut
588 1881 678 1916 gulam
698 1885 852 1908 sectantur.
866 1882 958 1907 ’(³.³ιῆ

205 1925 299 1953 XXIII.
320 1926 392 1962 Ergo
407 1927 429 1954 si
447 1926 510 1961 quis
529 1926 563 1954 de
581 1926 682 1954 saecqu
706 1925 740 1953 ad
760 1925 958 1953 monasterium

167 1973 290 2000 converti
305 1973 435 2006 voluerit,
453 1972 548 2007 regula
569 1972 594 1999 ei
611 1971 764 1999 introeunti
786 1971 903 2006 legatur,
931 1974 960 1998 et

168 2026 264 2046 omnes
283 2023 360 2046 actus
374 2018 534 2046 monasterii
552 2017 592 2044 illi
602 2017 743 2052 pateﬁant.
758 2016 810 2050 Qui
825 2017 848 2045 si
865 2016 959 2044 omnia

168 2068 231 2099 apte
252 2065 426 2098 sustinuerit,
449 2064 489 2092 sic
505 2064 586 2099 dignc
602 2071 618 2091 a
637 2063 771 2091 fratribus
787 2063 956 2099 suscipiatur

167 2109 195 2136 in
211 2110 388 2137 monasterio.

202 2155 296 2183 XXIV.
318 2156 385 2183 Nam
397 2155 420 2183 si
434 2155 554 2190 aliquam
571 2155 600 2182 in
613 2155 712 2183 cellula
721 2154 839 2182 voluerit
854 2154 955 2182 inferre

1015 328 1110 362 fuerit,
1125 337 1181 357 non
1197 330 1285 358 solum
1300 330 1335 358 de
1355 331 1509 360 substantia
1525 340 1608 368 quam
1632 333 1736 368 intulit,
1755 336 1806 365 sed

1015 375 1098 402 etiam
1112 383 1164 403 nec
1187 375 1221 403 de
1240 383 1270 403 se
1283 376 1343 411 ipso
1361 376 1395 404 ab
1418 377 1464 404 illa
1478 378 1615 413 iudicabit
1636 379 1716 406 hora.
1737 380 1806 407 Nam

1015 421 1038 449 si
1055 421 1157 456 aliquid
1182 422 1259 456 prius
1277 423 1401 457 erogavit
1421 424 1599 458 pauperibus,
1617 429 1665 452 aut
1690 426 1806 453 veniens

1015 468 1044 494 in
1055 468 1180 495 cellulam
1191 468 1294 503 aliquid
1312 468 1405 495 intulit
1419 469 1560 502 fratribus,
1578 470 1631 505 ipsi
1647 475 1737 498 tamen
1749 479 1805 499 non

1014 518 1055 540 est
1071 513 1187 546 licitum,
1208 519 1239 541 ιιι
1257 514 1359 549 aliquid
1375 515 1476 542 habeat
1491 513 1517 542 in
1534 523 1582 542 sua
1603 521 1751 550 potestate.

1051 558 1133 586 XXV.
1154 559 1187 586 Et
1204 559 1226 586 si
1240 567 1273 586 ex
1290 560 1415 594 qualibet
1430 568 1512 587 causa
1533 561 1653 588 scandali
1667 565 1728 595 post
1748 566 1805 589 ter-

1015 603 1084 630 tium
1107 602 1179 630 diem
1200 603 1263 631 inde
1278 604 1355 631 exire
1370 604 1498 636 voluerit,
1514 604 1584 631 nihil
1605 605 1716 639 penitus
1730 606 1804 633 acci-

1014 647 1082 682 piat.
1106 647 1158 675 nisi
1178 648 1205 675 in
1224 652 1300 676 veste
1320 657 1374 683 qua
1395 649 1482 676 venit.
1496 649 1574 682 Quod
1590 650 1611 677 si
1633 658 1698 677 casu
1714 655 1804 678 trans-

1014 693 1088 728 ierit,
1111 694 1203 722 nullus
1224 694 1373 722 hieredium
1390 696 1428 729 (2)
1439 697 1499 731 ejus
1513 697 1591 724 adire
1602 697 1712 724 debeat.
1724 697 1804 730 Quod

1013 739 1036 766 si
1062 739 1212 774 impulsare
1233 741 1271 776 (3)
1294 742 1428 774 voluerit,
1461 743 1554 777 regula
1577 743 1602 770 ei
1632 743 1749 778 legatur,
1775 747 1804 770 et

1013 783 1198 811 confundatur
1212 786 1339 820 turpiter,
1353 791 1382 813 et
1397 786 1521 814 discedat
1534 787 1665 815 confusus
1677 797 1684 814 :
1697 788 1762 822 quia
1774 792 1804 815 et

1013 828 1052 854 illi
1071 836 1086 855 a
1102 836 1157 863 quo
1176 830 1288 864 repetit,
1314 830 1404 858 fuerat
1429 832 1554 859 recitata.

1049 872 1144 900 XXVI.
1164 873 1236 909 Ergo
1257 883 1291 902 ex
1314 875 1437 910 qualibet
1456 884 1536 904 causa
1557 877 1620 911 quis
1646 877 1804 912 peccaverit

1013 917 1107 951 frater,
1123 919 1157 946 ab
1173 920 1298 947 oratione
1310 922 1507 956 suspendatur,
1520 926 1549 949 et
1558 922 1670 958 jejuniis
1687 923 1803 950 distrin-

1013 968 1103 999 gatur.
1116 964 1194 997 Quod
1212 965 1233 992 si
1250 973 1341 992 coram
1355 967 1484 994 omnibus
1501 967 1634 995 fratribus
1648 972 1804 1003 prostratus

1012 1009 1120 1036 veniam
1141 1010 1334 1044 postulaverit,
1353 1011 1508 1039 dimittatur
1522 1012 1571 1039 illi.

1048 1055 1155 1083 XXVII.
1176 1056 1244 1084 Nam
1259 1057 1280 1084 si
1308 1057 1335 1083 in
1354 1065 1403 1084 sua
1418 1058 1537 1085 voluerit
1555 1066 1734 1094 perseverare
1752 1067 1804 1087 ne-

1012 1100 1098 1135 quitia
1116 1105 1144 1128 et
1161 1102 1300 1136 superbia,
1324 1106 1352 1130 et
1365 1103 1440 1130 dicat
1456 1112 1462 1130 :
1483 1103 1533 1131 Hic
1554 1112 1606 1139 ego
1629 1104 1731 1132 durare
1746 1112 1802 1132 non

1011 1154 1135 1182 possum,
1151 1148 1199 1175 sed
1226 1148 1358 1183 accipiam
1380 1150 1500 1176 casulam
1518 1158 1617 1182 meam,
1633 1155 1661 1178 et
1681 1158 1741 1178 eam
1754 1151 1802 1178 ubi

1011 1192 1130 1220 voluerit
1150 1193 1282 1221 Dominus
1298 1203 1303 1221 :
1324 1195 1450 1230 quisquis
1465 1195 1500 1223 de
1520 1190 1653 1224 fratribus
1668 1205 1730 1224 eum
1747 1197 1802 1224 hoc

1011 1237 1113 1264 dixisse
1130 1238 1206 1272 prius
1222 1239 1352 1270 audierit,
1382 1239 1482 1267 referat
1504 1241 1661 1276 praeposito,
1685 1246 1713 1269 et
1730 1249 1801 1276 prae-

1011 1283 1117 1317 positus
1143 1283 1246 1310 abbati.
1275 1284 1367 1312 Abbas
1390 1293 1484 1312 coram
1510 1286 1640 1314 omnibus
1666 1286 1800 1315 fratribus

1011 1330 1140 1362 resideat,
1152 1335 1178 1358 et
1191 1338 1253 1357 eum
1264 1331 1390 1359 exhiberi
1399 1333 1507 1368 jubeat,
1519 1338 1547 1360 et
1555 1334 1638 1369 virgis
1652 1338 1798 1369 purgetur:

1010 1380 1038 1402 et
1059 1376 1147 1403 oratio
1174 1376 1231 1407 Iiat,
1246 1382 1273 1404 et
1292 1377 1332 1404 sic
1345 1377 1378 1404 ad
1397 1378 1620 1406 communionem
1640 1379 1799 1414 recipiatur.

1010 1420 1046 1448 Ut
1062 1421 1085 1448 si
1105 1421 1168 1456 quis
1193 1429 1259 1449 sane
1283 1430 1339 1450 non
1361 1423 1525 1451 emendatur
1548 1423 1686 1458 doctrina,
1715 1425 1801 1460 virgis

1010 1471 1154 1502 purgetur.

1047 1513 1164 1541 XXVI-II.
1185 1513 1263 1547 Quod
1278 1515 1300 1542 si
1318 1522 1382 1543 casu
1402 1516 1464 1550 quis
1481 1515 1566 1544 frater
1580 1516 1614 1544 de
1632 1516 1800 1544 monasterio

1009 1558 1084 1585 exire
1109 1558 1240 1591 voluerit,
1258 1559 1327 1586 nihil
1349 1560 1464 1595 penitus
1484 1561 1614 1596 accipiat,
1635 1561 1689 1588 nisi
1707 1561 1735 1588 in
1751 1569 1800 1589 no-

1011 1604 1146 1632 tatissimo
1169 1604 1207 1640 (4)
1232 1605 1408 1638 vestimento,
1430 1610 1458 1633 et
1480 1612 1556 1634 extra
1577 1608 1800 1635 communionem

1009 1649 1127 1678 inﬁdelis
1146 1651 1279 1679 discedat.
1295 1651 1362 1679 Nam
1380 1652 1467 1686 quieti
1483 1657 1511 1679 et
1536 1653 1644 1688 paciﬁci
1660 1654 1800 1681 excelsum

1007 1695 1141 1731 diripiunt
1163 1705 1276 1732 regnum
1289 1698 1311 1730 ’,
1325 1702 1352 1725 et
1367 1698 1416 1726 ﬁlii
1440 1704 1636 1734 computantur
1652 1699 1798 1732 Altissimi,

1006 1745 1034 1768 et
1055 1742 1188 1776 pretiosas
1204 1743 1415 1778 splendidasque
1431 1744 1566 1779 accipient
1585 1752 1724 1777 coronas;
1749 1745 1799 1772 ﬁlii

1006 1792 1098 1814 autem
1119 1788 1300 1816 tenebrarum
1328 1789 1356 1816 in
1375 1790 1513 1817 exteriora
1541 1790 1622 1817 ibunt
1648 1794 1798 1819 tormenta.

1007 1832 1093 1868 Super
1109 1842 1186 1868 quem
1207 1834 1379 1869 requiescam,
1408 1836 1470 1862 dicit
1494 1836 1632 1867 Dominus,
1653 1837 1706 1864 nisi
1720 1845 1799 1872 super

1007 1879 1144 1910 humilem,
1156 1884 1180 1906 et
1191 1880 1320 1914 quietum,
1331 1885 1356 1907 et
1370 1885 1521 1908 trementem
1533 1889 1664 1908 sermones
1675 1890 1745 1910 meos
1754 1883 1775 1898 “’
1786 1883 1798 1909 ?

1042 1924 1138 1952 XXIX.
1157 1925 1260 1958 Quarta
1284 1930 1312 1953 et
1335 1931 1410 1954 sexta
1435 1926 1504 1954 feria
1519 1927 1565 1960 qui
1582 1926 1742 1962 infrangunt
1756 1928 1798 1963 je-

1005 1971 1126 2006 junium,
1144 1971 1221 1999 Judas
1234 1971 1405 1999 aestimantur
1426 1971 1575 2007 participes
1592 1972 1640 2006 qui
1655 1971 1796 2000 Christum

1009 2017 1134 2045 tradidit.

1042 2063 1127 2090 XXX.
1147 2063 1216 2091 Illud
1242 2063 1325 2092 etiam
1354 2064 1552 2092 attendendum
1577 2064 1640 2098 fuit,
1663 2069 1695 2092 ut
1721 2065 1794 2092 intra

1008 2109 1206 2137 monasterium
1224 2109 1371 2137 artiﬁcium
1394 2117 1448 2137 non
1464 2110 1547 2138 faciat
1563 2110 1648 2143 ullus,
1668 2110 1722 2138 nisi
1751 2110 1797 2138 ille

1008 2156 1087 2190 cujus
1102 2155 1170 2182 ﬁdes
1186 2155 1300 2190 probata
1325 2155 1420 2188 fuerit,
1438 2156 1484 2191 qui
1497 2156 1531 2183 ad
1547 2156 1693 2184 utilitatem
1706 2161 1734 2184 et
1745 2164 1796 2184 ne-

167 2201 359 2233 substantiam,
384 2201 412 2228 in
437 2209 532 2229 mensa
566 2205 686 2236 ponatur
708 2208 801 2228 coram
826 2200 955 2228 omnibus
968 2202 1165 2240 Deessitatem
1188 2202 1349 2230 monasterii
1370 2202 1453 2230 faciat
1473 2202 1546 2238 quod
1573 2203 1675 2238 poterit
1694 2202 1796 2230 facere.

201 2275 280 2326 “iac.
298 2294 333 2318 IV,
355 2285 382 2313 6.
421 2288 431 2302 ⁸
448 2287 545 2314 Matth.
564 2294 641 2320 nni,
659 2289 702 2316 12.
738 2288 750 2304 ⁷
772 2289 868 2319 Matth.
894 2299 961 2319 xvm

1014 2291 1041 2319 'l.
1078 2292 1089 2307 ⁸
1108 2291 1187 2319 Rom.
1207 2300 1263 2324 xu,
1292 2292 1333 2319 I5.
1371 2292 1382 2308 '
1405 2292 1501 2320 Matth.
1524 2300 1552 2326 ν,
1591 2293 1618 2325 4,
1633 2292 1661 2320 9.
1701 2291 1723 2308 "
1740 2292 1794 2320 Isa.

166 2328 219 2354 Lvt,
237 2321 265 2348 2.

167 2446 174 2452 θ
211 2413 249 2475 (Ξ)
273 2413 432 2441 Ha'rellium.
446 2413 519 2455 Idem
533 2421 566 2441 ac
587 2415 726 2449 prmium.
743 2415 812 2443 Vide
824 2414 956 2451 Cangium

167 2455 195 2475 In
246 2447 340 2475 lossar.
358 2457 384 2475 v.
407 2449 566 2475 Ilaredmm.

167 2447 195 2475 in
217 2447 340 2479 'Glossar,
358 2457 384 2475 v.
407 2449 566 2476 llaretlium.

204 2483 243 2517 (ὅ)
260 2483 420 2518 lmpulsare.
437 2484 571 2511 Excitare.
589 2484 669 2518 Apud
688 2485 850 2513 Marculfum
873 2485 922 2513 lib.
938 2494 954 2513 II

166 2517 254 2545 Form.
272 2517 316 2550 52,
333 2527 365 2545 cx
380 2519 495 2553 epistola
507 2517 622 2546 Henrici
636 2519 666 2552 V,
681 2520 790 2547 abbatis
814 2521 957 2548 Fuldensis

165 2553 199 2580 ad
215 2553 284 2582 alios
298 2553 412 2582 abbates
422 2553 534 2582 Ordinis
551 2554 580 2582 S.
596 2554 738 2583 Benedicti
755 2556 884 2584 :Abbater
895 2556 955 2591 qui-

1006 2417 1068 2443 dam
1078 2417 1177 2442 ordinis
1192 2418 1275 2443 nostri
1292 2424 1396 2443 nos.....
1411 2417 1592 2452 multipliciter
1602 2417 1793 2453 impulsarunt.

1007 2456 1170 2489 quatenus...
1186 2459 1320 2489 assumere
1333 2460 1497 2489 curat-emus,
1512 2458 1566 2480 etc.
1585 2452 1645 2480 Vid.
1661 2452 1794 2489 Cangium

1007 2486 1036 2513 in
1053 2486 1171 2514 Glossar.
1195 2495 1221 2513 v.
1248 2486 1406 2521 Impulsare.

1046 2522 1084 2556 (4)
1098 2521 1269 2548 Notatissimo
1283 2527 1346 2549 aest.
1362 2522 1429 2550 Vide
1441 2522 1511 2550 infra
1527 2530 1587 2557 quae
1600 2523 1792 2553 adnotavimus

1009 2556 1044 2584 ad
1064 2563 1125 2592 cap.
1149 2557 1193 2589 I0,
1212 2557 1313 2592 regulae
1332 2565 1362 2584 Ill
1387 2557 1499 2585 Patrum
1522 2556 1556 2586 ad
1569 2559 1728 2587 monachos.

207 2721 314 2752 Sancti
329 2722 458 2766 Macarii
472 2722 744 2766 Apophthegmata
761 2745 776 2766 ._
797 2733 918 2755 necnon
941 2730 1091 2766 excerpta
1106 2726 1187 2757 varia
1199 2735 1219 2766 si
1241 2731 1348 2766 sancto
1372 2726 1526 2766 Macario,
1546 2735 1716 2757 sermonem
1748 2728 1788 2759 de

166 2760 301 2791 Excessu
320 2760 575 2805 _Jn§t_orum;_efc.
590 2760 813 2805 _e‘t;Epi§tol_a_s
831 2772 898 2804 qua:
918 2760 1090 2804 sequuniur
1104 2767 1138 2797 in
1170 2764 1305 2795 editione
1321 2760 1544 2802 Gallandiarta,
1557 2766 1627 2805 jam
1648 2767 1788 2799 dedimus

165 2808 261 2839 supra
280 2800 338 2830 col.
352 2800 494 2838 235-265,
511 2800 657 2839 385-392,
675 2800 816 2833 406-447.
