  <div class='ocr_page' id='page_1' title='image "/cluster/home/n/w/nwhite01/storage/ocr_20150623/34/njp.32101077772547/521.png"; bbox 0 0 2075 3155; ppageno 0'>
   <div class='ocr_carea' id='block_1_1' title="bbox 280 188 330 222">
    <p class='ocr_par' dir='ltr' id='par_1_1' title="bbox 280 188 330 222">
     <span class='ocr_line' id='line_1_1' title="bbox 280 188 330 222; baseline -0.02 0"><span class='ocrx_word' id='word_1_1' title='bbox 280 188 330 222; x_wconf 76' lang='grc' dir='ltr'>ιηι</span> 
     </span>
    </p>
   </div>
   <div class='ocr_carea' id='block_1_2' title="bbox 285 251 1822 266">
    <p class='ocr_par' dir='ltr' id='par_1_2' title="bbox 285 251 1822 266">
     <span class='ocr_line' id='line_1_2' title="bbox 285 251 1822 266; baseline -0.004 -3"><span class='ocrx_word' id='word_1_2' title='bbox 285 251 1822 266; x_wconf 56' lang='lat' dir='ltr'><strong>—.—_—__i_——.—._—————_—————————</strong></span> 
     </span>
    </p>
   </div>
   <div class='ocr_carea' id='block_1_3' title="bbox 753 170 1403 220">
    <p class='ocr_par' dir='ltr' id='par_1_3' title="bbox 753 170 1403 220">
     <span class='ocr_line' id='line_1_3' title="bbox 753 170 1403 220; baseline -0.002 0"><span class='ocrx_word' id='word_1_3' title='bbox 753 190 804 220; x_wconf 91' lang='lat' dir='ltr'><strong>SS.</strong></span> <span class='ocrx_word' id='word_1_4' title='bbox 825 188 1085 220; x_wconf 79' lang='lat' dir='ltr'><strong>MACARIORUM</strong></span> <span class='ocrx_word' id='word_1_5' title='bbox 1104 188 1151 218; x_wconf 88' lang='grc' dir='ltr'><strong>ΕΤ</strong></span> <span class='ocrx_word' id='word_1_6' title='bbox 1172 170 1403 220; x_wconf 33' lang='grc' dir='ltr'><strong>ΡΑΡΗΝυΤΙΙ..</strong></span> 
     </span>
    </p>
   </div>
   <div class='ocr_carea' id='block_1_4' title="bbox 1860 187 1922 218">
    <p class='ocr_par' dir='ltr' id='par_1_4' title="bbox 1860 187 1922 218">
     <span class='ocr_line' id='line_1_4' title="bbox 1860 187 1922 218; baseline 0 0"><span class='ocrx_word' id='word_1_7' title='bbox 1860 187 1922 218; x_wconf 78' lang='lat'><strong>972</strong></span> 
     </span>
    </p>
   </div>
   <div class='ocr_carea' id='block_1_5' title="bbox 639 335 1540 411">
    <p class='ocr_par' dir='ltr' id='par_1_5' title="bbox 639 335 1540 411">
     <span class='ocr_line' id='line_1_5' title="bbox 639 335 1540 411; baseline -0.002 -17"><span class='ocrx_word' id='word_1_8' title='bbox 639 337 698 394; x_wconf 92' lang='lat' dir='ltr'><strong>S.</strong></span> <span class='ocrx_word' id='word_1_9' title='bbox 735 335 1177 411; x_wconf 78' lang='lat' dir='ltr'><strong>SERAPIONIS,</strong></span> <span class='ocrx_word' id='word_1_10' title='bbox 1216 335 1540 406; x_wconf 81' lang='lat' dir='ltr'><strong>MACARII,</strong></span> 
     </span>
    </p>
   </div>
   <div class='ocr_carea' id='block_1_6' title="bbox 536 446 1654 507">
    <p class='ocr_par' dir='ltr' id='par_1_6' title="bbox 536 446 1654 507">
     <span class='ocr_line' id='line_1_6' title="bbox 536 446 1654 507; baseline -0.009 1"><span class='ocrx_word' id='word_1_11' title='bbox 536 460 869 507; x_wconf 86' lang='lat' dir='ltr'><strong>PAPHNUTII</strong></span> <span class='ocrx_word' id='word_1_12' title='bbox 909 458 984 503; x_wconf 89' lang='lat' dir='ltr'><strong>ET</strong></span> <span class='ocrx_word' id='word_1_13' title='bbox 1017 457 1313 503; x_wconf 82' lang='lat' dir='ltr'><strong>ALTEBIUS</strong></span> <span class='ocrx_word' id='word_1_14' title='bbox 1348 455 1592 501; x_wconf 79' lang='lat' dir='ltr'><strong>MACABII</strong></span> <span class='ocrx_word' id='word_1_15' title='bbox 1614 446 1654 481; x_wconf 75' lang='grc' dir='ltr'><strong>(ί)</strong></span> 
     </span>
    </p>
   </div>
   <div class='ocr_carea' id='block_1_7' title="bbox 607 565 1565 634">
    <p class='ocr_par' dir='ltr' id='par_1_7' title="bbox 607 565 1565 634">
     <span class='ocr_line' id='line_1_7' title="bbox 607 565 1565 634; baseline -0.004 -1"><span class='ocrx_word' id='word_1_16' title='bbox 607 569 930 634; x_wconf 79' lang='lat' dir='ltr'><strong>BEGULA</strong></span> <span class='ocrx_word' id='word_1_17' title='bbox 969 567 1072 631; x_wconf 88' lang='lat' dir='ltr'><strong>AD</strong></span> <span class='ocrx_word' id='word_1_18' title='bbox 1111 565 1565 632; x_wconf 86' lang='lat' dir='ltr'><strong>MONACHOS.</strong></span> 
     </span>
    </p>
   </div>
   <div class='ocr_carea' id='block_1_8' title="bbox 587 765 736 795">
    <p class='ocr_par' dir='ltr' id='par_1_8' title="bbox 587 765 736 795">
     <span class='ocr_line' id='line_1_8' title="bbox 587 765 736 795; baseline -0.007 -2"><span class='ocrx_word' id='word_1_19' title='bbox 587 765 699 795; x_wconf 81' lang='lat' dir='ltr'><strong>CAPUT</strong></span> <span class='ocrx_word' id='word_1_20' title='bbox 716 765 736 793; x_wconf 89' lang='grc'><strong>1.</strong></span> 
     </span>
    </p>
   </div>
   <div class='ocr_carea' id='block_1_9' title="bbox 595 811 734 847">
    <p class='ocr_par' dir='ltr' id='par_1_9' title="bbox 595 811 734 847">
     <span class='ocr_line' id='line_1_9' title="bbox 595 811 734 847; baseline 0.007 -8"><span class='ocrx_word' id='word_1_21' title='bbox 595 811 734 847; x_wconf 72' lang='lat' dir='ltr'><strong>Prwfatio.</strong></span> 
     </span>
    </p>
   </div>
   <div class='ocr_carea' id='block_1_10' title="bbox 318 856 1072 893">
    <p class='ocr_par' dir='ltr' id='par_1_10' title="bbox 318 856 1072 893">
     <span class='ocr_line' id='line_1_10' title="bbox 318 856 1072 893; baseline 0 -8"><span class='ocrx_word' id='word_1_22' title='bbox 318 856 493 893; x_wconf 63' lang='grc'><strong>223-243</strong></span> <span class='ocrx_word' id='word_1_23' title='bbox 519 857 685 885; x_wconf 90' lang='lat' dir='ltr'><strong>Sedentibus</strong></span> <span class='ocrx_word' id='word_1_24' title='bbox 702 858 739 892; x_wconf 75' lang='lat'><strong>(2)</strong></span> <span class='ocrx_word' id='word_1_25' title='bbox 757 858 837 885; x_wconf 88' lang='lat' dir='ltr'><strong>nobis</strong></span> <span class='ocrx_word' id='word_1_26' title='bbox 850 858 877 885; x_wconf 91' lang='lat' dir='ltr'><strong>in</strong></span> <span class='ocrx_word' id='word_1_27' title='bbox 898 865 983 885; x_wconf 91' lang='lat' dir='ltr'><strong>unum</strong></span> <span class='ocrx_word' id='word_1_28' title='bbox 1008 865 1072 885; x_wconf 81' lang='lat' dir='ltr'><strong>con-</strong></span> 
     </span>
    </p>
   </div>
   <div class='ocr_carea' id='block_1_11' title="bbox 283 899 1065 934">
    <p class='ocr_par' dir='ltr' id='par_1_11' title="bbox 283 899 1065 934">
     <span class='ocr_line' id='line_1_11' title="bbox 283 899 1065 934; baseline -0.001 -7"><span class='ocrx_word' id='word_1_29' title='bbox 283 900 345 927; x_wconf 91' lang='lat' dir='ltr'><strong>silio</strong></span> <span class='ocrx_word' id='word_1_30' title='bbox 360 899 552 930; x_wconf 89' lang='lat' dir='ltr'><strong>saluberrimo,</strong></span> <span class='ocrx_word' id='word_1_31' title='bbox 576 906 638 926; x_wconf 92' lang='lat' dir='ltr'><strong>cum</strong></span> <span class='ocrx_word' id='word_1_32' title='bbox 659 907 741 934; x_wconf 88' lang='lat' dir='ltr'><strong>prece</strong></span> <span class='ocrx_word' id='word_1_33' title='bbox 769 899 914 926; x_wconf 88' lang='lat' dir='ltr'><strong>Dominum</strong></span> <span class='ocrx_word' id='word_1_34' title='bbox 940 904 1065 926; x_wconf 89' lang='lat' dir='ltr'><strong>nostrum</strong></span> 
     </span>
    </p>
   </div>
   <div class='ocr_carea' id='block_1_12' title="bbox 284 944 1070 980">
    <p class='ocr_par' dir='ltr' id='par_1_12' title="bbox 284 944 1070 980">
     <span class='ocr_line' id='line_1_12' title="bbox 284 944 1070 980; baseline 0 -8"><span class='ocrx_word' id='word_1_35' title='bbox 284 947 452 980; x_wconf 77' lang='lat' dir='ltr'><strong>rogavimus,</strong></span> <span class='ocrx_word' id='word_1_36' title='bbox 462 948 492 971; x_wconf 91' lang='lat' dir='ltr'><strong>ut</strong></span> <span class='ocrx_word' id='word_1_37' title='bbox 509 944 587 971; x_wconf 90' lang='lat' dir='ltr'><strong>nobis</strong></span> <span class='ocrx_word' id='word_1_38' title='bbox 596 944 776 972; x_wconf 90' lang='lat' dir='ltr'><strong>distribueret</strong></span> <span class='ocrx_word' id='word_1_39' title='bbox 790 944 923 980; x_wconf 75' lang='lat' dir='ltr'><strong>Spiritum</strong></span> <span class='ocrx_word' id='word_1_40' title='bbox 935 949 1070 977; x_wconf 87' lang='lat' dir='ltr'><strong>sanctum,</strong></span> 
     </span>
    </p>
   </div>
   <div class='ocr_carea' id='block_1_13' title="bbox 286 990 1072 1025">
    <p class='ocr_par' dir='ltr' id='par_1_13' title="bbox 286 990 1072 1025">
     <span class='ocr_line' id='line_1_13' title="bbox 286 990 1072 1025; baseline 0.004 -9"><span class='ocrx_word' id='word_1_41' title='bbox 286 990 333 1025; x_wconf 87' lang='lat' dir='ltr'><strong>qui</strong></span> <span class='ocrx_word' id='word_1_42' title='bbox 350 997 402 1017; x_wconf 90' lang='lat' dir='ltr'><strong>nos</strong></span> <span class='ocrx_word' id='word_1_43' title='bbox 423 990 584 1022; x_wconf 88' lang='lat' dir='ltr'><strong>instrueret,</strong></span> <span class='ocrx_word' id='word_1_44' title='bbox 600 990 720 1025; x_wconf 72' lang='lat' dir='ltr'><strong>qualiter</strong></span> <span class='ocrx_word' id='word_1_45' title='bbox 745 990 861 1018; x_wconf 79' lang='lat' dir='ltr'><strong>fratrum</strong></span> <span class='ocrx_word' id='word_1_46' title='bbox 883 992 1072 1019; x_wconf 85' lang='lat' dir='ltr'><strong>conversatio-</strong></span> 
     </span>
    </p>
   </div>
   <div class='ocr_carea' id='block_1_14' title="bbox 283 1035 916 1070">
    <p class='ocr_par' dir='ltr' id='par_1_14' title="bbox 283 1035 916 1070">
     <span class='ocr_line' id='line_1_14' title="bbox 283 1035 916 1070; baseline 0 -8"><span class='ocrx_word' id='word_1_47' title='bbox 283 1042 345 1062; x_wconf 87' lang='lat' dir='ltr'><strong>nem</strong></span> <span class='ocrx_word' id='word_1_48' title='bbox 357 1035 400 1062; x_wconf 81' lang='lat' dir='ltr'><strong>vel</strong></span> <span class='ocrx_word' id='word_1_49' title='bbox 417 1035 538 1070; x_wconf 81' lang='lat' dir='ltr'><strong>regulam</strong></span> <span class='ocrx_word' id='word_1_50' title='bbox 552 1035 614 1062; x_wconf 68' lang='lat' dir='ltr'><strong>vita:</strong></span> <span class='ocrx_word' id='word_1_51' title='bbox 629 1035 757 1062; x_wconf 89' lang='lat' dir='ltr'><strong>ordinare</strong></span> <span class='ocrx_word' id='word_1_52' title='bbox 769 1036 916 1070; x_wconf 83' lang='lat' dir='ltr'><strong>possimus.</strong></span> 
     </span>
    </p>
   </div>
   <div class='ocr_carea' id='block_1_15' title="bbox 593 1091 762 1120">
    <p class='ocr_par' dir='ltr' id='par_1_15' title="bbox 593 1091 762 1120">
     <span class='ocr_line' id='line_1_15' title="bbox 593 1091 762 1120; baseline -0.006 -1"><span class='ocrx_word' id='word_1_53' title='bbox 593 1091 706 1120; x_wconf 83' lang='lat' dir='ltr'><strong>CAPUT</strong></span> <span class='ocrx_word' id='word_1_54' title='bbox 728 1091 762 1119; x_wconf 87' lang='lat' dir='ltr'><strong>ll.</strong></span> 
     </span>
    </p>
   </div>
   <div class='ocr_carea' id='block_1_16' title="bbox 405 1137 948 1174">
    <p class='ocr_par' dir='ltr' id='par_1_16' title="bbox 405 1137 948 1174">
     <span class='ocr_line' id='line_1_16' title="bbox 405 1137 948 1174; baseline 0.002 -9"><span class='ocrx_word' id='word_1_55' title='bbox 405 1137 445 1165; x_wconf 86' lang='lat' dir='ltr'><strong>De</strong></span> <span class='ocrx_word' id='word_1_56' title='bbox 456 1139 543 1173; x_wconf 87' lang='lat' dir='ltr'><strong>prima</strong></span> <span class='ocrx_word' id='word_1_57' title='bbox 554 1139 740 1174; x_wconf 72' lang='lat' dir='ltr'><strong>conjugalionc</strong></span> <span class='ocrx_word' id='word_1_58' title='bbox 748 1140 948 1167; x_wconf 74' lang='lat' dir='ltr'><strong>ctenobitarum.</strong></span> 
     </span>
    </p>
   </div>
   <div class='ocr_carea' id='block_1_17' title="bbox 568 1173 793 1209">
    <p class='ocr_par' dir='ltr' id='par_1_17' title="bbox 568 1173 793 1209">
     <span class='ocr_line' id='line_1_17' title="bbox 568 1173 793 1209; baseline 0.009 -9"><span class='ocrx_word' id='word_1_59' title='bbox 568 1173 697 1209; x_wconf 81' lang='lat' dir='ltr'><strong>Serapion</strong></span> <span class='ocrx_word' id='word_1_60' title='bbox 714 1175 793 1202; x_wconf 66' lang='lat' dir='ltr'><strong>dixit.</strong></span> 
     </span>
    </p>
   </div>
   <div class='ocr_carea' id='block_1_18' title="bbox 319 1217 1074 1256">
    <p class='ocr_par' dir='ltr' id='par_1_18' title="bbox 319 1217 1074 1256">
     <span class='ocr_line' id='line_1_18' title="bbox 319 1217 1074 1256; baseline 0.004 -10"><span class='ocrx_word' id='word_1_61' title='bbox 319 1217 453 1252; x_wconf 83' lang='lat' dir='ltr'><strong>Quoniam</strong></span> <span class='ocrx_word' id='word_1_62' title='bbox 471 1219 650 1246; x_wconf 75' lang='lat' dir='ltr'><strong>misericordia</strong></span> <span class='ocrx_word' id='word_1_63' title='bbox 667 1219 775 1248; x_wconf 89' lang='lat' dir='ltr'><strong>Domini</strong></span> <span class='ocrx_word' id='word_1_64' title='bbox 793 1219 873 1256; x_wconf 85' lang='lat' dir='ltr'><strong>plena</strong></span> <span class='ocrx_word' id='word_1_65' title='bbox 890 1225 927 1248; x_wconf 86' lang='lat' dir='ltr'><strong>est</strong></span> <span class='ocrx_word' id='word_1_66' title='bbox 942 1221 1030 1248; x_wconf 86' lang='lat' dir='ltr'><strong>terra‘</strong></span> <span class='ocrx_word' id='word_1_67' title='bbox 1046 1224 1074 1249; x_wconf 80' lang='lat' dir='ltr'><strong>et</strong></span> 
     </span>
    </p>
   </div>
   <div class='ocr_carea' id='block_1_19' title="bbox 284 1263 1074 1300">
    <p class='ocr_par' dir='ltr' id='par_1_19' title="bbox 284 1263 1074 1300">
     <span class='ocr_line' id='line_1_19' title="bbox 284 1263 1074 1300; baseline 0.004 -10"><span class='ocrx_word' id='word_1_68' title='bbox 284 1264 435 1291; x_wconf 87' lang='lat' dir='ltr'><strong>multorum</strong></span> <span class='ocrx_word' id='word_1_69' title='bbox 452 1263 488 1299; x_wconf 78' lang='lat'>(3)</span> <span class='ocrx_word' id='word_1_70' title='bbox 505 1265 614 1300; x_wconf 78' lang='lat' dir='ltr'><strong>agmina</strong></span> <span class='ocrx_word' id='word_1_71' title='bbox 631 1264 665 1292; x_wconf 87' lang='lat' dir='ltr'><strong>nd</strong></span> <span class='ocrx_word' id='word_1_72' title='bbox 682 1265 744 1293; x_wconf 69' lang='lat' dir='ltr'><strong>vitae</strong></span> <span class='ocrx_word' id='word_1_73' title='bbox 754 1265 892 1300; x_wconf 76' lang='lat' dir='ltr'><strong>fastigium</strong></span> <span class='ocrx_word' id='word_1_74' title='bbox 907 1266 1032 1298; x_wconf 79' lang='lat' dir='ltr'><strong>tendunt,</strong></span> <span class='ocrx_word' id='word_1_75' title='bbox 1046 1271 1074 1294; x_wconf 91' lang='lat' dir='ltr'><strong>et</strong></span> 
     </span>
    </p>
   </div>
   <div class='ocr_carea' id='block_1_20' title="bbox 286 1310 1073 1344">
    <p class='ocr_par' dir='ltr' id='par_1_20' title="bbox 286 1310 1073 1344">
     <span class='ocr_line' id='line_1_20' title="bbox 286 1310 1073 1344; baseline 0.003 -8"><span class='ocrx_word' id='word_1_76' title='bbox 286 1310 350 1344; x_wconf 82' lang='lat' dir='ltr'><strong>quia</strong></span> <span class='ocrx_word' id='word_1_77' title='bbox 362 1310 448 1337; x_wconf 86' lang='lat' dir='ltr'><strong>eremi</strong></span> <span class='ocrx_word' id='word_1_78' title='bbox 459 1311 574 1338; x_wconf 81' lang='lat' dir='ltr'><strong>vastitas</strong></span> <span class='ocrx_word' id='word_1_79' title='bbox 586 1315 614 1337; x_wconf 90' lang='lat' dir='ltr'><strong>et</strong></span> <span class='ocrx_word' id='word_1_80' title='bbox 626 1310 799 1338; x_wconf 85' lang='lat' dir='ltr'><strong>diversorum</strong></span> <span class='ocrx_word' id='word_1_81' title='bbox 813 1315 1001 1338; x_wconf 88' lang='lat' dir='ltr'><strong>monstrorum</strong></span> <span class='ocrx_word' id='word_1_82' title='bbox 1016 1315 1073 1339; x_wconf 88' lang='lat' dir='ltr'><strong>ter-</strong></span> 
     </span>
    </p>
   </div>
   <div class='ocr_carea' id='block_1_21' title="bbox 286 1352 1072 1390">
    <p class='ocr_par' dir='ltr' id='par_1_21' title="bbox 286 1352 1072 1390">
     <span class='ocr_line' id='line_1_21' title="bbox 286 1352 1072 1390; baseline 0.006 -12"><span class='ocrx_word' id='word_1_83' title='bbox 286 1359 333 1379; x_wconf 91' lang='lat' dir='ltr'><strong>ror</strong></span> <span class='ocrx_word' id='word_1_84' title='bbox 346 1352 505 1387; x_wconf 80' lang='lat' dir='ltr'><strong>singillatim</strong></span> <span class='ocrx_word' id='word_1_85' title='bbox 518 1353 642 1381; x_wconf 77' lang='lat' dir='ltr'><strong>habitare</strong></span> <span class='ocrx_word' id='word_1_86' title='bbox 654 1353 753 1382; x_wconf 75' lang='lat' dir='ltr'><strong>fratres</strong></span> <span class='ocrx_word' id='word_1_87' title='bbox 767 1362 822 1382; x_wconf 91' lang='lat' dir='ltr'><strong>non</strong></span> <span class='ocrx_word' id='word_1_88' title='bbox 832 1355 983 1389; x_wconf 81' lang='lat' dir='ltr'><strong>permittit;</strong></span> <span class='ocrx_word' id='word_1_89' title='bbox 1000 1356 1072 1390; x_wconf 89' lang='lat' dir='ltr'><strong>opti-</strong></span> 
     </span>
    </p>
   </div>
   <div class='ocr_carea' id='block_1_22' title="bbox 285 1399 1070 1436">
    <p class='ocr_par' dir='ltr' id='par_1_22' title="bbox 285 1399 1070 1436">
     <span class='ocr_line' id='line_1_22' title="bbox 285 1399 1070 1436; baseline 0.005 -11"><span class='ocrx_word' id='word_1_90' title='bbox 285 1406 360 1425; x_wconf 92' lang='lat' dir='ltr'><strong>mum</strong></span> <span class='ocrx_word' id='word_1_91' title='bbox 388 1399 498 1426; x_wconf 82' lang='lat' dir='ltr'><strong>videtur</strong></span> <span class='ocrx_word' id='word_1_92' title='bbox 526 1399 646 1434; x_wconf 87' lang='lat' dir='ltr'><strong>Spiritus</strong></span> <span class='ocrx_word' id='word_1_93' title='bbox 673 1400 760 1427; x_wconf 89' lang='lat' dir='ltr'><strong>sancti</strong></span> <span class='ocrx_word' id='word_1_94' title='bbox 779 1401 925 1436; x_wconf 67' lang='lat' dir='ltr'><strong>praeceptis</strong></span> <span class='ocrx_word' id='word_1_95' title='bbox 948 1401 1070 1429; x_wconf 84' lang='lat' dir='ltr'><strong>obedire.</strong></span> 
     </span>
    </p>
   </div>
   <div class='ocr_carea' id='block_1_23' title="bbox 287 1443 1073 1482">
    <p class='ocr_par' dir='ltr' id='par_1_23' title="bbox 287 1443 1073 1482">
     <span class='ocr_line' id='line_1_23' title="bbox 287 1443 1073 1482; baseline 0.006 -12"><span class='ocrx_word' id='word_1_96' title='bbox 287 1443 344 1470; x_wconf 85' lang='lat' dir='ltr'><strong>Nec</strong></span> <span class='ocrx_word' id='word_1_97' title='bbox 358 1444 397 1478; x_wconf 68' lang='grc'><strong>(4)</strong></span> <span class='ocrx_word' id='word_1_98' title='bbox 412 1448 506 1471; x_wconf 86' lang='lat' dir='ltr'><strong>nostra</strong></span> <span class='ocrx_word' id='word_1_99' title='bbox 524 1445 635 1480; x_wconf 90' lang='lat' dir='ltr'><strong>propria</strong></span> <span class='ocrx_word' id='word_1_100' title='bbox 650 1446 733 1473; x_wconf 84' lang='lat' dir='ltr'><strong>verba</strong></span> <span class='ocrx_word' id='word_1_101' title='bbox 750 1451 866 1481; x_wconf 87' lang='lat' dir='ltr'><strong>possunt</strong></span> <span class='ocrx_word' id='word_1_102' title='bbox 889 1447 968 1474; x_wconf 85' lang='lat' dir='ltr'><strong>ﬁrma</strong></span> <span class='ocrx_word' id='word_1_103' title='bbox 977 1455 1073 1482; x_wconf 83' lang='lat' dir='ltr'><strong>perse-</strong></span> 
     </span>
    </p>
   </div>
   <div class='ocr_carea' id='block_1_24' title="bbox 286 1489 1076 1525">
    <p class='ocr_par' dir='ltr' id='par_1_24' title="bbox 286 1489 1076 1525">
     <span class='ocr_line' id='line_1_24' title="bbox 286 1489 1076 1525; baseline 0.005 -10"><span class='ocrx_word' id='word_1_104' title='bbox 286 1496 393 1520; x_wconf 86' lang='lat' dir='ltr'><strong>verare,</strong></span> <span class='ocrx_word' id='word_1_105' title='bbox 406 1489 459 1516; x_wconf 91' lang='lat' dir='ltr'><strong>nisi</strong></span> <span class='ocrx_word' id='word_1_106' title='bbox 477 1489 591 1517; x_wconf 88' lang='lat' dir='ltr'><strong>ﬁrmitas</strong></span> <span class='ocrx_word' id='word_1_107' title='bbox 601 1489 805 1525; x_wconf 87' lang='lat' dir='ltr'><strong>Scripturarum</strong></span> <span class='ocrx_word' id='word_1_108' title='bbox 829 1499 845 1519; x_wconf 93' lang='lat' dir='ltr'><strong>e</strong></span> <span class='ocrx_word' id='word_1_109' title='bbox 855 1492 1006 1519; x_wconf 89' lang='lat' dir='ltr'><strong>centesimo</strong></span> <span class='ocrx_word' id='word_1_110' title='bbox 1027 1492 1076 1519; x_wconf 83' lang='lat' dir='ltr'><strong>tri-</strong></span> 
     </span>
    </p>
   </div>
   <div class='ocr_carea' id='block_1_25' title="bbox 286 1534 1075 1570">
    <p class='ocr_par' dir='ltr' id='par_1_25' title="bbox 286 1534 1075 1570">
     <span class='ocr_line' id='line_1_25' title="bbox 286 1534 1075 1570; baseline 0.004 -9"><span class='ocrx_word' id='word_1_111' title='bbox 286 1534 389 1561; x_wconf 88' lang='lat' dir='ltr'><strong>cesimo</strong></span> <span class='ocrx_word' id='word_1_112' title='bbox 413 1534 534 1562; x_wconf 91' lang='lat' dir='ltr'><strong>secundo</strong></span> <span class='ocrx_word' id='word_1_113' title='bbox 554 1535 660 1570; x_wconf 87' lang='lat' dir='ltr'><strong>psalmo</strong></span> <span class='ocrx_word' id='word_1_114' title='bbox 678 1540 803 1563; x_wconf 88' lang='lat' dir='ltr'><strong>nostrum</strong></span> <span class='ocrx_word' id='word_1_115' title='bbox 826 1536 951 1564; x_wconf 88' lang='lat' dir='ltr'><strong>ordinem</strong></span> <span class='ocrx_word' id='word_1_116' title='bbox 975 1537 1075 1568; x_wconf 88' lang='lat' dir='ltr'><strong>ﬁrmet,</strong></span> 
     </span>
    </p>
   </div>
   <div class='ocr_carea' id='block_1_26' title="bbox 287 1580 1074 1618">
    <p class='ocr_par' dir='ltr' id='par_1_26' title="bbox 287 1580 1074 1618">
     <span class='ocr_line' id='line_1_26' title="bbox 287 1580 1074 1618; baseline 0.006 -12"><span class='ocrx_word' id='word_1_117' title='bbox 287 1587 342 1614; x_wconf 89' lang='lat' dir='ltr'><strong>quo</strong></span> <span class='ocrx_word' id='word_1_118' title='bbox 354 1580 443 1607; x_wconf 89' lang='lat' dir='ltr'><strong>dicit:</strong></span> <span class='ocrx_word' id='word_1_119' title='bbox 465 1582 532 1607; x_wconf 85' lang='lat' dir='ltr'><strong>Ecce</strong></span> <span class='ocrx_word' id='word_1_120' title='bbox 550 1589 632 1616; x_wconf 87' lang='lat' dir='ltr'><strong>quam</strong></span> <span class='ocrx_word' id='word_1_121' title='bbox 656 1581 753 1608; x_wconf 88' lang='lat' dir='ltr'><strong>bonum</strong></span> <span class='ocrx_word' id='word_1_122' title='bbox 771 1586 796 1609; x_wconf 87' lang='lat' dir='ltr'><strong>et</strong></span> <span class='ocrx_word' id='word_1_123' title='bbox 816 1591 898 1618; x_wconf 90' lang='lat' dir='ltr'><strong>quam</strong></span> <span class='ocrx_word' id='word_1_124' title='bbox 914 1583 1074 1618; x_wconf 77' lang='lat' dir='ltr'><strong>Jucundum,</strong></span> 
     </span>
    </p>
   </div>
   <div class='ocr_carea' id='block_1_27' title="bbox 288 1625 1076 1661">
    <p class='ocr_par' dir='ltr' id='par_1_27' title="bbox 288 1625 1076 1661">
     <span class='ocr_line' id='line_1_27' title="bbox 288 1625 1076 1661; baseline 0.004 -9"><span class='ocrx_word' id='word_1_125' title='bbox 288 1625 407 1653; x_wconf 82' lang='lat' dir='ltr'><strong>habitare</strong></span> <span class='ocrx_word' id='word_1_126' title='bbox 425 1626 520 1661; x_wconf 76' lang='lat' dir='ltr'><strong>fratres</strong></span> <span class='ocrx_word' id='word_1_127' title='bbox 535 1627 562 1653; x_wconf 85' lang='lat' dir='ltr'><strong>in</strong></span> <span class='ocrx_word' id='word_1_128' title='bbox 574 1635 656 1654; x_wconf 86' lang='lat' dir='ltr'><strong>unum</strong></span> <span class='ocrx_word' id='word_1_129' title='bbox 667 1628 688 1653; x_wconf 85' lang='lat'><strong>‘.</strong></span> <span class='ocrx_word' id='word_1_130' title='bbox 702 1627 736 1654; x_wconf 86' lang='lat' dir='ltr'><strong>Et</strong></span> <span class='ocrx_word' id='word_1_131' title='bbox 757 1627 856 1654; x_wconf 88' lang='lat' dir='ltr'><strong>iterum</strong></span> <span class='ocrx_word' id='word_1_132' title='bbox 869 1635 875 1653; x_wconf 89' lang='lat'>:</span> <span class='ocrx_word' id='word_1_133' title='bbox 890 1627 941 1660; x_wconf 89' lang='lat' dir='ltr'><strong>Qui</strong></span> <span class='ocrx_word' id='word_1_134' title='bbox 955 1628 1076 1656; x_wconf 81' lang='lat' dir='ltr'><strong>habitare</strong></span> 
     </span>
    </p>
   </div>
   <div class='ocr_carea' id='block_1_28' title="bbox 288 1672 1075 1709">
    <p class='ocr_par' dir='ltr' id='par_1_28' title="bbox 288 1672 1075 1709">
     <span class='ocr_line' id='line_1_28' title="bbox 288 1672 1075 1709; baseline 0.004 -11"><span class='ocrx_word' id='word_1_135' title='bbox 288 1672 352 1706; x_wconf 82' lang='lat' dir='ltr'><strong>facit</strong></span> <span class='ocrx_word' id='word_1_136' title='bbox 365 1672 506 1699; x_wconf 78' lang='lat' dir='ltr'><strong>unanimes</strong></span> <span class='ocrx_word' id='word_1_137' title='bbox 517 1673 545 1699; x_wconf 89' lang='lat' dir='ltr'><strong>in</strong></span> <span class='ocrx_word' id='word_1_138' title='bbox 559 1673 668 1705; x_wconf 76' lang='lat' dir='ltr'><strong>domo‘;</strong></span> <span class='ocrx_word' id='word_1_139' title='bbox 684 1672 790 1700; x_wconf 86' lang='lat' dir='ltr'><strong>ﬁrmam</strong></span> <span class='ocrx_word' id='word_1_140' title='bbox 801 1674 857 1709; x_wconf 89' lang='lat' dir='ltr'><strong>jam</strong></span> <span class='ocrx_word' id='word_1_141' title='bbox 871 1681 946 1701; x_wconf 92' lang='lat' dir='ltr'><strong>nunc</strong></span> <span class='ocrx_word' id='word_1_142' title='bbox 954 1674 1075 1709; x_wconf 81' lang='lat' dir='ltr'><strong>regulam</strong></span> 
     </span>
    </p>
   </div>
   <div class='ocr_carea' id='block_1_29' title="bbox 287 1716 1077 1753">
    <p class='ocr_par' dir='ltr' id='par_1_29' title="bbox 287 1716 1077 1753">
     <span class='ocr_line' id='line_1_29' title="bbox 287 1716 1077 1753; baseline 0.006 -10"><span class='ocrx_word' id='word_1_143' title='bbox 287 1716 399 1751; x_wconf 86' lang='lat' dir='ltr'><strong>pietatis</strong></span> <span class='ocrx_word' id='word_1_144' title='bbox 415 1725 464 1752; x_wconf 90' lang='lat' dir='ltr'><strong>per</strong></span> <span class='ocrx_word' id='word_1_145' title='bbox 486 1718 605 1753; x_wconf 88' lang='lat' dir='ltr'><strong>Spiritus</strong></span> <span class='ocrx_word' id='word_1_146' title='bbox 631 1719 717 1746; x_wconf 86' lang='lat' dir='ltr'><strong>sancti</strong></span> <span class='ocrx_word' id='word_1_147' title='bbox 740 1719 927 1748; x_wconf 88' lang='lat' dir='ltr'><strong>ostensionem</strong></span> <span class='ocrx_word' id='word_1_148' title='bbox 945 1720 1077 1748; x_wconf 80' lang='lat' dir='ltr'><strong>fratribus</strong></span> 
     </span>
    </p>
   </div>
   <div class='ocr_carea' id='block_1_30' title="bbox 289 1762 658 1798">
    <p class='ocr_par' dir='ltr' id='par_1_30' title="bbox 289 1762 658 1798">
     <span class='ocr_line' id='line_1_30' title="bbox 289 1762 658 1798; baseline 0.003 -9"><span class='ocrx_word' id='word_1_149' title='bbox 289 1762 418 1790; x_wconf 88' lang='lat' dir='ltr'><strong>ordinare</strong></span> <span class='ocrx_word' id='word_1_150' title='bbox 427 1782 434 1794; x_wconf 91' lang='lat'><strong>,</strong></span> <span class='ocrx_word' id='word_1_151' title='bbox 449 1771 658 1798; x_wconf 83' lang='lat' dir='ltr'><strong>prosequamur.</strong></span> 
     </span>
    </p>
   </div>
   <div class='ocr_carea' id='block_1_31' title="bbox 593 1809 767 1843">
    <p class='ocr_par' dir='ltr' id='par_1_31' title="bbox 593 1809 767 1843">
     <span class='ocr_line' id='line_1_31' title="bbox 593 1809 767 1843; baseline 0.006 -6"><span class='ocrx_word' id='word_1_152' title='bbox 593 1809 705 1837; x_wconf 82' lang='lat' dir='ltr'><strong>CAPUT</strong></span> <span class='ocrx_word' id='word_1_153' title='bbox 723 1810 767 1843; x_wconf 88' lang='lat' dir='ltr'><strong>lll,</strong></span> 
     </span>
    </p>
   </div>
   <div class='ocr_carea' id='block_1_32' title="bbox 375 1855 989 1926">
    <p class='ocr_par' dir='ltr' id='par_1_32' title="bbox 375 1855 989 1926">
     <span class='ocr_line' id='line_1_32' title="bbox 375 1855 989 1926; baseline 0.002 -44"><span class='ocrx_word' id='word_1_154' title='bbox 375 1855 450 1882; x_wconf 86' lang='lat' dir='ltr'><strong>Idem</strong></span> <span class='ocrx_word' id='word_1_155' title='bbox 461 1855 526 1891; x_wconf 80' lang='lat' dir='ltr'><strong>ipse,</strong></span> <span class='ocrx_word' id='word_1_156' title='bbox 541 1856 579 1883; x_wconf 87' lang='lat' dir='ltr'><strong>De</strong></span> <span class='ocrx_word' id='word_1_157' title='bbox 592 1857 770 1926; x_wconf 60' lang='lat' dir='ltr'><strong>unfanimitate</strong></span> <span class='ocrx_word' id='word_1_158' title='bbox 786 1860 810 1883; x_wconf 85' lang='lat' dir='ltr'><strong>et</strong></span> <span class='ocrx_word' id='word_1_159' title='bbox 821 1856 989 1891; x_wconf 81' lang='lat' dir='ltr'><strong>jucunditata</strong></span> 
     </span>
     <span class='ocr_line' id='line_1_33' title="bbox 638 1896 750 1918; baseline 0.009 -1"><span class='ocrx_word' id='word_1_160' title='bbox 638 1896 750 1918; x_wconf 84' lang='lat' dir='ltr'><strong>rutrum.</strong></span> 
     </span>
    </p>
   </div>
   <div class='ocr_carea' id='block_1_33' title="bbox 638 1896 750 1918">
    <p class='ocr_par' dir='ltr' id='par_1_33' title="bbox 638 1896 750 1918">
     <span class='ocr_line' id='line_1_34' title="bbox 638 1896 750 1918; baseline 0.009 -1"><span class='ocrx_word' id='word_1_161' title='bbox 638 1896 750 1918; x_wconf 85' lang='lat' dir='ltr'><strong>rutrum.</strong></span> 
     </span>
    </p>
   </div>
   <div class='ocr_carea' id='block_1_34' title="bbox 323 1937 1077 1973">
    <p class='ocr_par' dir='ltr' id='par_1_34' title="bbox 323 1937 1077 1973">
     <span class='ocr_line' id='line_1_35' title="bbox 323 1937 1077 1973; baseline 0.003 -9"><span class='ocrx_word' id='word_1_162' title='bbox 323 1937 457 1965; x_wconf 80' lang='lat' dir='ltr'><strong>Volumus</strong></span> <span class='ocrx_word' id='word_1_163' title='bbox 481 1945 547 1973; x_wconf 76' lang='lat' dir='ltr'><strong>ergo</strong></span> <span class='ocrx_word' id='word_1_164' title='bbox 569 1937 671 1965; x_wconf 85' lang='lat' dir='ltr'><strong>fratres</strong></span> <span class='ocrx_word' id='word_1_165' title='bbox 691 1938 836 1966; x_wconf 86' lang='lat' dir='ltr'><strong>unanimes</strong></span> <span class='ocrx_word' id='word_1_166' title='bbox 855 1939 883 1966; x_wconf 90' lang='lat' dir='ltr'><strong>in</strong></span> <span class='ocrx_word' id='word_1_167' title='bbox 904 1938 987 1966; x_wconf 87' lang='lat' dir='ltr'><strong>domo</strong></span> <span class='ocrx_word' id='word_1_168' title='bbox 1015 1945 1077 1966; x_wconf 85' lang='lat' dir='ltr'><strong>cum</strong></span> 
     </span>
    </p>
   </div>
   <div class='ocr_carea' id='block_1_35' title="bbox 286 1983 1078 2019">
    <p class='ocr_par' dir='ltr' id='par_1_35' title="bbox 286 1983 1078 2019">
     <span class='ocr_line' id='line_1_36' title="bbox 286 1983 1078 2019; baseline 0.001 -9"><span class='ocrx_word' id='word_1_169' title='bbox 286 1983 459 2017; x_wconf 74' lang='lat' dir='ltr'><strong>iucunditate</strong></span> <span class='ocrx_word' id='word_1_170' title='bbox 474 1984 599 2011; x_wconf 85' lang='lat' dir='ltr'><strong>habitare</strong></span> <span class='ocrx_word' id='word_1_171' title='bbox 615 1993 622 2011; x_wconf 89' lang='lat'>:</span> <span class='ocrx_word' id='word_1_172' title='bbox 637 1983 684 2011; x_wconf 86' lang='lat' dir='ltr'><strong>sed</strong></span> <span class='ocrx_word' id='word_1_173' title='bbox 696 1984 814 2018; x_wconf 88' lang='lat' dir='ltr'><strong>qualiter</strong></span> <span class='ocrx_word' id='word_1_174' title='bbox 835 1985 1002 2012; x_wconf 88' lang='lat' dir='ltr'><strong>unanimitas</strong></span> <span class='ocrx_word' id='word_1_175' title='bbox 1020 1985 1078 2019; x_wconf 89' lang='lat' dir='ltr'><strong>ipsa</strong></span> 
     </span>
    </p>
   </div>
   <div class='ocr_carea' id='block_1_36' title="bbox 288 2029 1077 2066">
    <p class='ocr_par' dir='ltr' id='par_1_36' title="bbox 288 2029 1077 2066">
     <span class='ocr_line' id='line_1_37' title="bbox 288 2029 1077 2066; baseline 0.004 -11"><span class='ocrx_word' id='word_1_176' title='bbox 288 2029 333 2055; x_wconf 77' lang='lat' dir='ltr'><strong>vel</strong></span> <span class='ocrx_word' id='word_1_177' title='bbox 345 2029 501 2064; x_wconf 78' lang='lat' dir='ltr'><strong>iucunditas</strong></span> <span class='ocrx_word' id='word_1_178' title='bbox 516 2033 592 2057; x_wconf 86' lang='lat' dir='ltr'><strong>reelo</strong></span> <span class='ocrx_word' id='word_1_179' title='bbox 602 2029 699 2059; x_wconf 88' lang='lat' dir='ltr'><strong>ordine</strong></span> <span class='ocrx_word' id='word_1_180' title='bbox 714 2034 850 2064; x_wconf 89' lang='lat' dir='ltr'><strong>teneatur,</strong></span> <span class='ocrx_word' id='word_1_181' title='bbox 863 2031 921 2058; x_wconf 89' lang='lat' dir='ltr'><strong>Deo</strong></span> <span class='ocrx_word' id='word_1_182' title='bbox 932 2031 1077 2066; x_wconf 71' lang='lat' dir='ltr'><strong>adiuvante</strong></span> 
     </span>
    </p>
   </div>
   <div class='ocr_carea' id='block_1_37' title="bbox 288 2073 460 2102">
    <p class='ocr_par' dir='ltr' id='par_1_37' title="bbox 288 2073 460 2102">
     <span class='ocr_line' id='line_1_38' title="bbox 288 2073 460 2102; baseline 0.012 -2"><span class='ocrx_word' id='word_1_183' title='bbox 288 2073 460 2102; x_wconf 89' lang='lat' dir='ltr'><strong>mandamus.</strong></span> 
     </span>
    </p>
   </div>
   <div class='ocr_carea' id='block_1_38' title="bbox 591 2120 766 2150">
    <p class='ocr_par' dir='ltr' id='par_1_38' title="bbox 591 2120 766 2150">
     <span class='ocr_line' id='line_1_39' title="bbox 591 2120 766 2150; baseline 0 -3"><span class='ocrx_word' id='word_1_184' title='bbox 591 2120 704 2150; x_wconf 80' lang='lat' dir='ltr'><strong>CAPUT</strong></span> <span class='ocrx_word' id='word_1_185' title='bbox 722 2121 766 2149; x_wconf 83' lang='lat' dir='ltr'><strong>iV.</strong></span> 
     </span>
    </p>
   </div>
   <div class='ocr_carea' id='block_1_39' title="bbox 343 2161 1029 2227">
    <p class='ocr_par' dir='ltr' id='par_1_39' title="bbox 343 2161 1029 2227">
     <span class='ocr_line' id='line_1_40' title="bbox 343 2161 1029 2227; baseline 0.007 -39"><span class='ocrx_word' id='word_1_186' title='bbox 343 2161 394 2194; x_wconf 82' lang='lat' dir='ltr'><strong>Qui</strong></span> <span class='ocrx_word' id='word_1_187' title='bbox 406 2171 498 2198; x_wconf 84' lang='lat' dir='ltr'><strong>supra,</strong></span> <span class='ocrx_word' id='word_1_188' title='bbox 512 2163 553 2196; x_wconf 27' lang='lat' dir='ltr'><strong>De,</strong></span> <span class='ocrx_word' id='word_1_189' title='bbox 569 2165 672 2197; x_wconf 82' lang='lat' dir='ltr'><strong>abbate,</strong></span> <span class='ocrx_word' id='word_1_190' title='bbox 687 2166 857 2227; x_wconf 76' lang='lat' dir='ltr'><strong>ethuomodo</strong></span> <span class='ocrx_word' id='word_1_191' title='bbox 867 2166 890 2192; x_wconf 82' lang='lat' dir='ltr'><strong>ei</strong></span> <span class='ocrx_word' id='word_1_192' title='bbox 907 2166 1029 2193; x_wconf 82' lang='lat' dir='ltr'><strong>obediant</strong></span> 
     </span>
     <span class='ocr_line' id='line_1_41' title="bbox 618 2208 749 2227; baseline 0.008 -1"><span class='ocrx_word' id='word_1_193' title='bbox 618 2208 713 2227; x_wconf 87' lang='lat' dir='ltr'><strong>monac</strong></span> <span class='ocrx_word' id='word_1_194' title='bbox 722 2210 749 2227; x_wconf 79' lang='grc' dir='ltr'>ιι.</span> 
     </span>
    </p>
   </div>
   <div class='ocr_carea' id='block_1_40' title="bbox 618 2208 749 2228">
    <p class='ocr_par' dir='ltr' id='par_1_40' title="bbox 618 2208 749 2228">
     <span class='ocr_line' id='line_1_42' title="bbox 618 2208 749 2228; baseline 0.008 -2"><span class='ocrx_word' id='word_1_195' title='bbox 618 2208 749 2228; x_wconf 87' lang='lat' dir='ltr'><strong>monacm.</strong></span> 
     </span>
    </p>
   </div>
   <div class='ocr_carea' id='block_1_41' title="bbox 329 2242 1080 2283">
    <p class='ocr_par' dir='ltr' id='par_1_41' title="bbox 329 2242 1080 2283">
     <span class='ocr_line' id='line_1_43' title="bbox 329 2242 1080 2283; baseline 0.008 -14"><span class='ocrx_word' id='word_1_196' title='bbox 329 2242 458 2271; x_wconf 87' lang='lat' dir='ltr'><strong>Volumus</strong></span> <span class='ocrx_word' id='word_1_197' title='bbox 483 2252 548 2280; x_wconf 78' lang='lat' dir='ltr'><strong>ergo</strong></span> <span class='ocrx_word' id='word_1_198' title='bbox 574 2253 659 2273; x_wconf 89' lang='lat' dir='ltr'><strong>unum</strong></span> <span class='ocrx_word' id='word_1_199' title='bbox 681 2254 800 2281; x_wconf 61' lang='lat' dir='ltr'><strong>praeesse</strong></span> <span class='ocrx_word' id='word_1_200' title='bbox 833 2247 969 2275; x_wconf 84' lang='lat' dir='ltr'><strong>seniorem</strong></span> <span class='ocrx_word' id='word_1_201' title='bbox 997 2255 1080 2283; x_wconf 88' lang='lat' dir='ltr'><strong>super</strong></span> 
     </span>
    </p>
   </div>
   <div class='ocr_carea' id='block_1_42' title="bbox 290 2289 1079 2328">
    <p class='ocr_par' dir='ltr' id='par_1_42' title="bbox 290 2289 1079 2328">
     <span class='ocr_line' id='line_1_44' title="bbox 290 2289 1079 2328; baseline 0.008 -13"><span class='ocrx_word' id='word_1_202' title='bbox 290 2296 387 2316; x_wconf 88' lang='lat' dir='ltr'><strong>omnes</strong></span> <span class='ocrx_word' id='word_1_203' title='bbox 411 2289 520 2323; x_wconf 75' lang='lat' dir='ltr'><strong>fratres,</strong></span> <span class='ocrx_word' id='word_1_204' title='bbox 541 2299 592 2319; x_wconf 91' lang='lat' dir='ltr'><strong>nec</strong></span> <span class='ocrx_word' id='word_1_205' title='bbox 620 2292 654 2319; x_wconf 87' lang='lat' dir='ltr'><strong>ab</strong></span> <span class='ocrx_word' id='word_1_206' title='bbox 673 2292 733 2328; x_wconf 87' lang='lat' dir='ltr'><strong>ejus</strong></span> <span class='ocrx_word' id='word_1_207' title='bbox 754 2293 871 2320; x_wconf 89' lang='lat' dir='ltr'><strong>consilio</strong></span> <span class='ocrx_word' id='word_1_208' title='bbox 895 2294 939 2321; x_wconf 87' lang='lat' dir='ltr'><strong>vel</strong></span> <span class='ocrx_word' id='word_1_209' title='bbox 964 2293 1079 2328; x_wconf 90' lang='lat' dir='ltr'><strong>imperio</strong></span> 
     </span>
    </p>
   </div>
   <div class='ocr_carea' id='block_1_43' title="bbox 289 2334 1076 2374">
    <p class='ocr_par' dir='ltr' id='par_1_43' title="bbox 289 2334 1076 2374">
     <span class='ocr_line' id='line_1_45' title="bbox 289 2334 1076 2374; baseline 0.009 -15"><span class='ocrx_word' id='word_1_210' title='bbox 289 2340 454 2367; x_wconf 84' lang='lat' dir='ltr'><strong>quemquam</strong></span> <span class='ocrx_word' id='word_1_211' title='bbox 478 2334 619 2362; x_wconf 88' lang='lat' dir='ltr'><strong>sinistrum</strong></span> <span class='ocrx_word' id='word_1_212' title='bbox 636 2336 784 2364; x_wconf 89' lang='lat' dir='ltr'><strong>declinare.</strong></span> <span class='ocrx_word' id='word_1_213' title='bbox 806 2337 853 2365; x_wconf 88' lang='lat' dir='ltr'><strong>sed</strong></span> <span class='ocrx_word' id='word_1_214' title='bbox 871 2338 943 2366; x_wconf 84' lang='lat' dir='ltr'><strong>sicut</strong></span> <span class='ocrx_word' id='word_1_215' title='bbox 961 2338 1076 2374; x_wconf 87' lang='lat' dir='ltr'><strong>imperio</strong></span> 
     </span>
    </p>
   </div>
   <div class='ocr_carea' id='block_1_44' title="bbox 289 2377 1077 2420">
    <p class='ocr_par' dir='ltr' id='par_1_44' title="bbox 289 2377 1077 2420">
     <span class='ocr_line' id='line_1_46' title="bbox 289 2377 1077 2420; baseline 0.011 -17"><span class='ocrx_word' id='word_1_216' title='bbox 289 2377 397 2405; x_wconf 89' lang='lat' dir='ltr'><strong>Domini</strong></span> <span class='ocrx_word' id='word_1_217' title='bbox 417 2386 479 2410; x_wconf 87' lang='lat' dir='ltr'><strong>cum</strong></span> <span class='ocrx_word' id='word_1_218' title='bbox 491 2381 564 2408; x_wconf 91' lang='lat' dir='ltr'><strong>omni</strong></span> <span class='ocrx_word' id='word_1_219' title='bbox 592 2382 687 2409; x_wconf 65' lang='lat' dir='ltr'><strong>laetitia</strong></span> <span class='ocrx_word' id='word_1_220' title='bbox 713 2383 846 2416; x_wconf 86' lang='lat' dir='ltr'><strong>obedire;</strong></span> <span class='ocrx_word' id='word_1_221' title='bbox 867 2383 975 2412; x_wconf 90' lang='lat' dir='ltr'><strong>dicente</strong></span> <span class='ocrx_word' id='word_1_222' title='bbox 1004 2385 1077 2420; x_wconf 80' lang='lat' dir='ltr'><strong>Apo-</strong></span> 
     </span>
    </p>
   </div>
   <div class='ocr_carea' id='block_1_45' title="bbox 289 2424 1075 2466">
    <p class='ocr_par' dir='ltr' id='par_1_45' title="bbox 289 2424 1075 2466">
     <span class='ocr_line' id='line_1_47' title="bbox 289 2424 1075 2466; baseline 0.01 -16"><span class='ocrx_word' id='word_1_223' title='bbox 289 2424 360 2451; x_wconf 84' lang='lat' dir='ltr'><strong>stolo</strong></span> <span class='ocrx_word' id='word_1_224' title='bbox 373 2424 407 2451; x_wconf 93' lang='lat' dir='ltr'><strong>ad</strong></span> <span class='ocrx_word' id='word_1_225' title='bbox 428 2425 555 2454; x_wconf 80' lang='lat' dir='ltr'><strong>Hebraeos</strong></span> <span class='ocrx_word' id='word_1_226' title='bbox 573 2435 579 2453; x_wconf 89' lang='lat'>:</span> <span class='ocrx_word' id='word_1_227' title='bbox 598 2427 704 2455; x_wconf 83' lang='lat' dir='ltr'><strong>Obedite</strong></span> <span class='ocrx_word' id='word_1_228' title='bbox 724 2430 871 2464; x_wconf 74' lang='lat' dir='ltr'><strong>prtepositis</strong></span> <span class='ocrx_word' id='word_1_229' title='bbox 891 2431 993 2462; x_wconf 80' lang='lat' dir='ltr'><strong>vestris,</strong></span> <span class='ocrx_word' id='word_1_230' title='bbox 1012 2431 1075 2466; x_wconf 83' lang='lat' dir='ltr'><strong>quia</strong></span> 
     </span>
    </p>
   </div>
   <div class='ocr_carea' id='block_1_46' title="bbox 287 2469 1076 2510">
    <p class='ocr_par' dir='ltr' id='par_1_46' title="bbox 287 2469 1076 2510">
     <span class='ocr_line' id='line_1_48' title="bbox 287 2469 1076 2510; baseline 0.009 -15"><span class='ocrx_word' id='word_1_231' title='bbox 287 2469 338 2503; x_wconf 69' lang='lat' dir='ltr'><strong>ipsi</strong></span> <span class='ocrx_word' id='word_1_232' title='bbox 360 2471 471 2505; x_wconf 79' lang='lat' dir='ltr'><strong>vigilant</strong></span> <span class='ocrx_word' id='word_1_233' title='bbox 492 2480 539 2506; x_wconf 84' lang='lat' dir='ltr'><strong>pro</strong></span> <span class='ocrx_word' id='word_1_234' title='bbox 565 2473 664 2500; x_wconf 64' lang='lat' dir='ltr'><strong>vobis“.</strong></span> <span class='ocrx_word' id='word_1_235' title='bbox 683 2474 716 2501; x_wconf 87' lang='lat' dir='ltr'><strong>Et</strong></span> <span class='ocrx_word' id='word_1_236' title='bbox 742 2475 875 2510; x_wconf 83' lang='lat' dir='ltr'><strong>Dominus</strong></span> <span class='ocrx_word' id='word_1_237' title='bbox 894 2475 964 2502; x_wconf 76' lang='lat' dir='ltr'><strong>dixit</strong></span> <span class='ocrx_word' id='word_1_238' title='bbox 980 2485 988 2503; x_wconf 86' lang='lat'><strong>:</strong></span> <span class='ocrx_word' id='word_1_239' title='bbox 1007 2475 1076 2502; x_wconf 83' lang='lat' dir='ltr'><strong>Nolo</strong></span> 
     </span>
    </p>
   </div>
   <div class='ocr_carea' id='block_1_47' title="bbox 287 2516 1077 2549">
    <p class='ocr_par' dir='ltr' id='par_1_47' title="bbox 287 2516 1077 2549">
     <span class='ocr_line' id='line_1_49' title="bbox 287 2516 1077 2549; baseline 0.01 -8"><span class='ocrx_word' id='word_1_240' title='bbox 287 2516 459 2549; x_wconf 82' lang='lat' dir='ltr'><strong>sacriﬁcium,</strong></span> <span class='ocrx_word' id='word_1_241' title='bbox 486 2518 531 2544; x_wconf 78' lang='lat' dir='ltr'><strong>sed</strong></span> <span class='ocrx_word' id='word_1_242' title='bbox 551 2519 752 2547; x_wconf 78' lang='lat' dir='ltr'><strong>obedientiam&quot;.</strong></span> <span class='ocrx_word' id='word_1_243' title='bbox 778 2521 1016 2548; x_wconf 87' lang='lat' dir='ltr'><strong>Considerandum</strong></span> <span class='ocrx_word' id='word_1_244' title='bbox 1033 2525 1077 2549; x_wconf 82' lang='lat' dir='ltr'><strong>est</strong></span> 
     </span>
    </p>
   </div>
   <div class='ocr_carea' id='block_1_48' title="bbox 1085 758 1921 799">
    <p class='ocr_par' dir='ltr' id='par_1_48' title="bbox 1085 758 1921 799">
     <span class='ocr_line' id='line_1_50' title="bbox 1085 758 1921 799; baseline -0.008 -7"><span class='ocrx_word' id='word_1_245' title='bbox 1085 764 1109 793; x_wconf 80' lang='grc' dir='ltr'>Α</span> <span class='ocrx_word' id='word_1_246' title='bbox 1124 771 1235 799; x_wconf 87' lang='lat' dir='ltr'><strong>quoque</strong></span> <span class='ocrx_word' id='word_1_247' title='bbox 1245 764 1279 790; x_wconf 90' lang='lat' dir='ltr'><strong>ab</strong></span> <span class='ocrx_word' id='word_1_248' title='bbox 1294 762 1338 790; x_wconf 92' lang='lat' dir='ltr'><strong>his</strong></span> <span class='ocrx_word' id='word_1_249' title='bbox 1354 762 1401 797; x_wconf 91' lang='lat' dir='ltr'><strong>qui</strong></span> <span class='ocrx_word' id='word_1_250' title='bbox 1413 769 1442 788; x_wconf 87' lang='lat' dir='ltr'><strong>se</strong></span> <span class='ocrx_word' id='word_1_251' title='bbox 1457 762 1502 788; x_wconf 87' lang='lat' dir='ltr'><strong>ta‘li</strong></span> <span class='ocrx_word' id='word_1_252' title='bbox 1514 767 1598 796; x_wconf 86' lang='lat' dir='ltr'><strong>opere</strong></span> <span class='ocrx_word' id='word_1_253' title='bbox 1611 758 1756 786; x_wconf 83' lang='lat' dir='ltr'><strong>unanimes</strong></span> <span class='ocrx_word' id='word_1_254' title='bbox 1778 765 1843 786; x_wconf 80' lang='lat' dir='ltr'><strong>esse</strong></span> <span class='ocrx_word' id='word_1_255' title='bbox 1864 766 1921 786; x_wconf 63' lang='lat' dir='ltr'><strong>eu-</strong></span> 
     </span>
    </p>
   </div>
   <div class='ocr_carea' id='block_1_49' title="bbox 1124 803 1920 843">
    <p class='ocr_par' dir='ltr' id='par_1_49' title="bbox 1124 803 1920 843">
     <span class='ocr_line' id='line_1_51' title="bbox 1124 803 1920 843; baseline -0.008 -8"><span class='ocrx_word' id='word_1_256' title='bbox 1124 808 1214 843; x_wconf 86' lang='lat' dir='ltr'><strong>piunt,</strong></span> <span class='ocrx_word' id='word_1_257' title='bbox 1226 808 1291 843; x_wconf 84' lang='lat' dir='ltr'><strong>quia</strong></span> <span class='ocrx_word' id='word_1_258' title='bbox 1302 815 1351 842; x_wconf 87' lang='lat' dir='ltr'><strong>per</strong></span> <span class='ocrx_word' id='word_1_259' title='bbox 1367 806 1553 833; x_wconf 87' lang='lat' dir='ltr'><strong>obedientiam</strong></span> <span class='ocrx_word' id='word_1_260' title='bbox 1574 804 1712 832; x_wconf 82' lang='lat' dir='ltr'><strong>Abraham</strong></span> <span class='ocrx_word' id='word_1_261' title='bbox 1722 803 1826 838; x_wconf 84' lang='lat' dir='ltr'><strong>placuit</strong></span> <span class='ocrx_word' id='word_1_262' title='bbox 1848 803 1920 835; x_wconf 84' lang='lat' dir='ltr'><strong>Deo,</strong></span> 
     </span>
    </p>
   </div>
   <div class='ocr_carea' id='block_1_50' title="bbox 1123 849 1921 888">
    <p class='ocr_par' dir='ltr' id='par_1_50' title="bbox 1123 849 1921 888">
     <span class='ocr_line' id='line_1_52' title="bbox 1123 849 1921 888; baseline -0.008 -7"><span class='ocrx_word' id='word_1_263' title='bbox 1123 858 1149 880; x_wconf 85' lang='lat' dir='ltr'><strong>et</strong></span> <span class='ocrx_word' id='word_1_264' title='bbox 1169 854 1269 881; x_wconf 84' lang='lat' dir='ltr'><strong>amicus</strong></span> <span class='ocrx_word' id='word_1_265' title='bbox 1281 853 1329 880; x_wconf 87' lang='lat' dir='ltr'><strong>Dei</strong></span> <span class='ocrx_word' id='word_1_266' title='bbox 1345 852 1497 888; x_wconf 80' lang='lat' dir='ltr'><strong>appellatus</strong></span> <span class='ocrx_word' id='word_1_267' title='bbox 1517 855 1554 878; x_wconf 79' lang='lat' dir='ltr'><strong>est</strong></span> <span class='ocrx_word' id='word_1_268' title='bbox 1565 851 1586 877; x_wconf 79' lang='grc'><strong>⁸.</strong></span> <span class='ocrx_word' id='word_1_269' title='bbox 1596 851 1646 878; x_wconf 82' lang='lat' dir='ltr'><strong>Per</strong></span> <span class='ocrx_word' id='word_1_270' title='bbox 1657 849 1848 877; x_wconf 88' lang='lat' dir='ltr'><strong>obedientiam</strong></span> <span class='ocrx_word' id='word_1_271' title='bbox 1864 849 1921 883; x_wconf 87' lang='lat' dir='ltr'><strong>ipsi</strong></span> 
     </span>
    </p>
   </div>
   <div class='ocr_carea' id='block_1_51' title="bbox 1123 894 1922 934">
    <p class='ocr_par' dir='ltr' id='par_1_51' title="bbox 1123 894 1922 934">
     <span class='ocr_line' id='line_1_53' title="bbox 1123 894 1922 934; baseline -0.006 -8"><span class='ocrx_word' id='word_1_272' title='bbox 1123 899 1239 934; x_wconf 90' lang='lat' dir='ltr'><strong>apostoli</strong></span> <span class='ocrx_word' id='word_1_273' title='bbox 1265 903 1427 926; x_wconf 89' lang='lat' dir='ltr'><strong>meruerunt</strong></span> <span class='ocrx_word' id='word_1_274' title='bbox 1446 903 1529 925; x_wconf 87' lang='lat' dir='ltr'><strong>testes</strong></span> <span class='ocrx_word' id='word_1_275' title='bbox 1551 897 1668 923; x_wconf 89' lang='lat' dir='ltr'><strong>Domino</strong></span> <span class='ocrx_word' id='word_1_276' title='bbox 1691 896 1719 922; x_wconf 93' lang='lat' dir='ltr'><strong>in</strong></span> <span class='ocrx_word' id='word_1_277' title='bbox 1744 894 1876 922; x_wconf 84' lang='lat' dir='ltr'><strong>tribubus</strong></span> <span class='ocrx_word' id='word_1_278' title='bbox 1891 898 1922 921; x_wconf 86' lang='lat' dir='ltr'><strong>et</strong></span> 
     </span>
    </p>
   </div>
   <div class='ocr_carea' id='block_1_52' title="bbox 1124 940 1922 980">
    <p class='ocr_par' dir='ltr' id='par_1_52' title="bbox 1124 940 1922 980">
     <span class='ocr_line' id='line_1_54' title="bbox 1124 940 1922 980; baseline -0.008 -8"><span class='ocrx_word' id='word_1_279' title='bbox 1124 944 1232 980; x_wconf 87' lang='lat' dir='ltr'><strong>populis</strong></span> <span class='ocrx_word' id='word_1_280' title='bbox 1248 952 1318 972; x_wconf 89' lang='lat' dir='ltr'><strong>esse.</strong></span> <span class='ocrx_word' id='word_1_281' title='bbox 1333 943 1394 979; x_wconf 88' lang='lat' dir='ltr'><strong>ipse</strong></span> <span class='ocrx_word' id='word_1_282' title='bbox 1417 950 1528 978; x_wconf 90' lang='lat' dir='ltr'><strong>quoque</strong></span> <span class='ocrx_word' id='word_1_283' title='bbox 1541 942 1674 969; x_wconf 86' lang='lat' dir='ltr'><strong>Dominus</strong></span> <span class='ocrx_word' id='word_1_284' title='bbox 1699 945 1795 968; x_wconf 87' lang='lat' dir='ltr'><strong>noster</strong></span> <span class='ocrx_word' id='word_1_285' title='bbox 1815 940 1852 967; x_wconf 88' lang='lat' dir='ltr'><strong>de</strong></span> <span class='ocrx_word' id='word_1_286' title='bbox 1868 948 1922 967; x_wconf 87' lang='lat' dir='ltr'><strong>sn-</strong></span> 
     </span>
    </p>
   </div>
   <div class='ocr_carea' id='block_1_53' title="bbox 1124 986 1922 1025">
    <p class='ocr_par' dir='ltr' id='par_1_53' title="bbox 1124 986 1922 1025">
     <span class='ocr_line' id='line_1_55' title="bbox 1124 986 1922 1025; baseline -0.009 -7"><span class='ocrx_word' id='word_1_287' title='bbox 1124 991 1218 1025; x_wconf 90' lang='lat' dir='ltr'><strong>pernis</strong></span> <span class='ocrx_word' id='word_1_288' title='bbox 1230 990 1265 1017; x_wconf 87' lang='lat' dir='ltr'><strong>ad</strong></span> <span class='ocrx_word' id='word_1_289' title='bbox 1280 989 1412 1017; x_wconf 90' lang='lat' dir='ltr'><strong>inferiora</strong></span> <span class='ocrx_word' id='word_1_290' title='bbox 1425 988 1598 1016; x_wconf 86' lang='lat' dir='ltr'><strong>descendens</strong></span> <span class='ocrx_word' id='word_1_291' title='bbox 1612 987 1650 1014; x_wconf 87' lang='lat' dir='ltr'><strong>ait</strong></span> <span class='ocrx_word' id='word_1_292' title='bbox 1663 997 1669 1013; x_wconf 96' lang='lat'>:</span> <span class='ocrx_word' id='word_1_293' title='bbox 1684 986 1743 1014; x_wconf 85' lang='lat' dir='ltr'><strong>Non</strong></span> <span class='ocrx_word' id='word_1_294' title='bbox 1756 986 1815 1013; x_wconf 79' lang='lat' dir='ltr'><strong>veni</strong></span> <span class='ocrx_word' id='word_1_295' title='bbox 1828 986 1922 1020; x_wconf 77' lang='lat' dir='ltr'><strong>facere</strong></span> 
     </span>
    </p>
   </div>
   <div class='ocr_carea' id='block_1_54' title="bbox 1124 1031 1922 1068">
    <p class='ocr_par' dir='ltr' id='par_1_54' title="bbox 1124 1031 1922 1068">
     <span class='ocr_line' id='line_1_56' title="bbox 1124 1031 1922 1068; baseline -0.006 -5"><span class='ocrx_word' id='word_1_296' title='bbox 1124 1037 1285 1063; x_wconf 82' lang='lat' dir='ltr'><strong>voluntatem</strong></span> <span class='ocrx_word' id='word_1_297' title='bbox 1299 1044 1396 1068; x_wconf 86' lang='lat' dir='ltr'><strong>meum,</strong></span> <span class='ocrx_word' id='word_1_298' title='bbox 1410 1035 1455 1062; x_wconf 80' lang='lat' dir='ltr'><strong>sed</strong></span> <span class='ocrx_word' id='word_1_299' title='bbox 1474 1035 1530 1068; x_wconf 75' lang='lat' dir='ltr'><strong>ejus</strong></span> <span class='ocrx_word' id='word_1_300' title='bbox 1543 1034 1588 1068; x_wconf 86' lang='lat' dir='ltr'><strong>qui</strong></span> <span class='ocrx_word' id='word_1_301' title='bbox 1611 1041 1651 1060; x_wconf 88' lang='lat' dir='ltr'><strong>me</strong></span> <span class='ocrx_word' id='word_1_302' title='bbox 1673 1032 1773 1060; x_wconf 81' lang='lat' dir='ltr'><strong>misit&#39;.</strong></span> <span class='ocrx_word' id='word_1_303' title='bbox 1790 1031 1839 1058; x_wconf 81' lang='lat' dir='ltr'><strong>llis</strong></span> <span class='ocrx_word' id='word_1_304' title='bbox 1850 1039 1922 1066; x_wconf 79' lang='lat' dir='ltr'><strong>ergo</strong></span> 
     </span>
    </p>
   </div>
   <div class='ocr_carea' id='block_1_55' title="bbox 1124 1078 1923 1112">
    <p class='ocr_par' dir='ltr' id='par_1_55' title="bbox 1124 1078 1923 1112">
     <span class='ocr_line' id='line_1_57' title="bbox 1124 1078 1923 1112; baseline -0.009 -3"><span class='ocrx_word' id='word_1_305' title='bbox 1124 1082 1206 1109; x_wconf 86' lang='lat' dir='ltr'><strong>tantis</strong></span> <span class='ocrx_word' id='word_1_306' title='bbox 1218 1081 1367 1108; x_wconf 86' lang='lat' dir='ltr'><strong>virtutibus</strong></span> <span class='ocrx_word' id='word_1_307' title='bbox 1379 1079 1485 1107; x_wconf 88' lang='lat' dir='ltr'><strong>ﬁrmata</strong></span> <span class='ocrx_word' id='word_1_308' title='bbox 1505 1078 1663 1106; x_wconf 88' lang='lat' dir='ltr'><strong>obedientia</strong></span> <span class='ocrx_word' id='word_1_309' title='bbox 1679 1084 1845 1112; x_wconf 81' lang='lat' dir='ltr'><strong>magnopere</strong></span> <span class='ocrx_word' id='word_1_310' title='bbox 1858 1083 1923 1103; x_wconf 80' lang='lat' dir='ltr'><strong>ma-</strong></span> 
     </span>
    </p>
   </div>
   <div class='ocr_carea' id='block_1_56' title="bbox 1123 1125 1487 1164">
    <p class='ocr_par' dir='ltr' id='par_1_56' title="bbox 1123 1125 1487 1164">
     <span class='ocr_line' id='line_1_58' title="bbox 1123 1125 1487 1164; baseline 0 -12"><span class='ocrx_word' id='word_1_311' title='bbox 1123 1133 1232 1162; x_wconf 79' lang='lat' dir='ltr'><strong>gnoque</strong></span> <span class='ocrx_word' id='word_1_312' title='bbox 1247 1125 1339 1153; x_wconf 88' lang='lat' dir='ltr'><strong>studio</strong></span> <span class='ocrx_word' id='word_1_313' title='bbox 1349 1129 1487 1164; x_wconf 77' lang='lat' dir='ltr'><strong>teneatur.</strong></span> 
     </span>
    </p>
   </div>
   <div class='ocr_carea' id='block_1_57' title="bbox 1435 1167 1602 1196">
    <p class='ocr_par' dir='ltr' id='par_1_57' title="bbox 1435 1167 1602 1196">
     <span class='ocr_line' id='line_1_59' title="bbox 1435 1167 1602 1196; baseline -0.012 0"><span class='ocrx_word' id='word_1_314' title='bbox 1435 1168 1548 1196; x_wconf 82' lang='lat' dir='ltr'><strong>CAPUT</strong></span> <span class='ocrx_word' id='word_1_315' title='bbox 1569 1167 1602 1194; x_wconf 85' lang='lat' dir='ltr'><strong>V.</strong></span> 
     </span>
    </p>
   </div>
   <div class='ocr_carea' id='block_1_58' title="bbox 1123 1211 1921 1248">
    <p class='ocr_par' dir='ltr' id='par_1_58' title="bbox 1123 1211 1921 1248">
     <span class='ocr_line' id='line_1_60' title="bbox 1123 1211 1921 1248; baseline -0.008 -4"><span class='ocrx_word' id='word_1_316' title='bbox 1123 1217 1258 1244; x_wconf 77' lang='lat' dir='ltr'><strong>Macarius</strong></span> <span class='ocrx_word' id='word_1_317' title='bbox 1272 1217 1357 1244; x_wconf 71' lang='lat' dir='ltr'><strong>dixit:</strong></span> <span class='ocrx_word' id='word_1_318' title='bbox 1371 1214 1492 1248; x_wconf 82' lang='lat' dir='ltr'><strong>Qualiter</strong></span> <span class='ocrx_word' id='word_1_319' title='bbox 1506 1212 1646 1248; x_wconf 84' lang='lat' dir='ltr'><strong>spirituale</strong></span> <span class='ocrx_word' id='word_1_320' title='bbox 1662 1212 1814 1240; x_wconf 60' lang='lat' dir='ltr'><strong>exercitium</strong></span> <span class='ocrx_word' id='word_1_321' title='bbox 1830 1211 1863 1239; x_wconf 85' lang='lat' dir='ltr'><strong>ab</strong></span> <span class='ocrx_word' id='word_1_322' title='bbox 1877 1213 1921 1240; x_wconf 72' lang='lat' dir='ltr'><strong>his</strong></span> 
     </span>
    </p>
   </div>
   <div class='ocr_carea' id='block_1_59' title="bbox 1291 1249 1757 1286">
    <p class='ocr_par' dir='ltr' id='par_1_59' title="bbox 1291 1249 1757 1286">
     <span class='ocr_line' id='line_1_61' title="bbox 1291 1249 1757 1286; baseline -0.011 -7"><span class='ocrx_word' id='word_1_323' title='bbox 1291 1252 1336 1286; x_wconf 82' lang='lat' dir='ltr'><strong>qui</strong></span> <span class='ocrx_word' id='word_1_324' title='bbox 1355 1254 1471 1286; x_wconf 66' lang='lat' dir='ltr'><strong>praesunt</strong></span> <span class='ocrx_word' id='word_1_325' title='bbox 1482 1249 1608 1276; x_wconf 78' lang='lat' dir='ltr'><strong>Patribus</strong></span> <span class='ocrx_word' id='word_1_326' title='bbox 1626 1252 1757 1275; x_wconf 86' lang='lat' dir='ltr'><strong>teneatur.</strong></span> 
     </span>
    </p>
   </div>
   <div class='ocr_carea' id='block_1_60' title="bbox 1159 1293 1923 1331">
    <p class='ocr_par' dir='ltr' id='par_1_60' title="bbox 1159 1293 1923 1331">
     <span class='ocr_line' id='line_1_62' title="bbox 1159 1293 1923 1331; baseline -0.007 -5"><span class='ocrx_word' id='word_1_327' title='bbox 1159 1297 1294 1331; x_wconf 86' lang='lat' dir='ltr'><strong>Quoniam</strong></span> <span class='ocrx_word' id='word_1_328' title='bbox 1308 1297 1424 1324; x_wconf 90' lang='lat' dir='ltr'><strong>fratrum</strong></span> <span class='ocrx_word' id='word_1_329' title='bbox 1443 1295 1560 1330; x_wconf 83' lang='lat' dir='ltr'><strong>insignia</strong></span> <span class='ocrx_word' id='word_1_330' title='bbox 1573 1294 1718 1325; x_wconf 85' lang='lat' dir='ltr'><strong>virtutum,</strong></span> <span class='ocrx_word' id='word_1_331' title='bbox 1731 1293 1923 1321; x_wconf 84' lang='lat' dir='ltr'><strong>habitationes</strong></span> 
     </span>
    </p>
   </div>
   <div class='ocr_carea' id='block_1_61' title="bbox 1123 1337 1914 1376">
    <p class='ocr_par' dir='ltr' id='par_1_61' title="bbox 1123 1337 1914 1376">
     <span class='ocr_line' id='line_1_63' title="bbox 1123 1337 1914 1376; baseline -0.009 -7"><span class='ocrx_word' id='word_1_332' title='bbox 1123 1349 1243 1376; x_wconf 89' lang='lat' dir='ltr'><strong>quoque,</strong></span> <span class='ocrx_word' id='word_1_333' title='bbox 1254 1341 1297 1368; x_wconf 87' lang='lat' dir='ltr'><strong>vel</strong></span> <span class='ocrx_word' id='word_1_334' title='bbox 1308 1339 1464 1367; x_wconf 77' lang='lat' dir='ltr'><strong>obedientia</strong></span> <span class='ocrx_word' id='word_1_335' title='bbox 1476 1338 1603 1373; x_wconf 88' lang='lat' dir='ltr'><strong>superius</strong></span> <span class='ocrx_word' id='word_1_336' title='bbox 1616 1337 1769 1371; x_wconf 83' lang='lat' dir='ltr'><strong>conscripta</strong></span> <span class='ocrx_word' id='word_1_337' title='bbox 1785 1341 1850 1363; x_wconf 86' lang='lat' dir='ltr'><strong>sunt</strong></span> <span class='ocrx_word' id='word_1_338' title='bbox 1861 1337 1914 1370; x_wconf 79' lang='lat'><strong>(5),</strong></span> 
     </span>
    </p>
   </div>
   <div class='ocr_carea' id='block_1_62' title="bbox 1124 1381 1912 1420">
    <p class='ocr_par' dir='ltr' id='par_1_62' title="bbox 1124 1381 1912 1420">
     <span class='ocr_line' id='line_1_64' title="bbox 1124 1381 1912 1420; baseline -0.009 -7"><span class='ocrx_word' id='word_1_339' title='bbox 1124 1394 1198 1414; x_wconf 92' lang='lat' dir='ltr'><strong>nunc</strong></span> <span class='ocrx_word' id='word_1_340' title='bbox 1213 1385 1333 1420; x_wconf 84' lang='lat' dir='ltr'><strong>qualiter</strong></span> <span class='ocrx_word' id='word_1_341' title='bbox 1350 1383 1491 1419; x_wconf 88' lang='lat' dir='ltr'><strong>spirituale</strong></span> <span class='ocrx_word' id='word_1_342' title='bbox 1501 1381 1662 1409; x_wconf 75' lang='lat' dir='ltr'><strong>exercitium</strong></span> <span class='ocrx_word' id='word_1_343' title='bbox 1674 1381 1709 1408; x_wconf 87' lang='lat' dir='ltr'><strong>ab</strong></span> <span class='ocrx_word' id='word_1_344' title='bbox 1721 1381 1764 1407; x_wconf 89' lang='lat' dir='ltr'><strong>his</strong></span> <span class='ocrx_word' id='word_1_345' title='bbox 1772 1381 1819 1415; x_wconf 88' lang='lat' dir='ltr'><strong>qui</strong></span> <span class='ocrx_word' id='word_1_346' title='bbox 1836 1389 1912 1415; x_wconf 67' lang='lat' dir='ltr'><strong>pra:-</strong></span> 
     </span>
    </p>
   </div>
   <div class='ocr_carea' id='block_1_63' title="bbox 1087 1426 1922 1462">
    <p class='ocr_par' dir='ltr' id='par_1_63' title="bbox 1087 1426 1922 1462">
     <span class='ocr_line' id='line_1_65' title="bbox 1087 1426 1922 1462; baseline -0.005 -5"><span class='ocrx_word' id='word_1_347' title='bbox 1087 1427 1110 1456; x_wconf 92' lang='lat' dir='ltr'><strong>B</strong></span> <span class='ocrx_word' id='word_1_348' title='bbox 1125 1435 1189 1458; x_wconf 91' lang='lat' dir='ltr'><strong>sunt</strong></span> <span class='ocrx_word' id='word_1_349' title='bbox 1204 1430 1333 1458; x_wconf 84' lang='lat' dir='ltr'><strong>Patribus</strong></span> <span class='ocrx_word' id='word_1_350' title='bbox 1362 1433 1504 1461; x_wconf 88' lang='lat' dir='ltr'><strong>teneatur,</strong></span> <span class='ocrx_word' id='word_1_351' title='bbox 1521 1428 1577 1455; x_wconf 88' lang='lat' dir='ltr'><strong>Deo</strong></span> <span class='ocrx_word' id='word_1_352' title='bbox 1591 1427 1705 1462; x_wconf 87' lang='lat' dir='ltr'><strong>juvante</strong></span> <span class='ocrx_word' id='word_1_353' title='bbox 1725 1426 1922 1454; x_wconf 88' lang='lat' dir='ltr'><strong>ostendamus.</strong></span> 
     </span>
    </p>
   </div>
   <div class='ocr_carea' id='block_1_64' title="bbox 1127 1473 1924 1510">
    <p class='ocr_par' dir='ltr' id='par_1_64' title="bbox 1127 1473 1924 1510">
     <span class='ocr_line' id='line_1_66' title="bbox 1127 1473 1924 1510; baseline -0.005 -7"><span class='ocrx_word' id='word_1_354' title='bbox 1127 1475 1251 1506; x_wconf 85' lang='lat' dir='ltr'><strong>Debetis.</strong></span> <span class='ocrx_word' id='word_1_355' title='bbox 1268 1475 1315 1509; x_wconf 87' lang='lat' dir='ltr'><strong>qui</strong></span> <span class='ocrx_word' id='word_1_356' title='bbox 1333 1475 1460 1510; x_wconf 72' lang='lat' dir='ltr'><strong>prazestis</strong></span> <span class='ocrx_word' id='word_1_357' title='bbox 1471 1474 1577 1505; x_wconf 84' lang='lat' dir='ltr'><strong>Patres,</strong></span> <span class='ocrx_word' id='word_1_358' title='bbox 1590 1473 1659 1500; x_wconf 87' lang='lat' dir='ltr'><strong>tales</strong></span> <span class='ocrx_word' id='word_1_359' title='bbox 1671 1480 1720 1499; x_wconf 85' lang='lat' dir='ltr'><strong>vos</strong></span> <span class='ocrx_word' id='word_1_360' title='bbox 1732 1473 1875 1505; x_wconf 69' lang='lat' dir='ltr'><strong>exhibere,</strong></span> <span class='ocrx_word' id='word_1_361' title='bbox 1890 1477 1924 1499; x_wconf 89' lang='lat' dir='ltr'><strong>ut</strong></span> 
     </span>
    </p>
   </div>
   <div class='ocr_carea' id='block_1_65' title="bbox 1125 1517 1921 1555">
    <p class='ocr_par' dir='ltr' id='par_1_65' title="bbox 1125 1517 1921 1555">
     <span class='ocr_line' id='line_1_67' title="bbox 1125 1517 1921 1555; baseline -0.004 -7"><span class='ocrx_word' id='word_1_362' title='bbox 1125 1521 1274 1555; x_wconf 82' lang='lat' dir='ltr'><strong>Apostolus</strong></span> <span class='ocrx_word' id='word_1_363' title='bbox 1288 1520 1346 1546; x_wconf 85' lang='lat' dir='ltr'><strong>ait:</strong></span> <span class='ocrx_word' id='word_1_364' title='bbox 1362 1519 1454 1546; x_wconf 83' lang='lat' dir='ltr'><strong>Estote</strong></span> <span class='ocrx_word' id='word_1_365' title='bbox 1479 1520 1565 1553; x_wconf 85' lang='lat' dir='ltr'><strong>forma</strong></span> <span class='ocrx_word' id='word_1_366' title='bbox 1588 1518 1750 1544; x_wconf 81' lang='lat' dir='ltr'><strong>credentibus</strong></span> <span class='ocrx_word' id='word_1_367' title='bbox 1758 1518 1780 1549; x_wconf 79' lang='grc'><strong>³,</strong></span> <span class='ocrx_word' id='word_1_368' title='bbox 1796 1517 1849 1544; x_wconf 86' lang='lat' dir='ltr'><strong>hoc</strong></span> <span class='ocrx_word' id='word_1_369' title='bbox 1865 1523 1921 1549; x_wconf 82' lang='lat' dir='ltr'><strong>est,</strong></span> 
     </span>
    </p>
   </div>
   <div class='ocr_carea' id='block_1_66' title="bbox 1127 1564 1921 1601">
    <p class='ocr_par' dir='ltr' id='par_1_66' title="bbox 1127 1564 1921 1601">
     <span class='ocr_line' id='line_1_68' title="bbox 1127 1564 1921 1601; baseline -0.004 -7"><span class='ocrx_word' id='word_1_370' title='bbox 1127 1572 1159 1594; x_wconf 93' lang='lat' dir='ltr'><strong>ut</strong></span> <span class='ocrx_word' id='word_1_371' title='bbox 1174 1575 1222 1601; x_wconf 88' lang='lat' dir='ltr'><strong>per</strong></span> <span class='ocrx_word' id='word_1_372' title='bbox 1237 1566 1399 1601; x_wconf 87' lang='lat' dir='ltr'><strong>qualitatem</strong></span> <span class='ocrx_word' id='word_1_373' title='bbox 1425 1565 1545 1600; x_wconf 73' lang='lat' dir='ltr'><strong>mystica:</strong></span> <span class='ocrx_word' id='word_1_374' title='bbox 1564 1564 1675 1599; x_wconf 83' lang='lat' dir='ltr'><strong>pietatis</strong></span> <span class='ocrx_word' id='word_1_375' title='bbox 1698 1567 1726 1590; x_wconf 90' lang='lat' dir='ltr'><strong>et</strong></span> <span class='ocrx_word' id='word_1_376' title='bbox 1750 1564 1921 1596; x_wconf 84' lang='lat' dir='ltr'><strong>severitatis,</strong></span> 
     </span>
    </p>
   </div>
   <div class='ocr_carea' id='block_1_67' title="bbox 1126 1608 1921 1643">
    <p class='ocr_par' dir='ltr' id='par_1_67' title="bbox 1126 1608 1921 1643">
     <span class='ocr_line' id='line_1_69' title="bbox 1126 1608 1921 1643; baseline -0.006 -4"><span class='ocrx_word' id='word_1_377' title='bbox 1126 1613 1245 1640; x_wconf 84' lang='lat' dir='ltr'><strong>fratrum</strong></span> <span class='ocrx_word' id='word_1_378' title='bbox 1266 1611 1375 1638; x_wconf 88' lang='lat' dir='ltr'><strong>animos</strong></span> <span class='ocrx_word' id='word_1_379' title='bbox 1390 1610 1424 1637; x_wconf 89' lang='lat' dir='ltr'><strong>ad</strong></span> <span class='ocrx_word' id='word_1_380' title='bbox 1447 1609 1571 1637; x_wconf 64' lang='lat' dir='ltr'><strong>coelestia</strong></span> <span class='ocrx_word' id='word_1_381' title='bbox 1596 1608 1631 1635; x_wconf 91' lang='lat' dir='ltr'><strong>de</strong></span> <span class='ocrx_word' id='word_1_382' title='bbox 1653 1608 1772 1635; x_wconf 89' lang='lat' dir='ltr'><strong>terrenis</strong></span> <span class='ocrx_word' id='word_1_383' title='bbox 1794 1608 1921 1643; x_wconf 83' lang='lat' dir='ltr'><strong>erigatis,</strong></span> 
     </span>
    </p>
   </div>
   <div class='ocr_carea' id='block_1_68' title="bbox 1127 1653 1922 1691">
    <p class='ocr_par' dir='ltr' id='par_1_68' title="bbox 1127 1653 1922 1691">
     <span class='ocr_line' id='line_1_70' title="bbox 1127 1653 1922 1691; baseline -0.008 -6"><span class='ocrx_word' id='word_1_384' title='bbox 1127 1658 1239 1685; x_wconf 85' lang='lat' dir='ltr'><strong>dicente</strong></span> <span class='ocrx_word' id='word_1_385' title='bbox 1265 1655 1397 1691; x_wconf 81' lang='lat' dir='ltr'><strong>Apostolo</strong></span> <span class='ocrx_word' id='word_1_386' title='bbox 1417 1663 1424 1682; x_wconf 89' lang='lat'><strong>:</strong></span> <span class='ocrx_word' id='word_1_387' title='bbox 1447 1654 1545 1689; x_wconf 79' lang='lat' dir='ltr'><strong>Argue,</strong></span> <span class='ocrx_word' id='word_1_388' title='bbox 1571 1653 1688 1684; x_wconf 76' lang='lat' dir='ltr'><strong>obsecra,</strong></span> <span class='ocrx_word' id='word_1_389' title='bbox 1712 1653 1831 1687; x_wconf 78' lang='lat' dir='ltr'><strong>increpa,</strong></span> <span class='ocrx_word' id='word_1_390' title='bbox 1860 1661 1922 1680; x_wconf 85' lang='lat' dir='ltr'><strong>cum</strong></span> 
     </span>
    </p>
   </div>
   <div class='ocr_carea' id='block_1_69' title="bbox 1127 1697 1920 1737">
    <p class='ocr_par' dir='ltr' id='par_1_69' title="bbox 1127 1697 1920 1737">
     <span class='ocr_line' id='line_1_71' title="bbox 1127 1697 1920 1737; baseline -0.008 -7"><span class='ocrx_word' id='word_1_391' title='bbox 1127 1703 1199 1730; x_wconf 89' lang='lat' dir='ltr'><strong>omni</strong></span> <span class='ocrx_word' id='word_1_392' title='bbox 1223 1701 1351 1737; x_wconf 82' lang='lat' dir='ltr'><strong>patientia</strong></span> <span class='ocrx_word' id='word_1_393' title='bbox 1380 1704 1405 1726; x_wconf 85' lang='lat' dir='ltr'><strong>et</strong></span> <span class='ocrx_word' id='word_1_394' title='bbox 1427 1699 1549 1726; x_wconf 84' lang='lat' dir='ltr'><strong>doctrina</strong></span> <span class='ocrx_word' id='word_1_395' title='bbox 1560 1699 1580 1725; x_wconf 72' lang='grc' dir='ltr'><strong>ν.</strong></span> <span class='ocrx_word' id='word_1_396' title='bbox 1595 1698 1629 1725; x_wconf 82' lang='grc' dir='ltr'>Ει</span> <span class='ocrx_word' id='word_1_397' title='bbox 1655 1697 1709 1724; x_wconf 81' lang='lat' dir='ltr'><strong>alio</strong></span> <span class='ocrx_word' id='word_1_398' title='bbox 1726 1698 1787 1725; x_wconf 89' lang='lat' dir='ltr'><strong>loco</strong></span> <span class='ocrx_word' id='word_1_399' title='bbox 1810 1697 1920 1732; x_wconf 91' lang='lat' dir='ltr'><strong>inquit:</strong></span> 
     </span>
    </p>
   </div>
   <div class='ocr_carea' id='block_1_70' title="bbox 1129 1746 1922 1783">
    <p class='ocr_par' dir='ltr' id='par_1_70' title="bbox 1129 1746 1922 1783">
     <span class='ocr_line' id='line_1_72' title="bbox 1129 1746 1922 1783; baseline -0.005 -6"><span class='ocrx_word' id='word_1_400' title='bbox 1129 1749 1198 1783; x_wconf 84' lang='lat' dir='ltr'><strong>Quid</strong></span> <span class='ocrx_word' id='word_1_401' title='bbox 1211 1749 1350 1778; x_wconf 80' lang='lat' dir='ltr'><strong>vultis?in</strong></span> <span class='ocrx_word' id='word_1_402' title='bbox 1363 1749 1437 1783; x_wconf 82' lang='lat' dir='ltr'><strong>uirga</strong></span> <span class='ocrx_word' id='word_1_403' title='bbox 1466 1747 1572 1774; x_wconf 75' lang='lat' dir='ltr'><strong>veniam</strong></span> <span class='ocrx_word' id='word_1_404' title='bbox 1595 1746 1629 1773; x_wconf 80' lang='lat' dir='ltr'><strong>ad</strong></span> <span class='ocrx_word' id='word_1_405' title='bbox 1647 1754 1705 1777; x_wconf 73' lang='lat' dir='ltr'><strong>vos,</strong></span> <span class='ocrx_word' id='word_1_406' title='bbox 1721 1753 1757 1772; x_wconf 86' lang='lat' dir='ltr'><strong>an</strong></span> <span class='ocrx_word' id='word_1_407' title='bbox 1771 1746 1799 1772; x_wconf 88' lang='lat' dir='ltr'><strong>in</strong></span> <span class='ocrx_word' id='word_1_408' title='bbox 1822 1747 1922 1780; x_wconf 77' lang='lat' dir='ltr'><strong>spiritu</strong></span> 
     </span>
    </p>
   </div>
   <div class='ocr_carea' id='block_1_71' title="bbox 1128 1790 1923 1825">
    <p class='ocr_par' dir='ltr' id='par_1_71' title="bbox 1128 1790 1923 1825">
     <span class='ocr_line' id='line_1_73' title="bbox 1128 1790 1923 1825; baseline -0.011 0"><span class='ocrx_word' id='word_1_409' title='bbox 1128 1794 1384 1825; x_wconf 70' lang='lat' dir='ltr'><strong>mansuetudinis”?</strong></span> <span class='ocrx_word' id='word_1_410' title='bbox 1400 1792 1608 1820; x_wconf 88' lang='lat' dir='ltr'><strong>Deeernendum</strong></span> <span class='ocrx_word' id='word_1_411' title='bbox 1623 1796 1665 1818; x_wconf 85' lang='lat' dir='ltr'><strong>est</strong></span> <span class='ocrx_word' id='word_1_412' title='bbox 1682 1791 1716 1818; x_wconf 86' lang='lat' dir='ltr'><strong>ab</strong></span> <span class='ocrx_word' id='word_1_413' title='bbox 1730 1790 1777 1817; x_wconf 90' lang='lat' dir='ltr'><strong>illo</strong></span> <span class='ocrx_word' id='word_1_414' title='bbox 1791 1791 1838 1825; x_wconf 93' lang='lat' dir='ltr'><strong>qui</strong></span> <span class='ocrx_word' id='word_1_415' title='bbox 1851 1799 1923 1825; x_wconf 70' lang='lat' dir='ltr'><strong>pra:-</strong></span> 
     </span>
    </p>
   </div>
   <div class='ocr_carea' id='block_1_72' title="bbox 1127 1837 1920 1878">
    <p class='ocr_par' dir='ltr' id='par_1_72' title="bbox 1127 1837 1920 1878">
     <span class='ocr_line' id='line_1_74' title="bbox 1127 1837 1920 1878; baseline -0.01 -7"><span class='ocrx_word' id='word_1_416' title='bbox 1127 1847 1181 1876; x_wconf 87' lang='lat' dir='ltr'><strong>est,</strong></span> <span class='ocrx_word' id='word_1_417' title='bbox 1194 1842 1311 1878; x_wconf 85' lang='lat' dir='ltr'><strong>qualiter</strong></span> <span class='ocrx_word' id='word_1_418' title='bbox 1323 1840 1396 1867; x_wconf 87' lang='lat' dir='ltr'><strong>circa</strong></span> <span class='ocrx_word' id='word_1_419' title='bbox 1409 1838 1530 1874; x_wconf 78' lang='lat' dir='ltr'><strong>singulos</strong></span> <span class='ocrx_word' id='word_1_420' title='bbox 1542 1838 1641 1865; x_wconf 84' lang='lat' dir='ltr'><strong>debeat</strong></span> <span class='ocrx_word' id='word_1_421' title='bbox 1654 1837 1765 1872; x_wconf 82' lang='lat' dir='ltr'><strong>pietatis</strong></span> <span class='ocrx_word' id='word_1_422' title='bbox 1788 1837 1920 1864; x_wconf 74' lang='lat' dir='ltr'><strong>aifectum</strong></span> 
     </span>
    </p>
   </div>
   <div class='ocr_carea' id='block_1_73' title="bbox 1129 1882 1918 1920">
    <p class='ocr_par' dir='ltr' id='par_1_73' title="bbox 1129 1882 1918 1920">
     <span class='ocr_line' id='line_1_75' title="bbox 1129 1882 1918 1920; baseline -0.011 -3"><span class='ocrx_word' id='word_1_423' title='bbox 1129 1892 1300 1920; x_wconf 86' lang='lat' dir='ltr'><strong>monstrare;</strong></span> <span class='ocrx_word' id='word_1_424' title='bbox 1320 1891 1348 1914; x_wconf 93' lang='lat' dir='ltr'><strong>et</strong></span> <span class='ocrx_word' id='word_1_425' title='bbox 1366 1885 1486 1920; x_wconf 88' lang='lat' dir='ltr'><strong>qualiter</strong></span> <span class='ocrx_word' id='word_1_426' title='bbox 1502 1888 1597 1911; x_wconf 85' lang='lat' dir='ltr'><strong>tenere</strong></span> <span class='ocrx_word' id='word_1_427' title='bbox 1617 1883 1717 1910; x_wconf 80' lang='lat' dir='ltr'><strong>debeat</strong></span> <span class='ocrx_word' id='word_1_428' title='bbox 1732 1882 1918 1917; x_wconf 84' lang='lat' dir='ltr'><strong>disciplinam,</strong></span> 
     </span>
    </p>
   </div>
   <div class='ocr_carea' id='block_1_74' title="bbox 1129 1928 1919 1963">
    <p class='ocr_par' dir='ltr' id='par_1_74' title="bbox 1129 1928 1919 1963">
     <span class='ocr_line' id='line_1_76' title="bbox 1129 1928 1919 1963; baseline -0.01 -1"><span class='ocrx_word' id='word_1_429' title='bbox 1129 1942 1184 1962; x_wconf 90' lang='lat' dir='ltr'><strong>non</strong></span> <span class='ocrx_word' id='word_1_430' title='bbox 1209 1934 1354 1961; x_wconf 88' lang='lat' dir='ltr'><strong>immemor</strong></span> <span class='ocrx_word' id='word_1_431' title='bbox 1381 1930 1489 1958; x_wconf 90' lang='lat' dir='ltr'><strong>Domini</strong></span> <span class='ocrx_word' id='word_1_432' title='bbox 1515 1928 1654 1956; x_wconf 85' lang='lat' dir='ltr'><strong>dicentis:</strong></span> <span class='ocrx_word' id='word_1_433' title='bbox 1670 1928 1702 1955; x_wconf 83' lang='lat' dir='ltr'><strong>In</strong></span> <span class='ocrx_word' id='word_1_434' title='bbox 1726 1937 1778 1963; x_wconf 91' lang='lat' dir='ltr'><strong>qua</strong></span> <span class='ocrx_word' id='word_1_435' title='bbox 1793 1936 1919 1955; x_wconf 79' lang='lat' dir='ltr'><strong>mensura</strong></span> 
     </span>
    </p>
   </div>
   <div class='ocr_carea' id='block_1_75' title="bbox 1131 1975 1634 2012">
    <p class='ocr_par' dir='ltr' id='par_1_75' title="bbox 1131 1975 1634 2012">
     <span class='ocr_line' id='line_1_77' title="bbox 1131 1975 1634 2012; baseline -0.014 -5"><span class='ocrx_word' id='word_1_436' title='bbox 1131 1980 1212 2007; x_wconf 76' lang='lat' dir='ltr'><strong>mensi</strong></span> <span class='ocrx_word' id='word_1_437' title='bbox 1226 1978 1338 2012; x_wconf 81' lang='lat' dir='ltr'><strong>fueritis,</strong></span> <span class='ocrx_word' id='word_1_438' title='bbox 1356 1976 1509 2004; x_wconf 84' lang='lat' dir='ltr'><strong>remetietur</strong></span> <span class='ocrx_word' id='word_1_439' title='bbox 1519 1975 1589 2002; x_wconf 72' lang='lat' dir='ltr'><strong>vobis</strong></span> <span class='ocrx_word' id='word_1_440' title='bbox 1600 1975 1634 2002; x_wconf 81' lang='lat'><strong>”.</strong></span> 
     </span>
    </p>
   </div>
   <div class='ocr_carea' id='block_1_76' title="bbox 1439 2021 1609 2048">
    <p class='ocr_par' dir='ltr' id='par_1_76' title="bbox 1439 2021 1609 2048">
     <span class='ocr_line' id='line_1_78' title="bbox 1439 2021 1609 2048; baseline -0.006 0"><span class='ocrx_word' id='word_1_441' title='bbox 1439 2021 1550 2048; x_wconf 81' lang='lat' dir='ltr'><strong>CAPUT</strong></span> <span class='ocrx_word' id='word_1_442' title='bbox 1565 2021 1609 2048; x_wconf 82' lang='lat' dir='ltr'><strong>Vl.</strong></span> 
     </span>
    </p>
   </div>
   <div class='ocr_carea' id='block_1_77' title="bbox 1166 2066 1885 2105">
    <p class='ocr_par' dir='ltr' id='par_1_77' title="bbox 1166 2066 1885 2105">
     <span class='ocr_line' id='line_1_79' title="bbox 1166 2066 1885 2105; baseline -0.008 -7"><span class='ocrx_word' id='word_1_443' title='bbox 1166 2071 1240 2098; x_wconf 80' lang='lat' dir='ltr'><strong>Idem</strong></span> <span class='ocrx_word' id='word_1_444' title='bbox 1251 2071 1316 2105; x_wconf 80' lang='lat' dir='ltr'><strong>ipse,</strong></span> <span class='ocrx_word' id='word_1_445' title='bbox 1333 2069 1364 2096; x_wconf 87' lang='lat' dir='ltr'><strong>Ut</strong></span> <span class='ocrx_word' id='word_1_446' title='bbox 1379 2069 1404 2095; x_wconf 89' lang='lat' dir='ltr'><strong>in</strong></span> <span class='ocrx_word' id='word_1_447' title='bbox 1423 2067 1542 2105; x_wconf 75' lang='lat' dir='ltr'><strong>oratione</strong></span> <span class='ocrx_word' id='word_1_448' title='bbox 1558 2067 1704 2105; x_wconf 77' lang='lat' dir='ltr'><strong>astantibus</strong></span> <span class='ocrx_word' id='word_1_449' title='bbox 1721 2066 1810 2093; x_wconf 82' lang='lat' dir='ltr'><strong>nullus</strong></span> <span class='ocrx_word' id='word_1_450' title='bbox 1828 2066 1885 2092; x_wconf 79' lang='lat' dir='ltr'><strong>sine</strong></span> 
     </span>
    </p>
   </div>
   <div class='ocr_carea' id='block_1_78' title="bbox 1261 2102 1786 2140">
    <p class='ocr_par' dir='ltr' id='par_1_78' title="bbox 1261 2102 1786 2140">
     <span class='ocr_line' id='line_1_80' title="bbox 1261 2102 1786 2140; baseline -0.008 -8"><span class='ocrx_word' id='word_1_451' title='bbox 1261 2102 1389 2140; x_wconf 68' lang='lat' dir='ltr'><strong>prwceplo</strong></span> <span class='ocrx_word' id='word_1_452' title='bbox 1402 2103 1502 2130; x_wconf 78' lang='lat' dir='ltr'><strong>abbatis</strong></span> <span class='ocrx_word' id='word_1_453' title='bbox 1516 2102 1647 2137; x_wconf 83' lang='lat' dir='ltr'><strong>psalmum</strong></span> <span class='ocrx_word' id='word_1_454' title='bbox 1657 2103 1786 2136; x_wconf 81' lang='lat' dir='ltr'><strong>imponat.</strong></span> 
     </span>
    </p>
   </div>
   <div class='ocr_carea' id='block_1_79' title="bbox 1165 2147 1922 2183">
    <p class='ocr_par' dir='ltr' id='par_1_79' title="bbox 1165 2147 1922 2183">
     <span class='ocr_line' id='line_1_81' title="bbox 1165 2147 1922 2183; baseline -0.009 -4"><span class='ocrx_word' id='word_1_455' title='bbox 1165 2149 1325 2179; x_wconf 84' lang='lat' dir='ltr'><strong>Astantibus</strong></span> <span class='ocrx_word' id='word_1_456' title='bbox 1349 2155 1415 2183; x_wconf 77' lang='lat' dir='ltr'><strong>ergo</strong></span> <span class='ocrx_word' id='word_1_457' title='bbox 1435 2147 1468 2174; x_wconf 85' lang='lat' dir='ltr'><strong>ad</strong></span> <span class='ocrx_word' id='word_1_458' title='bbox 1492 2147 1644 2174; x_wconf 89' lang='lat' dir='ltr'><strong>orationem</strong></span> <span class='ocrx_word' id='word_1_459' title='bbox 1663 2147 1756 2173; x_wconf 93' lang='lat' dir='ltr'><strong>nullus</strong></span> <span class='ocrx_word' id='word_1_460' title='bbox 1772 2151 1922 2181; x_wconf 66' lang='lat' dir='ltr'><strong>praesumat</strong></span> 
     </span>
    </p>
   </div>
   <div class='ocr_carea' id='block_1_80' title="bbox 1129 2190 1920 2231">
    <p class='ocr_par' dir='ltr' id='par_1_80' title="bbox 1129 2190 1920 2231">
     <span class='ocr_line' id='line_1_82' title="bbox 1129 2190 1920 2231; baseline -0.01 -6"><span class='ocrx_word' id='word_1_461' title='bbox 1129 2198 1189 2226; x_wconf 86' lang='lat' dir='ltr'><strong>sine</strong></span> <span class='ocrx_word' id='word_1_462' title='bbox 1211 2199 1349 2231; x_wconf 67' lang='lat' dir='ltr'><strong>priecepto</strong></span> <span class='ocrx_word' id='word_1_463' title='bbox 1364 2193 1411 2228; x_wconf 85' lang='lat' dir='ltr'><strong>qui</strong></span> <span class='ocrx_word' id='word_1_464' title='bbox 1437 2196 1536 2227; x_wconf 63' lang='lat' dir='ltr'><strong>praaest</strong></span> <span class='ocrx_word' id='word_1_465' title='bbox 1559 2191 1661 2220; x_wconf 83' lang='lat' dir='ltr'><strong>Patris,</strong></span> <span class='ocrx_word' id='word_1_466' title='bbox 1680 2191 1780 2223; x_wconf 87' lang='lat' dir='ltr'><strong>psalmi</strong></span> <span class='ocrx_word' id='word_1_467' title='bbox 1810 2190 1920 2218; x_wconf 90' lang='lat' dir='ltr'><strong>laudem</strong></span> 
     </span>
    </p>
   </div>
   <div class='ocr_carea' id='block_1_81' title="bbox 1129 2235 1922 2272">
    <p class='ocr_par' dir='ltr' id='par_1_81' title="bbox 1129 2235 1922 2272">
     <span class='ocr_line' id='line_1_83' title="bbox 1129 2235 1922 2272; baseline -0.01 0"><span class='ocrx_word' id='word_1_468' title='bbox 1129 2244 1268 2272; x_wconf 83' lang='lat' dir='ltr'><strong>emittere.</strong></span> <span class='ocrx_word' id='word_1_469' title='bbox 1285 2241 1357 2268; x_wconf 88' lang='lat' dir='ltr'><strong>Ordo</strong></span> <span class='ocrx_word' id='word_1_470' title='bbox 1373 2240 1424 2267; x_wconf 91' lang='lat' dir='ltr'><strong>iste</strong></span> <span class='ocrx_word' id='word_1_471' title='bbox 1445 2241 1580 2268; x_wconf 86' lang='lat' dir='ltr'><strong>teneatur,</strong></span> <span class='ocrx_word' id='word_1_472' title='bbox 1596 2240 1628 2262; x_wconf 87' lang='lat' dir='ltr'><strong>ut</strong></span> <span class='ocrx_word' id='word_1_473' title='bbox 1643 2235 1735 2262; x_wconf 88' lang='lat' dir='ltr'><strong>nullus</strong></span> <span class='ocrx_word' id='word_1_474' title='bbox 1749 2236 1878 2270; x_wconf 86' lang='lat' dir='ltr'><strong>priorem</strong></span> <span class='ocrx_word' id='word_1_475' title='bbox 1893 2237 1922 2264; x_wconf 92' lang='lat' dir='ltr'><strong>in</strong></span> 
     </span>
    </p>
   </div>
   <div class='ocr_carea' id='block_1_82' title="bbox 1130 2280 1924 2317">
    <p class='ocr_par' dir='ltr' id='par_1_82' title="bbox 1130 2280 1924 2317">
     <span class='ocr_line' id='line_1_84' title="bbox 1130 2280 1924 2317; baseline -0.013 0"><span class='ocrx_word' id='word_1_476' title='bbox 1130 2287 1297 2317; x_wconf 86' lang='lat' dir='ltr'><strong>monasterio</strong></span> <span class='ocrx_word' id='word_1_477' title='bbox 1313 2286 1346 2313; x_wconf 90' lang='lat' dir='ltr'><strong>ad</strong></span> <span class='ocrx_word' id='word_1_478' title='bbox 1364 2284 1490 2312; x_wconf 87' lang='lat' dir='ltr'><strong>standum</strong></span> <span class='ocrx_word' id='word_1_479' title='bbox 1503 2283 1544 2309; x_wconf 89' lang='lat' dir='ltr'><strong>vel</strong></span> <span class='ocrx_word' id='word_1_480' title='bbox 1554 2281 1727 2316; x_wconf 82' lang='lat' dir='ltr'><strong>psallendum</strong></span> <span class='ocrx_word' id='word_1_481' title='bbox 1736 2280 1834 2307; x_wconf 89' lang='lat' dir='ltr'><strong>ordine</strong></span> <span class='ocrx_word' id='word_1_482' title='bbox 1849 2290 1924 2316; x_wconf 46' lang='lat' dir='ltr'><strong>pra}</strong></span> 
     </span>
    </p>
   </div>
   <div class='ocr_carea' id='block_1_83' title="bbox 1129 2325 1925 2368">
    <p class='ocr_par' dir='ltr' id='par_1_83' title="bbox 1129 2325 1925 2368">
     <span class='ocr_line' id='line_1_85' title="bbox 1129 2325 1925 2368; baseline -0.011 -6"><span class='ocrx_word' id='word_1_483' title='bbox 1129 2338 1219 2362; x_wconf 84' lang='lat' dir='ltr'><strong>sumat</strong></span> <span class='ocrx_word' id='word_1_484' title='bbox 1236 2331 1401 2368; x_wconf 69' lang='lat' dir='ltr'><strong>prmcedere,</strong></span> <span class='ocrx_word' id='word_1_485' title='bbox 1423 2329 1530 2356; x_wconf 87' lang='lat' dir='ltr'><strong>dicente</strong></span> <span class='ocrx_word' id='word_1_486' title='bbox 1544 2326 1691 2354; x_wconf 85' lang='lat' dir='ltr'><strong>Salomone</strong></span> <span class='ocrx_word' id='word_1_487' title='bbox 1708 2334 1715 2352; x_wconf 89' lang='lat'>:</span> <span class='ocrx_word' id='word_1_488' title='bbox 1732 2325 1791 2357; x_wconf 82' lang='lat' dir='ltr'><strong>Fili,</strong></span> <span class='ocrx_word' id='word_1_489' title='bbox 1815 2327 1925 2359; x_wconf 81' lang='lat' dir='ltr'><strong>prima—</strong></span> 
     </span>
    </p>
   </div>
   <div class='ocr_carea' id='block_1_84' title="bbox 1130 2371 1921 2412">
    <p class='ocr_par' dir='ltr' id='par_1_84' title="bbox 1130 2371 1921 2412">
     <span class='ocr_line' id='line_1_86' title="bbox 1130 2371 1921 2412; baseline -0.011 -5"><span class='ocrx_word' id='word_1_490' title='bbox 1130 2385 1185 2407; x_wconf 86' lang='lat' dir='ltr'><strong>tum</strong></span> <span class='ocrx_word' id='word_1_491' title='bbox 1198 2378 1379 2412; x_wconf 72' lang='lat' dir='ltr'><strong>concupiscere</strong></span> <span class='ocrx_word' id='word_1_492' title='bbox 1394 2375 1448 2402; x_wconf 84' lang='lat' dir='ltr'><strong>noli</strong></span> <span class='ocrx_word' id='word_1_493' title='bbox 1457 2375 1489 2406; x_wconf 84' lang='grc'><strong>¹²,</strong></span> <span class='ocrx_word' id='word_1_494' title='bbox 1500 2387 1535 2393; x_wconf 90' lang='lat'><strong>-——</strong></span> <span class='ocrx_word' id='word_1_495' title='bbox 1547 2379 1630 2407; x_wconf 84' lang='lat' dir='ltr'><strong>neque</strong></span> <span class='ocrx_word' id='word_1_496' title='bbox 1643 2371 1792 2398; x_wconf 84' lang='lat' dir='ltr'><strong>accubueris</strong></span> <span class='ocrx_word' id='word_1_497' title='bbox 1807 2371 1883 2405; x_wconf 87' lang='lat' dir='ltr'><strong>prior</strong></span> <span class='ocrx_word' id='word_1_498' title='bbox 1893 2373 1921 2398; x_wconf 85' lang='lat' dir='ltr'><strong>in</strong></span> 
     </span>
    </p>
   </div>
   <div class='ocr_carea' id='block_1_85' title="bbox 1129 2416 1917 2458">
    <p class='ocr_par' dir='ltr' id='par_1_85' title="bbox 1129 2416 1917 2458">
     <span class='ocr_line' id='line_1_87' title="bbox 1129 2416 1917 2458; baseline -0.014 -5"><span class='ocrx_word' id='word_1_499' title='bbox 1129 2425 1262 2457; x_wconf 80' lang='lat' dir='ltr'><strong>convivio;</strong></span> <span class='ocrx_word' id='word_1_500' title='bbox 1275 2432 1307 2450; x_wconf 91' lang='lat' dir='ltr'><strong>ne</strong></span> <span class='ocrx_word' id='word_1_501' title='bbox 1318 2422 1354 2458; x_wconf 87' lang='lat'><strong>(6)</strong></span> <span class='ocrx_word' id='word_1_502' title='bbox 1372 2422 1459 2448; x_wconf 84' lang='lat' dir='ltr'><strong>veniat</strong></span> <span class='ocrx_word' id='word_1_503' title='bbox 1473 2419 1566 2446; x_wconf 85' lang='lat' dir='ltr'><strong>melior</strong></span> <span class='ocrx_word' id='word_1_504' title='bbox 1579 2422 1614 2449; x_wconf 82' lang='lat' dir='ltr'><strong>te,</strong></span> <span class='ocrx_word' id='word_1_505' title='bbox 1623 2421 1646 2444; x_wconf 81' lang='lat' dir='ltr'><strong>et</strong></span> <span class='ocrx_word' id='word_1_506' title='bbox 1659 2417 1728 2443; x_wconf 83' lang='lat' dir='ltr'><strong>dicat</strong></span> <span class='ocrx_word' id='word_1_507' title='bbox 1742 2416 1787 2443; x_wconf 86' lang='lat' dir='ltr'><strong>tibi</strong></span> <span class='ocrx_word' id='word_1_508' title='bbox 1801 2425 1808 2442; x_wconf 89' lang='lat'>:</span> <span class='ocrx_word' id='word_1_509' title='bbox 1823 2416 1917 2451; x_wconf 71' lang='lat' dir='ltr'><strong>Surge,</strong></span> 
     </span>
    </p>
   </div>
   <div class='ocr_carea' id='block_1_86' title="bbox 1130 2465 1918 2508">
    <p class='ocr_par' dir='ltr' id='par_1_86' title="bbox 1130 2465 1918 2508">
     <span class='ocr_line' id='line_1_88' title="bbox 1130 2465 1918 2508; baseline -0.015 -6"><span class='ocrx_word' id='word_1_510' title='bbox 1130 2478 1154 2502; x_wconf 82' lang='lat' dir='ltr'><strong>et</strong></span> <span class='ocrx_word' id='word_1_511' title='bbox 1169 2473 1348 2508; x_wconf 78' lang='lat' dir='ltr'><strong>confusionem</strong></span> <span class='ocrx_word' id='word_1_512' title='bbox 1363 2469 1476 2506; x_wconf 83' lang='lat' dir='ltr'><strong>patiaris</strong></span> <span class='ocrx_word' id='word_1_513' title='bbox 1488 2469 1516 2495; x_wconf 88' lang='lat' dir='ltr'><strong>in</strong></span> <span class='ocrx_word' id='word_1_514' title='bbox 1531 2467 1572 2493; x_wconf 83' lang='lat' dir='ltr'><strong>die</strong></span> <span class='ocrx_word' id='word_1_515' title='bbox 1588 2466 1636 2493; x_wconf 87' lang='lat' dir='ltr'><strong>illa</strong></span> <span class='ocrx_word' id='word_1_516' title='bbox 1648 2466 1680 2492; x_wconf 88' lang='grc'><strong>¹⁸.</strong></span> <span class='ocrx_word' id='word_1_517' title='bbox 1690 2465 1832 2492; x_wconf 84' lang='lat' dir='ltr'><strong>Etiterum</strong></span> <span class='ocrx_word' id='word_1_518' title='bbox 1847 2465 1918 2492; x_wconf 88' lang='lat' dir='ltr'><strong>dici-</strong></span> 
     </span>
    </p>
   </div>
   <div class='ocr_carea' id='block_1_87' title="bbox 1130 2509 1914 2549">
    <p class='ocr_par' dir='ltr' id='par_1_87' title="bbox 1130 2509 1914 2549">
     <span class='ocr_line' id='line_1_89' title="bbox 1130 2509 1914 2549; baseline -0.014 -3"><span class='ocrx_word' id='word_1_519' title='bbox 1130 2526 1175 2547; x_wconf 89' lang='lat' dir='ltr'><strong>tur</strong></span> <span class='ocrx_word' id='word_1_520' title='bbox 1191 2516 1272 2545; x_wconf 83' lang='lat' dir='ltr'><strong>:Noli</strong></span> <span class='ocrx_word' id='word_1_521' title='bbox 1293 2516 1377 2543; x_wconf 84' lang='lat' dir='ltr'><strong>altum</strong></span> <span class='ocrx_word' id='word_1_522' title='bbox 1397 2520 1502 2549; x_wconf 82' lang='lat' dir='ltr'><strong>sapere,</strong></span> <span class='ocrx_word' id='word_1_523' title='bbox 1517 2512 1561 2538; x_wconf 83' lang='lat' dir='ltr'><strong>sed</strong></span> <span class='ocrx_word' id='word_1_524' title='bbox 1576 2511 1637 2538; x_wconf 88' lang='lat' dir='ltr'><strong>time</strong></span> <span class='ocrx_word' id='word_1_525' title='bbox 1647 2511 1678 2537; x_wconf 78' lang='lat'><strong>“.</strong></span> <span class='ocrx_word' id='word_1_526' title='bbox 1697 2509 1774 2544; x_wconf 84' lang='lat' dir='ltr'><strong>Quod</strong></span> <span class='ocrx_word' id='word_1_527' title='bbox 1790 2510 1812 2537; x_wconf 93' lang='lat' dir='ltr'><strong>si</strong></span> <span class='ocrx_word' id='word_1_528' title='bbox 1830 2509 1914 2536; x_wconf 85' lang='lat' dir='ltr'><strong>tardat</strong></span> 
     </span>
    </p>
   </div>
   <div class='ocr_carea' id='block_1_88' title="bbox 324 2577 1914 2619">
    <p class='ocr_par' dir='ltr' id='par_1_88' title="bbox 324 2577 1914 2619">
     <span class='ocr_line' id='line_1_90' title="bbox 324 2577 1914 2619; baseline -0.001 -9"><span class='ocrx_word' id='word_1_529' title='bbox 324 2584 413 2611; x_wconf 68' lang='lat' dir='ltr'><strong>Il‘sal.</strong></span> <span class='ocrx_word' id='word_1_530' title='bbox 429 2593 510 2617; x_wconf 55' lang='grc' dir='ltr'>χχχιι,</span> <span class='ocrx_word' id='word_1_531' title='bbox 529 2586 555 2613; x_wconf 89' lang='lat'><strong>5.</strong></span> <span class='ocrx_word' id='word_1_532' title='bbox 592 2587 602 2601; x_wconf 77' lang='lat'><strong>’</strong></span> <span class='ocrx_word' id='word_1_533' title='bbox 623 2587 692 2614; x_wconf 80' lang='lat' dir='ltr'><strong>Psal.</strong></span> <span class='ocrx_word' id='word_1_534' title='bbox 710 2596 809 2619; x_wconf 76' lang='lat' dir='ltr'><strong>cum,</strong></span> <span class='ocrx_word' id='word_1_535' title='bbox 826 2590 850 2615; x_wconf 84' lang='grc'><strong>1.</strong></span> <span class='ocrx_word' id='word_1_536' title='bbox 891 2590 901 2605; x_wconf 86' lang='grc'><em>³</em></span> <span class='ocrx_word' id='word_1_537' title='bbox 916 2589 987 2616; x_wconf 85' lang='lat' dir='ltr'><strong>Psal.</strong></span> <span class='ocrx_word' id='word_1_538' title='bbox 1006 2596 1086 2618; x_wconf 79' lang='lat' dir='ltr'><strong>vau.</strong></span> <span class='ocrx_word' id='word_1_539' title='bbox 1103 2588 1130 2614; x_wconf 89' lang='lat' dir='ltr'><strong>&#39;l.</strong></span> <span class='ocrx_word' id='word_1_540' title='bbox 1167 2586 1177 2602; x_wconf 76' lang='grc'><strong>⁸</strong></span> <span class='ocrx_word' id='word_1_541' title='bbox 1191 2586 1276 2613; x_wconf 86' lang='lat' dir='ltr'><strong>Hebr.</strong></span> <span class='ocrx_word' id='word_1_542' title='bbox 1292 2592 1349 2615; x_wconf 65' lang='lat' dir='ltr'><strong>am,</strong></span> <span class='ocrx_word' id='word_1_543' title='bbox 1364 2583 1413 2619; x_wconf 51' lang='lat'><strong>15.</strong></span> <span class='ocrx_word' id='word_1_544' title='bbox 1447 2580 1562 2619; x_wconf 68' lang='lat' dir='ltr'><strong>5Matth.</strong></span> <span class='ocrx_word' id='word_1_545' title='bbox 1575 2579 1678 2619; x_wconf 37' lang='grc' dir='ltr'><strong>ηιξ-ὥτ’</strong></span> <span class='ocrx_word' id='word_1_546' title='bbox 1708 2579 1718 2594; x_wconf 86' lang='grc'>⁸</span> <span class='ocrx_word' id='word_1_547' title='bbox 1738 2578 1795 2619; x_wconf 65' lang='grc' dir='ltr'><strong>Ιης.</strong></span> <span class='ocrx_word' id='word_1_548' title='bbox 1819 2585 1857 2619; x_wconf 57' lang='grc' dir='ltr'><strong>η..</strong></span> <span class='ocrx_word' id='word_1_549' title='bbox 1870 2577 1914 2604; x_wconf 69' lang='lat'><strong>‘23-</strong></span> 
     </span>
    </p>
   </div>
   <div class='ocr_carea' id='block_1_89' title="bbox 291 2619 1074 2657">
    <p class='ocr_par' dir='ltr' id='par_1_89' title="bbox 291 2619 1068 2657">
     <span class='ocr_line' id='line_1_91' title="bbox 291 2619 1068 2657; baseline 0.006 -12"><span class='ocrx_word' id='word_1_550' title='bbox 291 2619 301 2629; x_wconf 71' lang='lat'><em>&quot;</em></span> <span class='ocrx_word' id='word_1_551' title='bbox 312 2619 390 2657; x_wconf 74' lang='lat' dir='ltr'><strong>Joan.</strong></span> <span class='ocrx_word' id='word_1_552' title='bbox 408 2621 500 2657; x_wconf 42' lang='lat'><strong>“1.218.</strong></span> <span class='ocrx_word' id='word_1_553' title='bbox 539 2622 549 2637; x_wconf 78' lang='lat'>&quot;</span> <span class='ocrx_word' id='word_1_554' title='bbox 564 2621 573 2647; x_wconf 92' lang='lat' dir='ltr'><strong>l</strong></span> <span class='ocrx_word' id='word_1_555' title='bbox 588 2621 683 2657; x_wconf 85' lang='lat' dir='ltr'><strong>Thess.</strong></span> <span class='ocrx_word' id='word_1_556' title='bbox 700 2632 718 2657; x_wconf 79' lang='grc' dir='ltr'>ι,</span> <span class='ocrx_word' id='word_1_557' title='bbox 729 2625 754 2651; x_wconf 89' lang='grc'><strong>7.</strong></span> <span class='ocrx_word' id='word_1_558' title='bbox 787 2625 796 2640; x_wconf 81' lang='grc'><strong>⁹</strong></span> <span class='ocrx_word' id='word_1_559' title='bbox 808 2625 829 2651; x_wconf 92' lang='lat' dir='ltr'><strong>ll</strong></span> <span class='ocrx_word' id='word_1_560' title='bbox 841 2625 912 2652; x_wconf 88' lang='lat' dir='ltr'><strong>Tim.</strong></span> <span class='ocrx_word' id='word_1_561' title='bbox 930 2632 966 2656; x_wconf 85' lang='lat' dir='ltr'><strong>tv,</strong></span> <span class='ocrx_word' id='word_1_562' title='bbox 981 2624 1008 2650; x_wconf 81' lang='lat'><strong>‘2.</strong></span> <span class='ocrx_word' id='word_1_563' title='bbox 1048 2624 1068 2639; x_wconf 85' lang='grc'><strong>¹⁰</strong></span> 
     </span>
    </p>
   </div>
   <div class='ocr_carea' id='block_1_90' title="bbox 1124 2619 1272 2657">
    <p class='ocr_par' dir='ltr' id='par_1_90' title="bbox 1124 2621 1272 2655">
     <span class='ocr_line' id='line_1_92' title="bbox 1124 2621 1272 2655; baseline 0 -7"><span class='ocrx_word' id='word_1_564' title='bbox 1124 2630 1162 2649; x_wconf 82' lang='lat' dir='ltr'><strong>or.</strong></span> <span class='ocrx_word' id='word_1_565' title='bbox 1179 2621 1272 2655; x_wconf 70' lang='lat' dir='ltr'><strong>Iv,2l.</strong></span> 
     </span>
    </p>
   </div>
   <div class='ocr_carea' id='block_1_91' title="bbox 288 2653 658 2688">
    <p class='ocr_par' dir='ltr' id='par_1_91' title="bbox 288 2653 658 2688">
     <span class='ocr_line' id='line_1_93' title="bbox 288 2653 658 2688; baseline 0.008 -8"><span class='ocrx_word' id='word_1_566' title='bbox 288 2661 350 2683; x_wconf 81' lang='lat' dir='ltr'><strong>xw.</strong></span> <span class='ocrx_word' id='word_1_567' title='bbox 363 2653 389 2680; x_wconf 90' lang='lat'><strong>8.</strong></span> <span class='ocrx_word' id='word_1_568' title='bbox 430 2655 450 2670; x_wconf 76' lang='lat'><em>“</em></span> <span class='ocrx_word' id='word_1_569' title='bbox 466 2656 545 2683; x_wconf 82' lang='lat' dir='ltr'><strong>Rom.</strong></span> <span class='ocrx_word' id='word_1_570' title='bbox 560 2664 597 2688; x_wconf 78' lang='lat' dir='ltr'><strong>xl,</strong></span> <span class='ocrx_word' id='word_1_571' title='bbox 614 2656 658 2683; x_wconf 74' lang='grc'><strong>20.</strong></span> 
     </span>
    </p>
   </div>
   <div class='ocr_carea' id='block_1_92' title="bbox 324 2732 1075 2768">
    <p class='ocr_par' dir='ltr' id='par_1_92' title="bbox 324 2732 1075 2768">
     <span class='ocr_line' id='line_1_94' title="bbox 324 2732 1075 2768; baseline 0 -9"><span class='ocrx_word' id='word_1_572' title='bbox 324 2733 363 2767; x_wconf 86' lang='lat' dir='ltr'><strong>(l)</strong></span> <span class='ocrx_word' id='word_1_573' title='bbox 380 2732 536 2761; x_wconf 81' lang='lat' dir='ltr'><strong>Holstenius</strong></span> <span class='ocrx_word' id='word_1_574' title='bbox 548 2736 580 2762; x_wconf 83' lang='lat' dir='ltr'><strong>ad</strong></span> <span class='ocrx_word' id='word_1_575' title='bbox 593 2737 694 2762; x_wconf 82' lang='lat' dir='ltr'><strong>calcem</strong></span> <span class='ocrx_word' id='word_1_576' title='bbox 711 2735 775 2762; x_wconf 82' lang='lat' dir='ltr'><strong>Cod.</strong></span> <span class='ocrx_word' id='word_1_577' title='bbox 789 2735 881 2768; x_wconf 74' lang='lat' dir='ltr'><strong>Regni.</strong></span> <span class='ocrx_word' id='word_1_578' title='bbox 898 2742 929 2761; x_wconf 84' lang='lat' dir='ltr'><strong>ex</strong></span> <span class='ocrx_word' id='word_1_579' title='bbox 941 2733 1075 2768; x_wconf 83' lang='lat' dir='ltr'><strong>antiquis-</strong></span> 
     </span>
    </p>
   </div>
   <div class='ocr_carea' id='block_1_93' title="bbox 289 2767 1075 2804">
    <p class='ocr_par' dir='ltr' id='par_1_93' title="bbox 289 2767 1075 2804">
     <span class='ocr_line' id='line_1_95' title="bbox 289 2767 1075 2804; baseline 0.003 -11"><span class='ocrx_word' id='word_1_580' title='bbox 289 2767 359 2804; x_wconf 82' lang='lat' dir='ltr'><strong>sime</strong></span> <span class='ocrx_word' id='word_1_581' title='bbox 370 2769 522 2804; x_wconf 82' lang='lat' dir='ltr'><strong>exemplari</strong></span> <span class='ocrx_word' id='word_1_582' title='bbox 541 2771 601 2797; x_wconf 83' lang='lat' dir='ltr'><strong>eod.</strong></span> <span class='ocrx_word' id='word_1_583' title='bbox 615 2771 676 2796; x_wconf 76' lang='lat' dir='ltr'><strong>Vat.</strong></span> <span class='ocrx_word' id='word_1_584' title='bbox 694 2770 774 2796; x_wconf 59' lang='lat'><strong>3542.</strong></span> <span class='ocrx_word' id='word_1_585' title='bbox 794 2770 899 2804; x_wconf 88' lang='lat' dir='ltr'><strong>aliquot</strong></span> <span class='ocrx_word' id='word_1_586' title='bbox 917 2770 1006 2795; x_wconf 80' lang='lat' dir='ltr'><strong>varias</strong></span> <span class='ocrx_word' id='word_1_587' title='bbox 1020 2769 1075 2795; x_wconf 86' lang='lat' dir='ltr'><strong>lec-</strong></span> 
     </span>
    </p>
   </div>
   <div class='ocr_carea' id='block_1_94' title="bbox 288 2802 1076 2840">
    <p class='ocr_par' dir='ltr' id='par_1_94' title="bbox 288 2802 1076 2840">
     <span class='ocr_line' id='line_1_96' title="bbox 288 2802 1076 2840; baseline 0.001 -12"><span class='ocrx_word' id='word_1_588' title='bbox 288 2802 378 2829; x_wconf 87' lang='lat' dir='ltr'><strong>tiones</strong></span> <span class='ocrx_word' id='word_1_589' title='bbox 398 2802 501 2840; x_wconf 20' lang='lat' dir='ltr'><strong>proierit</strong></span> <span class='ocrx_word' id='word_1_590' title='bbox 514 2804 626 2838; x_wconf 75' lang='lat' dir='ltr'><strong>hujusce</strong></span> <span class='ocrx_word' id='word_1_591' title='bbox 635 2804 741 2840; x_wconf 73' lang='lat' dir='ltr'><strong>Regula:</strong></span> <span class='ocrx_word' id='word_1_592' title='bbox 753 2802 916 2834; x_wconf 47' lang='lat' dir='ltr'><strong>sancto-rum,</strong></span> <span class='ocrx_word' id='word_1_593' title='bbox 925 2809 979 2831; x_wconf 74' lang='lat' dir='ltr'><strong>etc.</strong></span> <span class='ocrx_word' id='word_1_594' title='bbox 995 2807 1076 2837; x_wconf 85' lang='lat' dir='ltr'><strong>prout</strong></span> 
     </span>
    </p>
   </div>
   <div class='ocr_carea' id='block_1_95' title="bbox 288 2839 1075 2873">
    <p class='ocr_par' dir='ltr' id='par_1_95' title="bbox 288 2839 1075 2873">
     <span class='ocr_line' id='line_1_97' title="bbox 288 2839 1075 2873; baseline 0.001 -10"><span class='ocrx_word' id='word_1_595' title='bbox 288 2841 452 2873; x_wconf 64' lang='lat' dir='ltr'><strong>sequuntur.</strong></span> <span class='ocrx_word' id='word_1_596' title='bbox 472 2839 520 2864; x_wconf 74' lang='lat' dir='ltr'><strong>llic</strong></span> <span class='ocrx_word' id='word_1_597' title='bbox 536 2845 626 2866; x_wconf 81' lang='lat' dir='ltr'><strong>alitem</strong></span> <span class='ocrx_word' id='word_1_598' title='bbox 642 2839 702 2873; x_wconf 72' lang='lat' dir='ltr'><strong>post</strong></span> <span class='ocrx_word' id='word_1_599' title='bbox 715 2840 825 2865; x_wconf 87' lang='lat' dir='ltr'><strong>nomina</strong></span> <span class='ocrx_word' id='word_1_600' title='bbox 838 2844 955 2873; x_wconf 80' lang='lat' dir='ltr'><strong>quatuor</strong></span> <span class='ocrx_word' id='word_1_601' title='bbox 966 2840 1075 2866; x_wconf 84' lang='lat' dir='ltr'><strong>Patrum</strong></span> 
     </span>
    </p>
   </div>
   <div class='ocr_carea' id='block_1_96' title="bbox 289 2870 836 2906">
    <p class='ocr_par' dir='ltr' id='par_1_96' title="bbox 289 2870 836 2906">
     <span class='ocr_line' id='line_1_98' title="bbox 289 2870 836 2906; baseline 0.005 -9"><span class='ocrx_word' id='word_1_602' title='bbox 289 2870 401 2898; x_wconf 82' lang='lat' dir='ltr'><strong>additur</strong></span> <span class='ocrx_word' id='word_1_603' title='bbox 415 2873 440 2899; x_wconf 91' lang='lat' dir='ltr'><strong>in</strong></span> <span class='ocrx_word' id='word_1_604' title='bbox 457 2873 566 2900; x_wconf 83' lang='lat' dir='ltr'><strong>laudato</strong></span> <span class='ocrx_word' id='word_1_605' title='bbox 581 2870 686 2906; x_wconf 68' lang='lat' dir='ltr'><strong>codice,</strong></span> <span class='ocrx_word' id='word_1_606' title='bbox 703 2874 836 2900; x_wconf 80' lang='lat' dir='ltr'><strong>abbatum.</strong></span> 
     </span>
    </p>
   </div>
   <div class='ocr_carea' id='block_1_97' title="bbox 326 2906 1075 2939">
    <p class='ocr_par' dir='ltr' id='par_1_97' title="bbox 326 2906 1075 2939">
     <span class='ocr_line' id='line_1_99' title="bbox 326 2906 1075 2939; baseline 0.001 -6"><span class='ocrx_word' id='word_1_607' title='bbox 326 2907 363 2939; x_wconf 65' lang='grc' dir='ltr'><strong>(ἓ)</strong></span> <span class='ocrx_word' id='word_1_608' title='bbox 377 2906 536 2935; x_wconf 69' lang='lat' dir='ltr'><strong>Sedenlibus.</strong></span> <span class='ocrx_word' id='word_1_609' title='bbox 552 2909 588 2935; x_wconf 74' lang='lat' dir='ltr'><strong>Id.</strong></span> <span class='ocrx_word' id='word_1_610' title='bbox 606 2910 666 2936; x_wconf 55' lang='lat' dir='ltr'><strong>coal.</strong></span> <span class='ocrx_word' id='word_1_611' title='bbox 682 2909 896 2936; x_wconf 48' lang='lat' dir='ltr'><strong>residentibualit</strong></span> <span class='ocrx_word' id='word_1_612' title='bbox 908 2916 978 2937; x_wconf 74' lang='lat' dir='ltr'><strong>mox.</strong></span> <span class='ocrx_word' id='word_1_613' title='bbox 993 2914 1019 2934; x_wconf 87' lang='lat' dir='ltr'><strong>ut</strong></span> <span class='ocrx_word' id='word_1_614' title='bbox 1030 2917 1075 2934; x_wconf 86' lang='lat' dir='ltr'><strong>no-</strong></span> 
     </span>
    </p>
   </div>
   <div class='ocr_carea' id='block_1_98' title="bbox 1312 2612 1914 2647">
    <p class='ocr_par' dir='ltr' id='par_1_98' title="bbox 1312 2612 1914 2647">
     <span class='ocr_line' id='line_1_100' title="bbox 1312 2612 1914 2647; baseline -0.015 0"><span class='ocrx_word' id='word_1_615' title='bbox 1312 2612 1436 2646; x_wconf 77' lang='lat' dir='ltr'><strong>“Matth.</strong></span> <span class='ocrx_word' id='word_1_616' title='bbox 1448 2624 1496 2647; x_wconf 86' lang='lat' dir='ltr'><strong>vn,</strong></span> <span class='ocrx_word' id='word_1_617' title='bbox 1507 2616 1534 2641; x_wconf 73' lang='grc'><strong>2.</strong></span> <span class='ocrx_word' id='word_1_618' title='bbox 1574 2616 1596 2630; x_wconf 81' lang='grc'><strong>¹²</strong></span> <span class='ocrx_word' id='word_1_619' title='bbox 1606 2613 1690 2642; x_wconf 88' lang='lat' dir='ltr'><strong>Eccli.</strong></span> <span class='ocrx_word' id='word_1_620' title='bbox 1704 2621 1750 2644; x_wconf 64' lang='grc' dir='ltr'>ιιι.</span> <span class='ocrx_word' id='word_1_621' title='bbox 1771 2614 1797 2640; x_wconf 75' lang='grc'><strong>4.</strong></span> <span class='ocrx_word' id='word_1_622' title='bbox 1819 2612 1914 2639; x_wconf 78' lang='lat' dir='ltr'><strong>“Luc.</strong></span> 
     </span>
    </p>
   </div>
   <div class='ocr_carea' id='block_1_99' title="bbox 1129 2727 1688 2767">
    <p class='ocr_par' dir='ltr' id='par_1_99' title="bbox 1129 2727 1688 2767">
     <span class='ocr_line' id='line_1_101' title="bbox 1129 2727 1688 2767; baseline -0.011 -9"><span class='ocrx_word' id='word_1_623' title='bbox 1129 2732 1166 2758; x_wconf 83' lang='lat' dir='ltr'><strong>bis</strong></span> <span class='ocrx_word' id='word_1_624' title='bbox 1182 2731 1315 2767; x_wconf 73' lang='lat' dir='ltr'><strong>tribueret.</strong></span> <span class='ocrx_word' id='word_1_625' title='bbox 1335 2729 1460 2767; x_wconf 65' lang='lat' dir='ltr'><strong>Rectius,</strong></span> <span class='ocrx_word' id='word_1_626' title='bbox 1475 2733 1505 2767; x_wconf 72' lang='grc' dir='ltr'><strong>ιιι</strong></span> <span class='ocrx_word' id='word_1_627' title='bbox 1519 2727 1638 2767; x_wconf 57' lang='lat' dir='ltr'><strong>videtur.</strong></span> <span class='ocrx_word' id='word_1_628' title='bbox 1682 2761 1688 2767; x_wconf 38' lang='lat'><strong>.</strong></span> 
     </span>
    </p>
   </div>
   <div class='ocr_carea' id='block_1_100' title="bbox 1165 2763 1763 2798">
    <p class='ocr_par' dir='ltr' id='par_1_100' title="bbox 1165 2763 1763 2798">
     <span class='ocr_line' id='line_1_102' title="bbox 1165 2763 1763 2798; baseline -0.01 -6"><span class='ocrx_word' id='word_1_629' title='bbox 1165 2768 1203 2798; x_wconf 73' lang='lat'>(3)</span> <span class='ocrx_word' id='word_1_630' title='bbox 1220 2765 1372 2791; x_wconf 85' lang='lat' dir='ltr'><strong>Multorum.</strong></span> <span class='ocrx_word' id='word_1_631' title='bbox 1389 2764 1429 2791; x_wconf 86' lang='lat' dir='ltr'><strong>Id.</strong></span> <span class='ocrx_word' id='word_1_632' title='bbox 1444 2763 1505 2790; x_wconf 88' lang='lat' dir='ltr'><strong>cod.</strong></span> <span class='ocrx_word' id='word_1_633' title='bbox 1521 2763 1598 2789; x_wconf 74' lang='lat' dir='ltr'><strong>ﬂlitiil</strong></span> <span class='ocrx_word' id='word_1_634' title='bbox 1618 2763 1763 2788; x_wconf 80' lang='lat' dir='ltr'><strong>hominum.</strong></span> 
     </span>
    </p>
   </div>
   <div class='ocr_carea' id='block_1_101' title="bbox 1163 2794 1916 2835">
    <p class='ocr_par' dir='ltr' id='par_1_101' title="bbox 1163 2794 1916 2835">
     <span class='ocr_line' id='line_1_103' title="bbox 1163 2794 1916 2835; baseline -0.008 -8"><span class='ocrx_word' id='word_1_635' title='bbox 1217 2800 1278 2827; x_wconf 77' lang='lat' dir='ltr'><strong>Nec.</strong></span> <span class='ocrx_word' id='word_1_636' title='bbox 1295 2800 1343 2826; x_wconf 84' lang='lat' dir='ltr'><strong>Ms.</strong></span> <span class='ocrx_word' id='word_1_637' title='bbox 1356 2799 1409 2826; x_wconf 76' lang='lat' dir='ltr'><strong>Nec</strong></span> <span class='ocrx_word' id='word_1_638' title='bbox 1419 2804 1518 2835; x_wconf 79' lang='lat' dir='ltr'><strong>tamen.</strong></span> <span class='ocrx_word' id='word_1_639' title='bbox 1528 2798 1657 2835; x_wconf 79' lang='lat' dir='ltr'><strong>idemque</strong></span> <span class='ocrx_word' id='word_1_640' title='bbox 1670 2800 1752 2830; x_wconf 87' lang='lat' dir='ltr'><strong>caput</strong></span> <span class='ocrx_word' id='word_1_641' title='bbox 1765 2794 1916 2822; x_wconf 84' lang='lat' dir='ltr'><strong>secundum</strong></span> 
     </span>
    </p>
   </div>
   <div class='ocr_carea' id='block_1_102' title="bbox 1127 2833 1600 2868">
    <p class='ocr_par' dir='ltr' id='par_1_102' title="bbox 1127 2833 1600 2868">
     <span class='ocr_line' id='line_1_104' title="bbox 1127 2833 1600 2868; baseline -0.011 -5"><span class='ocrx_word' id='word_1_642' title='bbox 1127 2833 1195 2863; x_wconf 79' lang='lat' dir='ltr'><strong>cum</strong></span> <span class='ocrx_word' id='word_1_643' title='bbox 1207 2836 1289 2862; x_wconf 79' lang='lat' dir='ltr'><strong>tertio</strong></span> <span class='ocrx_word' id='word_1_644' title='bbox 1303 2835 1329 2861; x_wconf 90' lang='lat' dir='ltr'><strong>in</strong></span> <span class='ocrx_word' id='word_1_645' title='bbox 1348 2842 1433 2860; x_wconf 88' lang='lat' dir='ltr'><strong>unum</strong></span> <span class='ocrx_word' id='word_1_646' title='bbox 1449 2833 1600 2868; x_wconf 71' lang='lat' dir='ltr'><strong>conjungit.</strong></span> 
     </span>
    </p>
   </div>
   <div class='ocr_carea' id='block_1_103' title="bbox 1162 2865 1880 2904">
    <p class='ocr_par' dir='ltr' id='par_1_103' title="bbox 1162 2865 1880 2904">
     <span class='ocr_line' id='line_1_105' title="bbox 1162 2865 1880 2904; baseline -0.007 -7"><span class='ocrx_word' id='word_1_647' title='bbox 1162 2871 1200 2904; x_wconf 63' lang='lat' dir='ltr'><strong>(Si)</strong></span> <span class='ocrx_word' id='word_1_648' title='bbox 1217 2870 1371 2903; x_wconf 72' lang='lat' dir='ltr'><strong>Conscripta</strong></span> <span class='ocrx_word' id='word_1_649' title='bbox 1383 2874 1455 2896; x_wconf 81' lang='lat' dir='ltr'><strong>sunt.</strong></span> <span class='ocrx_word' id='word_1_650' title='bbox 1472 2865 1519 2896; x_wconf 71' lang='lat' dir='ltr'><strong>Ms.</strong></span> <span class='ocrx_word' id='word_1_651' title='bbox 1536 2865 1692 2901; x_wconf 72' lang='lat' dir='ltr'><strong>Conscript&quot;</strong></span> <span class='ocrx_word' id='word_1_652' title='bbox 1711 2865 1880 2901; x_wconf 81' lang='lat' dir='ltr'><strong>placuerunt.</strong></span> 
     </span>
    </p>
   </div>
   <div class='ocr_carea' id='block_1_104' title="bbox 1163 2904 1463 2942">
    <p class='ocr_par' dir='ltr' id='par_1_104' title="bbox 1163 2904 1463 2942">
     <span class='ocr_line' id='line_1_106' title="bbox 1163 2904 1463 2942; baseline -0.003 -12"><span class='ocrx_word' id='word_1_653' title='bbox 1163 2906 1199 2942; x_wconf 74' lang='lat' dir='ltr'><strong>(ii)</strong></span> <span class='ocrx_word' id='word_1_654' title='bbox 1212 2905 1258 2932; x_wconf 78' lang='lat' dir='ltr'><strong>Nc.</strong></span> <span class='ocrx_word' id='word_1_655' title='bbox 1271 2905 1318 2931; x_wconf 77' lang='lat' dir='ltr'><strong>Ms.</strong></span> <span class='ocrx_word' id='word_1_656' title='bbox 1333 2904 1372 2930; x_wconf 61' lang='lat' dir='ltr'><strong>Ne</strong></span> <span class='ocrx_word' id='word_1_657' title='bbox 1386 2905 1463 2938; x_wconf 82' lang='lat' dir='ltr'><strong>forte.</strong></span> 
     </span>
    </p>
   </div>
  </div>
