2075 3155
186 194 238 227 973

185 296 309 328 differre,
325 299 353 323 et
370 296 521 324 secundum
533 296 594 332 ejus
613 295 759 332 imperium
775 296 889 324 obedire
905 303 973 323 con-

186 341 262 368 venit
273 341 383 368 fratres.

486 407 599 435 CAPUT
620 408 677 436 VII.

222 471 296 498 Idem
312 472 377 506 ipse,
387 471 522 505 Quomodo
538 474 736 509 examinentur,
747 476 792 511 qui
809 484 840 503 cx
851 476 946 504 saeculo

481 514 680 537 convertuntur.

222 575 346 608 Qualiter
360 583 424 604 vero
437 577 603 606 examinatio
618 587 683 615 erga
695 587 743 607 eos
760 581 807 615 qui
823 581 857 607 de
877 582 977 609 saeculo

187 626 387 649 convertuntur
413 624 500 650 teneri
531 624 649 658 debeat,
680 626 860 654 ostendamus
884 628 975 655 vobis.

188 667 368 702 Amputanda.I
390 673 455 696 sunt
476 670 566 703 primo
579 670 614 697 ab
630 671 787 705 huiusmodi
811 672 913 700 divitia:
927 681 978 700 saa-

189 712 254 739 culi.
272 712 305 739 Et
317 712 339 739 si
359 713 421 747 quis
440 721 544 748 pauper
555 715 679 742 converti
692 715 831 748 videatur,
850 717 933 744 habet
950 721 978 744 et

190 758 248 792 ipse
261 758 371 786 divitias
391 767 460 794 quas
471 765 615 794 amputare
635 760 744 793 debeat,
765 769 833 796 quas
860 762 979 797 Spiritus

189 809 299 832 sanctus
314 805 436 832 ostendit
448 813 497 840 per
515 805 687 834 Salomonem
703 807 819 835 dicens:
838 808 899 836 Odit
921 810 980 837 ani-

188 859 232 878 mo
244 859 301 878 mea
318 859 460 886 pauperem
471 851 614 885 superbum
623 856 648 878 et
659 853 764 879 divitem
780 854 932 880 mendacem
945 855 978 881 ".

188 895 223 922 Et
245 895 298 922 alio
323 896 383 923 loco
400 897 490 924 dicit:
509 896 582 924 Sicut
602 897 771 925 uulneratum
791 900 932 934 superbum
946 900 978 927 ¹⁸.

189 940 275 967 Debet
291 948 357 975 ergo
373 941 397 968 is
409 941 455 975 qui
470 945 568 975 praeest
584 942 675 974 Pater,
690 950 787 977 magno
799 943 891 971 studio
910 944 981 972 hanc

189 985 309 1019 regulam
326 989 420 1013 tenere
434 994 442 1018 ;
460 990 490 1013 ut
516 986 539 1013 si
566 994 671 1021 pauper
689 989 879 1021 convertitur,
891 989 981 1024 primo

188 1036 308 1065 exponat
321 1032 457 1059 sarcinam
473 1033 610 1067 superbiae
622 1042 628 1059 :
641 1037 670 1060 et
681 1033 722 1061 sic
735 1035 906 1063 examinatus
921 1043 982 1064 sus—

189 1076 317 1110 cipiatur.
341 1077 429 1104 Debet
456 1081 519 1104 ante
542 1079 633 1105 omnia
657 1079 799 1107 humiliter
818 1080 855 1116 (7)
881 1081 979 1114 imbui,

191 1126 221 1148 ut
236 1122 309 1156 quod
329 1129 458 1157 magnum
474 1127 502 1150 ct
517 1123 572 1150 Deo
588 1128 731 1158 acceptum
746 1125 913 1154 sacriﬁcium
927 1133 979 1161 est,

190 1175 266 1194 suam
278 1167 446 1195 voluntatem
459 1176 514 1195 non
533 1168 615 1196 faciat
639 1171 828 1206 unusquisque
843 1177 979 1205 vestrum,

191 1212 307 1245 fratres;
324 1213 372 1240 sed
389 1213 423 1240 ad
447 1222 526 1241 omne
548 1223 614 1250 opus
633 1215 729 1242 bonum
751 1219 843 1250 parati
864 1222 944 1246 estote
959 1220 979 1236 ¹⁷

190 1256 329 1291 Quidquid
345 1257 488 1289 acciderit,
504 1263 552 1285 aut
563 1259 668 1293 justum
683 1260 751 1295 quid
765 1260 859 1294 fuerit,
874 1270 982 1290 memo-

191 1310 236 1330 res
257 1310 316 1331 esse
342 1303 469 1332 debetis:
484 1304 517 1330 In
542 1305 711 1333 tribulatione
741 1308 869 1342 patientes
890 1308 933 1342 '5;
953 1310 980 1336 in

191 1349 321 1383 operibus
335 1349 454 1376 honesti.
471 1349 558 1377 Nolite
574 1359 618 1377 vos
636 1352 745 1378 invicem
764 1352 798 1378 ad
814 1354 981 1382 iracundiam

191 1403 333 1430 provocare
354 1396 386 1422 ‘9.
402 1396 453 1423 Sed
473 1404 576 1431 semper
591 1397 660 1424 bona
683 1399 821 1425 sectamini
836 1400 868 1426 '°.
897 1399 916 1426 li
933 1401 979 1435 qui

193 1440 261 1466 tales
277 1445 354 1472 sunt,
372 1448 434 1468 cum
453 1441 486 1468 de
503 1441 595 1468 saeculi
614 1441 697 1476 hujus
716 1442 856 1470 illecebris
869 1443 979 1471 liberari

191 1486 338 1518 voluerint,
355 1487 551 1522 appropiantes
566 1488 743 1519 monasterio,
761 1489 930 1517 hebdomada
942 1490 980 1526 (8)

192 1539 242 1566 pro
267 1532 374 1560 foribus
397 1533 507 1568 jaceant
522 1542 529 1559 :
546 1533 615 1560 nulli
637 1541 699 1561 cum
727 1534 768 1561 cis
789 1535 824 1562 de
849 1535 981 1563 fratribus

190 1577 342 1613 iungantur
352 1599 360 1610 ,
377 1583 406 1606 et
421 1586 530 1614 semper
545 1579 615 1606 dura
635 1583 662 1607 et
678 1580 815 1607 laboriosa
826 1581 871 1609 ’eis
882 1589 981 1616 propo-
994 1592 1015 1621 (ι

192 1628 303 1651 nantur.
322 1624 349 1652 Si
366 1632 431 1651 vero
446 1625 686 1659 perseveraverint
699 1626 852 1660 pulsantes,
873 1627 914 1654 eis
926 1635 981 1654 non

192 1673 308 1704 negetur
325 1669 465 1704 ingressus
479 1679 486 1702 ;
507 1670 554 1697 sed
575 1671 598 1697 is
617 1671 665 1705 qui
682 1675 782 1706 prmest
794 1672 874 1699 Pater
883 1673 981 1708 hujus-

193 1714 266 1742 modi
282 1715 408 1742 homines
425 1715 539 1743 introire
553 1716 712 1750 permittat,
726 1722 755 1745 et
767 1719 885 1752 qualiter
898 1720 981 1746 vitam

192 1759 320 1793 fratrum,
332 1761 374 1788 vel
388 1762 509 1796 regulam
525 1766 618 1789 tenere
627 1763 742 1796 possint,
757 1765 981 1798 ostendat.Quod

193 1807 215 1834 si
233 1806 310 1834 dives
324 1811 377 1839 est,
397 1812 425 1834 et
438 1808 542 1835 habens
555 1808 657 1836 multas
673 1809 786 1837 divitias
802 1812 828 1837 in
840 1812 941 1839 saeculo
954 1817 982 1840 et

194 1853 317 1880 converti
333 1854 463 1885 voluerit,
482 1854 564 1881 debet
579 1855 669 1889 primo
682 1856 720 1891 (9;
743 1856 790 1883 Dei
812 1857 980 1886 voluntatem

195 1898 322 1932 implere,
336 1903 365 1926 et
385 1900 516 1934 consequi
537 1905 704 1935 prreceptum
723 1902 788 1928 illud
803 1903 980 1938 praecipuum,

195 1944 267 1978 quod
282 1945 448 1973 adolescenti
465 1946 541 1973 diviti
559 1946 661 1974 dicitur
676 1955 682 1973 :
703 1947 788 1974 Vende
802 1950 892 1975 omnia
915 1950 982 1977 bona

196 1995 253 2022 tuo,
270 1996 294 2017 et
316 1991 350 2018 da
373 1993 542 2026 pauperibus,
558 1997 582 2019 et
605 1993 669 2020 tolle
685 2002 788 2020 crucem
803 2000 886 2027 luant,
907 2000 930 2022 et
944 2004 983 2022 se-

196 2044 277 2071 quere
291 2044 332 2063 me
346 2037 380 2063 ¹¹.
397 2037 501 2064 Deinde
516 2037 695 2065 instruendus
707 2043 748 2065 est
768 2039 802 2065 ab
815 2047 848 2066 eo
860 2040 906 2074 qui
918 2048 984 2074 prae-

193 2086 237 2109 est
252 2081 344 2112 Patre.
359 2087 389 2110 ut
398 2083 523 2110 nihilsibi
534 2083 681 2118 relinquat,
697 2084 749 2111 nisi
762 2085 983 2116 crucemChristi

197 2135 280 2162 quam
302 2132 397 2160 tenet,
421 2133 449 2155 et
469 2133 601 2163 sequatur
625 2129 780 2156 Dominum.
804 2129 901 2158 Crucis
918 2139 984 2159 vero

196 2173 302 2209 fastigia
314 2181 375 2209 quze
390 2174 510 2202 tenenda
528 2181 612 2208 sunt;
630 2175 719 2210 primo
734 2176 808 2202 omni
826 2177 984 2205 obedientia

196 2226 250 2246 non
263 2227 340 2247 suam
356 2220 524 2247 voluntatem
543 2220 642 2251 facere,
657 2221 704 2248 sed
724 2221 847 2249 alterius.
869 2222 946 2255 Quod
960 2224 983 2250 si

769 194 922 225 REGULA
938 193 988 223 AD
1007 192 1220 224 MONACHOS.

186 251 211 280 is
223 249 272 285 qui
296 253 405 285 praeest,
433 254 542 286 oportet
559 250 680 285 primum
709 250 736 277 in
757 251 884 278 notitiam
909 250 968 285 ejus
984 252 1008 281 Λ

1758 187 1810 219 971

1312 246 1424 275 CAPUT
1453 245 1520 275 VIII.

1024 317 1161 353 Idemque,
1189 316 1310 348 Qualiter
1336 314 1467 350 peregrini
1491 313 1603 348 hospites
1623 310 1815 345 suspiciantur.

1061 374 1244 403 chicntibus
1254 373 1295 400 cis
1312 372 1407 399 nullus
1421 371 1475 399 nisi
1501 378 1584 401 unus,
1603 368 1646 396 cui
1660 375 1726 395 cura
1741 367 1814 394 circa

1026 421 1161 457 hospitale
1197 420 1282 447 fuerit
1315 418 1438 453 injuncta
1473 421 1612 446 occurrat.
1641 418 1670 441 et
1701 420 1814 447 respon—

1026 476 1087 496 sum
1099 466 1155 502 (11)
1169 467 1215 494 det
1230 464 1416 493 venientibus.
1433 462 1528 493 Orare,
1543 461 1586 487 vel
1599 467 1692 494 pacem
1714 458 1814 485 offerre

1027 522 1082 542 non
1099 513 1179 540 liceat
1194 512 1253 543 ulli,
1270 510 1323 538 nisi
1336 509 1426 545 primo
1443 508 1570 535 videatur
1589 506 1623 533 ab
1639 513 1672 532 eo
1685 505 1731 539 qui
1746 511 1815 538 prze-

1027 565 1070 588 est
1091 560 1189 591 Patre;
1207 563 1236 585 ct
1256 557 1382 584 oratione
1397 554 1477 582 simul
1490 558 1609 587 peracta,
1625 555 1756 585 sequatur
1771 557 1816 576 or-

1027 606 1092 633 dine
1105 612 1155 632 suo
1172 603 1248 639 pacis
1262 602 1383 629 ofhcium
1401 600 1529 628 reddere.
1551 599 1607 637 Nec
1621 597 1715 624 licebit
1732 595 1815 622 alicui

1027 650 1107 678 fratri
1120 657 1184 677 cum
1200 647 1415 683 superveniente
1433 643 1635 675 sermocinari;
1649 650 1703 668 non
1718 641 1754 668 sit
1767 640 1814 666 ulli

1028 704 1095 724 cura
1114 693 1315 729 interrogandi.
1337 693 1410 719 unde
1427 691 1543 721 venerit,
1556 689 1623 724 quid
1637 687 1755 718 venerit,
1773 686 1815 712 vel

1029 741 1140 776 quando
1155 739 1348 766 ambulaturus
1364 739 1410 767 sit.
1422 737 1476 764 nisi
1492 736 1542 763 soli
1554 734 1600 768 qui
1617 738 1715 768 praeest
1725 731 1811 762 Patri,

1029 791 1077 813 aut
1088 785 1190 820 quibus
1201 785 1259 819 ipse
1273 783 1397 819 jusserit.
1412 780 1593 809 Venientibus
1604 786 1670 804 vero
1684 776 1817 803 fratribus

1030 831 1064 857 ad
1078 831 1174 857 horam
1201 828 1373 860 refectionis,
1399 835 1454 853 non
1468 825 1563 852 licebit
1577 823 1723 858 peregrino
1739 820 1817 847 fratri

1030 883 1092 903 cum
1117 874 1247 902 fratribus
1271 873 1448 903 manducare,
1470 871 1524 898 nisi
1540 877 1602 897 cum
1618 876 1652 895 eo
1675 867 1721 903 qui
1737 870 1818 901 praest

996 927 1017 954 Β
1033 920 1124 951 l’atre,
1139 922 1170 945 ut
1181 918 1270 953 possit
1283 916 1424 944 aedificari.
1451 915 1532 942 Nullo
1542 913 1638 941 licebit
1654 920 1715 939 cum
1729 918 1763 937 eo
1778 910 1818 936 lo-

1031 963 1094 998 qui;
1110 970 1162 989 uec
1175 961 1292 996 alicujus
1303 960 1359 994 (1‘2)
1373 958 1502 986 audiatur
1513 965 1614 987 sermo,
1630 955 1682 982 nisi
1695 954 1817 998 divinus.

1031 996 1077 1041 qui
1089 1013 1122 1032 ex
1136 1004 1236 1040 pagina
1250 1003 1419 1038 proferatur,
1434 1001 1531 1036 etejus
1544 1000 1591 1034 qui
1607 1003 1707 1033 prmest
1717 996 1817 1041 Patris.

1030 1040 1073 1077 vel
1091 1049 1193 1083 quibus
1208 1048 1267 1082 ipse
1287 1046 1400 1082 jusserit
1428 1044 1514 1080 loqui,
1539 1047 1569 1070 ut
1585 1041 1689 1077 aliquid
1707 1041 1741 1068 de
1763 1040 1820 1067 Deo

1031 1098 1188 1121 conveniat.

1280 1147 1365 1183 πω,
1379 1145 1491 1174 CAPUT
1511 1144 1557 1171 Ix.

1172 1205 1294 1239 Qualiter
1311 1205 1470 1239 'ejuniorum
1484 1203 1548 1229 ordo
1559 1205 1692 1227 teneatur.

1293 1213 1458 1266 Igne/munus
1478 1238 1559 1264 dixit:

1318 1239 1458 1274 aplmutius
1478 1239 1543 1264 dixit
1550 1245 1559 1263 :

1064 1297 1160 1332 Magna
1176 1299 1205 1324 et
1221 1295 1300 1322 utilia
1327 1294 1362 1322 ad
1391 1294 1490 1322 animae
1510 1293 1625 1321 salutem
1643 1292 1715 1320 dicta
1741 1295 1818 1322 sunt.

1030 1343 1130 1370 fratres
1146 1352 1153 1370 :
1165 1350 1217 1370 nec
1229 1343 1281 1369 hoc
1292 1341 1438 1368 tacendum
1456 1344 1508 1371 est,
1520 1339 1639 1374 qualiter
1651 1338 1818 1373 jejuniorum

1030 1388 1098 1416 ordo
1112 1388 1249 1415 tenendus
1262 1387 1306 1414 sit.
1321 1387 1377 1414 Nec
1387 1386 1460 1412 aliud
1477 1386 1542 1412 huic
1558 1383 1678 1411 firmitati
1697 1383 1819 1411 testimo-

1032 1433 1110 1460 nium
1125 1433 1274 1465 convenit,
1290 1432 1441 1459 dulcissimi
1457 1431 1572 1462 fratres,
1590 1430 1641 1457 nisi
1659 1429 1727 1456 illud
1744 1429 1817 1463 quod

1032 1478 1118 1506 dicit:
1148 1477 1242 1504 Petrus
1272 1482 1361 1504 autem
1383 1482 1407 1503 et
1442 1476 1562 1503 Joannes
1584 1475 1761 1502 ascendebant
1790 1475 1818 1500 in

1031 1524 1159 1558 templum
1189 1523 1259 1549 circa
1284 1524 1378 1550 horam
1404 1523 1532 1549 orationis
1557 1529 1655 1548 nonam
1668 1522 1701 1548 “.
1732 1520 1817 1547 Debet

1031 1577 1096 1604 ergo
1109 1571 1160 1597 iste
1178 1569 1247 1597 ordo
1269 1569 1369 1600 teneri,
1395 1568 1504 1600 fratres,
1533 1573 1565 1595 ut
1593 1568 1669 1595 nullo
1694 1567 1739 1594 die
1766 1566 1818 1593 nisi

1033 1617 1100 1643 hora
1112 1624 1184 1643 nona
1207 1616 1370 1643 reficiantur
1394 1615 1493 1642 fratres
1503 1615 1530 1641 in
1547 1612 1726 1643 monasterio.
1737 1619 1818 1638 exce-

1031 1667 1076 1697 pta
1096 1661 1238 1689 Dominica
1259 1661 1304 1688 die
1327 1665 1356 1688 et
1371 1661 1602 1696 Quinquagesima
1630 1660 1816 1686 Pentecostes.

1032 1707 1080 1735 Die
1099 1712 1190 1734 autem
1204 1707 1347 1734 Dominica
1365 1707 1434 1733 nihil
1463 1707 1538 1733 aliud
1566 1709 1657 1741 agant,
1683 1704 1736 1732 nisi
1762 1704 1819 1731 Deo

1032 1758 1140 1785 vacent,
1160 1760 1194 1780 ne
1212 1761 1262 1787 pro
1272 1753 1363 1787 aliqua
1384 1753 1532 1779 occasione
1551 1760 1579 1780 se
1596 1752 1683 1779 velint
1693 1750 1819 1778 autalios

1031 1806 1174 1826 excusare.
1203 1798 1307 1825 Tamen
1336 1801 1475 1824 contestor
1504 1797 1616 1828 fratres,
1644 1796 1718 1830 quod
1743 1795 1818 1822 nulla

1031 1845 1156 1880 Operatio
1170 1844 1198 1870 in
1213 1843 1257 1870 die
1278 1844 1325 1870 illa
1338 1847 1434 1870 sancta
1451 1843 1647 1876 comperiatur,
1676 1842 1729 1868 nisi
1759 1845 1818 1867 tan-

1033 1894 1090 1916 tum
1107 1888 1216 1924 hymnis
1240 1887 1407 1922 et’psalmis,
1433 1891 1461 1914 et
1487 1887 1603 1914 canticis
1627 1886 1818 1925 spiritualibus

1033 1935 1092 1963 dies
1103 1935 1148 1962 illa
1165 1933 1342 1968 transigatur.

1344 1989 1457 2018 CAPUT
1475 1989 1508 2016 Χ.

1086 2039 1160 2066 Idem
1179 2041 1243 2074 ipse.
1265 2038 1387 2071 Qualiter
1406 2037 1502 2071 fratres
1520 2033 1612 2060 debent
1631 2033 1748 2068 operari.

1069 2084 1199 2119 Idemque
1215 2085 1271 2120 (l3)
1288 2083 1474 2119 praecipimus.
1493 2080 1597 2108 Debent
1625 2087 1692 2114 ergo
1721 2078 1820 2105 fratres

1035 2130 1118 2156 istum
1132 2130 1259 2157 ordinem
1277 2135 1383 2157 tenere.
1403 2129 1424 2156 A
1439 2128 1526 2163 prima
1539 2128 1605 2154 hora
1623 2134 1710 2161 usque
1724 2125 1757 2152 ad
1769 2125 1819 2152 bo-

1035 2184 1095 2203 ram
1113 2176 1222 2203 tertiam
1241 2176 1299 2203 Deo
1308 2179 1407 2202 vacent
1422 2175 1522 2201 fratres
1538 2182 1545 2206 ;
1564 2181 1578 2200 a
1595 2173 1676 2200 tertia
1692 2179 1758 2199 vero
1770 2179 1818 2198 us-

1035 2230 1089 2256 que
1100 2222 1133 2249 ad
1146 2230 1257 2254 nonam,
1280 2220 1415 2256 quidquid
1426 2220 1580 2255 injunctum
1599 2218 1683 2246 fuerit
1698 2225 1713 2245 a
1727 2218 1817 2248 Patre,

195 2265 314 2292 voluerit
336 2266 505 2293 monasterio
527 2271 632 2301 partem
656 2267 790 2299 conferre,
806 2268 915 2295 noverit
931 2276 985 2303 quo
1001 2262 1024 2290 Ῑ)
1037 2268 1096 2295 sine
1107 2268 1197 2302 aliqua
1207 2268 1426 2295 murmuratione
1435 2267 1546 2293 faciant.
1556 2263 1819 2292 Meminisscdebent

196 2310 293 2338 ordine
310 2311 367 2338 sive
384 2311 452 2346 ipse,
467 2312 525 2339 sive
549 2313 609 2347 ejus
629 2312 733 2340 oblatio
754 2313 931 2348 suscipiatur.
947 2315 981 2342 Et

197 2357 219 2384 si
243 2357 363 2384 voluerit
389 2358 423 2384 de
452 2358 509 2385 suis
531 2359 619 2385 servis
647 2367 739 2386 secum
767 2360 795 2387 in
817 2361 984 2388 monasterio

198 2403 362 2435 conducere,
381 2404 490 2431 noverit
502 2404 557 2439 (10)
577 2404 631 2438 jam
650 2412 705 2432 non
719 2413 782 2432 eum
800 2413 909 2433 servum
934 2407 983 2433 ha-

198 2447 274 2479 bere,
284 2448 331 2474 sed
344 2448 475 2481 fratrem;
490 2453 520 2476 ut
533 2451 560 2476 in
572 2450 702 2477 omnibus
713 2451 851 2485 perfectus
862 2452 984 2479 invenia-

199 2496 244 2519 tur
258 2493 340 2520 bomo
353 2493 409 2522 ille.

233 2597 254 2613 "
268 2597 352 2625 Eccli.
377 2606 449 2630 XKIV,
466 2600 492 2626 ιι.
533 2601 554 2616 ¹⁶
568 2600 638 2628 Psal.
665 2609 792 2633 Lxxxvm,
821 2601 864 2628 H.

198 2632 293 2661 Thess.
304 2641 332 2666 v,
344 2633 387 2660 15.
426 2634 449 2650 ’³
465 2635 548 2662 Marc.
572 2643 600 2667 x,
614 2635 659 2662 ‘21.
697 2636 721 2651 “
734 2636 795 2663 Act.
813 2643 852 2668 lu,
871 2637 898 2664 1.

234 2731 271 2763 (7)
290 2731 440 2758 Humiliter.
458 2731 507 2758 Ms.
529 2730 693 2757 Humilitate.
713 2731 746 2758 Et
759 2731 840 2766 paulo
854 2735 918 2766 post
933 2739 981 2766 pa-

200 2769 272 2791 ratus
282 2767 314 2792 sit
328 2774 376 2799 pro
393 2767 482 2800 parati
496 2770 586 2792 estote.
608 2766 704 2793 Recte.

247 2800 273 2832 8)
291 2800 468 2827 "ebdomada.
485 2801 534 2828 Ms.
547 2801 604 2827 hab.
625 2801 760 2827 continua.

904 2602 924 2617 ¹⁷
947 2601 968 2628 ll
983 2601 1055 2628 Tim.
1076 2610 1102 2634 ιι,
1120 2602 1165 2628 21.

936 2637 959 2652 ’³
976 2637 1075 2672 Philip.
1088 2645 1117 2669 ιι,
1135 2637 1179 2664 Η.
1217 2637 1240 2652 ’⁸
1257 2636 1339 2664 lCor.
1361 2644 1386 2665 χ,
1403 2635 1444 2662 10.

1035 2313 1062 2341 hi
1078 2314 1179 2349 quibus
1196 2314 1358 2349 injungilur,
1375 2313 1478 2340 dictum
1496 2311 1619 2347 Apostoli
1637 2310 1750 2337 :Onmia
1761 2317 1820 2344 qua:

1033 2360 1131 2395 facitis,
1144 2361 1201 2387 sine
1220 2361 1428 2386 murmuratione
1448 2358 1527 2393 facile
1541 2359 1575 2384 ".
1592 2357 1700 2384 Timere
1717 2355 1820 2383 debent

1033 2406 1100 2433 illud
1114 2406 1216 2433 dictum
1229 2405 1352 2432 terribile
1369 2404 1474 2432 :Nolite
1494 2410 1672 2431 murmurare.
1684 2402 1750 2428 sicut
1761 2403 1818 2434 qui~

1033 2453 1095 2479 dam
1113 2459 1204 2478 eorum
1236 2455 1478 2481 murmuraverunt,
1506 2454 1529 2476 et
1553 2450 1585 2476 ab
1614 2447 1819 2475 exterminatorc

1033 2499 1166 2533 perierunt
1180 2498 1212 2524 ".
1232 2498 1319 2525 Debet
1334 2497 1423 2533 ,etiam
1455 2497 1502 2532 qui
1517 2500 1615 2531 praeest
1641 2495 1732 2526 Pater,
1749 2502 1819 2529 opus

1206 2602 1227 2618 ³⁸
1245 2602 1324 2628 Rom.
1355 2608 1402 2631 xu,
1433 2600 1473 2627 I2.
1514 2600 1535 2614 ¹·
1551 2597 1729 2633 Ephes.vr,4.
1764 2597 1816 2624 Μ1

1069 2733 1123 2765 (11)
1145 2732 1179 2758 Et
1193 2741 1260 2766 resp.
1282 2731 1330 2758 Ms.
1347 2736 1375 2757 ut
1390 2739 1458 2766 resp.
1477 2729 1537 2756 Mox
1552 2728 1623 2755 idem
1637 2737 1687 2766 ins.
1698 2734 1764 2766 post
1776 2738 1817 2756 ve-

1033 2767 1163 2794 nientibus
1179 2765 1265 2798 addit,
1283 2767 1390 2800 uecipsc
1405 2765 1501 2791 audeat
1514 2772 1576 2800 cum
1589 2765 1760 2792 venientibus.

1070 2803 1125 2836 (12)
1139 2801 1269 2836 Alicujus.
1281 2799 1373 2828 Addit.
1384 2808 1435 2827 ms.
1454 2799 1498 2826 ibi.
1513 2799 1598 2826 Paulo
1609 2803 1670 2834 post
1682 2800 1815 2832 recitatur,

247 2835 274 2864 9)
290 2834 389 2861 Primo.
402 2835 492 2864 Addit.
509 2844 559 2863 ms.
576 2839 638 2862 ante
652 2836 752 2863 omnia.
764 2836 804 2863 Ex
819 2843 892 2868 mox,
904 2844 984 2871 quam
1033 2838 1094 2864 loco
1108 2834 1268 2870 proferatur.

202 2873 298 2937 κ’(ῗῗὶι)
309 2903 424 2930 Noverit.
437 2905 511 2933 Idem
527 2906 588 2934 cod.
606 2907 706 2933 noverit
722 2914 758 2933 se.

1069 2869 1124 2905 (13)
1142 2869 1276 2905 Idemque.
1297 2871 1337 2898 An
1351 2869 1492 2905 Itemque?
