2075 3155
266 199 318 231 175

268 306 406 336 praecepto
416 300 458 327 cui
472 301 623 336 iniunctum
634 300 728 333 fuerit,
743 300 841 328 fratres
849 300 978 328 obediant
992 300 1051 328 sine

267 347 389 382 querela.

563 393 675 421 CAPUT
695 392 741 420 XI.

269 439 390 472 Qualiter
401 440 542 472 inﬁrmitas
563 439 603 466 vel
625 439 784 474 possibilitas
808 446 947 472 corporum
963 437 995 464 ab
1022 445 1051 463 eo

406 474 450 509 qui
469 478 561 509 prtecst
578 474 657 501 Patre
678 474 854 509 cognoscenda
871 474 915 499 sit.

304 519 409 554 Siquis
433 527 466 546 ex
491 519 622 546 fratribus
646 527 696 554 pro
716 519 830 554 jejunio,
851 517 893 544 vel
920 516 1051 552 operibus

268 557 399 590 manuum
421 571 543 595 suarum,
561 572 622 598 qua:
647 564 793 598 Apostolus
814 562 942 597 praecepit
972 561 1050 594 (ΜΗ

268 606 411 641 Operantes
424 608 543 634 manibus
566 608 669 639 nostris,
685 616 717 634 ne
730 615 805 642 quem
824 610 938 633 oestrum
957 613 1052 640 graua-

269 654 385 679 remus“
397 661 404 685 ;
420 654 443 680 si
457 654 480 681 is
496 653 542 687 qui
556 653 617 680 talis
631 658 673 679 est
697 653 778 679 fuerit
792 652 950 678 infirmitate
963 650 1053 676 obses-

269 706 327 730 sus,
346 698 545 732 providendum
566 703 608 725 est
626 698 660 724 ab
683 706 715 724 co
740 697 787 732 qui
811 700 919 731 prtecst,
934 695 1052 730 qualiter

268 744 326 776 ipsa
351 743 494 771 inflrmitas
523 748 701 770 sustentetur.
724 742 802 776 Quod
828 743 851 769 si
872 741 997 768 infirmus
1010 744 1052 767 est

269 788 361 815 animo
372 788 426 823 (l5)
445 788 600 824 hujusmodi
618 788 712 820 frater,
729 791 838 821 oportet
851 794 913 813 eum
927 786 1052 820 frequen-

269 834 324 860 tius
341 834 460 867 operari,
491 832 690 860 considerando
713 832 872 866 Apostolum
885 832 918 863 '°,
935 831 1053 866 qualiter

268 886 368 913 corpus
391 887 470 906 suum
498 879 624 906 servituti
649 878 759 913 redigit.
784 877 840 905 lloc
852 881 943 904 autem
957 877 1052 904 obser-

268 924 387 951 vandum
401 928 453 955 est,
474 928 505 951 ut
528 923 557 950 in
580 923 657 950 nullo
683 923 851 950 voluntatem
871 929 948 949 suam
972 915 1090 949 faciatB

269 969 325 996 ille.

584 1014 659 1041 CAP.
680 1014 738 1042 Xll.

270 1059 393 1092 Qualiter
411 1060 499 1095 o/ﬁciis
518 1059 613 1086 mutuis
633 1068 660 1086 se
679 1060 776 1094 fratres
794 1061 957 1095 praveuiant
980 1060 1051 1093 (l6).

306 1106 333 1133 Si
349 1106 522 1140 congregatio
536 1106 621 1132 multa
634 1109 686 1138 est,
696 1105 776 1132 debet
792 1106 814 1132 is
827 1106 873 1140 qui
890 1111 988 1140 pratest
1001 1106 1051 1133 Pa-

271 1157 321 1183 tcr,
341 1151 486 1186 disponere
502 1150 747 1182 hebdomadarios,
769 1155 797 1178 ct
815 1151 937 1178 ordinem
953 1151 1033 1178 oflicii
1044 1172 1051 1183 ,

268 1205 322 1232 quo
338 1197 391 1224 sibi
417 1197 534 1224 invicem
556 1196 705 1224 succedant
722 1196 755 1224 ad
772 1197 984 1224 ministrandum
1001 1206 1007 1224 :
1026 1202 1053 1224 et

268 1243 418 1270 decernere
428 1243 510 1270 debet
524 1243 568 1270 ille
583 1243 649 1278 (l7),
664 1242 801 1277 quomodo
813 1243 991 1276 debeatcsse,
1005 1243 1052 1278 qui

268 1289 408 1317 cellarium
427 1289 543 1316 fratrum
568 1289 718 1316 contineat.
743 1289 829 1316 Debet
852 1288 913 1316 talis
934 1293 1054 1316 tantum.

268 1337 349 1364 modo
366 1336 429 1371 eligi
442 1356 448 1367 ,
466 1336 512 1371 qui
530 1335 616 1370 possit
638 1335 665 1361 in
684 1334 812 1362 omnibus
827 1335 896 1370 gula:
916 1342 971 1362 sua:
990 1343 1053 1370 sug~

267 1382 438 1418 gestionibus
452 1381 605 1412 dominari,
625 1384 654 1407 et
675 1380 832 1415 evangelico
847 1379 942 1407 ordine
961 1380 1053 1407 fratri-

268 1429 320 1455 bus
338 1428 396 1455 suis
412 1427 513 1453 victum
531 1426 683 1461 gubernare
702 1434 708 1452 :
724 1426 770 1460 qui
785 1425 879 1452 timeat
892 1425 969 1452 Juda:
988 1434 1053 1453 sen-

269 1472 382 1499 tentiam
395 1492 402 1503 ,
418 1472 465 1506 qui
489 1470 524 1497 ab
541 1470 620 1498 initio
640 1470 684 1497 fur
709 1470 761 1497 fuit
775 1471 809 1498 "’.
832 1470 948 1498 Studerc
970 1471 1053 1499 debet

268 1518 316 1552 qui
331 1517 394 1544 huic
407 1516 495 1543 officio
504 1517 661 1550 deputatur,
676 1520 706 1542 ut
718 1516 811 1543 audiat
825 1525 832 1542 :
850 1516 917 1548 Quia
933 1518 978 1551 qui
989 1517 1053 1544 bene

269 1562 476 1593 ministraverit,
500 1561 595 1587 bonum
619 1560 732 1596 gradum
756 1561 812 1595 (18)
833 1562 944 1596 acquirit
958 1562 1000 1594 ’5;
1025 1565 1053 1589 et

269 1608 366 1634 anima:
383 1615 438 1634 sua:
454 1607 561 1634 lucrum
584 1606 658 1633 facit.
674 1606 759 1633 Nosse
774 1606 875 1633 debent
893 1606 976 1633 etiam
998 1607 1053 1633 fra-

269 1659 337 1685 tres,
353 1653 417 1688 quia
436 1653 570 1688 quidquid
595 1653 622 1680 in
641 1652 807 1680 monasterio
823 1656 972 1685 tractatur,
996 1653 1054 1680 sive

270 1698 298 1724 in
308 1697 389 1729 vasis,
405 1697 462 1724 sive
476 1697 503 1724 in
519 1697 700 1728 ferramentis,
709 1696 752 1723 vel
768 1701 864 1723 caetera
875 1697 976 1729 omnia,
993 1705 1054 1724 esse

270 1743 449 1770 sanctiﬁcata.
467 1742 494 1770 Si
510 1743 572 1778 quis
586 1743 619 1770 de
638 1742 770 1770 fratribus
787 1743 890 1778 aliquid
913 1743 1053 1778 negligen-

272 1791 314 1813 ter
329 1787 504 1818 tractaverit,
523 1790 626 1821 partem
648 1794 677 1813 se
689 1787 790 1814 habere
804 1787 911 1814 noverit
927 1795 989 1814 cum
1007 1788 1054 1815 illo

269 1839 343 1866 rege,
359 1831 405 1866 qui
423 1831 450 1858 in
465 1831 538 1858 vasis
550 1831 649 1858 domus
668 1832 715 1859 Dei
732 1832 908 1860 sanctificatis
919 1841 981 1860 cum
996 1833 1054 1860 suis

269 1877 381 1904 bibebat
392 1877 562 1908 concubinis,
573 1881 601 1904 et
608 1877 715 1911 qualem
721 1878 975 1906 meruitvindictam
986 1880 1008 1913 (1
1015 1879 1052 1914 9).

269 1922 456 1950 Custodienda
471 1927 535 1949 sunt
544 1922 594 1949 ista
604 1926 749 1957 praecepta,
763 1927 791 1950 et
800 1930 849 1958 per
860 1923 982 1959 singulos
994 1924 1054 1952 dies

270 1971 299 1997 in
313 1978 393 1997 aures
404 1970 518 1997 fratrum
534 1969 672 1997 recitanda
681 1974 793 2002 sunt,ut
802 1978 857 1999 non
869 1971 1054 2000 condemnen-

269 2021 315 2043 tur
329 2016 357 2043 in
375 2015 496 2050 peccatis
511 2016 578 2043 suis.

579 2061 653 2089 CAP.
675 2061 744 2089 Xlll.

271 2107 391 2140 Qualiter
401 2108 470 2134 inter
480 2115 507 2134 se
519 2109 678 2135 monasteria
693 2117 783 2143 pacem
792 2108 899 2143 ﬁrmam
910 2110 1053 2136 obtineant.

455 2152 530 2180 Alius
550 2153 603 2187 (20)
620 2153 752 2180 Macarius
772 2153 837 2181 dixit
853 2162 862 2181 :

304 2196 439 2229 Quoniam
457 2197 559 2224 veritas
578 2202 761 2232 protestetur,
778 2205 839 2232 qua:
857 2198 944 2226 dicit:
964 2199 995 2226 In
1011 2207 1056 2226 ore

765 188 1099 230 'ssTMACAmonUM
1111 197 1159 228 ET
1172 192 1395 230 PAPHNUTII'.

268 255 340 291 quod
365 255 518 283 faciendum
535 259 576 282 est
595 257 643 282 uni
665 254 819 291 iniungere,
835 260 866 282 ut
885 254 976 282 caeteri
992 255 1051 289 ejus
1065 256 1088 284 Α
1102 253 1255 281 obtineant.
1271 254 1330 281 Non
1346 254 1440 282 licebit
1453 255 1487 282 de
1502 255 1556 282 alio
1571 260 1747 289 monasterio,
1765 258 1824 286 sine
1839 268 1887 287 vo-
1930 250 1935 254 ’

1836 203 1889 237 976

1101 300 1206 328 luntate
1218 300 1277 335 ejus
1290 301 1337 334 qui
1348 305 1447 335 prmest
1459 300 1558 334 Patris,
1572 300 1671 329 fratres
1686 302 1809 338 recipere
1821 305 1888 341 (22),

1103 343 1151 371 sed
1163 351 1215 371 nec
1226 344 1320 372 videre
1338 348 1459 379 oportet,
1473 345 1582 373 dicente
1595 346 1726 381 Apostolo
1740 357 1746 374 :
1765 349 1832 381 Quia
1844 352 1890 386 qui

1102 389 1218 424 primani
1236 389 1316 423 [idem
1331 390 1436 417 irritam
1452 390 1512 425 fecit
1523 411 1531 424 ,
1553 396 1591 418 est
1605 392 1706 426 inﬁdeli
1726 394 1839 422 deterior
1856 397 1888 423 ".

1102 434 1180 468 Quod
1198 435 1220 462 si
1239 440 1366 470 precatus
1380 435 1510 471 fueritjab
1524 444 1558 464 eo
1571 437 1617 472 qui
1635 444 1733 472 praeest
1747 439 1843 473 Patre,
1860 446 1891 469 ut

1103 482 1130 508 in
1145 482 1198 508 alio
1214 482 1379 509 monasterio
1394 482 1573 517 ingrediatur,
1588 485 1796 514 commendetur
1811 487 1845 514 ab
1856 495 1889 515 eo

1103 527 1127 554 ei
1144 527 1190 561 qui
1205 531 1314 561 praeest,
1338 527 1385 554 ubi
1401 535 1461 556 esse
1480 528 1635 563 desiderat;
1652 536 1679 558 et
1696 532 1736 559 sic
1757 533 1891 567 suscipia—

1103 576 1159 598 tur.
1174 571 1242 598 Nam
1259 571 1319 599 sine
1334 573 1477 600 voluntate
1493 573 1549 609 (23)
1567 575 1614 609 qui
1630 583 1747 610 praeesse
1762 577 1844 605 debet
1861 579 1890 605 in

1103 616 1270 643 monasterio
1286 617 1387 648 Patris,
1402 618 1558 646 nullatenus
1573 620 1638 647 alibi
1663 621 1811 656 recipiatur
1833 622 1890 649 fra-

1104 665 1155 688 ter.
1169 660 1247 693 Quod
1263 661 1284 689 si
1298 663 1503 697 praesumpserit
1516 664 1578 690 talia
1593 664 1693 697 facere,
1705 667 1851 694 noveritse
1862 668 1890 694 in

1103 707 1207 742 synodo
1223 708 1426 742 episcoporum,
1440 714 1488 736 aut
1500 710 1527 736 in
1541 714 1677 736 conventu
1695 710 1813 737 fratrum
1831 719 1891 739 suo-

1103 759 1164 779 rum
1186 753 1214 780 in
1234 753 1402 781 audientiam
1422 755 1516 781 venire
1534 762 1540 781 :
1557 760 1586 782 et
1607 759 1673 782 tunc
1700 756 1810 783 recedet
1828 761 1890 783 tan-

1103 805 1185 832 quam
1201 798 1294 833 junior
1312 806 1389 831 suus,
1412 799 1501 827 donec
1522 800 1557 826 ab
1572 807 1604 827 eo
1620 800 1664 828 cui
1683 800 1809 836 iniuriam
1825 801 1890 829 fecit

1103 843 1210 869 veniam
1227 847 1318 878 petat;
1337 848 1368 870 ut
1382 852 1437 871 non
1461 852 1509 879 per
1523 845 1608 880 ipsius
1625 846 1722 873 vitium
1739 846 1785 874 alii
1800 847 1891 882 despi—

1103 889 1212 916 eiantur
1231 888 1334 916 Patres.
1350 890 1397 917 llle
1416 897 1481 917 vero
1494 891 1645 918 monachus
1659 897 1777 926 quantos
1792 892 1891 920 fratres

1104 933 1132 960 in
1147 934 1201 960 alio
1215 935 1384 961 monasterio
1405 935 1550 967 invenerit,
1567 940 1656 963 tantos
1669 945 1699 964 se
1720 937 1827 964 noverit
1843 938 1892 964 ha-

1104 979 1170 1006 bere
1184 979 1299 1014 priores.
1311 979 1368 1007 Nec
1383 980 1579 1007 attendendum
1589 985 1641 1014 est,
1656 982 1702 1017 qui
1718 982 1770 1009 fuit
1792 987 1889 1015 antea;

1104 1022 1158 1052 scd‘
1166 1025 1339 1059 probandum
1356 1029 1409 1057 est,
1424 1026 1513 1061 qualis
1523 1034 1584 1054 esse
1598 1027 1724 1062 coeperit.
1742 1028 1891 1062 Susceptus

1103 1069 1184 1105 245
1195 1071 1291 1097 verosi
1307 1071 1409 1098 habere
1425 1071 1535 1098 videtur
1548 1071 1661 1106 aliquid,
1679 1072 1736 1100 sive
1753 1072 1780 1099 in
1795 1073 1889 1105 rebus,

1103 1116 1161 1143 sive
1174 1116 1202 1142 in
1217 1115 1370 1148 codicibus,
1386 1116 1456 1144 ultra
1469 1117 1495 1144 ei
1517 1117 1657 1152 possidere
1670 1125 1725 1145 non
1739 1118 1842 1150 licebit,
1860 1122 1892 1145 ut

1103 1162 1190 1196 possit
1210 1169 1270 1189 esse
1286 1162 1435 1196 perfectus,
1453 1163 1526 1197 quod
1544 1163 1609 1190 alibi
1623 1171 1677 1190 non
1693 1164 1793 1198 potuit.
1810 1164 1889 1191 Resi-

1104 1207 1234 1234 dentibus
1245 1214 1310 1234 vero
1324 1206 1465 1239 fratribus,
1481 1208 1503 1235 si
1520 1207 1603 1235 fuerit
1614 1208 1704 1243 aliqua
1718 1208 1752 1235 de
1767 1208 1889 1244 Scriptu—

1104 1253 1143 1280 ris
1156 1252 1275 1283 collatio,
1288 1257 1316 1280 et
1330 1252 1414 1280 fuerit
1426 1261 1460 1280 ex
1475 1253 1519 1281 his
1535 1253 1590 1289 (24)
1608 1254 1669 1281 talis
1683 1254 1778 1286 scitus,
1795 1262 1850 1281 non
1861 1254 1888 1282 ei

1104 1298 1198 1326 licebit
1212 1298 1315 1333 aliquid
1334 1299 1439 1330 dicere,
1461 1300 1514 1326 nisi
1533 1305 1701 1335 praeceptum
1720 1301 1747 1327 ei
1768 1300 1852 1328 fuerit
1871 1308 1888 1328 a

1103 1342 1184 1371 Patre
1203 1343 1269 1379 (25).

1413 1389 1489 1417 CAP.
1509 1389 1578 1418 XIV.

1102 1433 1226 1468 Idemque
1245 1441 1254 1460 :
1274 1432 1396 1466 Qualiter
1418 1434 1505 1462 clerici
1524 1436 1635 1470 hospites
1653 1436 1811 1472 suscipiendi
1829 1441 1891 1464 sunt

1390 1481 1418 1507 in
1438 1483 1607 1508 monasterio.

1138 1525 1207 1552 Cum
1232 1525 1306 1552 omni
1331 1527 1484 1554 reverentia
1507 1531 1536 1553 ut
1560 1527 1678 1554 ministri
1700 1527 1813 1554 altaris:
1835 1534 1890 1554 non

1066 1585 1088 1614 ε
1104 1571 1198 1598 licebit
1220 1571 1273 1598 nisi
1297 1571 1363 1605 ipsis
1385 1572 1537 1600 orationem
1551 1573 1688 1607 complere
1700 1595 1707 1606 ,
1733 1573 1791 1600 sive
1804 1573 1892 1601 ostia~

1104 1617 1176 1649 rius,
1197 1617 1254 1643 sive
1269 1617 1393 1644 minister
1409 1621 1451 1644 est
1474 1618 1568 1652 templi
1592 1618 1651 1645 Dei.
1665 1617 1743 1651 Quod
1760 1619 1782 1646 si
1798 1619 1891 1654 aliquo

1104 1669 1169 1689 casu
1180 1662 1272 1696 lapsus
1290 1667 1341 1695 est,
1358 1666 1386 1689 et
1399 1663 1427 1689 in
1441 1670 1474 1690 eo
1489 1663 1561 1697 quod
1576 1663 1678 1690 dicitur
1693 1664 1824 1698 probatus
1834 1665 1892 1692 cri-

1104 1707 1189 1740 mine,
1208 1715 1263 1734 non
1285 1707 1366 1735 liceat
1386 1708 1411 1735 ei
1431 1712 1494 1735 ante
1511 1715 1573 1735 eum
1588 1709 1634 1742 qui
1656 1715 1755 1744 praeest
1769 1710 1891 1742 Patrem,

1105 1752 1146 1778 vel
1165 1751 1317 1785 secundum
1342 1753 1491 1787 complere.
1507 1753 1580 1780 Nulli
1600 1754 1774 1788 permittatur
1790 1755 1892 1783 clerico

1105 1799 1132 1824 in
1152 1797 1318 1825 monasterio
1338 1798 1464 1825 habitare
1475 1819 1481 1829 ,
1497 1799 1550 1826 nisi
1567 1799 1592 1826 ei
1607 1800 1797 1827 tantummodo
1809 1808 1891 1834 quem

1104 1843 1197 1877 lapsus
1214 1844 1319 1877 peccati
1332 1844 1364 1871 ad
1382 1843 1566 1871 humilitatem
1585 1844 1716 1877 deduxit,
1729 1849 1813 1872 etest
1830 1846 1891 1872 vul-

1104 1892 1236 1921 neratus;
1261 1893 1291 1915 ut
1318 1888 1345 1915 in
1368 1888 1536 1916 monasterio
1563 1889 1728 1917 humilitatis
1755 1891 1891 1917 medicina

1104 1938 1226 1960 sanetur.
1237 1933 1299 1961 llmc
1306 1933 1383 1960 vobis
1399 1933 1516 1961 tenenda
1529 1933 1676 1966 sufficiant,
1685 1933 1794 1967 fratres,
1804 1940 1892 1962 custo-

1104 1979 1204 2006 dienda
1214 1980 1388 2011 conveniant,
1404 1984 1431 2006 ct
1443 1979 1521 2008 eritis
1534 1980 1788 2015 irreprehensibilcs
1802 1981 1829 2008 in
1842 1989 1891 2016 po-

1104 2025 1171 2059 pulo
1187 2025 1246 2052 Dei.

1420 2070 1496 2098 CAP.
1516 2069 1574 2098 XV.

1193 2115 1314 2148 Qualiter
1333 2115 1418 2151 culpae
1436 2115 1601 2151 singulorum
1621 2117 1802 2144 emendentur.

1140 2161 1196 2190 Nec
1214 2162 1268 2190 hoc
1281 2162 1426 2189 tacendum
1441 2167 1498 2194 est,
1523 2163 1642 2197 qualiter
1657 2164 1745 2198 culpae
1768 2165 1893 2200 singulo-

1106 2215 1168 2234 rum
1182 2208 1363 2236 emendentur
1381 2217 1387 2235 :
1400 2216 1450 2243 pro
1464 2209 1596 2242 qualitate
1611 2210 1698 2244 culpae
1714 2211 1768 2237 erit
1780 2218 1892 2238 excom-

269 2243 381 2269 duorum
400 2242 438 2269 uel
455 2243 534 2270 trium
548 2244 650 2270 testium
662 2243 739 2270 stabit
755 2251 830 2269 omne
845 2244 951 2271 verbum
961 2246 994 2278 ",
1011 2246 1053 2272 fir-

1107 2253 1267 2281 niunicatio.
1294 2255 1364 2289 Ergo
1387 2242 1439 2281 iste
1467 2253 1537 2281 ordo
1564 2258 1700 2282 teneatur.
1725 2255 1753 2282 Si
1781 2256 1844 2290 quis
1858 2264 1893 2284 ex

270 2289 369 2316 manda
385 2297 450 2325 ergo
462 2295 504 2317 est
520 2291 613 2325 regula
631 2289 757 2324 pietatis;
775 2297 826 2317 nec
842 2290 896 2326 (2f)
909 2292 1053 2319 tacendum

269 2341 328 2368 est,
352 2336 469 2370 qualiter
494 2336 566 2363 inter
591 2344 620 2363 sc
644 2335 809 2363 monasteria
830 2344 924 2371 pacem
947 2337 1052 2365 firmam

304 2426 343 2454 "1
364 2426 428 2453 Cor.
458 2433 494 2459 Iv,
521 2425 564 2452 12.

270 2461 290 2476 ³η
308 2461 316 2488 l
333 2461 432 2494 Tim.v,
454 2460 496 2486 η.

616 2425 638 2440 ²⁶
657 2425 666 2451 1
686 2424 749 2452 Cor.
778 2433 820 2458 Ix,
837 2426 883 2454 27.

304 2541 359 2576 (Ml
371 2541 509 2576 Prcecepit.
526 2542 574 2569 Ms.
591 2541 717 2576 Prwcepit
735 2543 832 2569 dicens.

305 2577 361 2610 (15)
383 2576 458 2608 Quod
471 2577 494 2603 si
506 2577 626 2610 inﬁrmus
640 2582 677 2603 est
695 2577 794 2604 animo.
809 2578 858 2605 Ms.
877 2578 953 2610 Quod
969 2580 991 2605 si
1005 2579 1054 2613 ﬁr-

271 2620 328 2638 mus
347 2615 383 2637 est
401 2619 519 2645 corpore.

305 2647 359 2678 (l6)
380 2646 558 2673 Prwueniant.
572 2646 636 2674 Post
651 2647 721 2675 hanc
736 2655 832 2675 vocem
845 2649 922 2676 addit
938 2656 988 2676 ms.
1005 2649 1053 2675 iste

270 2682 333 2707 ordo
349 2685 478 2707 tenentur.

305 2716 360 2751 (l7)
383 2716 424 2751 Et
438 2715 577 2751 decernere
592 2717 665 2743 debet
683 2717 738 2744 ille.
759 2718 822 2746 llzec
836 2719 935 2746 desunt
955 2718 984 2745 in
1000 2726 1050 2746 ms.

269 2749 404 2790 Ειςῃξῃίιῃ
418 2749 489 2790 idem
500 2752 561 2790 eod.
576 2752 661 2790 qualis
678 2753 760 2790 habet
775 2761 824 2788 pro
839 2754 977 2790 quomodo.

305 2786 360 2822 (μζ)
379 2785 511 2822 gradiuit.
521 2786 571 2822 itis.
581 2785 699 2822 ‘gradum
713 2788 761 2814 sibi
775 2785 832 2816 aea.

305 2820 359 2853 (19)
382 2819 484 2847 Meruit.
504 2821 552 2848 ills.
570 2819 704 2849 meruerit.

305 2855 360 2890 (ΞΟ)
379 2854 463 2882 Alius.
478 2856 527 2883 Ms.
544 2856 610 2884 Item
626 2858 705 2884 alius.

304 2889 359 2925 (2f)
377 2890 439 2918 Nec.
458 2891 506 2920 Ms.
521 2891 572 2919 Nec
587 2892 634 2919 hoc
646 2897 695 2919 (αι’.

935 2427 956 2442 ¹⁷
974 2427 1052 2454 Joau.
1075 2435 1130 2461 xu,
1162 2429 1187 2456 6.

1107 2295 1239 2322 fratribus
1260 2303 1413 2323 sermonem
1429 2296 1548 2323 otiosum
1563 2297 1699 2330 emiserit,
1719 2306 1754 2325 ne
1777 2305 1841 2325 reus
1856 2298 1893 2325 sit

1106 2340 1225 2373 concilii,
1239 2341 1412 2376 praecipimus
1424 2349 1487 2369 eum
1506 2342 1598 2370 triduo
1615 2351 1631 2370 a
1645 2343 1759 2371 fratrum
1775 2352 1892 2379 congre-

1243 2429 1266 2445 ²⁸
1286 2430 1305 2457 1.
1325 2431 1395 2458 Tim.
1424 2438 1463 2464 In;
1479 2432 1521 2458 l5.
1575 2434 1596 2449 ’³
1616 2431 1710 2459 Matth.
1738 2440 1814 2465 xvnt,
1848 2433 1891 2460 l6-

1140 2547 1195 2582 (22)
1214 2547 1347 2580 Recipere.
1364 2545 1425 2573 Post
1445 2546 1560 2574 verbum
1577 2547 1735 2582 hujusmodi
1749 2547 1826 2575 addit
1839 2555 1889 2575 ms.

1103 2586 1128 2607 et
1143 2590 1195 2618 rion
1209 2582 1360 2618 solumuon
1375 2582 1486 2618 recipere
1501 2590 1510 2618 ς
1526 2591 1587 2617 qute
1597 2583 1708 2617 quidem
1721 2583 1757 2610 ob
1768 2583 1892 2618 ejusdem

1103 2617 1179 2643 verbi
1193 2616 1391 2657 repetitionem
1414 2617 1528 2643 librario
1547 2618 1717 2650 exciderint,
1736 2623 1766 2645 ut
1782 2616 1816 2645 ex
1827 2625 1893 2645 con-

1104 2652 1289 2721 leyzrllllli)hgiliz$rlr
1304 2686 1361 2722 sine
1380 2685 1514 2712 voluntate
1536 2691 1594 2714 catt.
1615 2687 1678 2714 [huc
1698 2693 1726 2715 et
1750 2688 1894 2722 sequentia

1102 2728 1188 2755 usque
1199 2722 1232 2748 ad
1247 2729 1288 2750 ea.
1301 2720 1351 2747 Ille
1362 2729 1422 2747 vero
1438 2722 1591 2752 monac/ms,
1609 2723 1710 2749 desunt
1728 2723 1755 2749 in
1768 2720 1819 2750 nis.

1139 2756 1194 2796 (2i)
1207 2757 1249 2783 [ιω
1267 2757 1306 2783 liis
1318 2756 1338 2791 ].
1352 2756 1434 2782 Deest
1451 2756 1609 2790 praepositio
1622 2757 1650 2784 in
1671 2765 1723 2784 ms.
1737 2762 1765 2785 et
1779 2758 1893 2792 quidem

1246 2824 1351 2861 l’atre],
1362 2825 1409 2852 Ms.
1424 2826 1455 2852 ab
1462 2834 1491 2852 eo
1502 2826 1548 2861 qui
1559 2831 1663 2861 prwest.
1677 2827 1728 2854 liic
1740 2835 1806 2854 vero
1818 2826 1895 2854 dest-

1103 2860 1143 2887 nit
1155 2861 1250 2888 codex.
1265 2860 1325 2887 Vat.
1343 2868 1432 2894 neque
1451 2861 1501 2888 tria
1515 2860 1611 2889 ultima
1622 2863 1712 2897 capita
1724 2862 1860 2898 agnoscit.
