2075 3155
196 193 249 224 977

195 305 230 326 eo
241 298 383 334 jungatur.
402 297 430 325 Si
446 306 512 325 vero
525 298 625 333 aliquis
638 298 830 334 deprehensus
850 300 934 327 fuerit
956 300 985 327 in

196 344 265 376 risu,
282 344 324 371 vel
356 344 384 370 in
398 343 560 370 scurrilitate
574 344 719 376 sermonis,
733 345 805 372 sicut
816 345 855 372 ait
868 345 985 380 Aposto-

196 390 250 422 lus,
266 398 324 425 qutz
337 389 371 416 ad
380 398 436 416 rem
446 398 498 416 non
511 390 623 425 pertinet
634 390 667 422 ¹¹,
683 390 814 426 jubemus
828 389 984 426 hujusmodi

201 435 318 462 duarum
338 435 572 463 hebdomadarum
595 436 684 470 spatio
707 437 734 463 in
750 436 860 464 nomine
877 437 985 464 Domini

198 481 272 508 omni
298 481 405 516 ﬂagello
435 481 598 508 humilitatis
621 482 760 512 coerceri.
787 482 894 509 dicente
914 482 986 517 Apo-

198 526 289 554 stolo:
306 525 333 553 Si
355 527 411 561 quis
429 527 512 561 frater
527 527 679 554 nominatur
698 528 858 560 iracundus,
873 533 920 555 aut
938 538 985 555 su-

198 571 302 607 perbus.
313 577 359 598 aut
370 571 522 604 maledicus,
535 574 603 600 hunc
620 578 708 600 notate
721 574 753 600 ²¹.
772 574 806 601 Ει
823 583 829 601 :
845 573 903 601 Non
917 575 986 602 odite

198 622 226 644 ut
245 618 378 644 inimicum
393 638 400 650 ,
417 619 463 645 sed
481 619 604 654 corripite
617 624 644 646 ut
664 620 773 654 fratrem
789 620 822 647 ”.
843 621 877 648 Et
891 621 918 648 in
931 621 985 648 alio

198 662 258 689 loco
275 671 282 689 :
301 662 330 690 Si
350 664 408 698 quis
424 664 508 698 frater
522 664 599 699 fuerit
615 670 762 699 prteventus
782 667 810 693 in
833 666 922 701 aliquo
938 667 985 694 de-

199 707 270 740 licto,
286 717 330 735 vos
340 710 385 744 qui
397 709 532 744 spiritales
550 711 610 737 estis
622 731 629 743 ,
650 712 772 738 instruite
785 713 935 747 hujusmodi
951 714 984 746 “,

199 757 227 780 et
240 753 369 788 corripite
382 754 511 788 fratrem;
525 755 561 782 ita
575 760 605 783 ut
616 763 665 790 per
677 756 841 784 humilitatis
856 757 985 793 frequen-

200 798 265 826 tiam
280 808 334 827 non
350 801 495 836 reprobus,
515 801 563 829 sed
578 801 710 837 probatus
729 802 757 829 in
773 805 984 839 congregatione

198 852 368 880 perseveret.

268 1021 289 1037 ³·
300 1021 400 1057 Ephes.
417 1030 444 1055 v,
461 1023 486 1051 4.
537 1024 558 1040 ³⁸
577 1024 585 1051 l
605 1023 668 1052 Cor.
686 1031 712 1058 v,
726 1024 769 1051 Η.

780 193 935 225 REGULA
953 194 1006 224 AD
1026 192 1239 225 MONACHOS.

195 252 304 288 gatione
319 252 363 280 vel
377 252 515 287 colloquio
533 259 594 280 esse
610 253 731 281 alienum
743 274 751 286 ,
771 258 802 280 ut
816 255 909 282 nullus
922 262 983 282 cum
996 254 1023 284 Δ

808 1024 831 1041 ³³
849 1025 873 1053 ll
889 1025 987 1054 Thess.
1001 1034 1040 1060 ul,
1061 1026 1106 1054 15.
1143 1026 1166 1043 ³⁵
1191 1025 1251 1055 Gal.
1266 1033 1304 1058 vi,
1321 1026 1347 1053 1.

1771 193 1824 225 978

1348 253 1424 282 CAP.
1444 254 1513 282 XVI.

1120 299 1152 328 Ut
1171 301 1228 327 sine
1246 307 1420 335 personarum
1440 299 1587 335 acceptione
1606 297 1746 335 aequaliter

1358 345 1500 377 iudicetur.

1071 391 1129 419 Hoc
1153 395 1216 419 ante
1239 391 1332 418 omnia
1349 391 1524 426 praecipimus
1538 390 1617 418 vobis
1633 389 1680 425 qui
1703 389 1768 416 huic
1784 389 1826 415 of-

1035 438 1097 465 ﬁcio
1110 438 1244 473 praeestis,
1259 442 1290 465 ut
1305 445 1430 473 personte
1442 446 1455 464 a
1468 437 1547 464 vobis
1566 444 1621 463 non
1643 435 1823 470 accipiantur,

1035 484 1082 511 sed
1099 484 1197 518 aequali
1215 483 1316 511 aﬂ‘ectu
1340 491 1436 510 omnes
1460 483 1628 518 diligantur,
1647 486 1675 508 et
1692 489 1741 516 per
1763 489 1825 508 cor—

1036 530 1189 564 reptionem
1205 537 1302 556 omnes
1319 534 1452 556 sanentur
1466 536 1474 555 :
1491 529 1556 564 quia
1575 528 1719 564 aequalitas
1736 527 1826 562 placet

1033 574 1105 608 apud
1116 574 1212 603 Deum.
1228 574 1337 601 dicente
1353 574 1490 609 Propheta
1505 583 1511 600 :
1524 573 1553 601 Si
1571 582 1628 600 vere
1642 574 1731 608 utique
1745 571 1826 608 246

1028 620 1163 654 justitiam
1172 619 1580 655 loquimini,justejudicate,ﬁlii
1588 619 1723 645 hominum
1731 619 1761 644 ³⁸.
1771 618 1827 645 Nec

1033 665 1117 692 latere
1137 673 1186 692 vos
1208 665 1346 697 volumus,
1371 665 1436 700 quia
1452 665 1499 699 qui
1512 673 1567 691 non
1590 664 1705 699 corripit
1729 671 1825 690 erran-

1033 717 1110 744 tem,
1137 712 1245 739 noverit
1272 720 1301 739 se
1329 720 1378 747 pro
1408 719 1442 739 eo
1473 712 1610 739 rationem
1639 711 1824 739 redditurum.

1033 758 1128 785 Estote
1139 757 1233 785 fideles
1248 763 1276 784 et
1289 757 1353 784 boni
1367 757 1496 785 doctores
1508 757 1541 785 ad
1558 765 1654 784 omnes
1671 766 1677 783 τ
1695 756 1825 791 corripite

1033 803 1172 838 inquietos
1187 811 1193 830 :
1210 803 1341 838 suscipite
1362 803 1486 830 inﬁrmos
1503 812 1508 829 :
1526 803 1662 838 patientes
1681 807 1768 829 eStote
1791 801 1826 828 ad

1035 855 1131 874 omnes
1150 857 1156 873 :
1172 853 1201 874 et
1213 851 1330 882 quantos
1343 847 1451 874 fueritis
1468 847 1577 879 lucrati.
1594 855 1643 882 pro
1656 846 1739 873 tantis
1754 853 1826 872 mer-

1036 893 1130 920 cedem
1145 892 1286 927 accipietis
1298 912 1305 926 ,
1322 892 1351 919 in
1365 893 1478 919 nomine
1490 892 1581 919 Patris
1592 897 1620 919 et
1634 891 1696 918 Filii
1711 894 1740 929 et
1762 889 1826 925 Spi-

1035 937 1106 965 ritus
1121 938 1218 966 sancti.

1385 1026 1407 1042 "
1426 1025 1527 1053 Psalm.
1546 1033 1615 1058 Lvn,
1634 1025 1662 1052 2.

210 1119 1816 1132 W

611 1211 813 1252 REGULA
850 1213 968 1252 ALIA
1007 1213 1075 1252 AD
1119 1214 1414 1255 MONACHOS.

491 1387 684 1417 PREFATIO.

230 1432 298 1462 Cum
321 1433 504 1462 resideremus
524 1435 553 1462 in
577 1443 661 1462 unum
685 1435 712 1463 in
735 1436 846 1464 nomine
874 1437 981 1466 Domini

195 1480 282 1507 nostri
299 1480 362 1508 Jesu
375 1479 494 1513 Christi,
509 1482 661 1508 secundum
674 1482 850 1510 traditionem
869 1484 981 1512 Patrum

195 1531 351 1554 sanctorum
363 1526 504 1558 virorum.
520 1527 610 1554 visum
634 1533 677 1555 est
702 1528 783 1556 nobis
806 1530 982 1558 conscribere

194 1572 237 1599 vel
253 1573 373 1607 regulam
390 1573 519 1600 ordinare
532 1594 539 1606 ,
554 1582 615 1608 qua:
631 1574 658 1600 in
673 1575 841 1602 monasterio
857 1580 983 1604 teneatur

195 1617 228 1644 ad
249 1618 402 1652 profectum
427 1618 542 1645 fratrum
556 1628 562 1651 ;
579 1623 609 1646 ut
628 1627 718 1654 neque
732 1628 783 1648 nos
802 1621 959 1649 laboremus
973 1642 980 1654 ,

195 1670 284 1697 neque
306 1668 419 1691 sanctus
444 1665 608 1698 praepositus
627 1665 673 1700 qui
699 1666 866 1694 constitutus
890 1672 932 1694 est
954 1667 982 1695 in

195 1709 272 1743 loco;
288 1709 490 1737 dubitationem
510 1709 630 1744 aliquam
649 1711 704 1745 pati
718 1712 804 1746 possit
819 1721 825 1739 :
842 1716 872 1739 ut
887 1720 982 1740 omnes

195 1756 344 1787 unanimes,
358 1757 430 1783 sicut
444 1756 576 1791 scriptum
588 1760 640 1789 est,
655 1761 678 1783 et
688 1765 769 1784 unum
784 1759 930 1785 sentientes
947 1758 981 1791 ³⁸,

196 1800 312 1827 invicem
327 1801 508 1836 honorantes,
521 1809 553 1829 ea
571 1810 632 1837 quae
644 1807 745 1830 statuta
760 1808 825 1830 sunt
839 1810 854 1830 a
865 1803 983 1832 Domino

193 1846 251 1880 jugi
265 1846 457 1874 observatione
476 1847 643 1874 custodiant.

195 1901 271 1928 CAP.
295 1901 352 1929 l.—
362 1902 401 1929 De
412 1904 588 1941 unanimitate
602 1904 748 1941 charitatis,
764 1909 788 1931 et
807 1905 839 1932 de
851 1905 983 1941 diligendo

410 1946 440 1965 ac
453 1938 655 1973 obtemperando
673 1940 771 1967 abbati.

231 1983 300 2011 Ante
312 1984 403 2011 omnia
426 1985 560 2012 habentes
581 1985 762 2018 charitatem,
788 1986 982 2018 humilitatem.

197 2031 368 2066 patientiam,
385 2033 635 2062 mansuetudinem.
655 2033 700 2060 vel
719 2037 816 2061 caetera
830 2042 891 2069 qua:
904 2034 984 2062 docet

196 2082 307 2104 sanctus
319 2078 466 2112 Apostolus
480 2079 512 2111 ³⁷;
541 2079 578 2106 ita
601 2084 631 2106 ut
647 2087 728 2106 nemo
739 2080 890 2114 quidquam
901 2088 982 2107 suum

196 2123 326 2155 vindicet,
344 2123 402 2154 sed.
413 2124 485 2151 sicut
501 2124 634 2159 scriptum
649 2129 691 2152 est
707 2125 734 2152 in
749 2126 863 2153 Actibus
877 2131 987 2160 aposto-

196 2168 297 2201 lorum,
314 2169 435 2197 habeant
449 2170 541 2197 omnia
568 2171 726 2198 communia
742 2171 775 2198 ³⁸.
795 2171 842 2198 Ille
857 2179 923 2198 vero
938 2171 985 2206 qui

195 2215 359 2249 prmpositus
371 2219 423 2248 est,
435 2216 482 2242 Dei
492 2216 626 2255 judicium
638 2221 665 2244 et
678 2217 879 2244 ordinationem
893 2225 986 2245 sacer-

196 2259 268 2287 dotis
282 2259 308 2287 in
321 2261 449 2288 omnibus
463 2261 569 2294 timere,
581 2262 696 2298 diligere
710 2268 738 2291 et
753 2263 888 2291 obaudire
905 2263 986 2291 debet

196 2306 348 2334 Secundum
370 2308 512 2335 veritatem
530 2317 536 2334 :
552 2309 617 2343 quia
641 2309 663 2336 si
679 2310 741 2344 quis
767 2310 844 2336 illum
863 2314 941 2344 putat
957 2318 986 2338 se

195 2360 340 2387 spernere,
359 2354 444 2380 Deum
464 2354 588 2388 spernit,
612 2355 684 2382 sicut
704 2355 836 2390 scriptum
854 2359 897 2382 est
914 2364 919 2381 :
935 2354 986 2387 Qui

196 2407 238 2425 vos
252 2399 336 2431 audit,
353 2407 393 2425 me
405 2399 479 2425 audit
494 2408 503 2426 :
519 2403 542 2426 et
561 2401 606 2435 qui
618 2408 661 2427 vos
675 2401 786 2435 spernit,
801 2409 842 2427 me
858 2402 958 2436 spernit
976 2410 984 2428 :

195 2448 219 2469 et
232 2444 276 2479 qui
293 2452 333 2470 me
348 2445 459 2479 spernit,
473 2445 572 2479 spernit
585 2453 643 2471 eum
656 2445 700 2480 qui
713 2453 754 2471 me
768 2446 837 2472 misit
852 2446 884 2472 ³⁹.
900 2445 939 2472 Ita
954 2449 984 2472 ut

195 2489 254 2515 sine
270 2488 356 2524 ipsius
371 2489 512 2516 voluntate
533 2490 626 2517 nullus
648 2490 733 2517 frater
743 2491 893 2526 quidquam
911 2496 982 2526 agat,

195 2543 285 2569 neque
307 2534 423 2569 accipiat
438 2535 472 2562 ab
487 2535 579 2569 aliquo
593 2536 697 2570 aliquid
709 2557 716 2569 ,
740 2544 829 2572 neque
848 2537 912 2570 det,
932 2545 984 2565 nec

196 2587 310 2617 usquam
327 2587 441 2614 prorsus
454 2579 564 2607 recedat
578 2581 637 2608 sine
652 2581 746 2608 verbo.

194 2635 274 2676 CAP.
291 2636 323 2663 ll.
341 2651 376 2656 —
389 2636 421 2664 Ut
435 2645 528 2676 nonae
544 2637 647 2671 fabellis
660 2638 897 2676 vanisdestruant,
913 2643 938 2665 et
955 2643 982 2665 ut
1000 2649 1021 2676 ι)

265 2673 291 2698 iu
307 2676 435 2698 conventu
447 2673 497 2699 nisi
514 2673 691 2708 interrogatus
704 2674 762 2708 quis
777 2673 911 2708 loquatur.

230 2714 414 2744 Observantes
424 2717 507 2744 etiam
522 2717 584 2749 hoc,
604 2722 633 2744 ut
643 2724 697 2744 non
709 2725 738 2744 se
751 2717 869 2745 invicem
884 2718 984 2746 fabulis

196 2760 274 2788 vanis
287 2761 441 2796 destruant,
455 2763 503 2790 sed
521 2762 710 2798 unusquisque
721 2771 791 2798 opus
802 2771 882 2791 suum
899 2765 984 2792 medi-

198 2808 271 2833 tetur
292 2812 319 2834 et
346 2808 503 2842 custodiat,
527 2813 556 2836 et
578 2809 760 2844 cogitationes
783 2809 886 2838 habeat
910 2811 983 2846 apud

997 1395 1018 1422 Β
1032 1391 1131 1420 Deum.
1145 1392 1176 1419 ln
1185 1395 1322 1420 conventu
1333 1391 1455 1419 omnium
1472 1391 1663 1426 nullusjunior
1674 1391 1825 1426 quidquam

1033 1437 1086 1465 nisi
1112 1438 1298 1473 interrogatus
1319 1438 1458 1472 loquatur.
1481 1436 1617 1464 Caeterum
1642 1436 1665 1463 si
1688 1436 1750 1471 quis
1767 1437 1827 1465 vult

1033 1483 1248 1510 consolationem
1260 1483 1384 1518 accipere
1396 1483 1438 1510 vel
1448 1482 1561 1509 verbum
1568 1481 1675 1515 audire,
1687 1486 1825 1510 secretum

1035 1531 1064 1554 et
1076 1532 1263 1562 opportunum
1281 1532 1388 1562 tempus
1403 1527 1538 1562 requirat.

1032 1584 1107 1611 CAP.
1129 1585 1172 1612 lli.
1197 1600 1232 1604 —
1260 1585 1291 1612 Ut
1318 1584 1466 1611 advenienti
1494 1584 1653 1619 peregrino,
1678 1583 1745 1610 nihil
1765 1583 1824 1619 plus

1061 1620 1180 1647 exhibeat
1197 1620 1265 1655 quis,
1280 1628 1361 1654 quam
1379 1627 1514 1645 occursum
1526 1619 1652 1645 humilem
1665 1624 1688 1645 et
1703 1627 1804 1653 parem.

1079 1664 1244 1692 Advenienti
1261 1664 1406 1700 peregrino
1428 1664 1496 1691 nihil
1518 1665 1580 1698 plus
1601 1664 1729 1691 exhibeat
1746 1671 1828 1698 quam

1033 1717 1151 1745 pacem:
1171 1711 1308 1745 reliquum
1333 1717 1389 1736 non
1413 1709 1449 1737 sit
1472 1709 1512 1736 illi
1532 1717 1597 1736 cura
1622 1709 1695 1736 unde
1707 1709 1826 1742 venerit,

1033 1763 1085 1791 pro
1098 1763 1154 1791 quo
1169 1756 1296 1789 venerit,
1312 1756 1356 1783 vel
1370 1755 1480 1790 quando
1501 1755 1692 1782 ambulaturus
1709 1755 1761 1787 sit,
1777 1762 1829 1782 nec

1033 1810 1064 1830 se
1075 1803 1173 1837 jungat
1188 1802 1221 1829 ad
1238 1802 1344 1829 fabulas
1363 1809 1425 1829 cum
1442 1801 1498 1828 illo.

1033 1859 1110 1887 CAP.
1129 1859 1214 1887 IV.—
1227 1859 1259 1886 Ut
1271 1863 1398 1894 pra'sente
1414 1859 1516 1894 seniore
1528 1857 1660 1893 psallendi
1676 1857 1828 1892 loquendiue

1255 1892 1308 1920 non
1327 1894 1422 1920 [tabent
1442 1892 1607 1927 facultatem.

1072 1939 1140 1966 Illud
1154 1947 1264 1974 quoque
1279 1939 1483 1966 observandum
1504 1943 1546 1965 est
1557 1959 1565 1971 ,
1585 1943 1615 1966 ut
1630 1943 1764 1973 praesente
1785 1946 1830 1965 se-

1034 1984 1114 2012 niore
1131 1993 1312 2020 quocunque,
1333 1984 1376 2012 vel
1400 1984 1571 2019 pnecedente
1595 1985 1623 2011 in
1640 1985 1737 2011 ordine
1757 1984 1828 2019 psal-

1035 2030 1120 2062 lendi,
1139 2038 1257 2065 sequens
1272 2037 1324 2057 non
1341 2029 1441 2056 habeat
1463 2029 1620 2056 facultatem
1636 2029 1768 2064 loquendi
1784 2030 1827 2057 vel

1035 2077 1138 2112 aliquid
1155 2076 1350 2112 pratsumcndi,
1374 2075 1427 2103 nisi
1445 2079 1550 2103 tantum
1572 2075 1595 2102 is
1608 2076 1654 2110 qui
1671 2075 1698 2102 in
1718 2076 1827 2108 ordine,

1035 2127 1066 2150 ut
1087 2122 1192 2150 dictum
1209 2127 1269 2155 est,
1288 2121 1445 2156 praecedere
1468 2122 1587 2149 videtur.
1611 2122 1668 2149 lloc
1688 2129 1776 2157 usque
1794 2121 1829 2149 ad

1034 2169 1120 2196 imum
1136 2173 1199 2196 ante
1213 2168 1305 2196 omnia
1322 2167 1350 2195 in
1362 2168 1497 2201 oratione,
1512 2175 1559 2195 seu
1577 2168 1605 2195 in
1619 2175 1715 2203 opere.
1729 2168 1788 2195 sive
1800 2167 1828 2195 in

1034 2222 1167 2250 responso
1181 2214 1272 2241 dando
1289 2214 1344 2242 erit
1357 2214 1533 2242 servandum.
1550 2213 1578 2241 Si
1596 2222 1664 2242 vero
1677 2214 1827 2249 simplicior

1035 2261 1139 2292 fuerit,
1155 2260 1198 2288 vel
1215 2260 1374 2295 impeditior
1398 2268 1543 2293 sermone,
1557 2264 1585 2288 et
1601 2260 1709 2288 dederit
1726 2261 1824 2290 locum,

1034 2307 1072 2334 ita
1096 2307 1209 2334 demum
1234 2313 1354 2341 sequens
1381 2306 1525 2340 loquatur.
1553 2306 1649 2334 Omnia
1679 2311 1770 2332 tamen
1798 2304 1825 2330 in

1033 2353 1163 2380 charitate
1171 2352 1240 2386 ﬁant
1253 2352 1288 2385 ⁸⁸,
1303 2359 1359 2379 non
1374 2360 1423 2388 per
1434 2352 1638 2379 contentionem
1654 2351 1696 2378 vel
1706 2350 1825 2384 aliquam

1034 2398 1286 2433 praesumptionem.

1034 2455 1110 2484 CAP.
1130 2455 1162 2483 V.
1177 2470 1212 2476 —-
1226 2455 1264 2481 De
1276 2463 1354 2481 cursu
1375 2455 1503 2482 orationis
1514 2475 1521 2486 ,
1541 2458 1565 2481 et
1592 2453 1663 2480 horis
1679 2451 1808 2487 operandi
1817 2472 1825 2485 ,

1186 2499 1218 2517 ac
1237 2490 1268 2516 de
1283 2491 1444 2517 correctione
1460 2489 1678 2524 delinquentium.

1069 2536 1174 2564 Cursus
1202 2544 1269 2563 vero
1291 2537 1447 2564 orationum
1471 2536 1514 2563 vel
1539 2535 1726 2570 psalmorum,
1752 2533 1825 2561 sicut

1036 2582 1141 2609 dudum
1158 2586 1290 2609 statutum
1304 2586 1356 2614 est,
1373 2582 1444 2608 ultra
1463 2586 1570 2615 tempus
1589 2579 1660 2607 istud
1675 2579 1826 2606 meditandi

1035 2627 1223 2662 operandique
1238 2627 1403 2655 servabitur.
1427 2627 1465 2654 lta
1485 2626 1692 2653 meditationem
1706 2625 1827 2653 habeant

1036 2674 1147 2706 fratres,
1165 2679 1195 2701 ut
1206 2681 1292 2708 usque
1304 2673 1338 2700 ad
1352 2673 1446 2700 horam
1461 2672 1608 2700 secundam
1623 2671 1733 2707 legant;
1749 2671 1771 2699 si
1786 2675 1827 2698 ta-

1036 2728 1099 2747 men
1119 2721 1194 2748 nulla
1214 2728 1294 2748 causa
1308 2719 1465 2751 exstiterit,
1482 2727 1535 2753 qua
1560 2726 1670 2747 necesse
1691 2719 1727 2746 sit
1741 2719 1825 2746 etiam

1036 2766 1116 2802 247
1128 2766 1312 2801 praetermissa
1324 2764 1502 2792 meditatione
1512 2763 1616 2798 aliquid
1633 2764 1691 2791 ﬁeri
1709 2764 1735 2790 in
1750 2771 1826 2790 com-

1037 2819 1129 2839 mune.
1148 2811 1213 2838 Post
1232 2811 1327 2838 horam
1340 2817 1405 2837 vero
1416 2807 1565 2836 secundam
1583 2810 1774 2844 unusquisque
1789 2807 1824 2835 ad

236 2897 388 2934 “Philipp.
406 2907 435 2932 ιι,
449 2900 475 2927 2.
514 2901 536 2917 ³⁷
558 2901 664 2930 Foloss.
691 2910 730 2935 ιιι,
749 2901 807 2928 l2-l
818 2902 838 2929 l.
878 2901 900 2918 ³⁸
920 2902 979 2929 Act.

1045 2901 1090 2929 52.
1129 2901 1150 2917 "
1171 2901 1237 2928 Luc.
1261 2908 1292 2933 ιι,
1318 2900 1360 2928 16.
1399 2898 1421 2914 ⁸ο
1441 2898 1452 2926 ι
1474 2897 1537 2926 Cor.
1564 2906 1630 2932 va,
1651 2899 1694 2927 Η.
