2075 3155
253 176 308 208 979

746 176 800 207 SS-
815 174 1074 207 MACARIORUM
1090 176 1138 206 ET
1152 175 1366 206 PAPHNUTII

1828 172 1883 203 980

255 240 325 268 opus
340 239 420 260 suum
443 235 554 267 paratus
569 231 624 259 sit:
638 235 666 260 et
679 239 766 267 usque
778 232 812 259 ad
827 232 925 259 horam
942 238 1044 258 nonam
1058 231 1085 262 Α
1098 232 1334 264 necessitate,sed
1346 230 1432 266 magis
1441 229 1508 258 vitio
1519 227 1722 264 procedendum
1737 229 1886 263 putaverit,

255 279 389 315 quidquid
405 279 557 314 injunctum
570 277 674 311 fuerit,
697 279 754 305 sine
772 278 984 304 murmuratione
1004 276 1046 303 vel

255 326 418 353 hwsitatione
429 324 451 340 “
465 325 590 359 perliciat
604 344 611 356 ,
626 324 698 351 sicut
712 323 793 350 docet
805 328 917 350 sanctus
929 322 1047 357 Aposto-

255 371 308 398 lus.
327 371 354 398 Si
367 370 429 405 quis
447 375 540 397 autem
555 369 780 402 murmuraverit,
795 369 838 396 vel
857 368 1047 395 eontentiosus

255 415 402 443 exstiterit.
415 419 463 442 aut
474 422 616 450 opponens
631 414 657 442 in
669 415 761 449 aliquo
773 415 938 442 contrariam
951 414 1048 440 volun—
1060 431 1061 434 η

256 465 339 488 tatem
355 460 507 495 praeceptis,
522 460 603 495 digne
613 465 757 487 correctus
771 464 825 487 tam
837 459 885 487 diu
897 459 1045 491 abstineat,

255 514 338 541 quam
353 506 400 533 diu
414 507 458 533 vel
473 507 561 541 culpa:
575 506 693 540 qualitas
710 506 877 540 poposcerit,
891 505 933 532 vel
948 513 977 532 se
989 512 1046 540 ρωα

255 552 371 580 nitendo
384 552 573 580 humiliavcrit
584 557 667 587 atque
682 551 883 580 emendaverit.
899 551 1049 578 Correctus

255 603 349 626 autem
365 606 419 625 non
435 598 536 625 audeat
554 606 670 633 usquam
692 598 833 625 recedere.
851 597 879 624 Si
898 596 961 631 quis
983 602 1050 623 vero

255 644 290 671 de
311 643 458 676 fratribus,
483 644 525 671 vel
547 643 594 678 qui
617 644 644 671 in
660 643 782 670 oratorio
796 646 879 674 sunt,
894 642 937 669 vel
958 641 1005 676 qui
1021 640 1050 668 in

255 689 333 716 cellis
347 689 512 722 consistunt,
526 690 586 725 ejus
598 689 687 716 errori
702 687 885 719 consenserit,
900 686 1046 722 culpabilis

255 734 320 765 erit.
333 739 416 769 atque
434 734 718 761 excommunicatione
735 732 923 768 dignissimus.

255 779 330 807 CAP.
348 780 390 807 Vl.
404 795 440 799 —
458 779 496 806 De
513 780 552 806 his
563 779 608 814 qui
619 779 653 806 ad
668 787 731 814 opus
747 778 793 805 Dei
805 778 880 805 tarde
895 781 1047 804 occurrunt.

299 826 339 853 Ad
365 826 460 853 horam
486 833 553 852 vero
576 824 709 852 orationis
735 824 799 851 dato
829 823 907 858 signo
935 822 957 849 si
985 823 1048 856 quis

255 880 311 899 non
327 872 418 898 statim
435 871 620 907 praetermisso
633 871 708 897 omni
722 877 804 905 opere
815 869 889 904 quod
903 868 958 904 agit
975 867 1051 902 (quia

256 918 326 944 nihil
349 917 467 944 orationi
496 916 711 952 praeponendum
735 915 789 950 est)
814 920 925 950 paratus
948 913 1049 947 fuerit,

257 962 330 990 foras
341 962 502 989 excludatur
511 961 732 989 confundendus.
742 961 858 996 Operam
870 967 935 987 vero
945 959 1050 986 dabunt

257 1008 356 1043 singuli
380 1007 490 1040 fratres,
512 1011 543 1034 ut
566 1011 689 1042 tempore
710 1013 765 1041 quo
780 1005 870 1033 missa:
889 1004 945 1040 (26)
963 1004 1050 1035 fiunt,

258 1053 316 1081 sive
333 1053 386 1086 die,
404 1054 462 1080 sive
477 1058 568 1085 nocte,
585 1052 695 1087 quando
710 1051 817 1079 diutius
844 1050 877 1078 ad
898 1051 1051 1077 orationem

259 1100 387 1127 standum
404 1104 446 1127 est
468 1107 523 1126 non
541 1098 680 1131 deﬁciant,
702 1098 746 1125 vel
764 1097 903 1132 superfluo
915 1096 988 1123 foras
1005 1103 1050 1122 re-

260 1145 378 1178 cedant;
396 1145 459 1179 quia
477 1145 611 1179 scriptum
638 1147 680 1170 est
698 1143 726 1170 in
750 1142 897 1177 Evangelio
914 1151 921 1168 :
938 1141 1046 1176 Oportet

258 1193 347 1216 autem
363 1197 464 1224 semper
478 1196 566 1221 orare,
580 1192 605 1215 et
617 1196 669 1215 non
683 1187 793 1222 deﬁcere
807 1187 840 1213 ι’.
855 1186 888 1214 Ει
897 1185 952 1213 alio
966 1185 1045 1212 loco:

257 1234 317 1262 Non
331 1235 483 1271 impediaris
498 1242 576 1261 orare
593 1241 696 1269 semper
711 1233 743 1260 “.
761 1232 790 1260 Si
806 1231 868 1267 quis
882 1234 974 1258 autem
991 1238 1047 1258 non

1099 279 1169 307 sciat
1183 287 1223 312 se,
1237 286 1299 306 eum
1314 277 1503 313 deprehensus
1520 276 1614 307 fuerit,
1629 275 1794 310 culpabilem
1812 274 1887 310 judi-

1099 321 1236 357 canditm,
1258 324 1323 359 quia
1347 331 1396 358 per
1419 330 1497 350 suam
1516 321 1709 356 negligentiam
1735 324 1763 348 et
1777 320 1845 347 alios
1860 319 1888 346 in

1100 371 1198 399 vitium
1211 370 1307 398 mittit.
1334 369 1363 396 ln
1376 369 1478 404 vigiliis
1491 367 1693 396 observandum
1708 371 1761 400 est,
1777 366 1889 401 quando

1101 424 1197 444 omnes
1211 416 1391 447 conveniunt,
1410 415 1570 450 quicunque
1590 418 1718 449 gravatur
1737 421 1846 444 somno,
1861 417 1891 440 et

1101 463 1158 490 exit
1179 462 1262 494 foras,
1285 470 1338 488 non
1355 469 1385 489 se
1402 461 1503 488 fabulis
1524 465 1651 495 occupet,
1675 459 1722 487 sed
1741 460 1834 487 statim
1849 467 1891 486 re-

1097 508 1161 536 deat
1190 507 1224 535 ad
1245 515 1316 542 opus
1339 507 1373 534 ad
1399 506 1471 541 quod
1491 506 1665 534 convenitur.
1691 505 1720 533 ln
1743 513 1892 540 congrega-

1098 556 1173 582 tione
1181 558 1272 581 autem
1283 554 1340 588 ipsa
1352 553 1398 580 ubi
1413 552 1524 588 legitur.
1536 559 1632 579 aurem
1647 559 1757 586 semper
1770 551 1802 578 ad
1817 551 1891 578 Scri-

1098 607 1195 637 pturas
1205 601 1333 632 habeant,
1349 605 1376 628 et
1389 600 1529 628 silentium
1544 599 1694 627 observent
1708 605 1814 626 omnes.

1099 656 1175 685 CAP.
1191 656 1247 683 VII.
1264 670 1300 676 —
1318 655 1350 682 Ut
1366 655 1448 689 frater
1472 655 1517 688 qui
1537 661 1584 688 pro
1610 652 1726 689 qualibet
1753 651 1830 685 culpa
1846 658 1894 676 ar-

1148 693 1234 723 !uitur,
1247 688 1405 726 patientiam
1419 689 1514 717 habeat
1527 697 1536 721 ,'
1550 692 1574 715 et
1589 692 1617 715 ut
1635 688 1668 715 ad
1685 695 1803 714 mensam
1818 693 1894 712 nemo

1148 731 1272 761 oquatur.

1137 773 1195 800 Hoc
1217 772 1300 800 etiam
1326 769 1482 798 addendum
1512 768 1583 800 fuit,
1609 773 1641 795 ut
1661 766 1818 801 frater,qui
1842 773 1894 800 pro

1102 819 1226 855 qualibet
1257 818 1336 853 culpa
1360 817 1483 852 arguitur
1509 815 1552 843 vel
1581 814 1758 848 increpatur,
1785 812 1895 847 patien-

1106 866 1170 893 tiam
1188 865 1298 897 habeat,
1314 868 1343 891 et
1359 871 1413 890 non
1429 861 1595 897 respondeat
1609 859 1738 895 arguenti
1753 867 1761 891 ;
1778 857 1825 885 sed
1840 857 1895 884 hu-

1107 909 1196 936 miliat
1215 916 1244 936 se
1268 908 1296 935 in
1316 907 1444 936 omnibus
1469 905 1621 934 secundum
1645 908 1813 938 prmceptum
1843 902 1897 928 Do-

1106 954 1172 981 mini
1190 953 1307 980 dicentis
1333 961 1340 979 :
1367 951 1435 984 Quia
1453 951 1520 978 Deus
1539 949 1680 977 humilibus
1700 949 1746 975 dat
1767 947 1895 982 gratiam,

1104 999 1222 1034 superbis
1246 1002 1334 1025 autem
1347 997 1443 1024 resistit
1457 996 1490 1022 “.
1508 996 1553 1027 Et,
1573 994 1624 1027 Qui
1640 1002 1667 1021 se
1683 992 1804 1021 humilia!
1819 990 1897 1018 exal-

1105 1045 1206 1072 tabitur
1222 1045 1255 1071 “’.
1269 1043 1321 1077 Qui
1335 1051 1402 1071 vero
1417 1043 1516 1078 schius
1531 1045 1673 1076 correptus
1687 1047 1742 1067 non
1759 1046 1789 1066 se
1800 1045 1896 1065 emen-

1103 1089 1227 1122 daverit,
1242 1088 1410 1116 novissimus
1423 1087 1451 1114 in
1467 1087 1563 1114 ordine
1579 1091 1651 1113 stare
1663 1085 1811 1120 jubeatur;
1825 1082 1898 1110 sicut

1103 1135 1235 1163 Dominus
1256 1134 1348 1161 dixit:
1368 1132 1409 1161 Sit
1429 1133 1475 1160 tibi
1499 1133 1564 1159 sicut
1590 1132 1706 1159 ethnicus
1724 1135 1747 1157 et
1778 1128 1896 1165 publica-

1103 1190 1152 1209 nus
1166 1181 1199 1208 ".
1220 1180 1261 1208 Ad
1277 1187 1398 1208 mensam
1411 1183 1503 1206 autem
1519 1178 1674 1213 specialiter
1691 1176 1784 1204 nullus
1801 1175 1898 1208 loqua-

1102 1231 1157 1260 tur,
1177 1227 1230 1255 nisi
1244 1227 1291 1262 qui
1307 1229 1417 1261 praeest,
1430 1225 1473 1252 vel
1486 1225 1533 1259 qui
1547 1224 1730 1259 interrogatus
1739 1221 1832 1249 fuerit.

292 1311 315 1328 “
336 1311 453 1346 Philipp.
477 1318 506 1344 n,
526 1310 569 1338 l4.
608 1311 632 1326 "
652 1309 719 1336 Luc.
729 1316 806 1340 xvnl,
824 1307 850 1335 l.
887 1306 911 1322 “
931 1305 1016 1333 Eccli.
1037 1303 1170 1337 xvm,22.
1207 1303 1231 1320 ⁸⁵
1250 1303 1261 1331 ι
1278 1303 1353 1330 Petr.
1370 1309 1398 1334 γ,
1418 1301 1445 1329 5.
1482 1301 1505 1317 ⁵⁵
1524 1299 1592 1328 Luc.
1605 1307 1660 1332 xxv,
1678 1298 1722 1326 ll.
1759 1298 1782 1314 “
1800 1296 1898 1325 Matth.

258 1355 334 1378 xvnt,
349 1347 395 1373 27.

294 1423 350 1458 (26)
370 1422 468 1450 Μίδεω.
493 1422 637 1458 Orationes
657 1425 688 1458 et;
712 1419 834 1458 collecta:
857 1425 926 1458 qua}.
949 1417 977 1444 in
1001 1416 1056 1444 fine

259 1452 360 1486 ve‘rsu’s
385 1467 400 1485 a
423 1457 567 1485 sacerdote
593 1456 757 1483 dicebantur
780 1454 861 1481 dieue
891 1452 997 1484 Missa’,
1022 1458 1056 1478 eo

260 1494 332 1528 quod
360 1493 416 1520 Deo
433 1493 522 1519 missae
543 1489 785 1528 sint.r_Aliquando
814 1487 987 1528 accipiuntur
1000 1494 1057 1528 pro

262 1522 337 1556 boris
351 1527 491 1555 canonicis
505 1531 533 1554 et
553 1522 691 1553 cursibus.
704 1524 847 1552 nocturnis
861 1543 868 1556 ,
896 1526 977 1557 prout
999 1522 1054 1548 hic.

1111 1415 1179 1443 Vide
1190 1414 1350 1442 chardum
1365 1413 1398 1441 ad
1413 1411 1549 1441 Concord.
1566 1412 1663 1447 regul..
1679 1419 1739 1446 pag.
1755 1411 1817 1445 551,
1834 1411 1900 1447 δῖϐ,

1110 1451 1173 1482 3'77.
1191 1450 1238 1484 qui
1254 1450 1321 1476 alias
1330 1448 1532 1476 declarationes
1544 1446 1634 1475 affert.
1651 1447 1795 1480 Horarum,
1811 1447 1837 1474 in
1851 1446 1901 1474 In-

1111 1486 1174 1513 dict.
1187 1485 1288 1512 declar.
1307 1493 1334 1512 v.
1353 1485 1452 1511 MISSE.

264 1627 1891 1648 __________________._________________

635 1703 836 1745 BEGULA
873 1699 1068 1743 TERTIA
1107 1701 1173 1739 AD
1203 1699 1498 1740 MONACHOS.

455 1880 568 1908 CAPUT
585 1881 605 1908 l.
623 1894 659 1900 —-
674 1880 713 1907 De
727 1880 869 1907 conuersis.

299 1936 365 1967 Cum
376 1937 402 1964 in
417 1936 528 1963 nomine
538 1935 646 1962 Domini
660 1943 714 1961 una
729 1942 792 1962 cum
808 1934 939 1962 fratribus
954 1933 1056 1960 nostris

261 1981 636 2016 eonvcnissemus,imprimis
643 1982 744 2016 placuit
755 1982 884 2016 utregula
895 1986 922 2008 et
932 1980 1056 2007 instituta

263 2030 373 2058 Patrum
387 2037 434 2063 per
445 2028 568 2055 ordinem
586 2028 745 2062 legerentur
757 2036 765 2054 τ
791 2027 892 2062 quibus
906 2026 984 2054 lectis
997 2027 1057 2061 pla-

233 2098 239 2105 ,
262 2075 330 2106 cuit,
340 2074 362 2101 si
373 2074 407 2101 de
419 2073 520 2101 saeculo
533 2073 595 2108 quis
607 2073 634 2100 iu
645 2073 812 2100 monasterio
827 2072 948 2100 converti
963 2072 1058 2099 volue-

263 2120 311 2152 rit,
323 2120 416 2154 regula
429 2120 455 2147 ei
480 2119 631 2146 introeunti
644 2120 758 2154 legatur,
767 2123 795 2146 et
808 2126 904 2146 omnes
912 2122 989 2146 actus
999 2126 1058 2145 mo-

263 2166 376 2196 nasterii
393 2165 430 2192 illi
443 2166 582 2200 pateﬁant.
593 2165 670 2198 Quod
684 2165 705 2192 si
720 2166 812 2192 omnia
821 2169 883 2200 apte
894 2164 1057 2200 susceperit,

263 2211 305 2238 sic
319 2210 400 2245 digne
413 2218 428 2237 a
442 2211 572 2238 fratribus
587 2211 615 2238 in
628 2211 726 2238 cellula
748 2210 913 2246 suscipiatur
931 2218 936 2235 :
964 2215 1020 2238 tum
1035 2210 1058 2238 si

264 2257 385 2292 aliquam
404 2256 433 2283 in
447 2257 572 2283 cellulam
582 2257 700 2284 voluerit
715 2256 817 2284 inferre
829 2256 1021 2288 substantiam,
1031 2257 1057 2283 in

266 2310 361 2330 mensa
378 2307 496 2337 ponatur
513 2310 604 2329 coram
620 2303 748 2330 omnibus
765 2303 909 2336 fratribus,
927 2303 1003 2330 velut
1016 2311 1060 2330 re-

269 2350 333 2385 gula
347 2349 481 2376 continet.
500 2348 577 2382 Quod
593 2349 615 2376 si
631 2354 776 2384 susceptus
787 2349 880 2381 fuerit,
898 2357 954 2376 non
970 2349 1059 2377 solum

265 2395 300 2422 de
326 2395 478 2422 substantia
499 2402 582 2430 quam
607 2395 710 2428 intulit,
734 2395 782 2422 sed
798 2395 880 2422 etiam
905 2403 956 2424 nec
980 2395 1014 2423 de
1030 2403 1060 2423 se

269 2442 329 2475 ipso
343 2441 377 2468 ab
391 2441 437 2468 illa
448 2440 582 2476 judicabit
599 2441 677 2468 hora.

281 2487 356 2514 CAP.
372 2487 403 2514 ll.
426 2502 461 2507 ——-
481 2486 514 2514 Ut
537 2486 618 2514 abbas
632 2487 697 2514 nihil
710 2488 758 2514 sibi
771 2488 906 2522 proprium
922 2488 1043 2515 uindicet.

303 2532 403 2559 Abbati
434 2541 500 2560 vero
523 2533 592 2561 nulli
607 2533 689 2560 liceat
707 2533 759 2560 sibi
776 2533 927 2568 quidquam
948 2534 1059 2569 proprie
1078 2548 1100 2576 Β

267 2578 419 2610 vindicare,
443 2586 506 2606 eum
531 2580 624 2606 omnia
646 2579 701 2606 Deo
718 2580 839 2615 propitio
863 2580 890 2607 in
905 2581 979 2608 illius
1004 2588 1062 2607 ma-

266 2630 350 2651 neant
371 2629 514 2660 potestate.
544 2624 571 2652 Si
588 2625 650 2659 quis
663 2633 738 2657 vero,
754 2625 828 2660 quod
852 2626 880 2653 in
904 2627 997 2662 regula
1016 2627 1061 2663 ju-

267 2670 391 2697 nioribus
403 2671 576 2704 prohibetur.
591 2671 643 2697 sibi
658 2671 760 2706 aliquid
774 2680 807 2699 ex
829 2673 1002 2700 successione
1014 2681 1060 2707 pa-

269 2719 389 2747 rentum,
403 2722 450 2742 seu
461 2715 586 2749 quolibet
601 2716 701 2743 donato
711 2717 830 2744 retinere
844 2719 1058 2752 pmsumpserit,

269 2765 299 2786 et
325 2768 380 2787 non
403 2760 495 2787 omnia
518 2761 546 2788 in
566 2770 712 2789 commune
736 2763 870 2797 posuerit,
894 2771 909 2790 a
929 2763 1060 2790 fratribus

269 2810 411 2840 arguatur.
435 2806 463 2833 Si
485 2807 513 2834 in
532 2809 600 2836 vitio
625 2809 790 2844 perstiterit,
814 2810 841 2836 in
859 2810 984 2837 notitiam
1000 2811 1060 2845 epi—

270 2851 345 2886 scopi
363 2851 504 2879 deferatur
518 2861 524 2879 :
538 2854 586 2888 qui
600 2854 622 2881 si
644 2854 678 2880 ab
702 2854 833 2889 episcopo
845 2860 988 2891 correptus
1008 2864 1060 2884 nec

271 2897 310 2924 sic
323 2897 523 2931 emendaverit,
540 2899 703 2934 deponatur.

1188 1877 1264 1906 CAP.
1280 1878 1326 1906 ΠΙ.
1344 1893 1380 1899 —
1399 1878 1438 1906 De
1461 1879 1620 1906 vestimentis
1635 1879 1834 1906 monachorum.

1144 1936 1313 1963 Vestimenta
1323 1943 1388 1962 vero
1396 1935 1528 1962 fratribus
1537 1935 1690 1962 necessaria
1704 1936 1741 1962 ita
1751 1934 1836 1962 abbas
1846 1941 1904 1961 om-

1111 1982 1328 2009 nibusordinare
1337 1982 1428 2014 debet,
1438 1990 1499 2016 quae
1511 1981 1652 2008 monachis
1660 1981 1774 2008 deceant
1783 1989 1790 2011 ;
1801 1988 1854 2007 non
1863 1980 1905 2008 di-

1111 2026 1198 2053 versis
1213 2026 1354 2053 coloribus
1363 2027 1457 2058 tincta,
1466 2026 1589 2061 exceptis
1596 2026 1713 2053 cucullis
1723 2033 1784 2060 quae
1793 2033 1906 2060 compa-

1111 2076 1216 2103 rantur,
1233 2072 1255 2099 si
1274 2071 1378 2099 fuerint
1392 2072 1488 2107 nigras,
1498 2071 1537 2098 uti
1555 2079 1602 2098 eas
1617 2071 1718 2098 debere
1733 2077 1888 2098 censemus.

1130 2129 1206 2157 CAP.
1227 2129 1272 2156 IV.
1298 2144 1334 2149 ——
1355 2128 1388 2156 Ut
1411 2128 1486 2155 nulla
1513 2127 1609 2155 mulier
1639 2128 1674 2155 ad
1702 2127 1892 2155 monasterium

1226 2175 1266 2202 uel
1293 2184 1388 2209 agrum
1421 2175 1609 2202 monachorum
1640 2175 1758 2202 accedat.

1148 2211 1370 2239 Familiaritatem
1392 2210 1548 2242 mulierum,
1571 2215 1624 2238 tam
1649 2215 1810 2245 parentum,
1824 2217 1906 2244 quam

1112 2263 1304 2286 extranearum
1316 2266 1366 2293 pro
1385 2258 1563 2286 custodienda
1580 2257 1646 2290 vita,
1656 2257 1738 2293 248
1751 2258 1793 2285 vel
1811 2265 1908 2285 caven-

1113 2305 1156 2332 dis
1167 2305 1272 2339 laqueis
1284 2304 1397 2335 diaboli.
1410 2304 1445 2331 ab
1453 2304 1582 2331 omnibus
1592 2303 1908 2330 monasteriisvelcultu-

1113 2351 1151 2378 ris
1159 2351 1367 2384 monachorum;
1374 2358 1422 2378 seu
1430 2349 1676 2385 frequentationem
1687 2350 1882 2377 monachorum
1892 2358 1908 2377 ι

1114 2396 1288 2423 monasteriis
1297 2396 1460 2431 puellarum,
1469 2395 1541 2423 sicut
1550 2395 1641 2430 regula
1650 2395 1739 2426 docet.
1749 2395 1905 2430 prohibere,

1114 2450 1270 2470 censemus.
1290 2442 1387 2477 Neque
1403 2443 1458 2470 ulla
1483 2443 1581 2470 mulier
1598 2442 1714 2469 interius
1728 2442 1828 2469 atrium
1848 2449 1907 2468 mo-

1115 2489 1228 2516 nasterii
1252 2488 1358 2524 ingredi
1382 2488 1492 2515 audeat.
1509 2487 1587 2521 Quod
1605 2488 1627 2516 si
1649 2495 1711 2516 cum
1732 2487 1847 2515 consilio
1863 2487 1906 2514 vel

1115 2535 1256 2563 voluntate
1277 2535 1385 2562 abbatis
1401 2535 1600 2562 monasterium
1615 2535 1658 2562 vel
1684 2535 1797 2562 cellulas
1811 2542 1907 2561 mona-

1117 2582 1233 2609 chorum
1247 2581 1370 2616 quaedam
1386 2581 1470 2608 fuerit
1485 2581 1616 2616 ingressa,
1631 2581 1731 2608 merito
1746 2581 1812 2616 ipsis
1823 2581 1908 2607 abbas

1114 2632 1143 2656 et
1157 2635 1258 2655 nomen
1283 2627 1391 2654 abbatis
1404 2631 1529 2661 reponat,
1549 2631 1578 2654 et
1593 2627 1751 2654 inferiorem
1767 2634 1796 2653 se
1817 2625 1908 2652 omni-

1115 2674 1167 2701 bus
1177 2673 1344 2709 presbyteris
1357 2677 1535 2708 recognoscat
1548 2682 1554 2700 z
1568 2673 1631 2707 quia
1650 2673 1712 2700 talis
1725 2677 1819 2700 sancto
1834 2670 1908 2707 gregi

1115 2720 1237 2755 prreponi
1262 2719 1355 2752 debet,
1378 2719 1424 2754 qui
1441 2727 1489 2747 eos
1512 2719 1702 2745 immaculalos
1727 2718 1782 2745 Deo
1808 2717 1909 2744 offerre

1115 2770 1263 2802 procuret;
1287 2774 1342 2793 non
1366 2773 1416 2801 per
1430 2765 1568 2800 quaslibet
1582 2764 1781 2791 familiaritates
1797 2762 1910 2790 diabolo

1115 2813 1223 2841 sociare
1232 2811 1354 2840 festinet.

1130 2859 1206 2887 CAP.
1227 2861 1258 2887 V.
1274 2875 1308 2880 —
1324 2859 1360 2886 De
1374 2859 1483 2886 lectione
1494 2863 1518 2885 et
1526 2857 1679 2893 operatione
1690 2856 1891 2883 monachorum.

1151 2905 1286 2933 Matutino
1315 2905 1390 2933 dicto
1423 2904 1521 2931 fratres
1550 2903 1662 2931 lectioni
1692 2905 1791 2929 vacent
1820 2909 1908 2936 usque
