  <div class='ocr_page' id='page_1' title='image "/cluster/home/n/w/nwhite01/storage/ocr_20150623/34/njp.32101077772547/526.png"; bbox 0 0 2075 3155; ppageno 0'>
   <div class='ocr_carea' id='block_1_1' title="bbox 205 197 255 229">
    <p class='ocr_par' dir='ltr' id='par_1_1' title="bbox 205 197 255 229">
     <span class='ocr_line' id='line_1_1' title="bbox 205 197 255 229; baseline 0 0"><span class='ocrx_word' id='word_1_1' title='bbox 205 197 255 229; x_wconf 83' lang='lat'><strong>981</strong></span> 
     </span>
    </p>
   </div>
   <div class='ocr_carea' id='block_1_2' title="bbox 797 178 1263 229">
    <p class='ocr_par' dir='ltr' id='par_1_2' title="bbox 797 178 1263 229">
     <span class='ocr_line' id='line_1_2' title="bbox 797 178 1263 229; baseline -0.002 0"><span class='ocrx_word' id='word_1_2' title='bbox 797 178 901 229; x_wconf 73' lang='lat' dir='ltr'><strong>i&#39;iEGU</strong></span> <span class='ocrx_word' id='word_1_3' title='bbox 907 199 952 229; x_wconf 88' lang='lat' dir='ltr'><strong>LA</strong></span> <span class='ocrx_word' id='word_1_4' title='bbox 983 199 1034 229; x_wconf 86' lang='lat' dir='ltr'><strong>AD</strong></span> <span class='ocrx_word' id='word_1_5' title='bbox 1049 198 1263 229; x_wconf 82' lang='lat' dir='ltr'><strong>MONACHOS.</strong></span> 
     </span>
    </p>
   </div>
   <div class='ocr_carea' id='block_1_3' title="bbox 1780 194 1835 226">
    <p class='ocr_par' dir='ltr' id='par_1_3' title="bbox 1780 194 1835 226">
     <span class='ocr_line' id='line_1_3' title="bbox 1780 194 1835 226; baseline 0 0"><span class='ocrx_word' id='word_1_6' title='bbox 1780 194 1835 226; x_wconf 75' lang='lat'><strong>982</strong></span> 
     </span>
    </p>
   </div>
   <div class='ocr_carea' id='block_1_4' title="bbox 207 249 1840 286">
    <p class='ocr_par' dir='ltr' id='par_1_4' title="bbox 207 249 1840 286">
     <span class='ocr_line' id='line_1_4' title="bbox 207 249 1840 286; baseline 0 -10"><span class='ocrx_word' id='word_1_7' title='bbox 207 250 241 277; x_wconf 89' lang='lat' dir='ltr'><strong>ad</strong></span> <span class='ocrx_word' id='word_1_8' title='bbox 253 250 349 277; x_wconf 83' lang='lat' dir='ltr'><strong>horam</strong></span> <span class='ocrx_word' id='word_1_9' title='bbox 362 250 509 278; x_wconf 85' lang='lat' dir='ltr'><strong>secundam</strong></span> <span class='ocrx_word' id='word_1_10' title='bbox 524 259 531 277; x_wconf 89' lang='lat'><strong>:</strong></span> <span class='ocrx_word' id='word_1_11' title='bbox 547 251 570 278; x_wconf 86' lang='lat' dir='ltr'><strong>si</strong></span> <span class='ocrx_word' id='word_1_12' title='bbox 586 255 676 279; x_wconf 90' lang='lat' dir='ltr'><strong>tamen</strong></span> <span class='ocrx_word' id='word_1_13' title='bbox 692 251 767 278; x_wconf 91' lang='lat' dir='ltr'><strong>nulla</strong></span> <span class='ocrx_word' id='word_1_14' title='bbox 784 259 865 279; x_wconf 89' lang='lat' dir='ltr'><strong>causa</strong></span> <span class='ocrx_word' id='word_1_15' title='bbox 880 252 992 279; x_wconf 78' lang='lat' dir='ltr'><strong>exstite—</strong></span> <span class='ocrx_word' id='word_1_16' title='bbox 1006 255 1029 283; x_wconf 82' lang='grc' dir='ltr'><strong>Α</strong></span> <span class='ocrx_word' id='word_1_17' title='bbox 1042 251 1118 280; x_wconf 86' lang='lat' dir='ltr'><strong>CAP.</strong></span> <span class='ocrx_word' id='word_1_18' title='bbox 1136 252 1182 279; x_wconf 77' lang='lat' dir='ltr'><strong>XI.</strong></span> <span class='ocrx_word' id='word_1_19' title='bbox 1202 267 1236 272; x_wconf 95' lang='lat'><strong>—</strong></span> <span class='ocrx_word' id='word_1_20' title='bbox 1257 251 1289 279; x_wconf 88' lang='lat' dir='ltr'><strong>Ut</strong></span> <span class='ocrx_word' id='word_1_21' title='bbox 1314 251 1394 278; x_wconf 72' lang='lat' dir='ltr'><strong>abbas</strong></span> <span class='ocrx_word' id='word_1_22' title='bbox 1413 259 1473 278; x_wconf 79' lang='lat' dir='ltr'><strong>cum</strong></span> <span class='ocrx_word' id='word_1_23' title='bbox 1496 251 1622 286; x_wconf 73' lang='lat' dir='ltr'><strong>fratribus</strong></span> <span class='ocrx_word' id='word_1_24' title='bbox 1644 249 1745 284; x_wconf 82' lang='lat' dir='ltr'><strong>reﬁciat</strong></span> <span class='ocrx_word' id='word_1_25' title='bbox 1769 250 1840 277; x_wconf 74' lang='lat' dir='ltr'><strong>enini</strong></span> 
     </span>
    </p>
   </div>
   <div class='ocr_carea' id='block_1_5' title="bbox 207 297 997 332">
    <p class='ocr_par' dir='ltr' id='par_1_5' title="bbox 207 297 997 332">
     <span class='ocr_line' id='line_1_5' title="bbox 207 297 997 332; baseline 0 -8"><span class='ocrx_word' id='word_1_26' title='bbox 207 297 254 329; x_wconf 84' lang='lat' dir='ltr'><strong>rit,</strong></span> <span class='ocrx_word' id='word_1_27' title='bbox 270 304 323 331; x_wconf 90' lang='lat' dir='ltr'><strong>qua</strong></span> <span class='ocrx_word' id='word_1_28' title='bbox 339 304 450 324; x_wconf 88' lang='lat' dir='ltr'><strong>necesse</strong></span> <span class='ocrx_word' id='word_1_29' title='bbox 467 297 502 323; x_wconf 88' lang='lat' dir='ltr'><strong>sit</strong></span> <span class='ocrx_word' id='word_1_30' title='bbox 516 297 598 324; x_wconf 84' lang='lat' dir='ltr'><strong>etiam</strong></span> <span class='ocrx_word' id='word_1_31' title='bbox 614 297 797 332; x_wconf 65' lang='lat' dir='ltr'><strong>praetermissa</strong></span> <span class='ocrx_word' id='word_1_32' title='bbox 813 298 931 324; x_wconf 80' lang='lat' dir='ltr'><strong>lectione</strong></span> <span class='ocrx_word' id='word_1_33' title='bbox 946 297 997 324; x_wconf 90' lang='lat' dir='ltr'><strong>ali-</strong></span> 
     </span>
    </p>
   </div>
   <div class='ocr_carea' id='block_1_6' title="bbox 208 343 998 378">
    <p class='ocr_par' dir='ltr' id='par_1_6' title="bbox 208 343 998 378">
     <span class='ocr_line' id='line_1_6' title="bbox 208 343 998 378; baseline 0 -8"><span class='ocrx_word' id='word_1_34' title='bbox 208 343 274 378; x_wconf 86' lang='lat' dir='ltr'><strong>quid</strong></span> <span class='ocrx_word' id='word_1_35' title='bbox 288 343 346 370; x_wconf 86' lang='lat' dir='ltr'><strong>fieri</strong></span> <span class='ocrx_word' id='word_1_36' title='bbox 360 343 387 370; x_wconf 87' lang='lat' dir='ltr'><strong>in</strong></span> <span class='ocrx_word' id='word_1_37' title='bbox 399 350 554 370; x_wconf 85' lang='lat' dir='ltr'><strong>commune.</strong></span> <span class='ocrx_word' id='word_1_38' title='bbox 573 343 636 371; x_wconf 82' lang='lat' dir='ltr'><strong>Post</strong></span> <span class='ocrx_word' id='word_1_39' title='bbox 647 344 742 371; x_wconf 91' lang='lat' dir='ltr'><strong>horam</strong></span> <span class='ocrx_word' id='word_1_40' title='bbox 754 344 901 371; x_wconf 89' lang='lat' dir='ltr'><strong>secundam</strong></span> <span class='ocrx_word' id='word_1_41' title='bbox 913 351 998 370; x_wconf 81' lang='lat' dir='ltr'><strong>unus—</strong></span> 
     </span>
    </p>
   </div>
   <div class='ocr_carea' id='block_1_7' title="bbox 210 388 997 424">
    <p class='ocr_par' dir='ltr' id='par_1_7' title="bbox 210 388 997 424">
     <span class='ocr_line' id='line_1_7' title="bbox 210 388 997 424; baseline 0.001 -9"><span class='ocrx_word' id='word_1_42' title='bbox 210 389 326 423; x_wconf 82' lang='lat' dir='ltr'><strong>quisque</strong></span> <span class='ocrx_word' id='word_1_43' title='bbox 339 388 373 415; x_wconf 91' lang='lat' dir='ltr'><strong>ad</strong></span> <span class='ocrx_word' id='word_1_44' title='bbox 393 395 462 422; x_wconf 88' lang='lat' dir='ltr'><strong>opus</strong></span> <span class='ocrx_word' id='word_1_45' title='bbox 480 396 560 416; x_wconf 91' lang='lat' dir='ltr'><strong>suum</strong></span> <span class='ocrx_word' id='word_1_46' title='bbox 574 394 684 423; x_wconf 82' lang='lat' dir='ltr'><strong>paratus</strong></span> <span class='ocrx_word' id='word_1_47' title='bbox 704 389 739 416; x_wconf 90' lang='lat' dir='ltr'><strong>sit</strong></span> <span class='ocrx_word' id='word_1_48' title='bbox 752 397 839 424; x_wconf 88' lang='lat' dir='ltr'><strong>usque</strong></span> <span class='ocrx_word' id='word_1_49' title='bbox 851 389 885 416; x_wconf 93' lang='lat' dir='ltr'><strong>ad</strong></span> <span class='ocrx_word' id='word_1_50' title='bbox 900 389 997 416; x_wconf 87' lang='lat' dir='ltr'><strong>horam</strong></span> 
     </span>
    </p>
   </div>
   <div class='ocr_carea' id='block_1_8' title="bbox 210 434 998 470">
    <p class='ocr_par' dir='ltr' id='par_1_8' title="bbox 210 434 998 470">
     <span class='ocr_line' id='line_1_8' title="bbox 210 434 998 470; baseline 0 -9"><span class='ocrx_word' id='word_1_51' title='bbox 210 442 333 461; x_wconf 87' lang='lat' dir='ltr'><strong>nonam:</strong></span> <span class='ocrx_word' id='word_1_52' title='bbox 351 434 425 469; x_wconf 89' lang='lat' dir='ltr'><strong>quod</strong></span> <span class='ocrx_word' id='word_1_53' title='bbox 450 435 604 470; x_wconf 84' lang='lat' dir='ltr'><strong>injunctutn</strong></span> <span class='ocrx_word' id='word_1_54' title='bbox 641 436 733 469; x_wconf 87' lang='lat' dir='ltr'><strong>fuerit,</strong></span> <span class='ocrx_word' id='word_1_55' title='bbox 762 435 825 463; x_wconf 85' lang='lat' dir='ltr'><strong>Sine</strong></span> <span class='ocrx_word' id='word_1_56' title='bbox 845 443 998 462; x_wconf 87' lang='lat' dir='ltr'><strong>murmura-</strong></span> 
     </span>
    </p>
   </div>
   <div class='ocr_carea' id='block_1_9' title="bbox 211 479 469 514">
    <p class='ocr_par' dir='ltr' id='par_1_9' title="bbox 211 479 469 514">
     <span class='ocr_line' id='line_1_9' title="bbox 211 479 469 514; baseline 0.004 -8"><span class='ocrx_word' id='word_1_57' title='bbox 211 481 281 506; x_wconf 83' lang='lat' dir='ltr'><strong>tione</strong></span> <span class='ocrx_word' id='word_1_58' title='bbox 298 479 422 514; x_wconf 87' lang='lat' dir='ltr'><strong>perficiet</strong></span> <span class='ocrx_word' id='word_1_59' title='bbox 435 481 469 506; x_wconf 81' lang='lat'><strong>&quot;’.</strong></span> 
     </span>
    </p>
   </div>
   <div class='ocr_carea' id='block_1_10' title="bbox 211 534 1000 570">
    <p class='ocr_par' dir='ltr' id='par_1_10' title="bbox 211 534 1000 570">
     <span class='ocr_line' id='line_1_10' title="bbox 211 534 1000 570; baseline 0.003 -8"><span class='ocrx_word' id='word_1_60' title='bbox 211 535 287 562; x_wconf 87' lang='lat' dir='ltr'><strong>CAP.</strong></span> <span class='ocrx_word' id='word_1_61' title='bbox 305 534 347 562; x_wconf 88' lang='lat' dir='ltr'><strong>Vl.</strong></span> <span class='ocrx_word' id='word_1_62' title='bbox 358 549 393 554; x_wconf 93' lang='lat'><strong>—-</strong></span> <span class='ocrx_word' id='word_1_63' title='bbox 405 534 442 561; x_wconf 81' lang='lat' dir='ltr'><strong>De</strong></span> <span class='ocrx_word' id='word_1_64' title='bbox 456 535 495 561; x_wconf 81' lang='lat' dir='ltr'><strong>Itis</strong></span> <span class='ocrx_word' id='word_1_65' title='bbox 507 535 552 570; x_wconf 81' lang='lat' dir='ltr'><strong>qui</strong></span> <span class='ocrx_word' id='word_1_66' title='bbox 564 535 599 561; x_wconf 71' lang='lat' dir='ltr'><strong>ad</strong></span> <span class='ocrx_word' id='word_1_67' title='bbox 614 543 678 570; x_wconf 81' lang='lat' dir='ltr'><strong>opus</strong></span> <span class='ocrx_word' id='word_1_68' title='bbox 696 534 744 562; x_wconf 83' lang='lat' dir='ltr'><strong>Dei</strong></span> <span class='ocrx_word' id='word_1_69' title='bbox 758 535 833 562; x_wconf 81' lang='lat' dir='ltr'><strong>tarde</strong></span> <span class='ocrx_word' id='word_1_70' title='bbox 848 541 1000 564; x_wconf 81' lang='lat' dir='ltr'><strong>accurrunt.</strong></span> 
     </span>
    </p>
   </div>
   <div class='ocr_carea' id='block_1_11' title="bbox 246 582 1003 619">
    <p class='ocr_par' dir='ltr' id='par_1_11' title="bbox 246 582 1003 619">
     <span class='ocr_line' id='line_1_11' title="bbox 246 582 1003 619; baseline 0.005 -11"><span class='ocrx_word' id='word_1_71' title='bbox 246 582 288 609; x_wconf 85' lang='lat' dir='ltr'><strong>Ad</strong></span> <span class='ocrx_word' id='word_1_72' title='bbox 311 582 407 609; x_wconf 87' lang='lat' dir='ltr'><strong>horam</strong></span> <span class='ocrx_word' id='word_1_73' title='bbox 432 590 498 609; x_wconf 87' lang='lat' dir='ltr'><strong>vere</strong></span> <span class='ocrx_word' id='word_1_74' title='bbox 522 582 654 610; x_wconf 89' lang='lat' dir='ltr'><strong>orationis</strong></span> <span class='ocrx_word' id='word_1_75' title='bbox 677 582 740 610; x_wconf 89' lang='lat' dir='ltr'><strong>dato</strong></span> <span class='ocrx_word' id='word_1_76' title='bbox 766 583 855 618; x_wconf 81' lang='lat' dir='ltr'><strong>signo,</strong></span> <span class='ocrx_word' id='word_1_77' title='bbox 877 584 925 619; x_wconf 85' lang='lat' dir='ltr'><strong>qui</strong></span> <span class='ocrx_word' id='word_1_78' title='bbox 947 593 1003 612; x_wconf 89' lang='lat' dir='ltr'><strong>non</strong></span> 
     </span>
    </p>
   </div>
   <div class='ocr_carea' id='block_1_12' title="bbox 214 629 1004 666">
    <p class='ocr_par' dir='ltr' id='par_1_12' title="bbox 214 629 1004 666">
     <span class='ocr_line' id='line_1_12' title="bbox 214 629 1004 666; baseline 0.004 -11"><span class='ocrx_word' id='word_1_79' title='bbox 214 630 304 656; x_wconf 88' lang='lat' dir='ltr'><strong>statim</strong></span> <span class='ocrx_word' id='word_1_80' title='bbox 326 629 510 663; x_wconf 74' lang='lat' dir='ltr'><strong>prtetermisso</strong></span> <span class='ocrx_word' id='word_1_81' title='bbox 536 629 610 656; x_wconf 92' lang='lat' dir='ltr'><strong>omni</strong></span> <span class='ocrx_word' id='word_1_82' title='bbox 637 637 720 664; x_wconf 90' lang='lat' dir='ltr'><strong>opere</strong></span> <span class='ocrx_word' id='word_1_83' title='bbox 747 630 821 664; x_wconf 87' lang='lat' dir='ltr'><strong>quod</strong></span> <span class='ocrx_word' id='word_1_84' title='bbox 847 631 902 666; x_wconf 77' lang='lat' dir='ltr'><strong>agit</strong></span> <span class='ocrx_word' id='word_1_85' title='bbox 928 631 1004 666; x_wconf 86' lang='lat' dir='ltr'><strong>(quia</strong></span> 
     </span>
    </p>
   </div>
   <div class='ocr_carea' id='block_1_13' title="bbox 215 674 1003 710">
    <p class='ocr_par' dir='ltr' id='par_1_13' title="bbox 215 674 1003 710">
     <span class='ocr_line' id='line_1_13' title="bbox 215 674 1003 710; baseline 0.004 -9"><span class='ocrx_word' id='word_1_86' title='bbox 215 675 284 701; x_wconf 88' lang='lat' dir='ltr'><strong>nihil</strong></span> <span class='ocrx_word' id='word_1_87' title='bbox 300 674 418 702; x_wconf 89' lang='lat' dir='ltr'><strong>orationi</strong></span> <span class='ocrx_word' id='word_1_88' title='bbox 433 677 648 709; x_wconf 80' lang='lat' dir='ltr'><strong>przeponendum</strong></span> <span class='ocrx_word' id='word_1_89' title='bbox 663 676 716 709; x_wconf 83' lang='lat' dir='ltr'><strong>est)</strong></span> <span class='ocrx_word' id='word_1_90' title='bbox 731 680 842 710; x_wconf 90' lang='lat' dir='ltr'><strong>paratus</strong></span> <span class='ocrx_word' id='word_1_91' title='bbox 858 676 950 709; x_wconf 90' lang='lat' dir='ltr'><strong>fuerit,</strong></span> <span class='ocrx_word' id='word_1_92' title='bbox 968 676 1003 704; x_wconf 89' lang='lat' dir='ltr'><strong>ab</strong></span> 
     </span>
    </p>
   </div>
   <div class='ocr_carea' id='block_1_14' title="bbox 215 720 1004 756">
    <p class='ocr_par' dir='ltr' id='par_1_14' title="bbox 215 720 1004 756">
     <span class='ocr_line' id='line_1_14' title="bbox 215 720 1004 756; baseline 0.003 -10"><span class='ocrx_word' id='word_1_93' title='bbox 215 720 314 747; x_wconf 81' lang='lat' dir='ltr'><strong>abbate</strong></span> <span class='ocrx_word' id='word_1_94' title='bbox 328 720 371 747; x_wconf 89' lang='lat' dir='ltr'><strong>vel</strong></span> <span class='ocrx_word' id='word_1_95' title='bbox 384 720 530 755; x_wconf 81' lang='lat' dir='ltr'><strong>praeposito</strong></span> <span class='ocrx_word' id='word_1_96' title='bbox 540 720 723 755; x_wconf 85' lang='lat' dir='ltr'><strong>corripiatur:</strong></span> <span class='ocrx_word' id='word_1_97' title='bbox 739 725 768 748; x_wconf 90' lang='lat' dir='ltr'><strong>et</strong></span> <span class='ocrx_word' id='word_1_98' title='bbox 782 721 834 748; x_wconf 85' lang='lat' dir='ltr'><strong>nisi</strong></span> <span class='ocrx_word' id='word_1_99' title='bbox 848 726 1004 756; x_wconf 86' lang='lat' dir='ltr'><strong>prostratus</strong></span> 
     </span>
    </p>
   </div>
   <div class='ocr_carea' id='block_1_15' title="bbox 215 764 741 798">
    <p class='ocr_par' dir='ltr' id='par_1_15' title="bbox 215 764 741 798">
     <span class='ocr_line' id='line_1_15' title="bbox 215 764 741 798; baseline 0.002 -7"><span class='ocrx_word' id='word_1_100' title='bbox 215 764 322 791; x_wconf 83' lang='lat' dir='ltr'><strong>veniam</strong></span> <span class='ocrx_word' id='word_1_101' title='bbox 338 764 457 798; x_wconf 89' lang='lat' dir='ltr'><strong>petierit,</strong></span> <span class='ocrx_word' id='word_1_102' title='bbox 476 764 741 792; x_wconf 75' lang='lat' dir='ltr'><strong>excommunicetur.</strong></span> 
     </span>
    </p>
   </div>
   <div class='ocr_carea' id='block_1_16' title="bbox 320 808 888 837">
    <p class='ocr_par' dir='ltr' id='par_1_16' title="bbox 320 808 888 837">
     <span class='ocr_line' id='line_1_16' title="bbox 320 808 888 837; baseline 0.004 -2"><span class='ocrx_word' id='word_1_103' title='bbox 320 808 396 836; x_wconf 86' lang='lat' dir='ltr'><strong>CAP.</strong></span> <span class='ocrx_word' id='word_1_104' title='bbox 416 808 472 836; x_wconf 78' lang='grc' dir='ltr'><strong>νη.</strong></span> <span class='ocrx_word' id='word_1_105' title='bbox 491 824 526 828; x_wconf 88' lang='lat'><strong>———</strong></span> <span class='ocrx_word' id='word_1_106' title='bbox 546 809 583 835; x_wconf 87' lang='lat' dir='ltr'><strong>De</strong></span> <span class='ocrx_word' id='word_1_107' title='bbox 595 809 700 836; x_wconf 81' lang='lat' dir='ltr'><strong>silentio</strong></span> <span class='ocrx_word' id='word_1_108' title='bbox 712 810 746 836; x_wconf 87' lang='lat' dir='ltr'><strong>ad</strong></span> <span class='ocrx_word' id='word_1_109' title='bbox 759 818 888 837; x_wconf 77' lang='lat' dir='ltr'><strong>mensam.</strong></span> 
     </span>
    </p>
   </div>
   <div class='ocr_carea' id='block_1_17' title="bbox 251 853 1003 891">
    <p class='ocr_par' dir='ltr' id='par_1_17' title="bbox 251 853 1003 891">
     <span class='ocr_line' id='line_1_17' title="bbox 251 853 1003 891; baseline 0.004 -10"><span class='ocrx_word' id='word_1_110' title='bbox 251 853 291 881; x_wconf 87' lang='lat' dir='ltr'><strong>Ad</strong></span> <span class='ocrx_word' id='word_1_111' title='bbox 314 862 435 882; x_wconf 89' lang='lat' dir='ltr'><strong>mensam</strong></span> <span class='ocrx_word' id='word_1_112' title='bbox 461 858 553 882; x_wconf 89' lang='lat' dir='ltr'><strong>autetn</strong></span> <span class='ocrx_word' id='word_1_113' title='bbox 578 855 734 889; x_wconf 85' lang='lat' dir='ltr'><strong>specialiter</strong></span> <span class='ocrx_word' id='word_1_114' title='bbox 752 856 844 883; x_wconf 90' lang='lat' dir='ltr'><strong>nullus</strong></span> <span class='ocrx_word' id='word_1_115' title='bbox 864 856 1003 891; x_wconf 82' lang='lat' dir='ltr'><strong>loquatur,</strong></span> 
     </span>
    </p>
   </div>
   <div class='ocr_carea' id='block_1_18' title="bbox 217 898 886 936">
    <p class='ocr_par' dir='ltr' id='par_1_18' title="bbox 217 898 886 936">
     <span class='ocr_line' id='line_1_18' title="bbox 217 898 886 936; baseline 0.003 -10"><span class='ocrx_word' id='word_1_116' title='bbox 217 898 270 926; x_wconf 83' lang='lat' dir='ltr'><strong>nisi</strong></span> <span class='ocrx_word' id='word_1_117' title='bbox 291 899 338 934; x_wconf 91' lang='lat' dir='ltr'><strong>qui</strong></span> <span class='ocrx_word' id='word_1_118' title='bbox 353 903 462 934; x_wconf 66' lang='lat' dir='ltr'><strong>praeest,</strong></span> <span class='ocrx_word' id='word_1_119' title='bbox 480 900 523 926; x_wconf 87' lang='lat' dir='ltr'><strong>vel</strong></span> <span class='ocrx_word' id='word_1_120' title='bbox 536 900 583 934; x_wconf 87' lang='lat' dir='ltr'><strong>qui</strong></span> <span class='ocrx_word' id='word_1_121' title='bbox 597 900 780 936; x_wconf 77' lang='lat' dir='ltr'><strong>interrogatus</strong></span> <span class='ocrx_word' id='word_1_122' title='bbox 793 901 886 928; x_wconf 90' lang='lat' dir='ltr'><strong>fuerit.</strong></span> 
     </span>
    </p>
   </div>
   <div class='ocr_carea' id='block_1_19' title="bbox 232 953 990 990">
    <p class='ocr_par' dir='ltr' id='par_1_19' title="bbox 232 953 990 990">
     <span class='ocr_line' id='line_1_19' title="bbox 232 953 990 990; baseline 0 -8"><span class='ocrx_word' id='word_1_123' title='bbox 232 953 308 982; x_wconf 90' lang='lat' dir='ltr'><strong>CAP.</strong></span> <span class='ocrx_word' id='word_1_124' title='bbox 328 954 397 981; x_wconf 75' lang='lat' dir='ltr'><strong>VIII.</strong></span> <span class='ocrx_word' id='word_1_125' title='bbox 416 969 451 974; x_wconf 89' lang='lat'><strong>—-</strong></span> <span class='ocrx_word' id='word_1_126' title='bbox 472 954 504 990; x_wconf 82' lang='lat' dir='ltr'><strong>Ut</strong></span> <span class='ocrx_word' id='word_1_127' title='bbox 533 955 567 981; x_wconf 88' lang='lat' dir='ltr'><strong>ad</strong></span> <span class='ocrx_word' id='word_1_128' title='bbox 595 956 742 982; x_wconf 75' lang='lat' dir='ltr'><strong>necessaria</strong></span> <span class='ocrx_word' id='word_1_129' title='bbox 771 956 913 990; x_wconf 74' lang='lat' dir='ltr'><strong>quwrenda</strong></span> <span class='ocrx_word' id='word_1_130' title='bbox 936 956 990 983; x_wconf 85' lang='lat' dir='ltr'><strong>bini</strong></span> 
     </span>
    </p>
   </div>
   <div class='ocr_carea' id='block_1_20' title="bbox 460 989 753 1016">
    <p class='ocr_par' dir='ltr' id='par_1_20' title="bbox 460 989 753 1016">
     <span class='ocr_line' id='line_1_20' title="bbox 460 989 753 1016; baseline 0 0"><span class='ocrx_word' id='word_1_131' title='bbox 460 989 500 1016; x_wconf 81' lang='lat' dir='ltr'><strong>vel</strong></span> <span class='ocrx_word' id='word_1_132' title='bbox 517 990 586 1016; x_wconf 83' lang='lat' dir='ltr'><strong>terni</strong></span> <span class='ocrx_word' id='word_1_133' title='bbox 603 991 753 1016; x_wconf 77' lang='lat' dir='ltr'><strong>mittantur.</strong></span> 
     </span>
    </p>
   </div>
   <div class='ocr_carea' id='block_1_21' title="bbox 252 1034 1009 1071">
    <p class='ocr_par' dir='ltr' id='par_1_21' title="bbox 252 1034 1009 1071">
     <span class='ocr_line' id='line_1_21' title="bbox 252 1034 1009 1071; baseline 0.003 -10"><span class='ocrx_word' id='word_1_134' title='bbox 252 1034 293 1062; x_wconf 88' lang='lat' dir='ltr'><strong>Ad</strong></span> <span class='ocrx_word' id='word_1_135' title='bbox 305 1034 459 1062; x_wconf 88' lang='lat' dir='ltr'><strong>necessaria</strong></span> <span class='ocrx_word' id='word_1_136' title='bbox 472 1034 619 1069; x_wconf 66' lang='lat' dir='ltr'><strong>qumrenda</strong></span> <span class='ocrx_word' id='word_1_137' title='bbox 634 1035 661 1062; x_wconf 86' lang='lat' dir='ltr'><strong>in</strong></span> <span class='ocrx_word' id='word_1_138' title='bbox 674 1035 783 1066; x_wconf 85' lang='lat' dir='ltr'><strong>cellula,</strong></span> <span class='ocrx_word' id='word_1_139' title='bbox 796 1035 852 1062; x_wconf 90' lang='lat' dir='ltr'><strong>bini</strong></span> <span class='ocrx_word' id='word_1_140' title='bbox 864 1036 1009 1071; x_wconf 81' lang='lat' dir='ltr'><strong>egredian-</strong></span> 
     </span>
    </p>
   </div>
   <div class='ocr_carea' id='block_1_22' title="bbox 219 1080 1006 1115">
    <p class='ocr_par' dir='ltr' id='par_1_22' title="bbox 219 1080 1006 1115">
     <span class='ocr_line' id='line_1_22' title="bbox 219 1080 1006 1115; baseline 0.001 -7"><span class='ocrx_word' id='word_1_141' title='bbox 219 1086 264 1108; x_wconf 89' lang='lat' dir='ltr'><strong>tur</strong></span> <span class='ocrx_word' id='word_1_142' title='bbox 285 1080 329 1108; x_wconf 86' lang='lat' dir='ltr'><strong>vel</strong></span> <span class='ocrx_word' id='word_1_143' title='bbox 360 1080 431 1108; x_wconf 89' lang='lat' dir='ltr'><strong>terni</strong></span> <span class='ocrx_word' id='word_1_144' title='bbox 448 1080 547 1107; x_wconf 80' lang='lat' dir='ltr'><strong>fratres</strong></span> <span class='ocrx_word' id='word_1_145' title='bbox 565 1089 571 1108; x_wconf 85' lang='lat'><strong>:</strong></span> <span class='ocrx_word' id='word_1_146' title='bbox 589 1085 618 1108; x_wconf 89' lang='lat' dir='ltr'><strong>et</strong></span> <span class='ocrx_word' id='word_1_147' title='bbox 639 1080 677 1108; x_wconf 87' lang='lat' dir='ltr'><strong>ita</strong></span> <span class='ocrx_word' id='word_1_148' title='bbox 690 1081 738 1113; x_wconf 93' lang='lat' dir='ltr'><strong>illi,</strong></span> <span class='ocrx_word' id='word_1_149' title='bbox 753 1080 854 1115; x_wconf 80' lang='lat' dir='ltr'><strong>quibus</strong></span> <span class='ocrx_word' id='word_1_150' title='bbox 875 1081 1006 1115; x_wconf 87' lang='lat' dir='ltr'><strong>creditur,</strong></span> 
     </span>
    </p>
   </div>
   <div class='ocr_carea' id='block_1_23' title="bbox 218 1126 899 1161">
    <p class='ocr_par' dir='ltr' id='par_1_23' title="bbox 218 1126 899 1161">
     <span class='ocr_line' id='line_1_23' title="bbox 218 1126 899 1161; baseline 0.001 -8"><span class='ocrx_word' id='word_1_151' title='bbox 218 1134 272 1154; x_wconf 94' lang='lat' dir='ltr'><strong>non</strong></span> <span class='ocrx_word' id='word_1_152' title='bbox 294 1126 342 1161; x_wconf 90' lang='lat' dir='ltr'><strong>qui</strong></span> <span class='ocrx_word' id='word_1_153' title='bbox 359 1126 555 1154; x_wconf 84' lang='lat' dir='ltr'><strong>verbositatem</strong></span> <span class='ocrx_word' id='word_1_154' title='bbox 573 1130 621 1153; x_wconf 88' lang='lat' dir='ltr'><strong>aut</strong></span> <span class='ocrx_word' id='word_1_155' title='bbox 641 1126 732 1161; x_wconf 80' lang='lat' dir='ltr'><strong>gulam</strong></span> <span class='ocrx_word' id='word_1_156' title='bbox 747 1131 899 1154; x_wconf 78' lang='lat' dir='ltr'><strong>sectantur.</strong></span> 
     </span>
    </p>
   </div>
   <div class='ocr_carea' id='block_1_24' title="bbox 219 1182 1009 1219">
    <p class='ocr_par' dir='ltr' id='par_1_24' title="bbox 219 1182 1009 1219">
     <span class='ocr_line' id='line_1_24' title="bbox 219 1182 1009 1219; baseline -0.001 -7"><span class='ocrx_word' id='word_1_157' title='bbox 219 1183 296 1212; x_wconf 91' lang='lat' dir='ltr'><strong>CAP.</strong></span> <span class='ocrx_word' id='word_1_158' title='bbox 321 1183 369 1211; x_wconf 80' lang='lat' dir='ltr'><strong>IX.</strong></span> <span class='ocrx_word' id='word_1_159' title='bbox 395 1198 431 1203; x_wconf 83' lang='lat'><strong>~—-</strong></span> <span class='ocrx_word' id='word_1_160' title='bbox 459 1182 491 1211; x_wconf 91' lang='lat' dir='ltr'><strong>Ut</strong></span> <span class='ocrx_word' id='word_1_161' title='bbox 515 1191 647 1218; x_wconf 75' lang='lat' dir='ltr'><strong>nusquam</strong></span> <span class='ocrx_word' id='word_1_162' title='bbox 673 1184 730 1210; x_wconf 73' lang='lat' dir='ltr'><strong>sine</strong></span> <span class='ocrx_word' id='word_1_163' title='bbox 748 1188 879 1219; x_wconf 74' lang='lat' dir='ltr'><strong>prmepto</strong></span> <span class='ocrx_word' id='word_1_164' title='bbox 898 1185 1009 1211; x_wconf 72' lang='lat' dir='ltr'><strong>senioris</strong></span> 
     </span>
    </p>
   </div>
   <div class='ocr_carea' id='block_1_25' title="bbox 522 1218 702 1253">
    <p class='ocr_par' dir='ltr' id='par_1_25' title="bbox 522 1218 702 1253">
     <span class='ocr_line' id='line_1_25' title="bbox 522 1218 702 1253; baseline 0.006 -9"><span class='ocrx_word' id='word_1_165' title='bbox 522 1218 702 1253; x_wconf 80' lang='lat' dir='ltr'><strong>egrediantur.</strong></span> 
     </span>
    </p>
   </div>
   <div class='ocr_carea' id='block_1_26' title="bbox 254 1273 1011 1309">
    <p class='ocr_par' dir='ltr' id='par_1_26' title="bbox 254 1273 1011 1309">
     <span class='ocr_line' id='line_1_26' title="bbox 254 1273 1011 1309; baseline 0.001 -8"><span class='ocrx_word' id='word_1_166' title='bbox 254 1273 283 1302; x_wconf 87' lang='lat' dir='ltr'><strong>Si</strong></span> <span class='ocrx_word' id='word_1_167' title='bbox 299 1273 361 1309; x_wconf 84' lang='lat' dir='ltr'><strong>quis</strong></span> <span class='ocrx_word' id='word_1_168' title='bbox 379 1281 444 1301; x_wconf 88' lang='lat' dir='ltr'><strong>vero</strong></span> <span class='ocrx_word' id='word_1_169' title='bbox 458 1277 535 1301; x_wconf 79' lang='lat' dir='ltr'><strong>extra</strong></span> <span class='ocrx_word' id='word_1_170' title='bbox 555 1273 753 1301; x_wconf 85' lang='lat' dir='ltr'><strong>conscientiam</strong></span> <span class='ocrx_word' id='word_1_171' title='bbox 767 1274 876 1302; x_wconf 82' lang='lat' dir='ltr'><strong>abbatis</strong></span> <span class='ocrx_word' id='word_1_172' title='bbox 884 1275 927 1302; x_wconf 88' lang='lat' dir='ltr'><strong>vel</strong></span> <span class='ocrx_word' id='word_1_173' title='bbox 942 1282 1011 1309; x_wconf 73' lang='lat' dir='ltr'><strong>prte-</strong></span> 
     </span>
    </p>
   </div>
   <div class='ocr_carea' id='block_1_27' title="bbox 219 1319 1011 1356">
    <p class='ocr_par' dir='ltr' id='par_1_27' title="bbox 219 1319 1011 1356">
     <span class='ocr_line' id='line_1_27' title="bbox 219 1319 1011 1356; baseline 0.003 -10"><span class='ocrx_word' id='word_1_174' title='bbox 219 1320 312 1354; x_wconf 83' lang='lat' dir='ltr'><strong>positi,</strong></span> <span class='ocrx_word' id='word_1_175' title='bbox 336 1319 553 1355; x_wconf 84' lang='lat' dir='ltr'><strong>qualemcunque</strong></span> <span class='ocrx_word' id='word_1_176' title='bbox 580 1320 669 1347; x_wconf 91' lang='lat' dir='ltr'><strong>locum</strong></span> <span class='ocrx_word' id='word_1_177' title='bbox 698 1320 849 1356; x_wconf 81' lang='lat' dir='ltr'><strong>ingressus,</strong></span> <span class='ocrx_word' id='word_1_178' title='bbox 879 1321 949 1356; x_wconf 70' lang='lat' dir='ltr'><strong>gulae</strong></span> <span class='ocrx_word' id='word_1_179' title='bbox 968 1321 1011 1348; x_wconf 89' lang='lat' dir='ltr'><strong>vel</strong></span> 
     </span>
    </p>
   </div>
   <div class='ocr_carea' id='block_1_28' title="bbox 219 1365 1013 1401">
    <p class='ocr_par' dir='ltr' id='par_1_28' title="bbox 219 1365 1013 1401">
     <span class='ocr_line' id='line_1_28' title="bbox 219 1365 1013 1401; baseline 0.001 -8"><span class='ocrx_word' id='word_1_180' title='bbox 219 1366 347 1393; x_wconf 84' lang='lat' dir='ltr'><strong>ebrietati</strong></span> <span class='ocrx_word' id='word_1_181' title='bbox 371 1373 400 1393; x_wconf 92' lang='lat' dir='ltr'><strong>se</strong></span> <span class='ocrx_word' id='word_1_182' title='bbox 419 1365 581 1398; x_wconf 81' lang='lat' dir='ltr'><strong>sociaverit;</strong></span> <span class='ocrx_word' id='word_1_183' title='bbox 611 1370 658 1393; x_wconf 89' lang='lat' dir='ltr'><strong>aut</strong></span> <span class='ocrx_word' id='word_1_184' title='bbox 684 1366 707 1393; x_wconf 93' lang='lat' dir='ltr'><strong>si</strong></span> <span class='ocrx_word' id='word_1_185' title='bbox 732 1366 758 1393; x_wconf 91' lang='lat' dir='ltr'><strong>in</strong></span> <span class='ocrx_word' id='word_1_186' title='bbox 780 1367 904 1401; x_wconf 84' lang='lat' dir='ltr'><strong>proximo</strong></span> <span class='ocrx_word' id='word_1_187' title='bbox 923 1371 1013 1394; x_wconf 87' lang='lat' dir='ltr'><strong>trans-</strong></span> 
     </span>
    </p>
   </div>
   <div class='ocr_carea' id='block_1_29' title="bbox 221 1411 1013 1447">
    <p class='ocr_par' dir='ltr' id='par_1_29' title="bbox 221 1411 1013 1447">
     <span class='ocr_line' id='line_1_29' title="bbox 221 1411 1013 1447; baseline 0 -8"><span class='ocrx_word' id='word_1_188' title='bbox 221 1412 331 1443; x_wconf 88' lang='lat' dir='ltr'><strong>missus,</strong></span> <span class='ocrx_word' id='word_1_189' title='bbox 352 1419 402 1447; x_wconf 90' lang='lat' dir='ltr'><strong>pro</strong></span> <span class='ocrx_word' id='word_1_190' title='bbox 421 1419 470 1439; x_wconf 91' lang='lat' dir='ltr'><strong>sua</strong></span> <span class='ocrx_word' id='word_1_191' title='bbox 488 1411 600 1439; x_wconf 86' lang='lat' dir='ltr'><strong>levitate</strong></span> <span class='ocrx_word' id='word_1_192' title='bbox 616 1412 658 1439; x_wconf 85' lang='lat' dir='ltr'><strong>vel</strong></span> <span class='ocrx_word' id='word_1_193' title='bbox 682 1412 755 1447; x_wconf 80' lang='lat' dir='ltr'><strong>gula,</strong></span> <span class='ocrx_word' id='word_1_194' title='bbox 772 1420 827 1439; x_wconf 92' lang='lat' dir='ltr'><strong>non</strong></span> <span class='ocrx_word' id='word_1_195' title='bbox 847 1412 940 1439; x_wconf 87' lang='lat' dir='ltr'><strong>statim</strong></span> <span class='ocrx_word' id='word_1_196' title='bbox 965 1420 1013 1440; x_wconf 85' lang='lat' dir='ltr'><strong>ex-</strong></span> 
     </span>
    </p>
   </div>
   <div class='ocr_carea' id='block_1_30' title="bbox 220 1458 1013 1494">
    <p class='ocr_par' dir='ltr' id='par_1_30' title="bbox 220 1458 1013 1494">
     <span class='ocr_line' id='line_1_30' title="bbox 220 1458 1013 1494; baseline 0 -8"><span class='ocrx_word' id='word_1_197' title='bbox 220 1458 312 1494; x_wconf 87' lang='lat' dir='ltr'><strong>pedita</strong></span> <span class='ocrx_word' id='word_1_198' title='bbox 341 1458 504 1486; x_wconf 88' lang='lat' dir='ltr'><strong>necessitate</strong></span> <span class='ocrx_word' id='word_1_199' title='bbox 524 1458 558 1485; x_wconf 85' lang='lat' dir='ltr'><strong>ad</strong></span> <span class='ocrx_word' id='word_1_200' title='bbox 579 1458 675 1486; x_wconf 85' lang='lat' dir='ltr'><strong>cellam</strong></span> <span class='ocrx_word' id='word_1_201' title='bbox 699 1458 833 1492; x_wconf 88' lang='lat' dir='ltr'><strong>redierit;</strong></span> <span class='ocrx_word' id='word_1_202' title='bbox 849 1466 911 1486; x_wconf 88' lang='lat' dir='ltr'><strong>cum</strong></span> <span class='ocrx_word' id='word_1_203' title='bbox 936 1459 963 1486; x_wconf 91' lang='lat' dir='ltr'><strong>in</strong></span> <span class='ocrx_word' id='word_1_204' title='bbox 986 1459 1013 1486; x_wconf 92' lang='lat' dir='ltr'><strong>id</strong></span> 
     </span>
    </p>
   </div>
   <div class='ocr_carea' id='block_1_31' title="bbox 222 1504 1014 1536">
    <p class='ocr_par' dir='ltr' id='par_1_31' title="bbox 222 1504 1014 1536">
     <span class='ocr_line' id='line_1_31' title="bbox 222 1504 1014 1536; baseline 0 -4"><span class='ocrx_word' id='word_1_205' title='bbox 222 1504 330 1532; x_wconf 88' lang='lat' dir='ltr'><strong>facinus</strong></span> <span class='ocrx_word' id='word_1_206' title='bbox 344 1504 427 1532; x_wconf 89' lang='lat' dir='ltr'><strong>fuerit</strong></span> <span class='ocrx_word' id='word_1_207' title='bbox 444 1504 578 1536; x_wconf 88' lang='lat' dir='ltr'><strong>detectus,</strong></span> <span class='ocrx_word' id='word_1_208' title='bbox 600 1510 631 1531; x_wconf 93' lang='lat' dir='ltr'><strong>ut</strong></span> <span class='ocrx_word' id='word_1_209' title='bbox 644 1512 764 1532; x_wconf 86' lang='lat' dir='ltr'><strong>canones</strong></span> <span class='ocrx_word' id='word_1_210' title='bbox 784 1505 895 1536; x_wconf 83' lang='lat' dir='ltr'><strong>docent,</strong></span> <span class='ocrx_word' id='word_1_211' title='bbox 907 1509 955 1532; x_wconf 90' lang='lat' dir='ltr'><strong>aut</strong></span> <span class='ocrx_word' id='word_1_212' title='bbox 969 1505 1014 1532; x_wconf 89' lang='lat' dir='ltr'><strong>tri-</strong></span> 
     </span>
    </p>
   </div>
   <div class='ocr_carea' id='block_1_32' title="bbox 223 1550 1013 1587">
    <p class='ocr_par' dir='ltr' id='par_1_32' title="bbox 223 1550 1013 1587">
     <span class='ocr_line' id='line_1_32' title="bbox 223 1550 1013 1587; baseline 0.003 -10"><span class='ocrx_word' id='word_1_213' title='bbox 223 1551 298 1586; x_wconf 77' lang='lat' dir='ltr'><strong>ginta</strong></span> <span class='ocrx_word' id='word_1_214' title='bbox 320 1551 419 1578; x_wconf 89' lang='lat' dir='ltr'><strong>diebus</strong></span> <span class='ocrx_word' id='word_1_215' title='bbox 443 1559 458 1578; x_wconf 92' lang='lat' dir='ltr'><strong>a</strong></span> <span class='ocrx_word' id='word_1_216' title='bbox 482 1550 676 1579; x_wconf 83' lang='lat' dir='ltr'><strong>communione</strong></span> <span class='ocrx_word' id='word_1_217' title='bbox 700 1556 852 1586; x_wconf 84' lang='lat' dir='ltr'><strong>separetur,</strong></span> <span class='ocrx_word' id='word_1_218' title='bbox 868 1555 915 1579; x_wconf 91' lang='lat' dir='ltr'><strong>aut</strong></span> <span class='ocrx_word' id='word_1_219' title='bbox 929 1551 1013 1587; x_wconf 78' lang='lat' dir='ltr'><strong>virgis</strong></span> 
     </span>
    </p>
   </div>
   <div class='ocr_carea' id='block_1_33' title="bbox 224 1597 498 1624">
    <p class='ocr_par' dir='ltr' id='par_1_33' title="bbox 224 1597 498 1624">
     <span class='ocr_line' id='line_1_33' title="bbox 224 1597 498 1624; baseline 0 0"><span class='ocrx_word' id='word_1_220' title='bbox 224 1604 311 1624; x_wconf 68' lang='lat' dir='ltr'><strong>caesus</strong></span> <span class='ocrx_word' id='word_1_221' title='bbox 325 1597 498 1624; x_wconf 85' lang='lat' dir='ltr'><strong>emendetur.</strong></span> 
     </span>
    </p>
   </div>
   <div class='ocr_carea' id='block_1_34' title="bbox 225 1652 1013 1688">
    <p class='ocr_par' dir='ltr' id='par_1_34' title="bbox 225 1652 1013 1688">
     <span class='ocr_line' id='line_1_34' title="bbox 225 1652 1013 1688; baseline 0.001 -8"><span class='ocrx_word' id='word_1_222' title='bbox 225 1652 300 1680; x_wconf 88' lang='lat' dir='ltr'><strong>CAP.</strong></span> <span class='ocrx_word' id='word_1_223' title='bbox 320 1653 355 1680; x_wconf 81' lang='grc' dir='ltr'><strong>Χ.</strong></span> <span class='ocrx_word' id='word_1_224' title='bbox 370 1668 406 1673; x_wconf 84' lang='lat'><strong>-—</strong></span> <span class='ocrx_word' id='word_1_225' title='bbox 417 1653 456 1680; x_wconf 81' lang='lat' dir='ltr'><strong>De</strong></span> <span class='ocrx_word' id='word_1_226' title='bbox 468 1654 506 1680; x_wconf 84' lang='lat' dir='ltr'><strong>his</strong></span> <span class='ocrx_word' id='word_1_227' title='bbox 517 1653 562 1688; x_wconf 80' lang='lat' dir='ltr'><strong>qui</strong></span> <span class='ocrx_word' id='word_1_228' title='bbox 571 1653 601 1680; x_wconf 82' lang='lat' dir='ltr'><strong>de</strong></span> <span class='ocrx_word' id='word_1_229' title='bbox 615 1655 776 1681; x_wconf 76' lang='lat' dir='ltr'><strong>monasterio</strong></span> <span class='ocrx_word' id='word_1_230' title='bbox 789 1654 861 1680; x_wconf 73' lang='lat' dir='ltr'><strong>exire</strong></span> <span class='ocrx_word' id='word_1_231' title='bbox 874 1654 1013 1682; x_wconf 79' lang='lat' dir='ltr'><strong>voluerint.</strong></span> 
     </span>
    </p>
   </div>
   <div class='ocr_carea' id='block_1_35' title="bbox 262 1708 1016 1744">
    <p class='ocr_par' dir='ltr' id='par_1_35' title="bbox 262 1708 1016 1744">
     <span class='ocr_line' id='line_1_35' title="bbox 262 1708 1016 1744; baseline 0.001 -9"><span class='ocrx_word' id='word_1_232' title='bbox 262 1709 339 1742; x_wconf 67' lang='lat' dir='ltr'><strong>Quod</strong></span> <span class='ocrx_word' id='word_1_233' title='bbox 355 1708 378 1737; x_wconf 88' lang='lat' dir='ltr'><strong>si</strong></span> <span class='ocrx_word' id='word_1_234' title='bbox 402 1716 466 1736; x_wconf 88' lang='lat' dir='ltr'><strong>casu</strong></span> <span class='ocrx_word' id='word_1_235' title='bbox 485 1709 547 1744; x_wconf 90' lang='lat' dir='ltr'><strong>quis</strong></span> <span class='ocrx_word' id='word_1_236' title='bbox 571 1709 655 1736; x_wconf 80' lang='lat' dir='ltr'><strong>frater</strong></span> <span class='ocrx_word' id='word_1_237' title='bbox 668 1708 703 1736; x_wconf 90' lang='lat' dir='ltr'><strong>de</strong></span> <span class='ocrx_word' id='word_1_238' title='bbox 724 1708 822 1736; x_wconf 84' lang='lat' dir='ltr'><strong>cellula</strong></span> <span class='ocrx_word' id='word_1_239' title='bbox 841 1716 874 1735; x_wconf 84' lang='lat' dir='ltr'><strong>ex</strong></span> <span class='ocrx_word' id='word_1_240' title='bbox 894 1709 1016 1744; x_wconf 88' lang='lat' dir='ltr'><strong>qualibet</strong></span> 
     </span>
    </p>
   </div>
   <div class='ocr_carea' id='block_1_36' title="bbox 227 1754 1014 1789">
    <p class='ocr_par' dir='ltr' id='par_1_36' title="bbox 227 1754 1014 1789">
     <span class='ocr_line' id='line_1_36' title="bbox 227 1754 1014 1789; baseline 0 -7"><span class='ocrx_word' id='word_1_241' title='bbox 227 1754 349 1782; x_wconf 82' lang='lat' dir='ltr'><strong>scandali</strong></span> <span class='ocrx_word' id='word_1_242' title='bbox 378 1762 461 1782; x_wconf 86' lang='lat' dir='ltr'><strong>causa</strong></span> <span class='ocrx_word' id='word_1_243' title='bbox 483 1755 558 1781; x_wconf 88' lang='lat' dir='ltr'><strong>exire</strong></span> <span class='ocrx_word' id='word_1_244' title='bbox 580 1754 708 1786; x_wconf 87' lang='lat' dir='ltr'><strong>voluerit,</strong></span> <span class='ocrx_word' id='word_1_245' title='bbox 737 1754 806 1781; x_wconf 88' lang='lat' dir='ltr'><strong>nihil</strong></span> <span class='ocrx_word' id='word_1_246' title='bbox 830 1755 941 1789; x_wconf 88' lang='lat' dir='ltr'><strong>penitus</strong></span> <span class='ocrx_word' id='word_1_247' title='bbox 961 1755 1014 1782; x_wconf 91' lang='lat' dir='ltr'><strong>nisi</strong></span> 
     </span>
    </p>
   </div>
   <div class='ocr_carea' id='block_1_37' title="bbox 227 1799 1016 1836">
    <p class='ocr_par' dir='ltr' id='par_1_37' title="bbox 227 1799 1016 1836">
     <span class='ocr_line' id='line_1_37' title="bbox 227 1799 1016 1836; baseline 0.001 -9"><span class='ocrx_word' id='word_1_248' title='bbox 227 1801 406 1836; x_wconf 81' lang='lat' dir='ltr'><strong>nugalissimo</strong></span> <span class='ocrx_word' id='word_1_249' title='bbox 433 1799 488 1834; x_wconf 74' lang='lat'><strong>(27)</strong></span> <span class='ocrx_word' id='word_1_250' title='bbox 516 1800 647 1827; x_wconf 87' lang='lat' dir='ltr'><strong>induatur</strong></span> <span class='ocrx_word' id='word_1_251' title='bbox 674 1800 857 1832; x_wconf 87' lang='lat' dir='ltr'><strong>vestimento,</strong></span> <span class='ocrx_word' id='word_1_252' title='bbox 887 1804 915 1827; x_wconf 89' lang='lat' dir='ltr'><strong>et</strong></span> <span class='ocrx_word' id='word_1_253' title='bbox 940 1805 1016 1828; x_wconf 76' lang='lat' dir='ltr'><strong>extra</strong></span> 
     </span>
    </p>
   </div>
   <div class='ocr_carea' id='block_1_38' title="bbox 229 1846 734 1875">
    <p class='ocr_par' dir='ltr' id='par_1_38' title="bbox 229 1846 734 1875">
     <span class='ocr_line' id='line_1_38' title="bbox 229 1846 734 1875; baseline -0.002 -1"><span class='ocrx_word' id='word_1_254' title='bbox 229 1848 451 1875; x_wconf 80' lang='lat' dir='ltr'><strong>communionem</strong></span> <span class='ocrx_word' id='word_1_255' title='bbox 467 1847 586 1874; x_wconf 87' lang='lat' dir='ltr'><strong>infidelis</strong></span> <span class='ocrx_word' id='word_1_256' title='bbox 602 1846 734 1874; x_wconf 89' lang='lat' dir='ltr'><strong>discedat.</strong></span> 
     </span>
    </p>
   </div>
   <div class='ocr_carea' id='block_1_39' title="bbox 267 1925 528 1961">
    <p class='ocr_par' dir='ltr' id='par_1_39' title="bbox 267 1925 528 1961">
     <span class='ocr_line' id='line_1_39' title="bbox 267 1925 528 1961; baseline 0 -9"><span class='ocrx_word' id='word_1_257' title='bbox 267 1925 289 1942; x_wconf 71' lang='lat'><strong>‘7</strong></span> <span class='ocrx_word' id='word_1_258' title='bbox 302 1925 420 1961; x_wconf 84' lang='lat' dir='ltr'><strong>Philipp.</strong></span> <span class='ocrx_word' id='word_1_259' title='bbox 438 1933 467 1958; x_wconf 88' lang='lat' dir='ltr'><strong>Il,</strong></span> <span class='ocrx_word' id='word_1_260' title='bbox 484 1925 528 1952; x_wconf 76' lang='grc' dir='ltr'>Η.</span> 
     </span>
    </p>
   </div>
   <div class='ocr_carea' id='block_1_40' title="bbox 269 2003 1022 2041">
    <p class='ocr_par' dir='ltr' id='par_1_40' title="bbox 269 2003 1022 2041">
     <span class='ocr_line' id='line_1_40' title="bbox 269 2003 1022 2041; baseline -0.004 -8"><span class='ocrx_word' id='word_1_261' title='bbox 269 2004 326 2041; x_wconf 69' lang='lat'><strong>(27)</strong></span> <span class='ocrx_word' id='word_1_262' title='bbox 344 2005 535 2040; x_wconf 76' lang='lat' dir='ltr'><strong>Nugah’ssimo.</strong></span> <span class='ocrx_word' id='word_1_263' title='bbox 547 2005 577 2032; x_wconf 88' lang='lat' dir='ltr'><strong>ld</strong></span> <span class='ocrx_word' id='word_1_264' title='bbox 589 2008 642 2041; x_wconf 73' lang='lat' dir='ltr'><strong>est,</strong></span> <span class='ocrx_word' id='word_1_265' title='bbox 659 2004 733 2041; x_wconf 84' lang='lat' dir='ltr'><strong>quod</strong></span> <span class='ocrx_word' id='word_1_266' title='bbox 751 2003 841 2041; x_wconf 80' lang='lat' dir='ltr'><strong>risum</strong></span> <span class='ocrx_word' id='word_1_267' title='bbox 856 2007 964 2041; x_wconf 82' lang='lat' dir='ltr'><strong>moveat</strong></span> <span class='ocrx_word' id='word_1_268' title='bbox 975 2010 1022 2030; x_wconf 91' lang='lat' dir='ltr'><strong>oc-</strong></span> 
     </span>
    </p>
   </div>
   <div class='ocr_carea' id='block_1_41' title="bbox 233 2039 1021 2075">
    <p class='ocr_par' dir='ltr' id='par_1_41' title="bbox 233 2039 1021 2075">
     <span class='ocr_line' id='line_1_41' title="bbox 233 2039 1021 2075; baseline -0.004 -7"><span class='ocrx_word' id='word_1_269' title='bbox 233 2039 420 2073; x_wconf 81' lang='lat' dir='ltr'><strong>currentibus,</strong></span> <span class='ocrx_word' id='word_1_270' title='bbox 451 2041 602 2075; x_wconf 89' lang='lat' dir='ltr'><strong>interprete</strong></span> <span class='ocrx_word' id='word_1_271' title='bbox 626 2040 739 2074; x_wconf 77' lang='lat' dir='ltr'><strong>Cangio,</strong></span> <span class='ocrx_word' id='word_1_272' title='bbox 763 2040 812 2074; x_wconf 90' lang='lat' dir='ltr'><strong>qui</strong></span> <span class='ocrx_word' id='word_1_273' title='bbox 835 2039 910 2065; x_wconf 89' lang='lat' dir='ltr'><strong>hunc</strong></span> <span class='ocrx_word' id='word_1_274' title='bbox 931 2039 1021 2073; x_wconf 86' lang='lat' dir='ltr'><strong>ipsum</strong></span> 
     </span>
    </p>
   </div>
   <div class='ocr_carea' id='block_1_42' title="bbox 234 2075 1020 2110">
    <p class='ocr_par' dir='ltr' id='par_1_42' title="bbox 234 2075 1020 2110">
     <span class='ocr_line' id='line_1_42' title="bbox 234 2075 1020 2110; baseline -0.003 -7"><span class='ocrx_word' id='word_1_275' title='bbox 234 2077 331 2104; x_wconf 86' lang='lat' dir='ltr'><strong>reeitat</strong></span> <span class='ocrx_word' id='word_1_276' title='bbox 359 2076 387 2103; x_wconf 92' lang='lat' dir='ltr'><strong>in</strong></span> <span class='ocrx_word' id='word_1_277' title='bbox 408 2075 526 2103; x_wconf 79' lang='lat' dir='ltr'><strong>Clossar.</strong></span> <span class='ocrx_word' id='word_1_278' title='bbox 544 2084 571 2102; x_wconf 95' lang='lat' dir='ltr'><strong>v.</strong></span> <span class='ocrx_word' id='word_1_279' title='bbox 587 2075 795 2110; x_wconf 76' lang='lat' dir='ltr'><strong>Nugalissimus.</strong></span> <span class='ocrx_word' id='word_1_280' title='bbox 818 2075 922 2102; x_wconf 87' lang='lat' dir='ltr'><strong>Eodem</strong></span> <span class='ocrx_word' id='word_1_281' title='bbox 937 2082 1020 2101; x_wconf 85' lang='lat' dir='ltr'><strong>sensu</strong></span> 
     </span>
    </p>
   </div>
   <div class='ocr_carea' id='block_1_43' title="bbox 235 2110 1018 2144">
    <p class='ocr_par' dir='ltr' id='par_1_43' title="bbox 235 2110 1018 2144">
     <span class='ocr_line' id='line_1_43' title="bbox 235 2110 1018 2144; baseline -0.003 -6"><span class='ocrx_word' id='word_1_282' title='bbox 235 2111 423 2143; x_wconf 82' lang='lat' dir='ltr'><strong>accipiendum</strong></span> <span class='ocrx_word' id='word_1_283' title='bbox 434 2112 627 2138; x_wconf 79' lang='lat' dir='ltr'><strong>notatissimum</strong></span> <span class='ocrx_word' id='word_1_284' title='bbox 641 2111 834 2144; x_wconf 80' lang='lat' dir='ltr'><strong>vestimentum,</strong></span> <span class='ocrx_word' id='word_1_285' title='bbox 852 2110 930 2144; x_wconf 81' lang='lat' dir='ltr'><strong>cujus</strong></span> <span class='ocrx_word' id='word_1_286' title='bbox 940 2117 1018 2137; x_wconf 84' lang='lat' dir='ltr'><strong>Ineu-</strong></span> 
     </span>
    </p>
   </div>
   <div class='ocr_carea' id='block_1_44' title="bbox 1384 290 1513 322">
    <p class='ocr_par' dir='ltr' id='par_1_44' title="bbox 1384 290 1513 322">
     <span class='ocr_line' id='line_1_44' title="bbox 1384 290 1513 322; baseline -0.016 -7"><span class='ocrx_word' id='word_1_287' title='bbox 1384 290 1513 322; x_wconf 67' lang='lat' dir='ltr'><strong>tempore.</strong></span> 
     </span>
    </p>
   </div>
   <div class='ocr_carea' id='block_1_45' title="bbox 1081 340 1841 378">
    <p class='ocr_par' dir='ltr' id='par_1_45' title="bbox 1081 340 1841 378">
     <span class='ocr_line' id='line_1_45' title="bbox 1081 340 1841 378; baseline -0.003 -8"><span class='ocrx_word' id='word_1_288' title='bbox 1081 343 1152 370; x_wconf 91' lang='lat' dir='ltr'><strong>lllud</strong></span> <span class='ocrx_word' id='word_1_289' title='bbox 1182 349 1291 378; x_wconf 90' lang='lat' dir='ltr'><strong>quoque</strong></span> <span class='ocrx_word' id='word_1_290' title='bbox 1312 341 1469 374; x_wconf 83' lang='lat' dir='ltr'><strong>statuimus,</strong></span> <span class='ocrx_word' id='word_1_291' title='bbox 1488 346 1518 369; x_wconf 89' lang='lat' dir='ltr'><strong>ut</strong></span> <span class='ocrx_word' id='word_1_292' title='bbox 1539 341 1652 369; x_wconf 86' lang='lat' dir='ltr'><strong>abbates</strong></span> <span class='ocrx_word' id='word_1_293' title='bbox 1674 340 1748 367; x_wconf 92' lang='lat' dir='ltr'><strong>omni</strong></span> <span class='ocrx_word' id='word_1_294' title='bbox 1771 343 1841 368; x_wconf 47' lang='lat' dir='ltr'><strong>tem‘</strong></span> 
     </span>
    </p>
   </div>
   <div class='ocr_carea' id='block_1_46' title="bbox 1046 387 1839 423">
    <p class='ocr_par' dir='ltr' id='par_1_46' title="bbox 1046 387 1839 423">
     <span class='ocr_line' id='line_1_46' title="bbox 1046 387 1839 423; baseline -0.004 -8"><span class='ocrx_word' id='word_1_295' title='bbox 1046 396 1113 423; x_wconf 89' lang='lat' dir='ltr'><strong>pore</strong></span> <span class='ocrx_word' id='word_1_296' title='bbox 1139 395 1202 415; x_wconf 90' lang='lat' dir='ltr'><strong>cum</strong></span> <span class='ocrx_word' id='word_1_297' title='bbox 1220 387 1352 414; x_wconf 83' lang='lat' dir='ltr'><strong>fratribus</strong></span> <span class='ocrx_word' id='word_1_298' title='bbox 1374 387 1501 414; x_wconf 87' lang='lat' dir='ltr'><strong>reficiant</strong></span> <span class='ocrx_word' id='word_1_299' title='bbox 1525 396 1532 413; x_wconf 87' lang='lat'><strong>:</strong></span> <span class='ocrx_word' id='word_1_300' title='bbox 1563 387 1627 422; x_wconf 87' lang='lat' dir='ltr'><strong>quia</strong></span> <span class='ocrx_word' id='word_1_301' title='bbox 1649 393 1683 413; x_wconf 89' lang='lat' dir='ltr'><strong>eo</strong></span> <span class='ocrx_word' id='word_1_302' title='bbox 1706 390 1839 419; x_wconf 75' lang='lat' dir='ltr'><strong>tempore.</strong></span> 
     </span>
    </p>
   </div>
   <div class='ocr_carea' id='block_1_47' title="bbox 1049 431 1840 469">
    <p class='ocr_par' dir='ltr' id='par_1_47' title="bbox 1049 431 1840 469">
     <span class='ocr_line' id='line_1_47' title="bbox 1049 431 1840 469; baseline -0.004 -8"><span class='ocrx_word' id='word_1_303' title='bbox 1049 442 1104 469; x_wconf 88' lang='lat' dir='ltr'><strong>quo</strong></span> <span class='ocrx_word' id='word_1_304' title='bbox 1118 434 1220 461; x_wconf 88' lang='lat' dir='ltr'><strong>fratres</strong></span> <span class='ocrx_word' id='word_1_305' title='bbox 1237 437 1285 460; x_wconf 90' lang='lat' dir='ltr'><strong>aut</strong></span> <span class='ocrx_word' id='word_1_306' title='bbox 1307 440 1357 468; x_wconf 85' lang='lat' dir='ltr'><strong>pro</strong></span> <span class='ocrx_word' id='word_1_307' title='bbox 1370 433 1537 468; x_wconf 78' lang='lat' dir='ltr'><strong>negligentia</strong></span> <span class='ocrx_word' id='word_1_308' title='bbox 1553 440 1678 467; x_wconf 80' lang='lat' dir='ltr'><strong>arguere,</strong></span> <span class='ocrx_word' id='word_1_309' title='bbox 1692 436 1740 458; x_wconf 91' lang='lat' dir='ltr'><strong>aut</strong></span> <span class='ocrx_word' id='word_1_310' title='bbox 1758 431 1840 466; x_wconf 90' lang='lat' dir='ltr'><strong>spiri-</strong></span> 
     </span>
    </p>
   </div>
   <div class='ocr_carea' id='block_1_48' title="bbox 1048 479 1842 513">
    <p class='ocr_par' dir='ltr' id='par_1_48' title="bbox 1048 479 1842 513">
     <span class='ocr_line' id='line_1_48' title="bbox 1048 479 1842 513; baseline -0.004 -6"><span class='ocrx_word' id='word_1_311' title='bbox 1048 480 1115 507; x_wconf 85' lang='lat' dir='ltr'><strong>tuali</strong></span> <span class='ocrx_word' id='word_1_312' title='bbox 1128 480 1229 507; x_wconf 87' lang='lat' dir='ltr'><strong>debent</strong></span> <span class='ocrx_word' id='word_1_313' title='bbox 1242 487 1368 506; x_wconf 88' lang='lat' dir='ltr'><strong>sermone</strong></span> <span class='ocrx_word' id='word_1_314' title='bbox 1381 479 1506 506; x_wconf 88' lang='lat' dir='ltr'><strong>imbuere</strong></span> <span class='ocrx_word' id='word_1_315' title='bbox 1517 498 1524 510; x_wconf 94' lang='lat'><strong>,</strong></span> <span class='ocrx_word' id='word_1_316' title='bbox 1537 479 1640 513; x_wconf 86' lang='lat' dir='ltr'><strong>absque</strong></span> <span class='ocrx_word' id='word_1_317' title='bbox 1656 482 1730 505; x_wconf 85' lang='lat' dir='ltr'><strong>certa</strong></span> <span class='ocrx_word' id='word_1_318' title='bbox 1745 484 1842 504; x_wconf 89' lang='lat' dir='ltr'><strong>ncces-</strong></span> 
     </span>
    </p>
   </div>
   <div class='ocr_carea' id='block_1_49' title="bbox 1051 524 1529 553">
    <p class='ocr_par' dir='ltr' id='par_1_49' title="bbox 1051 524 1529 553">
     <span class='ocr_line' id='line_1_49' title="bbox 1051 524 1529 553; baseline -0.004 -1"><span class='ocrx_word' id='word_1_319' title='bbox 1051 525 1129 553; x_wconf 79' lang='lat' dir='ltr'><strong>sitate</strong></span> <span class='ocrx_word' id='word_1_320' title='bbox 1147 533 1176 552; x_wconf 83' lang='lat' dir='ltr'><strong>se</strong></span> <span class='ocrx_word' id='word_1_321' title='bbox 1192 531 1332 552; x_wconf 88' lang='lat' dir='ltr'><strong>removere</strong></span> <span class='ocrx_word' id='word_1_322' title='bbox 1348 532 1403 551; x_wconf 92' lang='lat' dir='ltr'><strong>non</strong></span> <span class='ocrx_word' id='word_1_323' title='bbox 1417 524 1529 551; x_wconf 89' lang='lat' dir='ltr'><strong>debent.</strong></span> 
     </span>
    </p>
   </div>
   <div class='ocr_carea' id='block_1_50' title="bbox 1068 579 1827 613">
    <p class='ocr_par' dir='ltr' id='par_1_50' title="bbox 1068 579 1827 613">
     <span class='ocr_line' id='line_1_50' title="bbox 1068 579 1827 613; baseline -0.007 -3"><span class='ocrx_word' id='word_1_324' title='bbox 1068 582 1144 610; x_wconf 87' lang='lat' dir='ltr'><strong>CAP.</strong></span> <span class='ocrx_word' id='word_1_325' title='bbox 1164 582 1221 609; x_wconf 79' lang='grc' dir='ltr'><strong>ΧΠ.</strong></span> <span class='ocrx_word' id='word_1_326' title='bbox 1242 597 1276 602; x_wconf 93' lang='lat'><strong>—</strong></span> <span class='ocrx_word' id='word_1_327' title='bbox 1297 581 1329 609; x_wconf 85' lang='lat' dir='ltr'><strong>Ut</strong></span> <span class='ocrx_word' id='word_1_328' title='bbox 1353 581 1442 608; x_wconf 86' lang='lat' dir='ltr'><strong>nullus</strong></span> <span class='ocrx_word' id='word_1_329' title='bbox 1465 580 1607 607; x_wconf 76' lang='lat' dir='ltr'><strong>monachus</strong></span> <span class='ocrx_word' id='word_1_330' title='bbox 1624 581 1650 606; x_wconf 87' lang='lat' dir='ltr'><strong>in</strong></span> <span class='ocrx_word' id='word_1_331' title='bbox 1671 579 1827 613; x_wconf 78' lang='lat' dir='ltr'><strong>inﬁrmitate</strong></span> 
     </span>
    </p>
   </div>
   <div class='ocr_carea' id='block_1_51' title="bbox 1160 615 1730 652">
    <p class='ocr_par' dir='ltr' id='par_1_51' title="bbox 1160 615 1730 652">
     <span class='ocr_line' id='line_1_51' title="bbox 1160 615 1730 652; baseline -0.005 -9"><span class='ocrx_word' id='word_1_332' title='bbox 1160 618 1257 652; x_wconf 71' lang='lat' dir='ltr'><strong>positus</strong></span> <span class='ocrx_word' id='word_1_333' title='bbox 1270 621 1410 652; x_wconf 86' lang='lat' dir='ltr'><strong>parentum</strong></span> <span class='ocrx_word' id='word_1_334' title='bbox 1426 616 1512 642; x_wconf 85' lang='lat' dir='ltr'><strong>studio</strong></span> <span class='ocrx_word' id='word_1_335' title='bbox 1525 615 1730 642; x_wconf 75' lang='lat' dir='ltr'><strong>commendetur.</strong></span> 
     </span>
    </p>
   </div>
   <div class='ocr_carea' id='block_1_52' title="bbox 1088 659 1844 698">
    <p class='ocr_par' dir='ltr' id='par_1_52' title="bbox 1088 659 1844 698">
     <span class='ocr_line' id='line_1_52' title="bbox 1088 659 1844 698; baseline -0.007 -7"><span class='ocrx_word' id='word_1_336' title='bbox 1088 663 1117 691; x_wconf 93' lang='lat' dir='ltr'><strong>ld</strong></span> <span class='ocrx_word' id='word_1_337' title='bbox 1129 663 1211 691; x_wconf 90' lang='lat' dir='ltr'><strong>etiam</strong></span> <span class='ocrx_word' id='word_1_338' title='bbox 1227 671 1277 698; x_wconf 86' lang='lat' dir='ltr'><strong>pro</strong></span> <span class='ocrx_word' id='word_1_339' title='bbox 1294 662 1474 690; x_wconf 84' lang='lat' dir='ltr'><strong>custodienda</strong></span> <span class='ocrx_word' id='word_1_340' title='bbox 1489 661 1559 688; x_wconf 89' lang='lat' dir='ltr'><strong>fama</strong></span> <span class='ocrx_word' id='word_1_341' title='bbox 1575 660 1732 695; x_wconf 87' lang='lat' dir='ltr'><strong>specialiter</strong></span> <span class='ocrx_word' id='word_1_342' title='bbox 1748 659 1844 687; x_wconf 88' lang='lat' dir='ltr'><strong>statui-</strong></span> 
     </span>
    </p>
   </div>
   <div class='ocr_carea' id='block_1_53' title="bbox 1051 705 1844 742">
    <p class='ocr_par' dir='ltr' id='par_1_53' title="bbox 1051 705 1844 742">
     <span class='ocr_line' id='line_1_53' title="bbox 1051 705 1844 742; baseline -0.008 -5"><span class='ocrx_word' id='word_1_343' title='bbox 1051 717 1123 742; x_wconf 90' lang='lat' dir='ltr'><strong>mus,</strong></span> <span class='ocrx_word' id='word_1_344' title='bbox 1138 714 1167 736; x_wconf 93' lang='lat' dir='ltr'><strong>ut</strong></span> <span class='ocrx_word' id='word_1_345' title='bbox 1183 709 1275 736; x_wconf 87' lang='lat' dir='ltr'><strong>nullus</strong></span> <span class='ocrx_word' id='word_1_346' title='bbox 1288 708 1438 736; x_wconf 82' lang='lat' dir='ltr'><strong>monachus</strong></span> <span class='ocrx_word' id='word_1_347' title='bbox 1454 708 1482 734; x_wconf 93' lang='lat' dir='ltr'><strong>in</strong></span> <span class='ocrx_word' id='word_1_348' title='bbox 1500 707 1660 735; x_wconf 82' lang='lat' dir='ltr'><strong>inﬁrmitate</strong></span> <span class='ocrx_word' id='word_1_349' title='bbox 1678 705 1785 741; x_wconf 87' lang='lat' dir='ltr'><strong>positus</strong></span> <span class='ocrx_word' id='word_1_350' title='bbox 1799 712 1844 732; x_wconf 90' lang='lat' dir='ltr'><strong>re-</strong></span> 
     </span>
    </p>
   </div>
   <div class='ocr_carea' id='block_1_54' title="bbox 1051 753 1846 790">
    <p class='ocr_par' dir='ltr' id='par_1_54' title="bbox 1051 753 1846 790">
     <span class='ocr_line' id='line_1_54' title="bbox 1051 753 1846 790; baseline -0.006 -7"><span class='ocrx_word' id='word_1_351' title='bbox 1051 756 1116 783; x_wconf 88' lang='lat' dir='ltr'><strong>licto</strong></span> <span class='ocrx_word' id='word_1_352' title='bbox 1131 755 1297 782; x_wconf 82' lang='lat' dir='ltr'><strong>monasterio</strong></span> <span class='ocrx_word' id='word_1_353' title='bbox 1310 759 1455 790; x_wconf 90' lang='lat' dir='ltr'><strong>parentum</strong></span> <span class='ocrx_word' id='word_1_354' title='bbox 1471 761 1584 780; x_wconf 90' lang='lat' dir='ltr'><strong>suorum</strong></span> <span class='ocrx_word' id='word_1_355' title='bbox 1595 753 1688 780; x_wconf 76' lang='lat' dir='ltr'><strong>studio</strong></span> <span class='ocrx_word' id='word_1_356' title='bbox 1704 759 1846 779; x_wconf 87' lang='lat' dir='ltr'><strong>commen-</strong></span> 
     </span>
    </p>
   </div>
   <div class='ocr_carea' id='block_1_55' title="bbox 1052 797 1846 836">
    <p class='ocr_par' dir='ltr' id='par_1_55' title="bbox 1052 797 1846 836">
     <span class='ocr_line' id='line_1_55' title="bbox 1052 797 1846 836; baseline -0.009 -6"><span class='ocrx_word' id='word_1_357' title='bbox 1052 803 1133 830; x_wconf 90' lang='lat' dir='ltr'><strong>detur</strong></span> <span class='ocrx_word' id='word_1_358' title='bbox 1149 812 1156 829; x_wconf 91' lang='lat'>:</span> <span class='ocrx_word' id='word_1_359' title='bbox 1174 802 1238 836; x_wconf 89' lang='lat' dir='ltr'><strong>quia</strong></span> <span class='ocrx_word' id='word_1_360' title='bbox 1261 801 1346 836; x_wconf 83' lang='lat' dir='ltr'><strong>magis</strong></span> <span class='ocrx_word' id='word_1_361' title='bbox 1361 808 1424 827; x_wconf 89' lang='lat' dir='ltr'><strong>eum</strong></span> <span class='ocrx_word' id='word_1_362' title='bbox 1438 799 1610 826; x_wconf 68' lang='lat' dir='ltr'><strong>smcularium</strong></span> <span class='ocrx_word' id='word_1_363' title='bbox 1627 797 1846 833; x_wconf 84' lang='lat' dir='ltr'><strong>spectaculorum</strong></span> 
     </span>
    </p>
   </div>
   <div class='ocr_carea' id='block_1_56' title="bbox 1052 843 1848 881">
    <p class='ocr_par' dir='ltr' id='par_1_56' title="bbox 1052 843 1848 881">
     <span class='ocr_line' id='line_1_56' title="bbox 1052 843 1848 881; baseline -0.008 -5"><span class='ocrx_word' id='word_1_364' title='bbox 1052 849 1113 876; x_wconf 91' lang='lat' dir='ltr'><strong>visu</strong></span> <span class='ocrx_word' id='word_1_365' title='bbox 1127 853 1174 876; x_wconf 88' lang='lat' dir='ltr'><strong>aut</strong></span> <span class='ocrx_word' id='word_1_366' title='bbox 1193 847 1289 875; x_wconf 88' lang='lat' dir='ltr'><strong>auditu</strong></span> <span class='ocrx_word' id='word_1_367' title='bbox 1303 846 1388 881; x_wconf 87' lang='lat' dir='ltr'><strong>pollui</strong></span> <span class='ocrx_word' id='word_1_368' title='bbox 1405 853 1559 877; x_wconf 89' lang='lat' dir='ltr'><strong>censemus,</strong></span> <span class='ocrx_word' id='word_1_369' title='bbox 1583 852 1665 879; x_wconf 90' lang='lat' dir='ltr'><strong>quam</strong></span> <span class='ocrx_word' id='word_1_370' title='bbox 1688 844 1723 871; x_wconf 83' lang='lat' dir='ltr'><strong>ab</strong></span> <span class='ocrx_word' id='word_1_371' title='bbox 1736 843 1848 878; x_wconf 67' lang='lat' dir='ltr'><strong>aegritu-</strong></span> 
     </span>
    </p>
   </div>
   <div class='ocr_carea' id='block_1_57' title="bbox 1024 888 1351 930">
    <p class='ocr_par' dir='ltr' id='par_1_57' title="bbox 1024 888 1351 930">
     <span class='ocr_line' id='line_1_57' title="bbox 1024 888 1351 930; baseline -0.012 -7"><span class='ocrx_word' id='word_1_372' title='bbox 1024 888 1044 915; x_wconf 74' lang='grc' dir='ltr'><strong>Β</strong></span> <span class='ocrx_word' id='word_1_373' title='bbox 1058 896 1122 923; x_wconf 88' lang='lat' dir='ltr'><strong>dine</strong></span> <span class='ocrx_word' id='word_1_374' title='bbox 1136 902 1216 930; x_wconf 86' lang='lat' dir='ltr'><strong>posse</strong></span> <span class='ocrx_word' id='word_1_375' title='bbox 1231 893 1351 929; x_wconf 81' lang='lat' dir='ltr'><strong>purgari.</strong></span> 
     </span>
    </p>
   </div>
   <div class='ocr_carea' id='block_1_58' title="bbox 1137 936 1763 972">
    <p class='ocr_par' dir='ltr' id='par_1_58' title="bbox 1137 936 1763 972">
     <span class='ocr_line' id='line_1_58' title="bbox 1137 936 1763 972; baseline -0.008 -5"><span class='ocrx_word' id='word_1_376' title='bbox 1137 939 1212 967; x_wconf 87' lang='lat' dir='ltr'><strong>CAP.</strong></span> <span class='ocrx_word' id='word_1_377' title='bbox 1232 939 1302 966; x_wconf 78' lang='lat' dir='ltr'>XIII.</span> <span class='ocrx_word' id='word_1_378' title='bbox 1323 953 1359 959; x_wconf 94' lang='lat'><strong>—</strong></span> <span class='ocrx_word' id='word_1_379' title='bbox 1377 937 1415 965; x_wconf 86' lang='lat' dir='ltr'><strong>De</strong></span> <span class='ocrx_word' id='word_1_380' title='bbox 1427 938 1465 964; x_wconf 83' lang='lat' dir='ltr'><strong>his</strong></span> <span class='ocrx_word' id='word_1_381' title='bbox 1478 937 1522 972; x_wconf 80' lang='lat' dir='ltr'><strong>qui</strong></span> <span class='ocrx_word' id='word_1_382' title='bbox 1538 937 1636 971; x_wconf 77' lang='lat' dir='ltr'><strong>furtum</strong></span> <span class='ocrx_word' id='word_1_383' title='bbox 1653 936 1763 971; x_wconf 76' lang='lat' dir='ltr'><strong>faciunt.</strong></span> 
     </span>
    </p>
   </div>
   <div class='ocr_carea' id='block_1_59' title="bbox 1094 981 1851 1021">
    <p class='ocr_par' dir='ltr' id='par_1_59' title="bbox 1094 981 1851 1021">
     <span class='ocr_line' id='line_1_59' title="bbox 1094 981 1851 1021; baseline -0.008 -7"><span class='ocrx_word' id='word_1_384' title='bbox 1094 986 1123 1014; x_wconf 90' lang='lat' dir='ltr'><strong>Si</strong></span> <span class='ocrx_word' id='word_1_385' title='bbox 1135 986 1197 1021; x_wconf 90' lang='lat' dir='ltr'><strong>quis</strong></span> <span class='ocrx_word' id='word_1_386' title='bbox 1208 993 1274 1013; x_wconf 89' lang='lat' dir='ltr'><strong>vero</strong></span> <span class='ocrx_word' id='word_1_387' title='bbox 1285 984 1436 1012; x_wconf 88' lang='lat' dir='ltr'><strong>monachus</strong></span> <span class='ocrx_word' id='word_1_388' title='bbox 1444 983 1547 1010; x_wconf 91' lang='lat' dir='ltr'><strong>furtum</strong></span> <span class='ocrx_word' id='word_1_389' title='bbox 1556 982 1662 1013; x_wconf 89' lang='lat' dir='ltr'><strong>fecerit,</strong></span> <span class='ocrx_word' id='word_1_390' title='bbox 1675 981 1748 1016; x_wconf 89' lang='lat' dir='ltr'><strong>quod</strong></span> <span class='ocrx_word' id='word_1_391' title='bbox 1759 981 1851 1016; x_wconf 84' lang='lat' dir='ltr'><strong>potius</strong></span> 
     </span>
    </p>
   </div>
   <div class='ocr_carea' id='block_1_60' title="bbox 1059 1027 1849 1066">
    <p class='ocr_par' dir='ltr' id='par_1_60' title="bbox 1059 1027 1849 1066">
     <span class='ocr_line' id='line_1_60' title="bbox 1059 1027 1849 1066; baseline -0.006 -8"><span class='ocrx_word' id='word_1_392' title='bbox 1059 1031 1231 1066; x_wconf 82' lang='lat' dir='ltr'><strong>sacrilegium</strong></span> <span class='ocrx_word' id='word_1_393' title='bbox 1247 1030 1299 1057; x_wconf 91' lang='lat' dir='ltr'><strong>dici</strong></span> <span class='ocrx_word' id='word_1_394' title='bbox 1313 1033 1413 1065; x_wconf 87' lang='lat' dir='ltr'><strong>potest,</strong></span> <span class='ocrx_word' id='word_1_395' title='bbox 1432 1028 1459 1056; x_wconf 87' lang='lat' dir='ltr'><strong>id</strong></span> <span class='ocrx_word' id='word_1_396' title='bbox 1475 1028 1634 1055; x_wconf 87' lang='lat' dir='ltr'><strong>censuimus</strong></span> <span class='ocrx_word' id='word_1_397' title='bbox 1648 1027 1849 1060; x_wconf 87' lang='lat' dir='ltr'><strong>ordinandum;</strong></span> 
     </span>
    </p>
   </div>
   <div class='ocr_carea' id='block_1_61' title="bbox 1060 1073 1851 1112">
    <p class='ocr_par' dir='ltr' id='par_1_61' title="bbox 1060 1073 1851 1112">
     <span class='ocr_line' id='line_1_61' title="bbox 1060 1073 1851 1112; baseline -0.004 -8"><span class='ocrx_word' id='word_1_398' title='bbox 1060 1082 1090 1104; x_wconf 90' lang='lat' dir='ltr'><strong>ut</strong></span> <span class='ocrx_word' id='word_1_399' title='bbox 1106 1078 1199 1112; x_wconf 87' lang='lat' dir='ltr'><strong>junior</strong></span> <span class='ocrx_word' id='word_1_400' title='bbox 1211 1075 1296 1111; x_wconf 80' lang='lat' dir='ltr'><strong>virgis</strong></span> <span class='ocrx_word' id='word_1_401' title='bbox 1307 1083 1394 1102; x_wconf 70' lang='lat' dir='ltr'><strong>cresus</strong></span> <span class='ocrx_word' id='word_1_402' title='bbox 1414 1074 1481 1101; x_wconf 91' lang='lat' dir='ltr'><strong>tanti</strong></span> <span class='ocrx_word' id='word_1_403' title='bbox 1497 1073 1622 1101; x_wconf 89' lang='lat' dir='ltr'><strong>criminis</strong></span> <span class='ocrx_word' id='word_1_404' title='bbox 1634 1081 1697 1100; x_wconf 87' lang='lat' dir='ltr'><strong>rcus</strong></span> <span class='ocrx_word' id='word_1_405' title='bbox 1711 1081 1851 1108; x_wconf 88' lang='lat' dir='ltr'><strong>nunquam</strong></span> 
     </span>
    </p>
   </div>
   <div class='ocr_carea' id='block_1_62' title="bbox 1058 1118 1851 1154">
    <p class='ocr_par' dir='ltr' id='par_1_62' title="bbox 1058 1118 1851 1154">
     <span class='ocr_line' id='line_1_62' title="bbox 1058 1118 1851 1154; baseline -0.005 -5"><span class='ocrx_word' id='word_1_406' title='bbox 1058 1122 1179 1150; x_wconf 80' lang='lat' dir='ltr'><strong>oﬂicium</strong></span> <span class='ocrx_word' id='word_1_407' title='bbox 1194 1121 1339 1148; x_wconf 84' lang='lat' dir='ltr'><strong>clericatus</strong></span> <span class='ocrx_word' id='word_1_408' title='bbox 1350 1119 1487 1154; x_wconf 79' lang='lat' dir='ltr'><strong>excipiat;</strong></span> <span class='ocrx_word' id='word_1_409' title='bbox 1506 1119 1528 1146; x_wconf 93' lang='lat' dir='ltr'><strong>si</strong></span> <span class='ocrx_word' id='word_1_410' title='bbox 1547 1126 1614 1146; x_wconf 79' lang='lat' dir='ltr'><strong>vero</strong></span> <span class='ocrx_word' id='word_1_411' title='bbox 1627 1119 1681 1154; x_wconf 83' lang='lat' dir='ltr'><strong>jam</strong></span> <span class='ocrx_word' id='word_1_412' title='bbox 1696 1118 1812 1146; x_wconf 90' lang='lat' dir='ltr'><strong>clericus</strong></span> <span class='ocrx_word' id='word_1_413' title='bbox 1823 1119 1851 1146; x_wconf 93' lang='lat' dir='ltr'><strong>in</strong></span> 
     </span>
    </p>
   </div>
   <div class='ocr_carea' id='block_1_63' title="bbox 1059 1165 1853 1201">
    <p class='ocr_par' dir='ltr' id='par_1_63' title="bbox 1059 1165 1853 1201">
     <span class='ocr_line' id='line_1_63' title="bbox 1059 1165 1853 1201; baseline -0.004 -7"><span class='ocrx_word' id='word_1_414' title='bbox 1059 1168 1085 1195; x_wconf 90' lang='lat' dir='ltr'><strong>id</strong></span> <span class='ocrx_word' id='word_1_415' title='bbox 1102 1167 1210 1194; x_wconf 89' lang='lat' dir='ltr'><strong>facinus</strong></span> <span class='ocrx_word' id='word_1_416' title='bbox 1222 1167 1305 1194; x_wconf 90' lang='lat' dir='ltr'><strong>fuerit</strong></span> <span class='ocrx_word' id='word_1_417' title='bbox 1316 1165 1650 1201; x_wconf 61' lang='lat' dir='ltr'><strong>deprehensus,‘nominis</strong></span> <span class='ocrx_word' id='word_1_418' title='bbox 1662 1165 1748 1199; x_wconf 88' lang='lat' dir='ltr'><strong>ipsius</strong></span> <span class='ocrx_word' id='word_1_419' title='bbox 1764 1165 1853 1200; x_wconf 75' lang='lat' dir='ltr'><strong>digni-</strong></span> 
     </span>
    </p>
   </div>
   <div class='ocr_carea' id='block_1_64' title="bbox 1059 1211 1854 1249">
    <p class='ocr_par' dir='ltr' id='par_1_64' title="bbox 1059 1211 1854 1249">
     <span class='ocr_line' id='line_1_64' title="bbox 1059 1211 1854 1249; baseline -0.006 -7"><span class='ocrx_word' id='word_1_420' title='bbox 1059 1218 1115 1241; x_wconf 84' lang='lat' dir='ltr'><strong>tate</strong></span> <span class='ocrx_word' id='word_1_421' title='bbox 1124 1214 1247 1249; x_wconf 85' lang='lat' dir='ltr'><strong>privetur</strong></span> <span class='ocrx_word' id='word_1_422' title='bbox 1261 1223 1267 1240; x_wconf 91' lang='lat'>:</span> <span class='ocrx_word' id='word_1_423' title='bbox 1282 1213 1326 1240; x_wconf 87' lang='lat' dir='ltr'><strong>cui</strong></span> <span class='ocrx_word' id='word_1_424' title='bbox 1336 1212 1461 1242; x_wconf 85' lang='lat' dir='ltr'><strong>suilicere</strong></span> <span class='ocrx_word' id='word_1_425' title='bbox 1471 1216 1561 1246; x_wconf 86' lang='lat' dir='ltr'><strong>potest</strong></span> <span class='ocrx_word' id='word_1_426' title='bbox 1576 1219 1626 1246; x_wconf 91' lang='lat' dir='ltr'><strong>pro</strong></span> <span class='ocrx_word' id='word_1_427' title='bbox 1641 1216 1717 1238; x_wconf 81' lang='lat' dir='ltr'><strong>actus</strong></span> <span class='ocrx_word' id='word_1_428' title='bbox 1729 1212 1770 1238; x_wconf 90' lang='lat' dir='ltr'><strong>sui</strong></span> <span class='ocrx_word' id='word_1_429' title='bbox 1786 1211 1854 1238; x_wconf 88' lang='lat' dir='ltr'><strong>levi-</strong></span> 
     </span>
    </p>
   </div>
   <div class='ocr_carea' id='block_1_65' title="bbox 1060 1259 1834 1296">
    <p class='ocr_par' dir='ltr' id='par_1_65' title="bbox 1060 1259 1834 1296">
     <span class='ocr_line' id='line_1_65' title="bbox 1060 1259 1834 1296; baseline -0.003 -8"><span class='ocrx_word' id='word_1_430' title='bbox 1060 1265 1127 1294; x_wconf 84' lang='lat' dir='ltr'><strong>tate,</strong></span> <span class='ocrx_word' id='word_1_431' title='bbox 1143 1261 1252 1295; x_wconf 86' lang='lat' dir='ltr'><strong>impleta</strong></span> <span class='ocrx_word' id='word_1_432' title='bbox 1268 1260 1436 1296; x_wconf 79' lang='lat' dir='ltr'><strong>poenitentiae</strong></span> <span class='ocrx_word' id='word_1_433' title='bbox 1449 1259 1646 1291; x_wconf 75' lang='lat' dir='ltr'><strong>satisfactione,</strong></span> <span class='ocrx_word' id='word_1_434' title='bbox 1664 1259 1834 1286; x_wconf 88' lang='lat' dir='ltr'><strong>communio.</strong></span> 
     </span>
    </p>
   </div>
   <div class='ocr_carea' id='block_1_66' title="bbox 1059 1305 1853 1342">
    <p class='ocr_par' dir='ltr' id='par_1_66' title="bbox 1059 1305 1853 1342">
     <span class='ocr_line' id='line_1_66' title="bbox 1059 1305 1853 1342; baseline -0.005 -7"><span class='ocrx_word' id='word_1_435' title='bbox 1059 1307 1135 1336; x_wconf 83' lang='lat' dir='ltr'><strong>CAP.</strong></span> <span class='ocrx_word' id='word_1_436' title='bbox 1155 1307 1225 1335; x_wconf 77' lang='lat' dir='ltr'><strong>XIV.</strong></span> <span class='ocrx_word' id='word_1_437' title='bbox 1257 1322 1293 1327; x_wconf 87' lang='lat'><strong>~—</strong></span> <span class='ocrx_word' id='word_1_438' title='bbox 1322 1306 1355 1334; x_wconf 88' lang='lat' dir='ltr'><strong>Ut</strong></span> <span class='ocrx_word' id='word_1_439' title='bbox 1374 1306 1462 1333; x_wconf 82' lang='lat' dir='ltr'><strong>nullus</strong></span> <span class='ocrx_word' id='word_1_440' title='bbox 1485 1305 1594 1342; x_wconf 69' lang='lat' dir='ltr'><strong>alterius</strong></span> <span class='ocrx_word' id='word_1_441' title='bbox 1618 1306 1773 1332; x_wconf 76' lang='lat' dir='ltr'><strong>monasterii</strong></span> <span class='ocrx_word' id='word_1_442' title='bbox 1795 1313 1853 1332; x_wconf 91' lang='lat' dir='ltr'><strong>mo-</strong></span> 
     </span>
    </p>
   </div>
   <div class='ocr_carea' id='block_1_67' title="bbox 1154 1341 1761 1377">
    <p class='ocr_par' dir='ltr' id='par_1_67' title="bbox 1154 1341 1761 1377">
     <span class='ocr_line' id='line_1_67' title="bbox 1154 1341 1761 1377; baseline -0.003 -7"><span class='ocrx_word' id='word_1_443' title='bbox 1154 1343 1267 1370; x_wconf 81' lang='lat' dir='ltr'><strong>nachum</strong></span> <span class='ocrx_word' id='word_1_444' title='bbox 1286 1343 1344 1369; x_wconf 81' lang='lat' dir='ltr'><strong>sine</strong></span> <span class='ocrx_word' id='word_1_445' title='bbox 1363 1343 1490 1377; x_wconf 80' lang='lat' dir='ltr'><strong>permissu</strong></span> <span class='ocrx_word' id='word_1_446' title='bbox 1508 1341 1610 1368; x_wconf 80' lang='lat' dir='ltr'><strong>abbatis</strong></span> <span class='ocrx_word' id='word_1_447' title='bbox 1625 1341 1761 1371; x_wconf 79' lang='lat' dir='ltr'><strong>suscipiat.</strong></span> 
     </span>
    </p>
   </div>
   <div class='ocr_carea' id='block_1_68' title="bbox 1095 1387 1856 1422">
    <p class='ocr_par' dir='ltr' id='par_1_68' title="bbox 1095 1387 1856 1422">
     <span class='ocr_line' id='line_1_68' title="bbox 1095 1387 1856 1422; baseline -0.004 -6"><span class='ocrx_word' id='word_1_448' title='bbox 1095 1389 1259 1416; x_wconf 82' lang='lat' dir='ltr'><strong>Monachum</strong></span> <span class='ocrx_word' id='word_1_449' title='bbox 1282 1388 1337 1415; x_wconf 88' lang='lat' dir='ltr'><strong>nisi</strong></span> <span class='ocrx_word' id='word_1_450' title='bbox 1359 1387 1467 1415; x_wconf 89' lang='lat' dir='ltr'><strong>abbatis</strong></span> <span class='ocrx_word' id='word_1_451' title='bbox 1479 1387 1520 1414; x_wconf 89' lang='lat' dir='ltr'><strong>sui</strong></span> <span class='ocrx_word' id='word_1_452' title='bbox 1535 1392 1581 1414; x_wconf 85' lang='lat' dir='ltr'><strong>aut</strong></span> <span class='ocrx_word' id='word_1_453' title='bbox 1596 1387 1730 1422; x_wconf 87' lang='lat' dir='ltr'><strong>permissu</strong></span> <span class='ocrx_word' id='word_1_454' title='bbox 1747 1391 1794 1413; x_wconf 89' lang='lat' dir='ltr'><strong>aut</strong></span> <span class='ocrx_word' id='word_1_455' title='bbox 1808 1394 1856 1413; x_wconf 86' lang='lat' dir='ltr'><strong>vo-</strong></span> 
     </span>
    </p>
   </div>
   <div class='ocr_carea' id='block_1_69' title="bbox 1060 1431 1857 1467">
    <p class='ocr_par' dir='ltr' id='par_1_69' title="bbox 1060 1431 1857 1467">
     <span class='ocr_line' id='line_1_69' title="bbox 1060 1431 1857 1467; baseline -0.005 -5"><span class='ocrx_word' id='word_1_456' title='bbox 1060 1435 1166 1462; x_wconf 91' lang='lat' dir='ltr'><strong>luntate</strong></span> <span class='ocrx_word' id='word_1_457' title='bbox 1179 1434 1212 1462; x_wconf 90' lang='lat' dir='ltr'><strong>ad</strong></span> <span class='ocrx_word' id='word_1_458' title='bbox 1224 1434 1300 1461; x_wconf 87' lang='lat' dir='ltr'><strong>aliud</strong></span> <span class='ocrx_word' id='word_1_459' title='bbox 1311 1433 1508 1461; x_wconf 86' lang='lat' dir='ltr'><strong>monasterium</strong></span> <span class='ocrx_word' id='word_1_460' title='bbox 1517 1433 1754 1467; x_wconf 78' lang='lat' dir='ltr'><strong>commigrantem,</strong></span> <span class='ocrx_word' id='word_1_461' title='bbox 1764 1431 1857 1459; x_wconf 90' lang='lat' dir='ltr'><strong>nullus</strong></span> 
     </span>
    </p>
   </div>
   <div class='ocr_carea' id='block_1_70' title="bbox 1062 1477 1857 1514">
    <p class='ocr_par' dir='ltr' id='par_1_70' title="bbox 1062 1477 1857 1514">
     <span class='ocr_line' id='line_1_70' title="bbox 1062 1477 1857 1514; baseline -0.005 -6"><span class='ocrx_word' id='word_1_462' title='bbox 1062 1481 1147 1508; x_wconf 88' lang='lat' dir='ltr'><strong>abbas</strong></span> <span class='ocrx_word' id='word_1_463' title='bbox 1166 1485 1212 1508; x_wconf 90' lang='lat' dir='ltr'><strong>aut</strong></span> <span class='ocrx_word' id='word_1_464' title='bbox 1227 1480 1368 1514; x_wconf 88' lang='lat' dir='ltr'><strong>suscipere</strong></span> <span class='ocrx_word' id='word_1_465' title='bbox 1384 1483 1431 1506; x_wconf 86' lang='lat' dir='ltr'><strong>aut</strong></span> <span class='ocrx_word' id='word_1_466' title='bbox 1446 1479 1564 1506; x_wconf 86' lang='lat' dir='ltr'><strong>retinere</strong></span> <span class='ocrx_word' id='word_1_467' title='bbox 1575 1483 1732 1514; x_wconf 72' lang='lat' dir='ltr'><strong>praesumat.</strong></span> <span class='ocrx_word' id='word_1_468' title='bbox 1742 1478 1820 1511; x_wconf 89' lang='lat' dir='ltr'><strong>Quod</strong></span> <span class='ocrx_word' id='word_1_469' title='bbox 1833 1477 1857 1505; x_wconf 85' lang='lat' dir='ltr'><strong>si</strong></span> 
     </span>
    </p>
   </div>
   <div class='ocr_carea' id='block_1_71' title="bbox 1025 1522 1857 1560">
    <p class='ocr_par' dir='ltr' id='par_1_71' title="bbox 1025 1522 1857 1560">
     <span class='ocr_line' id='line_1_71' title="bbox 1025 1522 1857 1560; baseline -0.004 -7"><span class='ocrx_word' id='word_1_470' title='bbox 1025 1522 1047 1553; x_wconf 90' lang='lat' dir='ltr'><strong>C</strong></span> <span class='ocrx_word' id='word_1_471' title='bbox 1064 1527 1098 1554; x_wconf 87' lang='lat' dir='ltr'><strong>ad</strong></span> <span class='ocrx_word' id='word_1_472' title='bbox 1113 1526 1309 1553; x_wconf 89' lang='lat' dir='ltr'><strong>districtiorem</strong></span> <span class='ocrx_word' id='word_1_473' title='bbox 1325 1525 1446 1560; x_wconf 79' lang='lat' dir='ltr'><strong>regulam</strong></span> <span class='ocrx_word' id='word_1_474' title='bbox 1463 1533 1516 1552; x_wconf 89' lang='lat' dir='ltr'><strong>non</strong></span> <span class='ocrx_word' id='word_1_475' title='bbox 1528 1533 1578 1559; x_wconf 86' lang='lat' dir='ltr'><strong>pro</strong></span> <span class='ocrx_word' id='word_1_476' title='bbox 1598 1528 1675 1551; x_wconf 88' lang='lat' dir='ltr'><strong>actus</strong></span> <span class='ocrx_word' id='word_1_477' title='bbox 1692 1524 1733 1551; x_wconf 90' lang='lat' dir='ltr'><strong>sui</strong></span> <span class='ocrx_word' id='word_1_478' title='bbox 1746 1523 1857 1550; x_wconf 90' lang='lat' dir='ltr'><strong>levitate</strong></span> 
     </span>
    </p>
   </div>
   <div class='ocr_carea' id='block_1_72' title="bbox 1063 1572 1859 1607">
    <p class='ocr_par' dir='ltr' id='par_1_72' title="bbox 1063 1572 1859 1607">
     <span class='ocr_line' id='line_1_72' title="bbox 1063 1572 1859 1607; baseline -0.004 -7"><span class='ocrx_word' id='word_1_479' title='bbox 1063 1573 1221 1601; x_wconf 88' lang='lat' dir='ltr'><strong>tendentem</strong></span> <span class='ocrx_word' id='word_1_480' title='bbox 1237 1573 1322 1600; x_wconf 84' lang='lat' dir='ltr'><strong>abbas</strong></span> <span class='ocrx_word' id='word_1_481' title='bbox 1334 1580 1401 1599; x_wconf 89' lang='lat' dir='ltr'><strong>suus</strong></span> <span class='ocrx_word' id='word_1_482' title='bbox 1424 1572 1513 1607; x_wconf 89' lang='lat' dir='ltr'><strong>ipsum</strong></span> <span class='ocrx_word' id='word_1_483' title='bbox 1538 1572 1571 1599; x_wconf 91' lang='lat' dir='ltr'><strong>ad</strong></span> <span class='ocrx_word' id='word_1_484' title='bbox 1586 1572 1704 1598; x_wconf 88' lang='lat' dir='ltr'><strong>alterum</strong></span> <span class='ocrx_word' id='word_1_485' title='bbox 1719 1574 1859 1598; x_wconf 81' lang='lat' dir='ltr'><strong>monaste-</strong></span> 
     </span>
    </p>
   </div>
   <div class='ocr_carea' id='block_1_73' title="bbox 1063 1616 1859 1652">
    <p class='ocr_par' dir='ltr' id='par_1_73' title="bbox 1063 1616 1859 1652">
     <span class='ocr_line' id='line_1_73' title="bbox 1063 1616 1859 1652; baseline -0.004 -7"><span class='ocrx_word' id='word_1_486' title='bbox 1063 1618 1136 1645; x_wconf 89' lang='lat' dir='ltr'><strong>rium</strong></span> <span class='ocrx_word' id='word_1_487' title='bbox 1150 1617 1267 1645; x_wconf 85' lang='lat' dir='ltr'><strong>transire</strong></span> <span class='ocrx_word' id='word_1_488' title='bbox 1291 1616 1458 1652; x_wconf 87' lang='lat' dir='ltr'><strong>permiserit,</strong></span> <span class='ocrx_word' id='word_1_489' title='bbox 1471 1621 1501 1643; x_wconf 93' lang='lat' dir='ltr'><strong>ut</strong></span> <span class='ocrx_word' id='word_1_490' title='bbox 1517 1616 1581 1643; x_wconf 91' lang='lat' dir='ltr'><strong>inde</strong></span> <span class='ocrx_word' id='word_1_491' title='bbox 1596 1620 1690 1650; x_wconf 87' lang='lat' dir='ltr'><strong>postea</strong></span> <span class='ocrx_word' id='word_1_492' title='bbox 1703 1616 1755 1643; x_wconf 84' lang='lat' dir='ltr'><strong>sub</strong></span> <span class='ocrx_word' id='word_1_493' title='bbox 1769 1616 1859 1650; x_wconf 85' lang='lat' dir='ltr'><strong>aliqua</strong></span> 
     </span>
    </p>
   </div>
   <div class='ocr_carea' id='block_1_74' title="bbox 1064 1661 1859 1699">
    <p class='ocr_par' dir='ltr' id='par_1_74' title="bbox 1064 1661 1859 1699">
     <span class='ocr_line' id='line_1_74' title="bbox 1064 1661 1859 1699; baseline -0.004 -8"><span class='ocrx_word' id='word_1_494' title='bbox 1064 1664 1208 1692; x_wconf 88' lang='lat' dir='ltr'><strong>occasione</strong></span> <span class='ocrx_word' id='word_1_495' title='bbox 1224 1663 1333 1699; x_wconf 77' lang='lat' dir='ltr'><strong>aggredi</strong></span> <span class='ocrx_word' id='word_1_496' title='bbox 1345 1667 1502 1698; x_wconf 65' lang='lat' dir='ltr'><strong>prmsumat,</strong></span> <span class='ocrx_word' id='word_1_497' title='bbox 1516 1662 1592 1689; x_wconf 87' lang='lat' dir='ltr'><strong>nulla</strong></span> <span class='ocrx_word' id='word_1_498' title='bbox 1603 1662 1709 1689; x_wconf 84' lang='lat' dir='ltr'><strong>ratione</strong></span> <span class='ocrx_word' id='word_1_499' title='bbox 1721 1661 1859 1697; x_wconf 88' lang='lat' dir='ltr'><strong>permitti-</strong></span> 
     </span>
    </p>
   </div>
   <div class='ocr_carea' id='block_1_75' title="bbox 1065 1707 1863 1743">
    <p class='ocr_par' dir='ltr' id='par_1_75' title="bbox 1065 1707 1863 1743">
     <span class='ocr_line' id='line_1_75' title="bbox 1065 1707 1863 1743; baseline -0.005 -6"><span class='ocrx_word' id='word_1_500' title='bbox 1065 1717 1136 1737; x_wconf 92' lang='lat' dir='ltr'><strong>mus.</strong></span> <span class='ocrx_word' id='word_1_501' title='bbox 1145 1709 1216 1737; x_wconf 90' lang='lat' dir='ltr'><strong>Sane</strong></span> <span class='ocrx_word' id='word_1_502' title='bbox 1228 1710 1250 1736; x_wconf 89' lang='lat' dir='ltr'><strong>si</strong></span> <span class='ocrx_word' id='word_1_503' title='bbox 1265 1709 1327 1743; x_wconf 88' lang='lat' dir='ltr'><strong>quis</strong></span> <span class='ocrx_word' id='word_1_504' title='bbox 1341 1714 1403 1743; x_wconf 86' lang='lat' dir='ltr'><strong>post</strong></span> <span class='ocrx_word' id='word_1_505' title='bbox 1414 1709 1483 1735; x_wconf 90' lang='lat' dir='ltr'><strong>hanc</strong></span> <span class='ocrx_word' id='word_1_506' title='bbox 1495 1708 1731 1743; x_wconf 77' lang='lat' dir='ltr'><strong>diligentissimam</strong></span> <span class='ocrx_word' id='word_1_507' title='bbox 1743 1707 1863 1734; x_wconf 90' lang='lat' dir='ltr'><strong>sanctio-</strong></span> 
     </span>
    </p>
   </div>
   <div class='ocr_carea' id='block_1_76' title="bbox 1068 1753 1861 1789">
    <p class='ocr_par' dir='ltr' id='par_1_76' title="bbox 1068 1753 1861 1789">
     <span class='ocr_line' id='line_1_76' title="bbox 1068 1753 1861 1789; baseline -0.005 -6"><span class='ocrx_word' id='word_1_508' title='bbox 1068 1764 1130 1783; x_wconf 91' lang='lat' dir='ltr'><strong>nem</strong></span> <span class='ocrx_word' id='word_1_509' title='bbox 1144 1763 1198 1782; x_wconf 93' lang='lat' dir='ltr'><strong>non</strong></span> <span class='ocrx_word' id='word_1_510' title='bbox 1212 1755 1360 1782; x_wconf 85' lang='lat' dir='ltr'><strong>observare</strong></span> <span class='ocrx_word' id='word_1_511' title='bbox 1372 1763 1432 1789; x_wconf 76' lang='lat' dir='ltr'><strong>qua:</strong></span> <span class='ocrx_word' id='word_1_512' title='bbox 1449 1760 1512 1781; x_wconf 82' lang='lat' dir='ltr'><strong>Slllll</strong></span> <span class='ocrx_word' id='word_1_513' title='bbox 1524 1755 1652 1789; x_wconf 81' lang='lat' dir='ltr'><strong>superius</strong></span> <span class='ocrx_word' id='word_1_514' title='bbox 1664 1753 1861 1788; x_wconf 87' lang='lat' dir='ltr'><strong>comprehensa</strong></span> 
     </span>
    </p>
   </div>
   <div class='ocr_carea' id='block_1_77' title="bbox 1068 1797 1862 1836">
    <p class='ocr_par' dir='ltr' id='par_1_77' title="bbox 1068 1797 1862 1836">
     <span class='ocr_line' id='line_1_77' title="bbox 1068 1797 1862 1836; baseline -0.005 -8"><span class='ocrx_word' id='word_1_515' title='bbox 1068 1801 1274 1836; x_wconf 57' lang='lat' dir='ltr'><strong>praesumpserit</strong></span> <span class='ocrx_word' id='word_1_516' title='bbox 1288 1820 1295 1832; x_wconf 85' lang='lat'><strong>,</strong></span> <span class='ocrx_word' id='word_1_517' title='bbox 1320 1808 1396 1827; x_wconf 83' lang='lat' dir='ltr'><strong>reum</strong></span> <span class='ocrx_word' id='word_1_518' title='bbox 1420 1809 1449 1827; x_wconf 85' lang='lat' dir='ltr'><strong>se</strong></span> <span class='ocrx_word' id='word_1_519' title='bbox 1474 1801 1626 1827; x_wconf 82' lang='lat' dir='ltr'><strong>divinitatis</strong></span> <span class='ocrx_word' id='word_1_520' title='bbox 1639 1799 1742 1834; x_wconf 85' lang='lat' dir='ltr'><strong>pariter</strong></span> <span class='ocrx_word' id='word_1_521' title='bbox 1765 1802 1793 1825; x_wconf 84' lang='lat' dir='ltr'><strong>et</strong></span> <span class='ocrx_word' id='word_1_522' title='bbox 1806 1797 1862 1825; x_wconf 79' lang='lat' dir='ltr'><strong>fra—</strong></span> 
     </span>
    </p>
   </div>
   <div class='ocr_carea' id='block_1_78' title="bbox 1071 1847 1712 1882">
    <p class='ocr_par' dir='ltr' id='par_1_78' title="bbox 1071 1847 1712 1882">
     <span class='ocr_line' id='line_1_78' title="bbox 1071 1847 1712 1882; baseline -0.003 -8"><span class='ocrx_word' id='word_1_523' title='bbox 1071 1847 1211 1875; x_wconf 87' lang='lat' dir='ltr'><strong>ternitatis</strong></span> <span class='ocrx_word' id='word_1_524' title='bbox 1222 1847 1325 1882; x_wconf 90' lang='lat' dir='ltr'><strong>judicio</strong></span> <span class='ocrx_word' id='word_1_525' title='bbox 1341 1847 1465 1874; x_wconf 88' lang='lat' dir='ltr'><strong>futurum</strong></span> <span class='ocrx_word' id='word_1_526' title='bbox 1480 1854 1541 1873; x_wconf 88' lang='lat' dir='ltr'><strong>esse</strong></span> <span class='ocrx_word' id='word_1_527' title='bbox 1555 1849 1712 1880; x_wconf 78' lang='lat' dir='ltr'><strong>cognoscat.</strong></span> 
     </span>
    </p>
   </div>
   <div class='ocr_carea' id='block_1_79' title="bbox 1075 2001 1862 2038">
    <p class='ocr_par' dir='ltr' id='par_1_79' title="bbox 1075 2001 1862 2038">
     <span class='ocr_line' id='line_1_79' title="bbox 1075 2001 1862 2038; baseline -0.001 -9"><span class='ocrx_word' id='word_1_528' title='bbox 1075 2003 1112 2038; x_wconf 82' lang='lat' dir='ltr'><strong>tio</strong></span> <span class='ocrx_word' id='word_1_529' title='bbox 1129 2002 1155 2029; x_wconf 80' lang='lat' dir='ltr'><strong>in</strong></span> <span class='ocrx_word' id='word_1_530' title='bbox 1180 2003 1323 2038; x_wconf 87' lang='lat' dir='ltr'><strong>superiore</strong></span> <span class='ocrx_word' id='word_1_531' title='bbox 1339 2003 1433 2038; x_wconf 84' lang='lat' dir='ltr'><strong>regula</strong></span> <span class='ocrx_word' id='word_1_532' title='bbox 1450 2003 1477 2030; x_wconf 92' lang='lat' dir='ltr'><strong>S.</strong></span> <span class='ocrx_word' id='word_1_533' title='bbox 1501 2002 1612 2030; x_wconf 85' lang='lat' dir='ltr'><strong>Macarii</strong></span> <span class='ocrx_word' id='word_1_534' title='bbox 1632 2010 1692 2037; x_wconf 88' lang='lat' dir='ltr'><strong>cap.</strong></span> <span class='ocrx_word' id='word_1_535' title='bbox 1715 2002 1760 2032; x_wconf 70' lang='grc'><strong>28,</strong></span> <span class='ocrx_word' id='word_1_536' title='bbox 1789 2001 1862 2038; x_wconf 81' lang='lat' dir='ltr'><strong>quod</strong></span> 
     </span>
    </p>
   </div>
   <div class='ocr_carea' id='block_1_80' title="bbox 1073 2036 1863 2100">
    <p class='ocr_par' dir='ltr' id='par_1_80' title="bbox 1073 2036 1863 2100">
     <span class='ocr_line' id='line_1_80' title="bbox 1073 2036 1863 2100; baseline -0.001 -36"><span class='ocrx_word' id='word_1_537' title='bbox 1073 2036 1232 2100; x_wconf 67' lang='lat' dir='ltr'><strong>Hollstenius</strong></span> <span class='ocrx_word' id='word_1_538' title='bbox 1253 2036 1462 2074; x_wconf 66' lang='lat' dir='ltr'><strong>interpretatur,</strong></span> <span class='ocrx_word' id='word_1_539' title='bbox 1478 2039 1555 2074; x_wconf 84' lang='lat' dir='ltr'><strong>parvi</strong></span> <span class='ocrx_word' id='word_1_540' title='bbox 1577 2036 1702 2064; x_wconf 73' lang='lat' dir='ltr'><strong>momenti</strong></span> <span class='ocrx_word' id='word_1_541' title='bbox 1720 2046 1750 2064; x_wconf 82' lang='lat' dir='ltr'><strong>ac</strong></span> <span class='ocrx_word' id='word_1_542' title='bbox 1764 2036 1863 2063; x_wconf 80' lang='lat' dir='ltr'><strong>nullius</strong></span> 
     </span>
     <span class='ocr_line' id='line_1_81' title="bbox 1073 2081 1181 2100; baseline 0 0"><span class='ocrx_word' id='word_1_543' title='bbox 1073 2081 1104 2100; x_wconf 79' lang='lat' dir='ltr'><strong>va</strong></span> <span class='ocrx_word' id='word_1_544' title='bbox 1118 2081 1181 2100; x_wconf 80' lang='lat' dir='ltr'><strong>om.</strong></span> 
     </span>
    </p>
   </div>
   <div class='ocr_carea' id='block_1_81' title="bbox 1072 2081 1181 2101">
    <p class='ocr_par' dir='ltr' id='par_1_81' title="bbox 1072 2081 1181 2101">
     <span class='ocr_line' id='line_1_82' title="bbox 1072 2081 1181 2101; baseline 0 0"><span class='ocrx_word' id='word_1_545' title='bbox 1072 2081 1181 2101; x_wconf 79' lang='lat' dir='ltr'><strong>vatem.</strong></span> 
     </span>
    </p>
   </div>
  </div>
