2075 3155
225 173 281 206 983

860 174 1014 204 REGULA
1032 174 1276 205 ORIENTALIS.

235 239 1810 251 ——_——————_—_—_———_*

661 353 938 410 REGULA
983 354 1411 411 OBIENTALIS

559 477 611 508 EX
646 478 804 509 PATRUM
842 479 1093 509 ORIENTALUM
1130 478 1300 510 REGULIS
1335 479 1523 510 COLLECTA

778 585 809 621 Α
825 583 1028 622 VlGILlO
1062 585 1303 624 DIACONO.

259 763 374 799 2491.
391 763 426 792 Ut
440 771 528 798 neque
540 763 663 791 seniores
691 763 720 790 in
740 764 865 799 regendis
882 763 1013 792 fratribus
1027 766 1052 794 Α
1065 763 1165 792 fratres
1176 764 1389 800 intemperantia
1399 765 1474 792 illius
1486 765 1623 792 laborent.
1641 764 1704 792 Haec
1721 764 1852 792 observa-

224 808 343 836 inaniter
367 809 500 840 laborent.
527 817 616 844 neque
644 809 788 844 disciplina
818 810 958 844 juniorum
970 818 1018 837 va-

224 852 308 884 cillet,
328 861 388 887 quae
402 853 508 880 abbatis
523 853 736 880 conversatione
750 853 869 880 stabilita
879 853 956 880 ﬁrma
971 854 1016 887 sit,

224 903 333 932 oportet
349 898 475 925 abbatem
507 898 778 933 irreprehensibilem
797 906 1016 932 esse.severum,

224 942 384 977 patientem,
403 944 773 978 jejunum,pium,humilem
790 953 798 971 :
814 945 976 973 utdoctoris
989 951 1016 974 et

224 988 312 1022 patris
325 989 415 1015 locum
433 989 556 1023 impleat,
570 997 600 1016 se
626 990 715 1023 ipsum
743 989 860 1017 formam
886 991 1013 1025 praibens

225 1033 362 1060 bonorum
376 1041 491 1068 operum
503 1034 536 1061 δε.
550 1035 590 1062 Ad
604 1035 682 1070 cujus
699 1035 901 1063 ordinationem
917 1044 1013 1064 omnes

224 1077 325 1105 fratres
340 1078 500 1113 respiciant,
516 1079 586 1106 nihil
607 1080 667 1106 sine
679 1079 794 1106 consilio
806 1084 833 1107 et
849 1081 1013 1107 auctoritate

224 1123 311 1158 ipsius
322 1123 463 1152 facientes.
487 1124 539 1157 Qui
556 1124 694 1152 sustinens
709 1125 868 1151 monasterii
891 1126 1014 1153 necessi-

225 1173 306 1200 tates,
320 1169 355 1196 de
378 1169 507 1197 omnibus
518 1178 579 1204 quze
606 1170 634 1197 in
653 1170 822 1197 monasterio
844 1176 909 1198 sunt
926 1171 1013 1198 libere

223 1214 374 1249 judicabit;
389 1216 492 1242 nullius
504 1223 649 1250 personam
659 1217 809 1251 accipiens,
820 1225 871 1244 nec
890 1217 937 1244 ulli
952 1225 1015 1253 gra-

225 1260 292 1286 tiam
307 1264 457 1294 przestans;
483 1260 532 1288 sed
548 1269 774 1296 unumquemque
789 1262 941 1289 secundum
956 1270 1015 1289 mc-

225 1305 278 1332 rita
289 1306 456 1340 quotidianae
470 1307 690 1334 conversationis
703 1307 731 1334 in
748 1307 863 1335 veritate
876 1308 1013 1343 judicans,

226 1350 383 1384 admoneat,
403 1351 538 1384 hortetur,
555 1352 679 1387 castiget,
697 1352 862 1380 cundemnet
876 1362 883 1380 :
897 1354 940 1380 vel
955 1361 1015 1381 sus—

1069 810 1110 837 bit
1124 810 1216 837 senior
1236 811 1396 837 monasterii
1411 811 1456 845 qui
1473 810 1604 836 fratribus
1615 809 1777 844 praepositus
1798 815 1851 842 est,

1068 854 1190 881 referens
1200 853 1232 880 ad
1248 854 1374 881 abbatem
1390 854 1492 885 omnia,
1512 854 1555 880 vel
1568 853 1705 888 praecipue
1730 853 1775 880 illa
1792 861 1854 889 qua:

1066 907 1115 935 per
1128 907 1156 926 se
1174 907 1229 926 non
1245 899 1362 926 valuerit
1377 899 1524 934 explicare.

1100 966 1142 993 ιν.
1151 966 1376 994 Commendatum
1385 967 1495 1001 aliquod
1507 967 1589 994 etiam
1599 975 1613 994 a
1626 975 1756 1002 germano
1769 967 1853 995 fratre

1065 1013 1158 1040 nullus
1173 1012 1289 1047 accipiat
1303 1022 1309 1039 :
1326 1013 1394 1039 nihil
1410 1013 1437 1040 in
1453 1013 1520 1040 cella
1536 1021 1583 1040 sua
1600 1014 1704 1048 absque
1715 1013 1854 1048 praepositi

1062 1060 1187 1094 jussione
1205 1059 1340 1094 quispiam
1354 1059 1464 1090 habeat.
1481 1067 1515 1086 ne
1526 1067 1607 1094 poma
1627 1059 1738 1094 quidem
1749 1059 1853 1086 vilissi-

1065 1113 1119 1137 ma,
1133 1111 1161 1133 ct
1171 1110 1272 1134 caetera
1287 1106 1489 1141 hujuscemodi.

1100 1163 1132 1190 V.
1151 1162 1302 1197 Operantes
1318 1170 1384 1190 vero
1400 1163 1497 1189 fratres
1515 1162 1583 1189 nihil
1598 1162 1748 1196 loquantur
1766 1169 1854 1190 szecu-

1062 1207 1138 1235 lare:
1157 1208 1205 1235 sed
1220 1213 1268 1236 aut
1291 1208 1460 1236 meditcntur
1476 1216 1509 1235 ea
1524 1216 1585 1243 qua:
1604 1213 1698 1235 sancta
1720 1212 1795 1240 sunt,
1807 1212 1854 1235 aut

1062 1258 1136 1281 certe
1154 1254 1285 1281 silebunt.

1098 1309 1143 1336 Vl.
1171 1309 1224 1342 Qui
1252 1313 1343 1337 autem
1372 1309 1512 1344 coquinat,
1530 1314 1677 1344 antequam
1697 1309 1796 1336 fratres
1810 1316 1858 1336 re-

1065 1353 1168 1387 ficiant,
1188 1361 1242 1381 non
1254 1354 1375 1389 gustabit
1392 1354 1557 1389 quidquam.

225 1396 326 1445 cipiat,
342 1396 364 1424 si
381 1397 418 1424 ita
435 1398 503 1425 utile
523 1398 635 1425 videtur
646 1419 653 1430 ,
672 1399 814 1425 venientes
827 1399 860 1426 ad
878 1405 1016 1426 monaste-
1030 1402 1054 1431 B
1103 1410 1158 1437 νη.
1172 1410 1258 1437 Nemo
1272 1410 1299 1436 in
1311 1410 1380 1437 cena
1396 1415 1442 1437 aut
1458 1411 1485 1437 in
1498 1410 1580 1438 domo
1598 1418 1647 1437 sua
1660 1411 1760 1438 habeat
1775 1409 1858 1445 quid-

227 1441 316 1473 rium;
334 1442 376 1469 vel
393 1443 495 1478 ejiciat,
513 1443 535 1470 si
550 1444 587 1471 ita
603 1445 752 1472 necessitas
767 1444 861 1477 fuerit,
878 1445 948 1472 male
963 1445 1014 1472 ha-

227 1487 302 1514 bitan
308 1491 358 1514 tes.

262 1554 295 1581 ll.
313 1554 342 1581 lu
353 1554 522 1581 monasterio
533 1555 658 1582 seniores
677 1555 733 1583 sint
751 1556 816 1588 duo,
833 1556 866 1583 ad
881 1564 950 1590 quos
973 1556 1016 1584 vel

227 1604 363 1635 praasente
378 1599 478 1627 abbate
502 1601 543 1627 vel
558 1601 671 1628 absente
694 1601 817 1628 omnium
841 1601 956 1629 fratrum
976 1602 1018 1629 di-

228 1645 355 1680 sciplina,
374 1650 402 1672 et
413 1646 503 1673 omnis
519 1654 586 1673 cura
602 1647 761 1674 monasterii
776 1647 913 1682 pertineat
929 1656 935 1673 :
951 1648 1019 1674 dan-

228 1696 271 1718 tes
283 1691 334 1718 sibi
347 1691 422 1718 vices
431 1699 479 1726 per
490 1691 559 1724 dies,
571 1697 599 1719 et
611 1691 766 1719 dividentes
783 1692 855 1719 inter
868 1700 896 1720 se
911 1693 1019 1728 pondus

228 1745 260 1765 ac
275 1738 467 1765 necessitatem
493 1739 675 1770 monasterii;
696 1746 729 1765 ex
745 1738 847 1774 quibus
863 1747 935 1766 unus
951 1744 1020 1767 tem-

229 1791 296 1819 pore
314 1791 364 1810 suo
385 1791 506 1818 przesens
530 1784 557 1811 in
573 1784 742 1811 monasterio
767 1792 877 1819 semper
898 1784 962 1816 erit,
985 1784 1019 1812 ad

229 1829 415 1864 pratstaudum
430 1829 521 1856 abbati
539 1830 680 1862 solatium,
695 1830 739 1857 vel
755 1830 919 1864 obsequium
936 1830 1020 1857 adve-

229 1876 372 1903 nientibus
385 1875 531 1909 fratribus;
546 1881 574 1903 et
584 1876 618 1903 ad
634 1876 842 1910 procedendum
857 1876 904 1903 ubi
922 1884 1020 1903 neces-

230 1923 297 1948 sitas
317 1922 472 1949 communis
487 1922 629 1957 exegerit,
651 1926 734 1956 atque
761 1922 931 1958 diligentiam
947 1923 1021 1950 circa

230 1967 323 1994 omnia
337 1975 398 2001 qua;
409 1967 441 1993 ad
454 1967 644 2001 quotidianam
664 1967 818 1994 custodiam
833 1972 860 1995 et
875 1975 1022 1995 conversa-

231 2013 334 2039 tionem
353 2013 512 2040 monasterii
530 2013 671 2047 pertinent
685 2013 870 2041 adhibendam
881 2023 890 2041 :
906 2019 936 2041 ut
947 2022 1022 2049 quat-

1065 1463 1146 1490 quam
1167 1460 1266 1490 przcter
1294 1464 1326 1483 ea
1341 1464 1402 1490 qua:
1423 1456 1451 1483 iu
1468 1457 1607 1484 communi
1623 1457 1782 1484 monasterii
1800 1457 1859 1492 lege

1066 1507 1202 1537 pra-cepta
1218 1507 1291 1529 sunt.

1102 1558 1169 1585 Vlll.
1182 1558 1306 1594 Cumque
1322 1559 1356 1586 ad
1373 1559 1567 1587 dormiendum
1593 1568 1622 1588 se
1650 1560 1859 1591 collocaverint,

1067 1603 1138 1630 alter
1168 1604 1249 1631 alteri
1273 1612 1328 1631 non
1356 1605 1495 1639 loquatur.
1521 1605 1625 1633 Cellam
1657 1606 1782 1637 alterius,
1805 1606 1861 1633 nisi

1071 1649 1149 1683 prius
1165 1649 1198 1676 ad
1213 1649 1315 1676 ostium
1334 1650 1482 1684 percutiat,
1500 1650 1615 1678 introire
1627 1659 1682 1678 non
1700 1651 1810 1679 audeat.

1106 1715 1151 1743 IX.
1167 1716 1273 1744 Mutare
1298 1716 1333 1744 de
1362 1716 1406 1744 his
1427 1724 1488 1751 qua:
1511 1724 1526 1743 a
1553 1718 1701 1751 pmposito
1723 1717 1862 1752 acceperit

1070 1770 1132 1789 cum
1149 1762 1236 1789 altero
1262 1770 1316 1789 non
1338 1762 1463 1790 audebit.
1481 1762 1537 1789 Nec
1561 1762 1678 1797 accipiat
1703 1763 1811 1794 melius,
1834 1767 1864 1789 et

1071 1808 1147 1835 dabit
1161 1808 1301 1839 deterius:
1317 1813 1365 1835 aut
1377 1816 1392 1836 e
1409 1809 1550 1836 contrario
1567 1809 1635 1836 dans
1651 1808 1752 1836 melius
1772 1814 1800 1836 et
1811 1809 1863 1835 de-

1073 1855 1159 1882 terius
1176 1854 1327 1889 aecipiens.
1357 1855 1444 1881 Nemo
1463 1855 1498 1881 ab
1524 1855 1612 1882 altero
1639 1855 1756 1890 accipiat
1779 1855 1863 1890 quid-

1074 1899 1158 1934 piam,
1171 1899 1225 1927 nisi
1243 1900 1407 1934 prmpositus
1421 1899 1546 1934 jusserit.

1108 1967 1143 1994 Χ.
1163 1967 1263 1995 Clausa
1276 1967 1344 1995 cella
1366 1968 1460 1995 nullus
1480 1967 1614 2001 dormiat;
1632 1976 1683 1995 nec
1698 1968 1798 1995 habeat
1813 1977 1864 1995 cu-

1074 2012 1198 2040 biculum
1214 2013 1288 2047 quod
1299 2013 1390 2040 claudi
1407 2013 1515 2048 possit:
1533 2013 1586 2040 nisi
1601 2013 1673 2040 forte
1688 2015 1761 2040 aetati
1777 2014 1866 2040 alicu—

232 2066 342 2093 cunque
357 2059 391 2085 ad
403 2059 568 2093 obsequium
579 2067 713 2094 usumque
725 2059 886 2087 monasterii
898 2059 1023 2087 facienda
1037 2069 1057 2097 ρ
1071 2059 1117 2094 jus
1130 2059 1172 2086 vel
1187 2059 1340 2086 infirmitati
1356 2059 1437 2086 Pater
1448 2059 1609 2086 monasterii
1619 2060 1797 2087 concesserit.

232 2108 308 2136 sunt,
325 2104 384 2131 sine
397 2105 562 2139 negligentia
577 2105 726 2139 etqucrcla
738 2105 850 2133 faciant.
866 2105 944 2132 Alius
960 2113 1023 2132 cum

233 2148 364 2175 fratribus
381 2149 444 2181 erit,
473 2153 597 2184 tempore
617 2157 668 2176 suo
681 2150 809 2177 exiturus
829 2158 891 2177 cum
907 2150 974 2184 ipsis
989 2149 1024 2176 ad

233 2195 327 2221 omnia
342 2202 425 2228 opera
437 2199 465 2221 et
479 2202 587 2222 omnem
601 2195 804 2228 necessitatem,
821 2195 971 2231 providens
989 2201 1024 2222 ne

234 2240 301 2275 quid
318 2245 415 2267 contra
437 2240 613 2275 disciplinam
639 2241 752 2268 faciant.
775 2240 827 2274 Qui
845 2241 1024 2275 considerans

235 2293 332 2312 omnes
355 2290 434 2313 actus
471 2285 655 2320 singulorum,
679 2286 702 2313 si
729 2294 783 2320 qua
815 2290 911 2313 contra
939 2286 1023 2313 ratio-

236 2339 298 2358 nem
312 2331 383 2358 facta
397 2331 509 2364 viderit,
526 2331 569 2358 vel
592 2339 642 2366 per
664 2339 693 2359 se
711 2331 851 2364 emendet,
870 2331 913 2358 vel
932 2331 1025 2358 abbati

235 2377 349 2405 indicet.

271 2447 318 2473 Ill.
339 2447 387 2474 llle
399 2455 465 2474 vero
489 2447 536 2482 qui
553 2447 705 2475 secundum
728 2447 856 2475 ordinem
873 2447 1027 2482 disciplinae

236 2492 411 2520 ordinatione
420 2493 528 2520 abbatis
538 2501 572 2521 ex
584 2494 700 2521 consilio
713 2497 741 2521 et
751 2494 892 2520 voluntate
902 2493 1024 2520 omnium

236 2539 352 2566 fratrum
375 2538 509 2566 fratribus
525 2540 690 2574 pra-positus
717 2544 770 2571 est,
798 2547 908 2566 omnem
934 2538 968 2565 ad
997 2546 1027 2565 se

238 2591 333 2610 curam
347 2583 381 2610 de
397 2584 542 2619 disciplina
562 2585 679 2612 fratrum
695 2590 723 2613 et
740 2585 909 2620 diligentiam
930 2592 1028 2612 mona-

239 2630 315 2657 sterii
330 2631 488 2664 revocabit;
502 2631 607 2659 habens
618 2635 782 2666 potestatem
794 2631 895 2658 abbate
914 2631 1029 2658 absente

240 2676 358 2704 faciendi
375 2678 467 2705 omnia
480 2686 540 2712 qme
551 2678 636 2705 abbas
647 2685 770 2713 prmsens
781 2678 857 2705 facit.
874 2678 921 2705 llle
935 2681 1027 2704 autem

240 2721 410 2756 patientiam,
433 2723 684 2755 mansuetudinem,
698 2723 892 2756 humilitatem,
909 2722 1029 2750 charita-

242 2771 306 2800 tem,
322 2769 490 2802 aequitatem,
503 2768 562 2796 sine
575 2775 754 2803 personarum
765 2769 924 2803 acceptione
933 2775 1029 2795 serva-

242 2813 300 2846 bit;
317 2814 354 2841 ita
369 2822 464 2848 agens,
477 2819 508 2842 ut
524 2823 574 2843 nec
596 2815 687 2843 abbati
709 2815 819 2843 taedium
839 2818 963 2850 generet,
980 2821 1031 2842 nec

282 2900 305 2917 "
318 2900 370 2928 Tit.
387 2909 416 2932 ll,
432 2901 457 2927 7.

1107 2126 1153 2153 Xl.
1168 2126 1253 2154 Nemo
1269 2134 1285 2153 a
1305 2131 1378 2154 terra
1393 2127 1483 2154 solvat
1503 2127 1661 2154 funiculum
1687 2127 1791 2162 absque
1806 2128 1867 2162 jus-

1074 2171 1153 2199 sione
1174 2172 1270 2207 patris.
1296 2172 1349 2206 Qui
1367 2173 1394 2199 in
1415 2173 1586 2200 monasterio
1601 2172 1718 2199 fratrum
1731 2172 1869 2199 invenerit

1073 2217 1225 2253 quidpiam,
1239 2219 1402 2253 suspendat,
1420 2223 1451 2246 ut
1466 2219 1544 2246 tollat
1558 2219 1606 2254 qui
1622 2219 1792 2254 cognoverit.

1109 2285 1168 2312 ΧΗ.
1186 2285 1227 2312 Ad
1245 2285 1390 2312 collectam
1415 2289 1443 2313 et
1458 2285 1491 2313 ad
1510 2285 1684 2320 psallendum
1703 2285 1795 2312 nullus
1812 2285 1866 2312 sibi

1074 2331 1247 2358 occasionem
1276 2331 1409 2364 inveniat,
1433 2331 1536 2366 quibus
1550 2339 1580 2358 se
1602 2331 1677 2358 dicat
1702 2335 1867 2365 occupatum

1075 2377 1153 2412 quasi
1177 2378 1218 2404 ire
1241 2385 1297 2404 non
1312 2377 1408 2411 possit.
1429 2377 1464 2404 Et
1485 2378 1509 2404 si
1534 2377 1562 2404 iu
1580 2377 1760 2409 monasterio,
1773 2377 1816 2404 vel
1839 2378 1868 2404 in

1075 2431 1151 2459 agro,
1179 2428 1227 2450 aut
1253 2423 1281 2450 in
1308 2423 1419 2455 itinere,
1434 2427 1483 2450 aut
1507 2423 1535 2450 in
1564 2423 1689 2458 quolibet
1712 2423 1867 2451 ministerio

1075 2468 1171 2501 fuerit,
1198 2469 1296 2496 orandi
1324 2473 1352 2495 et
1376 2468 1510 2503 psallendi
1536 2473 1644 2503 tempus
1670 2476 1725 2496 non
1754 2472 1871 2503 prieter-

1079 2515 1179 2542 mittat.

1115 2581 1186 2608 Xlll.
1205 2581 1258 2614 Qui
1277 2581 1403 2609 minister
1417 2585 1469 2615 est,
1489 2581 1590 2609 habeat
1607 2581 1730 2609 studium
1745 2589 1779 2610 ne
1802 2582 1871 2616 quid

1081 2628 1174 2663 operis
1187 2633 1282 2662 pereat
1302 2627 1330 2654 in
1342 2627 1520 2654 monasterio.
1537 2627 1568 2654 ln
1583 2627 1768 2662 qualicun‘que
1781 2628 1873 2655 omni-

1082 2682 1118 2701 no
1137 2678 1196 2701 arte
1210 2681 1272 2708 quze
1287 2677 1436 2700 excreetur
1446 2681 1462 2701 a
1480 2673 1622 2706 fratribus,
1633 2673 1656 2701 si
1666 2673 1732 2708 quid
1746 2673 1871 2708 perierit,

1081 2726 1108 2748 ct
1123 2728 1173 2755 per
1198 2721 1392 2756 negligentiam
1411 2720 1495 2748 fuerit
1517 2720 1691 2756 dissipatum,
1714 2720 1873 2755 increpctur

1083 2775 1098 2794 a
1114 2767 1192 2795 l‘atre
1215 2767 1342 2794 minister
1355 2774 1470 2802 operum
1484 2775 1491 2794 :
1509 2771 1537 2794 et
1556 2767 1614 2802 ipse
1632 2767 1732 2794 iterum
1748 2766 1874 2801 increpet

1085 2813 1180 2848 alium,
1194 2813 1242 2849 qui
1259 2821 1329 2849 opus
1343 2813 1515 2848 perdiderit;
1528 2813 1661 2841 duntaxat
1671 2813 1749 2848 juxta
1774 2812 1874 2840 volun-
