2075 3155
191 160 244 192 985

786 160 940 191 REGULA
961 159 1201 191 ORIENTALIS.

1771 166 1824 197 986

193 220 276 243 tatem
291 219 320 243 et
335 215 536 251 prmscientiam
549 215 693 250 principis,
703 215 807 251 absque
822 224 877 251 quo
891 216 983 244 nullus
996 217 1021 246 A
1033 224 1110 243 suam
1124 221 1237 251 propter
1245 218 1440 245 verecundiam
1456 227 1462 245 :
1481 226 1516 246 ne
1527 219 1654 254 respiciat
1672 220 1756 255 dapes
1767 222 1825 249 lau-

191 261 353 296 inerepandi
367 260 480 288 fratrem
493 261 606 289 habebit
616 266 793 296 potestatem.

226 328 297 356 XIV.
327 329 355 356 Si
369 329 499 357 inventus
524 329 610 358 fuerit
630 338 704 358 unus
730 338 746 358 e
770 330 901 358 fratribus
927 331 980 358 ali-

191 375 257 409 quid
270 382 318 409 pcr
332 376 537 403 contentionem
550 383 642 411 agens,
653 377 696 403 vel
708 376 902 404 contradicens
919 385 978 404 ma-

189 421 259 456 joris
274 421 399 456 imperio,
423 422 611 457 increpabitur
629 423 706 458 juxta
732 430 891 449 mensuram
916 430 980 458 pec-

192 466 246 493 cati
262 466 315 492 sui.

226 533 284 562 XV.
299 534 350 567 Qui
366 535 510 568 mentitur,
529 540 576 563 aut
589 536 652 563 odio
684 544 852 572 quemquam
881 535 983 563 habere

191 580 276 610 fuerit
302 580 500 615 deprehensus,
523 586 570 609 aut
585 582 758 614 inobediens,
774 587 822 610 aut
839 583 901 618 plus
919 583 982 617 joco

191 633 273 660 quam
286 626 432 653 honestum
450 632 492 654 est
503 626 624 659 deditus,
650 632 697 654 aut
713 628 829 660 otiosus,
847 632 895 654 aut
912 627 981 654 dure

190 672 370 706 respondens,
396 677 444 699 aut
468 673 572 700 habens
594 673 822 701 consuetudinem
850 673 981 700 fratribus

191 717 365 750 detrahendi,
383 718 424 745 vel
439 718 483 745 his
497 718 544 752 qui
561 718 628 745 foris
641 723 721 751 sunt;
739 723 767 745 et
780 719 893 745 omnino
902 719 983 753 quiil-

191 763 258 798 quid
270 768 366 791 contra
384 765 505 798 regulam
519 764 726 798 Scripturaruin
743 769 785 791 est
802 769 829 791 et
843 768 981 791 monaste-

191 810 225 837 rii
240 810 415 844 disciplinam
426 831 432 842 ,
451 815 479 837 et
493 811 612 837 audierit
633 811 713 838 Pater
727 810 897 842 monasterii,
917 809 980 836 vin-

190 856 381 891 dicabitjuxta
392 864 549 884 mensuram
569 864 695 892 opusque
710 857 827 892 peccati.

224 922 306 957 250
323 922 393 950 XVI.
415 921 442 949 Si
458 930 554 949 omnes
564 921 978 957 fratrcsviderintprmpositum

189 968 303 996 nimium
317 968 510 1003 negligentem,
527 973 575 994 aut
588 968 657 995 dure
670 968 856 1003 increpantem
870 967 978 997 fratres.

189 1019 217 1041 et
234 1022 390 1041 mensuram
407 1013 565 1041 monasterii
582 1013 773 1045 excedentem,
794 1013 914 1040 referant
929 1013 981 1039 hoc

189 1060 275 1092 Patri,
292 1064 321 1087 et
335 1060 370 1087 ab
387 1067 421 1087 eo
440 1060 606 1094 increpetur.
622 1059 683 1094 Ipse
705 1065 797 1086 autem
817 1059 981 1094 praepositus

188 1106 258 1133 nihil
273 1106 364 1137 faciat,
377 1106 429 1133 nisi
446 1105 519 1140 quod
535 1105 616 1132 Pater
629 1104 758 1140 jusserit;
776 1105 893 1132 maxime
908 1105 936 1131 in
950 1113 979 1132 re

188 1160 270 1179 nova.
294 1151 360 1184 Quae
379 1159 413 1179 ex
428 1158 504 1178 more
527 1150 689 1182 descendit,
713 1151 834 1178 servabit
858 1151 978 1186 regulam

188 1197 362 1225 monasterii.

222 1264 304 1292 XVII.
319 1263 487 1298 Prmpositus
497 1271 563 1291 vero
573 1271 628 1290 non
642 1263 806 1294 inebrietur,
824 1271 875 1290 nec
887 1262 980 1290 sedeat

188 1310 216 1338 in
234 1310 430 1337 humilioribus
449 1310 525 1336 locis.
542 1310 580 1337 Ne
594 1313 700 1343 rumpat
714 1309 823 1335 vincula
834 1316 895 1343 qua:
907 1309 979 1335 Deus

188 1353 215 1380 in
230 1354 300 1380 cmlo
320 1353 454 1385 condidit,
479 1357 508 1380 ut
529 1354 713 1380 observentur
732 1353 759 1379 in
774 1353 864 1380 terris.
882 1353 920 1379 Ne
938 1352 979 1379 lu-

187 1405 249 1435 geat
273 1399 299 1425 in
321 1399 365 1426 dic
391 1399 462 1426 festo
485 1399 592 1426 Domini
623 1398 796 1425 Salvatoris:
820 1398 980 1425 dominetur

187 1446 263 1473 carni
282 1454 355 1478 sua),
373 1447 451 1481 juxta
468 1453 624 1473 mensuram
642 1449 811 1472 sanctorum.
829 1444 888 1471 Non
903 1444 980 1470 invc-

186 1492 280 1518 niatur
294 1492 321 1518 in
335 1491 451 1518 excelsis
466 1491 618 1523 cubilibus,
636 1491 746 1518 imitans
763 1497 868 1517 morem
888 1489 977 1524 genti-

186 1538 265 1565 lium.
280 1538 338 1565 Non
350 1538 386 1564 sit
400 1538 518 1573 duplicis
532 1537 606 1564 fidei.
616 1537 676 1564 Non
691 1542 819 1572 sequatur
828 1536 918 1562 cordis
933 1535 975 1562 sui

186 1584 376 1619 cogitationes.
389 1584 436 1611 sed
453 1585 540 1618 legem
556 1583 613 1610 Dei.
630 1583 689 1610 Non
706 1583 817 1610 resistat
831 1582 975 1609 sublitnio-
991 1570 1013 1599 (ἶ

187 1629 263 1656 ribus
279 1629 394 1656 tumenti
414 1629 507 1655 animo
523 1628 716 1664 potestatibus.
734 1628 772 1655 Ne
789 1629 905 1659 fremat,
924 1633 975 1653 nec

186 1675 284 1702 hirriat
297 1676 383 1702 iratus
395 1669 479 1710 super
493 1675 674 1702 humiliores:
694 1682 744 1701 nec
760 1673 905 1701 transferat
922 1677 976 1699 ter-

185 1721 276 1748 minos
294 1721 403 1756 regulze.
428 1722 486 1748 Non
502 1721 537 1748 sit
556 1721 767 1752 fraudulentus,
783 1727 871 1753 neque
888 1719 914 1745 in
928 1726 976 1746 co-

185 1766 365 1802 gitationibus
384 1772 475 1794 verset
497 1767 593 1799 dolos;
620 1775 670 1794 nec
690 1767 808 1801 negligat
832 1769 974 1800 peccatum

185 1813 284 1839 anima:
303 1820 376 1845 suae;
392 1821 442 1840 nec
463 1814 590 1839 vincatur
606 1812 696 1839 carnis
712 1812 831 1838 luxuria.
847 1812 906 1838 Non
922 1818 980 1838 am-

186 1857 263 1885 bulet
286 1858 464 1893 negligenter.
484 1858 542 1884 Non
566 1858 696 1892 loquatur
711 1858 826 1884 verbum
847 1857 977 1883 otiosum.

185 1904 245 1931 Non
259 1909 343 1938 ponat
364 1904 522 1931 scandalum
538 1908 602 1931 ante
618 1904 702 1938 pedes
714 1904 790 1930 caeci.
805 1903 863 1929 Non
882 1903 979 1929 doceat

184 1949 353 1976 voluntatem
363 1950 482 1976 animant
498 1957 586 1976 suam.
601 1950 659 1976 Non
671 1949 826 1976 resolvatur
843 1948 901 1975 risu
914 1948 980 1975 stul-

186 1999 276 2023 torum
299 2003 331 2023 ac
350 1997 413 2031 joco
444 1996 504 2023 Non
523 1996 649 2031 capiatur
670 2004 718 2023 ροι-
738 1996 803 2031 ejus‘
814 1996 848 2022 ab
867 1996 910 2022 his
929 1995 976 2029 qui

185 2042 278 2077 inepta
296 2042 446 2077 loquuntur
461 2047 489 2069 et
503 2042 604 2070 dulcia.
626 2043 686 2070 Non
709 2043 836 2070 vincatur
853 2041 977 2068 muneri-

185 2087 238 2115 bus
255 2096 261 2114 :
279 2097 332 2115 non
351 2089 531 2123 parvulorum
544 2096 670 2116 sermone
684 2088 813 2115 ducatur.
833 2087 892 2115 Non
911 2087 976 2114 defi-

185 2134 239 2162 ciat
253 2135 279 2161 in
295 2135 482 2162 tribulatione.
494 2135 553 2162 Non
562 2138 678 2162 mortem
692 2135 797 2166 timeat,
810 2133 858 2160 sed
873 2133 974 2159 Deum:

184 2189 239 2208 non
250 2183 442 2216 praevaricator
455 2181 490 2208 sit
502 2187 613 2216 propter
630 2181 819 2208 imminentem
838 2180 975 2206 timorem.

183 2228 243 2256 Non
264 2229 401 2262 relinquat
424 2235 519 2254 verum
542 2228 634 2254 lumen
659 2231 772 2261 propter
793 2225 917 2252 modicos
938 2224 977 2250 ci-

184 2274 245 2301 bos.
261 2274 320 2301 Non
338 2278 417 2300 nutet
434 2281 465 2300 ac
487 2273 600 2300 ﬂuctuet
621 2274 648 2299 in
675 2272 807 2307 operibus
825 2270 892 2297 suis.
915 2270 976 2296 Non

183 2324 271 2348 mutet
287 2321 464 2350 sententiam,
480 2319 526 2346 sed
546 2319 641 2345 firmus
652 2319 687 2345 sit
699 2317 836 2352 solidique
846 2315 950 2343 decreti
967 2323 973 2341 :

181 2367 283 2401 justus,
296 2370 393 2393 cuncta
400 2364 593 2392 considerans:
607 2364 735 2399 judicans
749 2363 775 2390 in
788 2362 904 2389 veritate
915 2362 977 2389 abs-

184 2419 238 2446 que
253 2412 374 2446 appetitu
386 2411 495 2446 gloritc;
514 2411 674 2437 manifestus
687 2411 742 2437 Deo
757 2414 784 2437 et
800 2409 972 2441 hominibus,

183 2462 212 2484 et
235 2465 249 2484 a
273 2457 369 2484 fraude
394 2457 502 2491 procul.
527 2457 583 2483 Nec
605 2456 710 2490 ignoret
737 2455 975 2482 conversationem

183 2510 308 2532 suorum.
329 2510 379 2529 nec
399 2502 432 2529 ad
456 2510 550 2530 eorum
575 2502 718 2529 scientiam
740 2509 829 2529 caecus
852 2501 974 2527 exsistat.

182 2547 256 2575 Nulli
271 2551 369 2574 noceat
381 2556 429 2582 per
443 2548 600 2582 superbiam
614 2555 621 2579 ;
637 2555 687 2573 nec
698 2550 830 2581 sequatur
845 2546 976 2580 concupi-

182 2594 302 2622 scentias
315 2594 469 2620 oculorum.
485 2592 635 2620 Veritatem
646 2600 788 2627 nunquam
805 2596 951 2627 praetereat
965 2599 972 2617 :

182 2640 273 2667 oderit
295 2640 467 2675 injustitiam.
491 2639 648 2666 Secundum
664 2646 809 2673 personam
833 2645 974 2672 nunquam

181 2685 286 2720 judicet
299 2693 347 2719 pro
363 2684 538 2716 muneribus,
551 2691 602 2711 ncc
617 2683 782 2710 condemnet
800 2683 917 2710 animam
934 2683 976 2710 in-

183 2735 327 2758 nocentem
345 2739 394 2766 per
407 2730 576 2765 superbiam.
594 2730 652 2757 Non
666 2729 755 2756 rideat
770 2729 842 2756 inter
853 2736 953 2763 pueros
967 2737 973 2755 :

185 2783 240 2802 non
251 2775 359 2803 deserat
371 2776 516 2804 veritatem
534 2776 631 2803 timore
647 2779 801 2810 separatus.
812 2774 872 2802 Non
884 2774 976 2808 despi-

184 2821 239 2848 ciat
254 2829 300 2849 cos
315 2822 360 2856 qui
375 2822 499 2857 indigent
514 2821 715 2850 misericordia.
730 2821 796 2848 'Non
811 2820 921 2848 deserat
931 2820 976 2855 jn-

183 2865 287 2894 stitiam
310 2872 424 2900 propter
445 2867 655 2900 lassitudinem;
675 2874 709 2894 ne
731 2865 829 2901 perdat
853 2865 973 2893 animam

1037 262 1115 289 tioris
1132 270 1233 290 mensa:
1248 272 1254 289 :
1271 271 1322 290 nec
1343 265 1459 299 pulchra
1480 265 1645 293 vestimenta
1665 266 1823 301 desideret;

1035 315 1087 335 nec
1108 316 1137 336 se
1152 309 1293 344 negligat,
1310 309 1356 336 sed
1372 317 1481 344 semper
1498 310 1630 345 dijudicet
1645 313 1825 346 cogitationes

1034 362 1107 382 suas.
1129 355 1189 382 Non
1205 355 1359 382 inebrietur
1371 355 1453 388 vino;
1470 356 1517 383 sed
1532 356 1681 384 humilitati
1700 359 1824 394 junctam

1035 399 1136 426 habeat
1158 400 1314 427 veritatem.
1339 399 1454 433 Quando
1473 401 1587 436 judicat,
1608 408 1741 437 sequatur
1756 412 1825 439 pra:—

1034 450 1112 480 ccpta
1128 447 1262 482 majorum
1274 451 1302 474 et
1318 447 1403 481 legem
1421 447 1479 480 Dei,
1492 455 1553 483 qua:
1565 448 1594 475 in
1607 452 1664 477 toto
1677 449 1744 477 orbe
1756 459 1826 485 pra:-

1033 491 1122 519 dicata
1136 497 1188 520 est.

1066 560 1161 588 XVIII.
1182 561 1210 588 Si
1228 561 1418 596 deprehensus
1436 561 1519 588 fuerit
1539 562 1639 596 aliquis
1659 571 1674 589 e
1693 562 1825 591 fratribus

1031 606 1151 634 libenter
1162 615 1224 634 cum
1239 608 1334 642 pueris
1345 607 1435 635 ridere
1445 613 1474 635 et
1485 608 1588 639 ludere,
1604 613 1631 635 et
1643 609 1744 636 habere
1757 610 1825 636 ami—

1033 653 1113 680 citias
1126 654 1215 680 atatis
1228 653 1353 685 inﬁrmze,
1371 654 1452 681 tertio
1466 660 1684 686 connnoneatur,
1700 659 1730 681 ut
1746 663 1823 683 rece-

1034 697 1079 724 dat
1092 697 1126 725 ab
1140 705 1236 725 eorum
1248 699 1463 729 necessitudine.
1484 704 1512 726 et
1525 708 1630 726 memor
1650 701 1686 727 sit
1699 700 1825 727 honesta-

1032 743 1068 771 tis
1079 765 1086 776 ,
1099 748 1127 770 et
1143 745 1250 772 timoris
1264 745 1311 771 Dei
1328 754 1334 772 ε
1352 745 1374 772 si
1392 753 1447 772 non
1467 746 1637 778 cessaverit,
1657 746 1823 782 corripiatur

1032 793 1062 815 ut
1075 789 1175 824 dignus
1187 793 1229 816 est
1247 790 1420 824 correptione
1432 790 1617 818 severissima.

1066 855 1140 884 XIX.
1160 856 1212 889 Qui
1231 862 1412 884 contemnunt
1431 863 1568 893 prmcepta
1583 859 1718 894 majorum
1737 863 1765 887 et
1781 867 1823 887 re-

1030 903 1107 938 gulas
1120 904 1278 930 monasterii
1291 912 1351 938 quae
1363 905 1411 931 Dei
1428 910 1564 939 praecepto
1575 906 1732 932 constituta:
1746 910 1821 937 sunt,

1028 953 1056 976 et
1074 949 1279 984 parvipendunt
1308 950 1449 976 seniorum
1481 950 1614 982 consilia,
1634 951 1822 985 corripiantur

1027 995 1103 1030 juxta
1119 994 1244 1021 ordinem
1259 995 1450 1026 constitutum,
1466 995 1555 1022 donec
1572 995 1758 1030 corrigantur.

1064 1060 1123 1087 XX.
1146 1060 1262 1095 Majores
1280 1061 1325 1096 qui
1346 1069 1408 1088 cum
1426 1061 1558 1088 fratribus
1572 1062 1721 1089 mittuntur
1737 1061 1821 1091 foras.

1031 1106 1154 1140 quandiu
1170 1106 1207 1132 ibi
1219 1106 1333 1139 fuerint,
1347 1107 1489 1134 habebunt
1504 1107 1548 1142 jus
1563 1107 1773 1142 prazpositorum
1795 1112 1823 1134 et

1028 1159 1125 1179 eorum
1146 1157 1245 1180 cuncta
1263 1158 1394 1188 regentur
1409 1153 1534 1180 arbitrio.
1558 1153 1703 1180 Docebunt
1723 1153 1822 1180 fratres

1028 1205 1078 1232 per
1098 1198 1264 1226 constitutos
1285 1199 1363 1231 dies;
1387 1204 1416 1227 et
1436 1200 1458 1227 si
1482 1199 1552 1227 forte
1575 1200 1648 1227 inter
1664 1208 1712 1227 eos
1729 1205 1820 1227 ortum

1028 1243 1112 1271 fuerit
1127 1244 1230 1279 aliquid
1246 1244 1409 1276 simultatis,
1431 1245 1545 1272 audient
1560 1246 1610 1280 ipsi
1637 1247 1754 1280 majores
1766 1266 1773 1277 ,
1793 1251 1822 1272 et

1030 1289 1223 1324 dijudicabunt
1235 1297 1356 1320 causam.
1369 1295 1397 1318 et
1407 1291 1520 1325 dignum
1530 1291 1609 1325 culpa
1620 1291 1820 1325 increpabunt;

1029 1339 1059 1362 ut
1072 1335 1105 1362 ad
1127 1335 1273 1370 imperium
1295 1343 1392 1363 eorum
1415 1336 1507 1364 statim
1531 1344 1625 1371 pacem
1642 1337 1724 1371 pleno
1738 1336 1820 1363 corde

1028 1381 1198 1409 consocient.

1063 1449 1135 1477 XXI.
1156 1449 1184 1477 Si
1197 1449 1258 1485 quis
1276 1449 1360 1477 frater
1374 1453 1468 1477 contra
1483 1450 1661 1484 praepositum
1674 1457 1753 1477 suum
1769 1449 1820 1476 ha-

1026 1496 1119 1524 buerit
1131 1496 1282 1527 tristitiam,
1293 1500 1341 1523 aut
1357 1495 1414 1531 ipse
1425 1496 1589 1530 praepositus
1601 1500 1697 1522 contra
1709 1495 1820 1522 fratrem

1030 1540 1148 1575 aliquam
1158 1540 1374 1574 querimoniam;
1388 1539 1509 1574 probata:
1520 1540 1620 1566 fratres
1633 1539 1821 1566 conversatio-

1029 1586 1073 1613 nis
1085 1590 1113 1613 et
1129 1586 1190 1612 fidei
1204 1594 1253 1613 eos
1267 1585 1363 1612 audire
1380 1585 1491 1615 debent.
1506 1590 1534 1612 et
1546 1585 1738 1621 dijudicabunt
1751 1585 1822 1612 inter

1028 1639 1087 1658 eos.
1111 1631 1138 1658 Si
1154 1635 1245 1659 tamen
1264 1632 1365 1659 absens
1380 1635 1424 1659 est
1441 1632 1522 1658 Pater
1540 1631 1701 1658 monasterii
1716 1631 1758 1657 vel
1773 1630 1823 1656 ali—

1028 1676 1092 1703 cubi
1106 1677 1257 1711 profectus,
1270 1677 1389 1712 primum
1403 1676 1513 1711 quidem
1526 1676 1727 1711 exspectabunt
1738 1680 1820 1702 eum:

1029 1723 1070 1749 sin
1088 1728 1180 1749 autem
1199 1723 1305 1750 diutius
1318 1724 1414 1750 vident
1429 1723 1498 1750 foris
1513 1723 1669 1751 demorari.
1692 1726 1758 1749 tunc
1774 1729 1823 1748 att-

1029 1769 1104 1795 dient
1119 1769 1192 1795 inter
1208 1769 1386 1803 prmpositum
1398 1773 1426 1795 et
1439 1768 1568 1800 fratrem;
1583 1776 1616 1795 ne
1628 1767 1676 1794 diu
1687 1774 1823 1801 suspenso

1026 1814 1130 1857 judicio
1162 1814 1273 1841 tristitia
1307 1814 1394 1848 major
1422 1813 1549 1845 oriatur;
1579 1817 1610 1840 ut
1637 1817 1665 1840 et
1697 1813 1742 1841 ille
1774 1812 1822 1846 qui

1028 1859 1191 1894 praepositus
1206 1863 1258 1890 est,
1274 1864 1302 1885 et
1316 1859 1361 1885 ille
1380 1859 1428 1893 qui
1446 1858 1588 1893 subjectus
1601 1863 1652 1889 est,
1673 1863 1701 1885 et
1717 1859 1756 1884 illi
1772 1858 1821 1892 qui

1029 1904 1154 1934 audiunt.
1171 1905 1250 1939 juxta
1270 1904 1396 1931 timorem
1410 1903 1458 1930 Dei
1481 1908 1580 1930 cuncta
1594 1903 1705 1935 faciant,
1721 1908 1749 1930 et
1764 1910 1820 1930 non

1029 1950 1095 1977 dent
1111 1951 1137 1977 in
1151 1950 1206 1976 ullo
1218 1950 1390 1977 occasionem
1405 1949 1561 1977 discordiae.

1063 2007 1147 2035 XXII.
1169 2007 1265 2034 Nullus
1277 2007 1401 2033 mittatur
1413 2006 1486 2034 foras
1500 2006 1534 2033 ad
1549 2004 1661 2040 aliquod
1679 2004 1819 2039 negotium

1028 2055 1114 2083 solus.
1138 2054 1213 2081 Missi
1237 2062 1303 2081 vero
1328 2061 1383 2080 non
1409 2053 1521 2088 singuli,
1541 2052 1588 2080 sed
1608 2051 1667 2079 bini
1686 2052 1728 2078 vel
1750 2051 1822 2078 terni

1028 2100 1171 2130 ambulent
1185 2109 1191 2124 ι
1209 2104 1239 2126 ut
1251 2099 1315 2125 dum
1333 2106 1362 2126 se
1378 2098 1496 2125 invicem
1511 2097 1706 2125 eustodiuntet
1722 2104 1822 2124 conso-

1031 2146 1134 2176 lantur.
1150 2150 1178 2173 et
1196 2145 1320 2173 seniores
1335 2153 1432 2172 eorum
1447 2144 1481 2172 de
1504 2145 1618 2171 honesta
1634 2151 1733 2171 eorum
1755 2152 1823 2172 con-

1029 2192 1186 2219 versatione
1203 2191 1293 2218 securi
1310 2191 1373 2222 sint,
1392 2195 1419 2217 et
1432 2189 1470 2217 illi
1485 2198 1538 2216 non
1555 2190 1757 2224 periclitentur.
1768 2190 1822 2217 0h—

1030 2241 1175 2264 servantes
1195 2240 1284 2263 tamen
1305 2235 1372 2267 hoc,
1397 2240 1426 2262 ut
1452 2243 1507 2261 non
1534 2243 1562 2261 se
1583 2235 1699 2262 invicem
1723 2235 1823 2261 fabulis

1026 2282 1154 2309 inanibus
1170 2282 1325 2312 destruant,
1350 2289 1440 2316 neque
1456 2281 1630 2316 negligentia:
1649 2281 1715 2308 dent
1732 2281 1821 2308 locum

1025 2325 1240 2359 destructionis;
1254 2326 1300 2352 sed
1316 2326 1505 2361 unusquisque
1521 2327 1548 2352 in
1563 2330 1626 2353 actu
1637 2334 1687 2353 suo
1700 2329 1824 2352 attentus

1025 2371 1077 2402 sit.
1096 2376 1179 2406 prout
1193 2375 1302 2406 tempus
1319 2371 1412 2398 fuerit.

1064 2437 1160 2464 XXIII.
1181 2437 1296 2470 Quando
1317 2441 1408 2464 autem
1428 2437 1532 2464 reversi
1555 2436 1658 2463 fuerint
1679 2436 1706 2462 in
1729 2443 1824 2463 mena-

1029 2483 1155 2513 sterium,
1179 2483 1201 2509 si
1222 2486 1285 2509 ante
1301 2482 1402 2509 ostium
1422 2482 1544 2509 viderint
1566 2481 1685 2516 aliquem
1701 2489 1825 2516 quaeren-

1031 2533 1085 2555 tem
1110 2536 1222 2555 suorum
1241 2527 1361 2555 affinium
1375 2548 1382 2558 ,
1411 2527 1444 2554 de
1465 2527 1509 2554 his
1531 2527 1577 2561 qui
1601 2527 1628 2553 in
1657 2527 1825 2554 monasterio

1031 2577 1258 2604 commorantur,
1276 2580 1330 2598 non
1351 2571 1486 2598 valebunt
1501 2571 1540 2597 ire
1561 2571 1594 2598 ad
1610 2579 1673 2598 eum
1684 2592 1690 2603 ,
1707 2576 1734 2598 et
1752 2579 1824 2598 nun-

1031 2619 1109 2650 tiare,
1126 2619 1168 2645 vel
1184 2625 1311 2645 evocare.
1330 2618 1362 2644 Et
1373 2617 1486 2644 omnino
1499 2617 1634 2652 quidquid
1651 2617 1718 2644 foris
1733 2625 1825 2652 gesse-

1031 2663 1097 2695 rint,
1114 2663 1141 2690 in
1156 2663 1324 2690 monasterio
1338 2670 1451 2689 narrare
1466 2670 1521 2689 non
1542 2665 1720 2697 przesumant.

1066 2719 1161 2747 XXIV.
1183 2719 1319 2746 Omnibus
1341 2719 1394 2745 erit
1412 2723 1533 2753 potestas
1551 2718 1660 2753 legendi
1686 2725 1774 2753 usque
1788 2719 1823 2746 ad

1032 2765 1128 2791 horam
1145 2764 1255 2790 tertiam
1280 2773 1286 2790 :
1308 2764 1330 2790 si
1352 2768 1443 2790 tamen
1467 2763 1540 2790 nulla
1566 2759 1648 2795 eiusa
1669 2763 1823 2796 exstiterit,

1033 2818 1086 2845 qua
1099 2817 1213 2836 necesse
1224 2809 1259 2836 sit
1273 2809 1355 2836 etiam
1370 2808 1472 2843 aliquid
1489 2808 1558 2836 fieri.
1574 2808 1638 2835 Post
1649 2808 1744 2836 horam
1755 2817 1823 2836 vero

1033 2860 1144 2889 tertiam
1167 2859 1189 2887 si
1213 2867 1272 2894 qucc
1298 2862 1399 2886 statuta
1420 2862 1506 2891 sunt,
1531 2859 1603 2886 sicut
1623 2859 1755 2894 scriptum
1770 2863 1822 2892 est,
