2075 3155
247 156 299 189 987

943 153 995 183 SS.
1022 152 1179 183 PATRUM

1829 157 1883 188 988

248 222 299 248 per
322 213 480 248 superbiam
494 233 501 246 ,
521 213 563 241 vel
587 213 781 248 negligentiam
793 233 800 244 ,
823 211 866 239 vel
893 210 1037 242 desidiam,
1053 210 1078 240 A
1090 209 1131 236 bit
1148 213 1242 236 custos
1263 210 1372 244 ianua},
1390 208 1512 236 referens
1536 209 1645 241 omnia,
1664 210 1735 237 sicut
1756 211 1884 253 superius

248 259 468 286 intercedentem
494 266 548 286 non
572 258 746 290 custodierit,
772 257 842 285 sciat
866 265 896 284 se
921 264 982 284 cum
1010 256 1041 283 in

249 304 303 330 hoc
324 311 417 331 errore
436 304 626 338 deprehensus
652 303 755 336 fuerit,
779 302 944 337 culpabilem
965 302 1040 337 judi-

249 347 368 375 candum
381 356 388 381 ;
405 347 470 382 quia
481 356 531 383 per
543 356 623 375 suum
639 356 764 376 errorem
779 352 807 375 et
818 347 887 374 alios
899 347 927 374 in
942 347 1040 374 vilium

249 393 345 419 mittit.

289 458 371 486 XXV.
396 458 506 486 Cellarii
530 467 596 486 vero
617 468 683 488 cura
709 462 763 493 sit,
791 466 821 488 ut
848 462 1043 490 abstinentiam

249 509 277 532 et
285 504 463 532 sobrietatem
480 505 606 538 studens,
618 506 692 533 illata
705 507 731 532 in
744 508 912 534 monasterio
925 508 957 535 ad
968 516 1043 534 sum-

249 554 314 586 ptus
331 551 446 578 fratrum
467 551 613 585 diligenter
637 557 665 579 et
692 552 810 580 ﬁdeliter
827 559 919 581 servet
942 563 948 581 :
969 554 1039 580 nihil

249 595 415 629 suscipiens.
428 603 479 622 nec
492 595 642 630 quidquam
665 597 774 624 tradens
796 598 855 625 sine
876 599 1040 625 auctoritate

249 641 292 668 vel
303 640 443 667 seruierunt
453 641 577 668 consilio.
590 641 640 674 Qui
652 642 733 668 etiam
744 643 835 670 omnia
844 644 969 670 utensilia
979 651 1039 678 quae

250 685 278 712 in
293 685 460 712 monasterio
474 689 547 718 sunt,
569 686 595 712 id
611 691 662 717 est,
679 690 795 718 vestem,
814 696 870 717 vas.
889 688 1041 715 ferramen-

251 734 320 764 tum,
341 735 369 758 et
387 730 521 765 quidquid
542 731 638 758 usibus
663 732 831 766 qnotidianis
853 733 1041 760 necessarium

249 779 312 807 est,
337 776 493 808 custodiat;
512 781 539 803 et
558 785 780 812 unamquamque
806 786 863 805 rem
885 779 1040 813 proferens,

249 830 312 849 cum
330 822 414 850 fuerit
427 824 626 854 necessarium,
638 824 673 851 ab
697 832 731 851 eo
745 825 845 852 iterum
859 825 892 851 ad
904 833 1040 860 reponen-

250 866 316 893 dum
331 867 373 894 cui
398 868 500 894 utendo
524 869 728 904 consignavcrit
746 875 918 904 recepturus.
941 870 981 897 Ad
997 870 1039 896 vi—

249 919 324 941 ctum
335 922 400 941 vero
413 915 528 942 fratrum
543 916 665 950 proferat
675 924 707 943 ac
722 917 1039 952 tradatseptitnanariis;

250 959 284 988 ad
299 961 470 988 condiendos
484 961 560 988 cibos
575 961 622 989 det
635 963 791 989 necessaria
805 964 955 990 secundum
971 972 1041 998 quo-

251 1004 362 1032 tidianae
372 1013 497 1040 expensze
510 1007 748 1039 consuetudinem,
766 1015 855 1041 neque
871 1008 982 1042 profuse
994 1016 1043 1035 ne-

251 1059 305 1085 que
316 1059 397 1078 avare
411 1060 418 1083 ;
440 1059 474 1078 ne
486 1051 552 1078 vitio
564 1052 650 1086 ipsius
659 1052 701 1079 vel
714 1053 871 1080 monasterii
889 1054 1041 1081 substantia

251 1101 389 1130 gravetur,
400 1095 441 1122 vel
460 1096 560 1123 fratres
574 1097 715 1131 patiantur
726 1098 865 1132 injuriam.
884 1098 937 1126 Sed
951 1103 979 1126 et
994 1108 1041 1126 ne-

251 1141 406 1168 cessitatem
424 1141 595 1168 infirmarum
608 1141 723 1169 fratrum
737 1151 768 1170 ac
782 1143 902 1170 laborem
918 1145 1044 1171 conside-

250 1194 323 1218 rans,
336 1187 403 1213 nihil
417 1187 608 1221 tegrotantium
633 1188 780 1216 desideriis
794 1194 874 1224 neget
884 1198 918 1216 ex
928 1190 971 1217 his
983 1199 1044 1225 qua:

251 1232 390 1262 habuerit.
402 1236 536 1266 quantum
549 1233 602 1259 illis
615 1241 728 1261 necesse
748 1235 841 1261 fuerit.
864 1236 1044 1263 Advenienti-

250 1278 302 1305 bus
317 1277 434 1305 diversis
455 1278 588 1306 fratribus
602 1287 681 1307 escas
698 1281 814 1314 parabit.
833 1280 895 1308 Harc
906 1281 960 1308 erit
974 1289 1043 1309 cura

250 1324 374 1352 custodis
396 1325 510 1357 cellarii,
537 1333 684 1352 recurrens
709 1334 818 1361 semper
842 1327 876 1353 ad
903 1327 1043 1354 seniorum

250 1370 406 1400 consilium,
422 1374 448 1396 et
467 1370 612 1404 requirens
627 1370 660 1397 de
683 1371 826 1404 omnibus,
847 1373 889 1399 vel
906 1373 1043 1407 praecipue

250 1414 285 1440 de
313 1413 356 1440 bis
382 1422 444 1448 quae
469 1414 582 1448 proprio
601 1422 651 1442 suo
677 1415 818 1443 intellectu
842 1424 897 1443 non
922 1418 1042 1452 potuerit

251 1459 413 1494 adimplere.

285 1537 380 1564 XXVI.
401 1536 512 1564 Ostiarii
530 1545 597 1564 cura
619 1537 672 1569 sit,
691 1541 722 1565 ut
743 1545 840 1567 omnes
862 1538 1041 1567 advenientes
1054 1544 1076 1573 ο

252 1584 324 1610 intra
334 1584 433 1618 januas
444 1583 575 1618 recipiat;
589 1584 657 1611 dans
668 1584 709 1611 eis
723 1593 883 1620 responsum
895 1587 1041 1614 honestum

252 1629 330 1664 251
342 1637 404 1656 cum
418 1629 575 1656 humilitate
591 1634 619 1657 et
635 1632 801 1664 reverentia,
818 1640 850 1659 ac
865 1633 955 1660 statim
970 1642 1042 1661 nun-

253 1677 323 1703 tians
337 1677 377 1703 vel
392 1676 485 1703 abbati
497 1677 539 1702 vel
551 1677 720 1711 senioribus,
737 1679 799 1713 quis
810 1679 917 1706 venerit
933 1684 961 1707 et
975 1680 1043 1715 quid

252 1722 374 1757 petierit.
390 1721 446 1748 Nec
463 1721 534 1749 ullus
547 1726 741 1749 extraneorum
760 1723 881 1757 patiatur
893 1723 1040 1759 injuriam:

253 1776 342 1803 neque
357 1768 457 1795 habeat
473 1776 534 1794 cum
554 1769 646 1803 aliquo
658 1769 691 1796 de
706 1769 836 1796 fratribus
852 1771 1043 1798 necessitatem

251 1822 284 1842 ac
297 1814 455 1841 facultatem
471 1814 614 1848 loquendi,
631 1814 734 1849 absque
747 1816 916 1843 conscientia
937 1817 1043 1845 abbatis

251 1861 294 1887 vel
310 1861 450 1887 seniorum
468 1859 624 1893 praesentia.
642 1859 669 1886 Si
682 1859 747 1894 quid
760 1867 826 1887 vero
840 1861 995 1895 cuicunque
1008 1861 1042 1889 de

251 1905 386 1932 fratribus
412 1904 527 1932 missum
555 1904 772 1939 mandatumque
792 1905 885 1938 fuerit,
913 1906 983 1932 nihil
1007 1906 1040 1934 ad

252 1952 341 1987 ipsutn
361 1950 503 1985 perveniat
523 1951 681 1985 priusquam
703 1950 796 1977 abbati
821 1951 862 1977 ch
886 1951 1042 1979 senioribus

251 1997 401 2025 indicetur.
414 1997 484 2024 Ante
502 1997 594 2023 omnia
605 1997 736 2023 ostiarius
752 1997 911 2023 monasterii
924 1996 982 2023 haec
995 1997 1044 2024 ob-

251 2043 388 2073 servabit,
405 2050 440 2070 ne
454 2050 619 2077 quemquam
635 2042 669 2069 de
690 2042 823 2069 fratribus
845 2041 914 2068 foris
932 2042 1042 2077 ianuam

251 2090 326 2116 exire
345 2088 496 2123 permittat.

287 2166 394 2194 XXVII.
410 2166 436 2193 Si
450 2165 512 2200 quis
523 2165 669 2193 accesserit
681 2165 715 2192 ad
731 2158 831 2193 ostium
848 2165 943 2193 volens
957 2173 1042 2193 sacen-

253 2211 280 2239 lo
299 2212 457 2238 renuntiare
469 2231 475 2242 ,
490 2215 517 2237 et
536 2211 652 2237 fratrum
675 2211 816 2245 aggregari
833 2218 949 2238 numero
962 2231 969 2243 ,
986 2219 1042 2238 non

254 2258 353 2285 habeat
369 2257 523 2285 libertatem
535 2257 658 2284 intrandi
672 2267 679 2284 :
693 2257 740 2284 sed
752 2257 829 2291 prius
842 2257 986 2284 nuntietur
995 2258 1044 2285 Pa-

253 2304 287 2330 tri
305 2304 477 2334 monastcrii,
493 2307 520 2330 et
533 2302 656 2329 manebit
668 2302 764 2337 paucis
779 2302 876 2329 diebus
896 2303 964 2330 foris
982 2307 1045 2330 ante

250 2350 361 2384 ianuam
375 2369 382 2381 ,
411 2357 443 2375 ac
466 2348 612 2376 docebitur
635 2349 789 2376 orationem
815 2348 996 2380 Dominicam,
1018 2354 1046 2376 et

252 2395 380 2430 psalmos,
394 2399 509 2428 quantos
522 2394 643 2429 potuerit
655 2394 778 2427 discere;
795 2398 823 2421 et
841 2394 986 2429 diligenter
1000 2391 1043 2421 sui

251 2442 469 2475 experimentum
484 2441 572 2473 dabit,
590 2448 625 2468 ne
641 2441 711 2468 forte
724 2441 787 2467 mali
806 2440 950 2475 quidpiam
969 2440 1042 2467 fece-

252 2487 305 2518 rit,
321 2492 351 2514 ut
372 2487 498 2515 turbatus
511 2486 544 2514 ad
564 2487 660 2513 horam
681 2487 780 2514 timore
796 2485 974 2517 discesserit,
995 2489 1042 2512 aut

252 2531 304 2558 sub
322 2532 412 2565 aliqua
424 2536 557 2566 potestate
575 2532 623 2564 sit;
639 2536 666 2558 et
680 2536 772 2558 utrum
784 2531 871 2565 possit
883 2531 1042 2558 renuntiare

252 2576 413 2610 parentibus
423 2576 491 2608 suis,
501 2581 529 2603 et
538 2577 674 2611 propriam
686 2581 863 2603 contemnere
873 2576 1040 2603 facultatem.

253 2622 279 2648 Si
295 2629 357 2648 eum
372 2622 492 2649 viderint
507 2627 600 2656 aptutn
623 2622 656 2649 ad
678 2622 788 2653 omnia,
810 2625 875 2648 tunc
896 2621 1042 2648 docebitur

251 2671 279 2693 et
294 2667 413 2701 reliquas
430 2668 590 2695 monasterii
611 2668 773 2702 disciplinas
787 2676 794 2700 ;
813 2675 874 2701 quae
888 2667 975 2694 facere
991 2667 1041 2694 de~

251 2711 332 2744 beat,
349 2713 506 2748 quibusque
525 2713 638 2745 servire,
659 2714 717 2740 sive
736 2712 765 2739 in
786 2713 901 2740 collecta
916 2713 1040 2739 onmium

252 2756 378 2790 fratrum,
393 2759 450 2786 sive
472 2759 500 2786 in
522 2759 603 2786 domo
623 2759 667 2786 cui
690 2759 840 2786 tradendus
860 2763 915 2790 est,
937 2758 996 2785 sive
1012 2759 1039 2785 in

251 2805 379 2830 vescendi
395 2805 491 2832 ordine
511 2814 517 2832 :
535 2810 567 2832 ut
586 2806 738 2832 instructus
754 2809 836 2839 atque
858 2805 996 2839 perfectus
1012 2804 1038 2832 in

251 2850 325 2878 onmi
341 2859 424 2879 onere
440 2851 513 2881 bono
524 2851 654 2881 fratribus
664 2852 818 2887 copuletur.
832 2851 894 2879 llzcc
908 2852 1038 2879 observa-

1089 254 1224 289 scriptum
1245 258 1299 287 est,
1312 258 1341 281 et
1353 253 1522 280 annuntians
1538 253 1706 280 senioribus.

1126 323 1244 351 XXVIII.
1263 323 1457 358 Septimanarii
1473 322 1507 350 ad
1523 322 1601 350 cibos
1622 321 1774 357 parandos,
1790 322 1833 349 vel
1848 323 1882 350 ad

1089 369 1235 396 luminaria
1248 368 1450 400 concinnanda,
1463 368 1505 395 vel
1523 368 1555 395 ad
1573 368 1678 395 ultores
1691 368 1842 398 faciendos,
1855 372 1884 395 et

1092 423 1153 449 qua:
1174 415 1207 442 ad
1229 414 1395 449 obsequium
1412 409 1534 449 ususque
1555 413 1715 441 monasterii
1732 415 1882 448 pertinent,

1092 467 1200 494 semper
1214 460 1302 495 parati
1318 460 1383 487 sint.
1401 459 1456 486 Hos
1474 459 1549 486 nulla
1566 459 1619 486 alia
1635 460 1786 486 necessitas
1798 467 1884 486 occu~

1092 510 1149 539 pet,
1171 505 1219 532 sed
1240 505 1267 531 in
1283 505 1336 531 hoc
1356 504 1477 531 studium
1492 504 1664 539 impendant,
1676 509 1706 531 ut
1719 512 1776 531 rem
1789 511 1884 531 susce-

1090 553 1164 581 ptam
1195 547 1301 574 utiliter
1324 552 1352 573 et
1379 547 1525 581 diligenter
1545 546 1689 580 impleant.
1714 545 1749 573 Et
1770 546 1792 573 si
1815 546 1883 580 quid

1089 592 1159 620 forte
1175 593 1303 620 nesciunt
1313 592 1346 619 de
1363 592 1406 620 his
1419 600 1480 627 qua:
1497 600 1577 627 agere
1589 592 1707 623 debent,
1725 591 1785 618 sine
1802 591 1884 618 dissi-

1089 638 1240 666 mulatione
1252 638 1378 666 seniores
1396 646 1461 665 suos
1474 644 1582 673 semper
1595 637 1774 672 interrogent.

1125 707 1221 734 XXIX.
1238 707 1270 734 Hi
1290 707 1382 741 itaque
1402 705 1505 741 quibus
1526 705 1688 740 disciplina,
1709 705 1751 732 vel
1768 705 1883 739 utilitas,

1089 754 1132 781 vel
1146 753 1251 788 opinio,
1272 753 1314 780 vel
1331 753 1496 787 obsequium
1516 752 1676 779 monasterii
1692 751 1830 784 creditur,
1843 752 1885 779 of—

1090 800 1151 827 ﬁcia
1165 800 1218 826 sibi
1243 799 1366 834 injuncta
1387 798 1505 825 ﬁdeliter
1518 797 1678 825 custodiant
1695 802 1723 824 et
1741 797 1882 832 impleant.

1093 847 1149 873 llos
1160 846 1234 873 enim
1255 853 1348 872 errare
1369 853 1424 872 non
1440 844 1531 876 decet,
1548 843 1596 878 qni
1614 843 1647 870 ad
1668 851 1764 870 omnes
1775 850 1886 870 errores

1053 877 1078 906 Β
1092 891 1281 919 emendandos
1299 890 1438 926 pnepositi
1462 894 1538 917 sunt.
1558 877 1610 922 Qui
1631 889 1655 916 si
1674 889 1716 916 vel
1742 888 1882 923 superbia,

1089 937 1132 964 vel
1146 937 1320 972 negligentia,
1333 937 1374 963 vel
1391 936 1498 963 desidia
1513 935 1605 970 aliqua
1626 943 1658 962 ex
1671 934 1714 962 his
1729 934 1884 969 p'rzetermi-

1090 983 1177 1011 serint
1190 991 1250 1018 qua:
1263 984 1289 1010 in
1307 982 1400 1017 regula
1413 982 1592 1009 continentur
1603 1002 1610 1012 ,
1625 989 1676 1015 per
1691 980 1821 1015 ipsosque
1837 980 1884 1007 de-

1089 1030 1206 1057 structio
1220 1037 1280 1057 esse
1296 1029 1409 1064 coeperit
1425 1036 1474 1063 per
1491 1035 1561 1062 quos
1573 1027 1656 1054 debet
1667 1026 1812 1053 aedificatio
1825 1033 1886 1053 cre-

1090 1084 1178 1109 scere,
1191 1076 1318 1102 omnibus
1330 1074 1607 1102 condetnnatiotiibus
1619 1081 1687 1108 quas
1702 1072 1796 1108 regula
1813 1080 1884 1099 con-

1092 1123 1172 1154 tinet,
1187 1122 1378 1158 subjacebunt.

1127 1190 1210 1218 XXX.
1230 1191 1306 1218 lnlcr
1324 1198 1420 1217 omnes
1442 1189 1539 1217 fratres
1558 1189 1611 1216 hoc
1631 1188 1834 1221 observabitur,
1853 1194 1884 1216 ut

1092 1236 1254 1263 obedientes
1268 1235 1427 1263 senioribus
1441 1235 1512 1267 suis,
1524 1239 1552 1262 et
1567 1234 1722 1262 deferentes
1740 1234 1792 1260 sibi
1813 1233 1884 1261 invi-

1093 1286 1163 1311 cem,
1175 1279 1296 1306 habeant
1310 1279 1480 1314 patientiam,
1497 1278 1726 1309 moderationem,
1743 1278 1883 1305 humilita-

1094 1329 1159 1354 tem,
1175 1324 1349 1357 charitatem,
1365 1332 1460 1359 pacein
1471 1324 1531 1351 sine
1545 1324 1674 1359 figmento
1684 1329 1711 1351 et
1727 1323 1882 1357 mendacio,

1092 1374 1120 1397 et
1133 1370 1337 1403 maledictione,
1356 1375 1383 1397 et
1400 1370 1579 1401 verbositate,
1599 1374 1626 1396 et
1639 1369 1750 1404 iurandi
1767 1377 1884 1396 consue—

1093 1414 1205 1441 tudine:
1221 1414 1257 1442 ita
1271 1420 1301 1442 ut
1319 1423 1400 1442 nemo
1414 1422 1494 1442 suum
1513 1414 1662 1449 quidquam
1679 1414 1810 1445 vindicet,
1831 1422 1881 1441 ne-

1091 1469 1145 1495 que
1160 1461 1233 1488 ullus
1245 1461 1349 1496 aliquid
1365 1460 1541 1496 peculiariter
1559 1465 1688 1494 usurpet;
1703 1460 1750 1487 sed
1764 1460 1884 1487 habeant

1092 1506 1185 1533 omnia
1198 1506 1366 1534 communia.

1130 1573 1227 1600 XXXI.
1245 1573 1308 1601 Sine
1325 1573 1464 1600 seniorum
1476 1573 1562 1600 verbo
1571 1577 1600 1600 et
1615 1572 1778 1600 auctoritate
1792 1572 1885 1599 nullus

1092 1619 1207 1646 fratrum
1231 1619 1382 1654 quidquam
1404 1622 1466 1653 agat
1484 1627 1491 1644 :
1512 1625 1603 1653 neque
1623 1618 1742 1652 accipiat
1761 1617 1883 1652 aliquid,

1091 1672 1182 1699 neque
1193 1665 1257 1697 det;
1272 1672 1361 1699 neque
1378 1672 1492 1699 usquam
1505 1672 1619 1700 prorsus
1632 1664 1772 1699 procedat.

1130 1731 1239 1758 XXXII.
1259 1731 1329 1759 Cum
1347 1739 1416 1758 vero
1431 1731 1542 1758 inventa
1562 1731 1647 1758 fuerit
1661 1732 1752 1766 culpa,
1772 1732 1818 1760 ille
1835 1733 1884 1767 qui

1096 1777 1241 1811 culpabilis
1248 1777 1399 1810 invenitur,
1409 1778 1575 1812 corripiatur
1583 1778 1617 1804 ab
1626 1778 1724 1805 abbate
1736 1779 1882 1806 secretius.

1095 1822 1173 1855 Quod
1189 1823 1212 1849 si
1225 1831 1279 1849 non
1295 1822 1395 1850 sullicit
1411 1822 1444 1850 ad
1461 1822 1683 1851 emendationem
1695 1845 1703 1856 ,
1719 1825 1885 1859 corripiatur

1095 1876 1110 1895 a
1127 1868 1221 1902 paucis
1240 1869 1408 1896 senioribus.
1426 1868 1504 1902 Quod
1521 1869 1543 1896 si
1559 1877 1609 1897 nec
1624 1870 1664 1897 sic
1682 1870 1882 1903 emendaverit,

1094 1913 1368 1946 exconnnunicetur;
1386 1917 1413 1940 et
1426 1921 1481 1940 non
1496 1914 1643 1942 manducet
1659 1915 1819 1950 quidquam.
1832 1916 1882 1943 Cui

1093 1959 1116 1986 si
1131 1968 1163 1987 ne
1182 1960 1234 1987 hoc
1253 1961 1364 1995 quidem
1385 1960 1538 1995 profuerit,
1552 1961 1578 1988 in
1597 1962 1721 1996 quolibet
1743 1963 1804 1989 loco
1822 1963 1882 1990 fue-

1092 2006 1138 2036 rit,
1154 2012 1310 2040 postremus
1330 2006 1402 2033 inter
1413 2014 1509 2034 omnes
1528 2007 1556 2034 in
1574 2007 1709 2042 psallendi
1723 2008 1820 2035 ordine
1831 2016 1882 2043 po-

1093 2056 1184 2078 natur.
1210 2051 1288 2084 Quod
1315 2052 1337 2078 si
1364 2052 1390 2079 in
1425 2053 1560 2087 pravitate
1594 2058 1774 2088 perseverat,
1799 2055 1882 2082 etiam

1091 2099 1225 2134 psallendi
1245 2100 1270 2127 ei
1290 2099 1406 2127 facultas
1428 2100 1579 2127 auferatur.
1602 2101 1689 2134 Quem
1712 2101 1735 2128 si
1759 2102 1802 2128 vel
1826 2101 1884 2129 lucc

1092 2145 1218 2172 confusio
1236 2153 1290 2173 non
1306 2147 1498 2178 commoverit,
1520 2147 1691 2174 abstineatur
1707 2156 1721 2174 a
1744 2153 1881 2175 conventu

1059 2188 1079 2215 Ι)
1093 2191 1207 2218 fratrum
1221 2199 1228 2223 ;
1244 2191 1281 2217 ita
1293 2196 1323 2218 ut
1335 2198 1386 2218 nec
1399 2199 1500 2218 mensa:
1512 2211 1519 2223 ,
1532 2199 1584 2219 nec
1596 2192 1684 2219 Missa:
1703 2192 1822 2224 intersit,
1837 2201 1885 2220 ne-

1093 2244 1146 2272 que
1162 2245 1224 2264 cum
1237 2245 1271 2264 eo
1288 2238 1361 2264 ullus
1377 2238 1462 2264 frater
1476 2238 1510 2265 de
1524 2238 1682 2274 junioribus
1697 2239 1882 2274 colloquatur.

1093 2282 1287 2310 Abstinebitur
1299 2288 1390 2310 autem
1410 2289 1463 2310 tam
1478 2283 1535 2316 diu,
1554 2292 1636 2318 quam
1647 2285 1694 2311 diu
1707 2285 1749 2312 vel
1765 2285 1884 2319 qualitas

1094 2329 1181 2363 culpae
1202 2329 1376 2363 poposcerit,
1394 2330 1546 2357 secundum
1569 2330 1676 2357 abbatis
1690 2338 1721 2357 ac
1741 2331 1882 2358 seniorum

1094 2374 1257 2406 arbitrium;
1287 2374 1331 2401 vel
1356 2382 1384 2402 se
1406 2383 1440 2402 ex
1464 2375 1546 2402 corde
1564 2376 1621 2410 'pro
1647 2376 1727 2411 culpa
1745 2377 1884 2412 paenitens

1094 2419 1280 2447 huntiliavcrit
1292 2441 1299 2450 ,
1317 2424 1345 2447 et
1358 2421 1465 2447 veniam
1482 2421 1584 2449 erroris
1604 2421 1646 2449 sui
1670 2423 1799 2450 omnibus
1814 2431 1883 2457 pne-

1093 2466 1217 2493 sentibus
1236 2466 1357 2501 petierit.
1386 2467 1464 2500 Quod
1493 2467 1515 2494 si
1542 2467 1569 2494 in
1599 2468 1710 2495 fratrem
1737 2469 1880 2504 peccavit,

1092 2512 1176 2538 etiam
1200 2512 1234 2538 ab
1256 2520 1289 2539 eo
1316 2512 1401 2539 fratre
1430 2513 1538 2540 veniam
1565 2518 1651 2548 petat,
1679 2514 1725 2541 cui
1753 2514 1880 2549 injuriam

1092 2557 1168 2584 fecit.

1127 2612 1247 2640 XXXIII.
1269 2613 1297 2640 Si
1314 2613 1377 2648 quis
1394 2615 1482 2641 errori
1504 2616 1564 2650 ejus
1583 2617 1774 2648 consenserit,
1794 2622 1822 2643 et
1837 2624 1881 2643 se-

1092 2659 1213 2686 cundum
1237 2659 1367 2686 duritiam
1389 2661 1464 2688 illius
1485 2661 1573 2695 magis
1590 2662 1734 2689 consilium
1761 2662 1879 2694 dederit,

1093 2709 1123 2731 ut
1137 2714 1166 2732 se
1183 2706 1290 2733 tardius
1305 2706 1443 2739 ltnmiliet,
1462 2707 1531 2734 sciat
1545 2716 1574 2735 se
1594 2715 1656 2735 cum
1674 2708 1701 2735 in
1718 2709 1770 2736 hoc
1784 2716 1880 2736 errore

1094 2751 1175 2778 fuerit
1192 2751 1396 2786 dcpreltemus,
1415 2752 1496 2780 simili
1520 2754 1602 2780 modo
1626 2754 1789 2788 culpabilem
1807 2755 1882 2789 judi-

1092 2797 1221 2824 candum.

1133 2852 1252 2881 XXXIV.
1268 2852 1325 2880 Iloc
1336 2853 1419 2881 etiam
1433 2853 1589 2891 addendum
1605 2854 1675 2889 fuit;
1691 2860 1722 2883 ut
1739 2855 1823 2885 frater
1833 2856 1881 2891 qui
