2075 3155
189 158 243 189 983

814 165 969 197 REGULA
989 167 1230 199 ORIENTALIS.

1764 176 1817 208 993

189 211 238 238 pro
251 202 373 238 qualibet
383 203 463 238 culpa
476 205 601 240 arguitur
613 206 656 233 vel
672 206 829 243 increpatur
839 231 846 241 ,
868 212 974 245 patien-
987 213 1013 242 Α
1025 213 1162 248 Evangelii
1183 219 1360 249 prmecptum,
1373 220 1401 243 et
1414 217 1577 251 praebebunt
1593 219 1633 246 eis
1645 221 1740 248 omnia

187 249 253 276 tiam
272 249 382 281 habeat,
400 253 428 276 et
446 257 501 276 non
522 251 688 285 respondeat
708 255 833 288 arguenti
853 263 882 283 se
901 265 908 283 :
926 257 974 284 sed

187 295 314 322 humiliet
331 302 361 322 se
374 295 401 321 in
417 295 557 328 omnibus,
577 301 606 324 et
621 298 760 326 emendet.

220 360 329 388 XXXV.
356 360 383 388 Si
400 369 467 388 vero
485 361 570 390 fuerit
581 363 682 398 aliquis
695 368 750 392 lam
767 365 855 394 durus
873 371 901 394 et
920 371 975 395 tam

185 407 294 434 alienus
310 415 325 434 a
341 407 440 434 timore
455 408 576 439 Domini.
597 414 627 437 ut
642 414 682 437 tot
703 411 933 446 castigationibus
947 418 975 440 et

184 456 225 479 tot
238 452 447 479 remissionibus
463 461 516 480 non
531 455 671 487 emendet,
688 456 851 491 projiciatur
865 457 899 484 de
916 465 975 484 mo-

186 498 326 530 nasterio,
351 502 379 524 et
396 498 473 526 velut
499 504 648 529 estraneus
674 501 832 529 habeatur:
853 511 888 530 ne
909 504 975 531 vitio

184 543 271 579 ipsius
286 544 333 571 alii
349 544 554 578 periclitentur.

218 611 338 639 XXXVI.
359 611 437 645 Quod
459 613 483 640 si
503 613 602 648 aliquis
621 614 730 643 locutus
746 615 851 649 fuerit,
874 617 917 644 vel
937 617 976 645 ri-

184 657 251 684 serit
279 658 307 684 in
330 658 477 691 vescendo,
504 659 678 694 increoctur,
701 667 730 689 et
753 667 815 698 agat
837 663 975 698 pmniten-

184 703 260 729 tiam.

218 770 349 798 XXXVII.
371 771 398 799 Si
410 771 472 806 quis
486 772 521 800 ad
537 773 761 801 manducandum
776 775 882 803 tardius
893 784 975 804 vene.

183 816 220 843 rit
235 816 337 851 absque
351 817 463 852 majoris
478 818 604 853 imperio,
621 820 748 848 similiter
761 827 821 856 agat
836 822 975 856 pmniten-

184 862 262 895 tiam,
281 868 330 890 aut
343 863 375 891 ad
389 864 486 891 cellam
501 872 579 892 suam
589 866 698 902 jejunus
718 872 882 895 revertatur.

217 930 359 958 XXXVIII.
380 931 409 959 Si
424 932 528 967 aliquid
545 935 731 961 necessarium
751 935 835 962 fuerit
852 936 879 962 in
893 943 971 962 men-

183 983 226 1007 sa,
243 983 324 1003 nemo
338 977 451 1005 audebit
464 978 553 1014 loqui,
569 979 617 1006 sed
630 980 852 1008 ministrantibus
862 982 970 1016 signum

184 1021 244 1048 soni
264 1022 349 1049 dabit.
373 1023 489 1052 Ministri
510 1032 576 1051 vero
596 1025 699 1059 absque
719 1026 762 1053 lIlS
781 1034 841 1061 qua:
856 1027 883 1053 in
896 1035 972 1054 com—

181 1075 264 1094 mme
284 1067 416 1096 fratr-bus
436 1075 589 1104 praeparata
607 1076 681 1103 sunt,
699 1072 767 1098 nihil
788 1072 863 1099 aliud
878 1080 971 1100 come-

181 1112 257 1146 dant,
269 1121 319 1141 ne:
331 1118 450 1142 mutatos
468 1116 545 1143 cibos
559 1116 611 1143 sibi
628 1117 748 1144 audeant
763 1125 931 1153 praeparare.

216 1180 337 1208 XXXIX.
355 1181 441 1208 Nemo
456 1182 518 1217 plus
533 1183 614 1210 alteri
625 1183 701 1211 dabit
712 1192 795 1219 quam
808 1185 877 1212 alter
891 1193 971 1213 acce-

180 1225 238 1260 pit:
258 1226 331 1261 quod
343 1227 364 1253 si
384 1228 545 1255 obtenditur
560 1229 715 1262 inlirmitas,
738 1230 902 1265 praepositus
919 1231 970 1258 do-

181 1279 242 1298 mus
255 1278 349 1307 perget
359 1273 392 1300 ad
405 1273 545 1301 ministros
559 1275 763 1309 aagrotantium,
773 1281 801 1303 et
811 1276 846 1304 ab
857 1276 899 1304 his
909 1284 970 1312 quae

181 1319 335 1346 necessaria
352 1325 416 1346 sunt
431 1321 558 1355 accipiet.
578 1352 580 1355 ι

215 1387 272 1413 XL.
291 1387 407 1420 Quando
423 1387 456 1415 ad
472 1389 573 1416 ostium
597 1390 759 1418 monasterii
779 1391 864 1426 aliqui
885 1399 970 1419 vene-

181 1433 246 1463 rint.
264 1433 287 1460 si
307 1434 400 1461 clerici
415 1434 517 1462 fuerint
531 1440 578 1463 aut
595 1437 734 1469 monachi.
752 1438 847 1472 majori
863 1437 969 1465 honore

181 1479 368 1514 suscipientur
394 1489 400 1507 :
429 1481 615 1517 lavabuntque
641 1482 726 1517 pedes
752 1490 869 1516 eorum,
892 1484 969 1519 juxta

218 1577 272 1612 (9.8)
288 1578 549 1606 Psiatho.Psiatnum
564 1581 621 1607 sive
637 1579 786 1613 Psuthium,
820 1584 862 1608 est
892 1585 967 1615 teges

181 1613 239 1651 sive
256 1618 356 1645 storea,
370 1622 407 1651 ex_
421 1615 505 1651 junco
519 1615 577 1642 sive
589 1623 691 1651 papyro
701 1616 836 1648 confecta,
849 1623 902 1651 qua
920 1613 968 1648 pro

181 1647 254 1678 lecto
267 1653 295 1677 et
305 1647 428 1685 stragulo
443 1647 740 1678 utebantur'm'o'nachi.
757 1651 817 1679 Vid.
838 1647 969 1687 lt'oswey-

1028 263 1091 293 apta
1113 264 1177 286 sunt
1194 261 1256 287 usui
1272 261 1479 290 monachorum.

1062 326 1131 354 XLI.
1152 327 1181 354 Si
1204 329 1266 363 quis
1282 330 1315 357 ad
1333 332 1435 359 ostium
1454 333 1614 361 monasterii
1635 335 1754 368 venerit,
1778 336 1820 363 di-

1028 380 1094 400 cens
1106 373 1174 401 velle
1189 382 1218 402 se
1230 375 1324 403 videre
1337 375 1447 404 fratrem
1460 385 1540 405 suum
1552 378 1594 406 vel
1620 381 1817 415 propinquum,

1026 417 1129 453 janitor
1143 421 1283 448 nuntiahit
1302 422 1406 455 abbati,
1418 428 1446 450 et
1457 425 1634 458 permittente
1648 433 1682 452 eo
1701 426 1818 461 accipiet

1028 464 1156 492 comitem
1170 466 1249 501 cujus
1263 467 1330 494 fides
1346 468 1459 502 probata
1474 475 1534 503 est;
1550 475 1578 498 ct
1591 471 1631 498 sic
1643 472 1770 499 mittetur
1783 473 1817 500 ad

1029 507 1142 536 fratrem
1158 509 1307 537 videndum
1320 511 1362 538 vel
1375 512 1542 546 proximum.

1063 575 1143 602 XLII.
1163 575 1191 603 Si
1217 577 1391 612 propinquus
1415 579 1533 614 alicujus
1558 587 1685 609 mortuus
1709 583 1814 615 fuerit,

1027 622 1214 656 prosequendi
1231 623 1314 651 funus
1328 632 1384 651 non
1403 625 1516 652 habebit
1532 626 1684 661 licentiam,
1696 628 1749 656 nisi
1767 629 1817 656 Pa.

1028 672 1070 695 ter
1086 669 1245 695 monasterii
1261 671 1432 705 praeceperit.

1063 734 1154 762 XLIII.
1175 735 1272 764 Nullus
1288 737 1322 765 de
1342 738 1424 766 horto
1437 739 1515 766 tollat
1533 740 1619 772 olera,
1637 740 1689 768 nisi
1702 741 1736 768 ab
1753 741 1818 769 lior-

1027 780 1121 807 tulano
1135 783 1283 817 acceperit.

1061 847 1153 876 XLIV.
1173 849 1259 876 Nemo
1271 850 1349 878 alteri
1365 851 1493 886 loquatur
1513 853 1540 880 in
1562 854 1703 881 tenebris:
1722 855 1816 882 nullus

988 890 1010 919 Β
1024 892 1052 919 in
1065 894 1238 930 psiatho(28)
1254 902 1315 922 cum
1326 896 1413 923 altero
1426 897 1545 925 dormiat
1560 908 1567 925 :
1579 907 1689 927 manum
1702 901 1817 930 alterius

1022 947 1103 966 nemo
1117 945 1227 967 teneat:
1246 941 1293 968 sed
1313 942 1370 969 sive
1389 945 1497 971 steterit
1510 965 1516 976 ,
1540 944 1598 972 sive
1618 946 1810 979 ambulaverit,

1021 985 1079 1012 sive
1096 986 1209 1019 sederit,
1226 995 1281 1014 uno
1294 987 1388 1014 cubito
1402 988 1486 1016 distet
1504 989 1539 1016 ab
1555 991 1653 1017 altero.

1056 1053 1135 1081 XLV.
1155 1053 1184 1081 Si
1198 1055 1260 1089 quis
1272 1055 1366 1083 tulerit
1380 1063 1437 1083 rem
1452 1063 1508 1083 non
1520 1065 1609 1089 suam,
1626 1063 1745 1092 ponetur
1760 1066 1807 1085 su-

1020 1106 1069 1133 per
1085 1099 1216 1127 humeros
1230 1101 1305 1136 ejus;
1321 1107 1350 1129 et
1364 1101 1404 1129 sic
1422 1107 1483 1138 agat
1498 1104 1687 1137 pmnitentiam
1701 1104 1812 1139 publice

1020 1143 1050 1170 in
1068 1144 1195 1175 collecta.

1055 1210 1146 1238 XLVI.
1176 1211 1204 1239 Si
1218 1213 1380 1247 pratpositus
1394 1194 1495 1249 injuste
1505 1214 1683 1249 judicaverit,
1700 1217 1810 1251 injusti-

1021 1257 1066 1284 tia:
1078 1257 1113 1284 ab
1127 1257 1189 1285 aliis
1202 1259 1443 1287 condemnabitur.

1055 1333 1158 1361 XLVII.
1179 1333 1230 1367 Qui
1243 1335 1381 1363 consentit
1399 1337 1529 1371 peccatis,
1545 1341 1573 1364 et
1590 1338 1714 1366 defendit
1728 1340 1811 1366 alium

1020 1379 1238 1415 delinquentem,
1253 1381 1414 1409 maledictus
1432 1383 1486 1410 erit
1497 1384 1569 1418 apud
1583 1384 1666 1411 Deum
1679 1389 1708 1412 et
1721 1386 1811 1413 homi-

1019 1432 1079 1459 nes,
1094 1429 1123 1453 et
1133 1426 1298 1461 corripietur
1314 1427 1502 1462 increpatione
1521 1429 1706 1458 severissima.

1024 1579 1089 1607 dum
1109 1579 1136 1605 in
1158 1578 1295 1606 Onomast.
1322 1579 1355 1606 ad
1370 1578 1424 1606 Vit.
1443 1579 1494 1606 PP.
1515 1578 1593 1611 1055,
1609 1584 1638 1607 et
1651 1578 1810 1607 Menardnm

1022 1614 1056 1641 ad
1071 1613 1245 1641 Concordiam
1261 1613 1367 1648 Regul.,
1389 1622 1450 1648 pag.
1466 1614 1526 1641 758.
1545 1615 1677 1642 HOLS’I‘BN.
1687 1630 1719 1636 ~—
1731 1614 1811 1642 Vide-

1022 1649 1061 1677 sis
1071 1649 1202 1685 Cangium
1220 1650 1249 1676 in
1269 1649 1414 1682 Glossario,
1433 1657 1459 1676 v.
1475 1649 1618 1678 Psiatium.
