2075 3155
278 149 327 183 991
856 149 905 180 AD
922 147 1102 180 PALLADII
1120 148 1337 179 LAUSIACAM
1848 150 1902 181 992

591 257 1886 274 W

826 365 1349 457 PALLADII

670 546 1206 595 HELENOPOLITANI
1245 547 1516 594 EPISCOPI

587 703 1045 784 HISTORIA
1099 701 1596 783 LAUSIAGA.

686 972 951 1011 PREFATIO
979 971 1011 1011 G
1020 972 1138 1011 ENTI
1149 972 1232 1010 AN]
1274 969 1510 1010 HEBVETI.

317 1193 364 1222 De
379 1191 606 1223 monachorum
618 1192 694 1228 vita,
708 1193 852 1224 moribus
867 1197 897 1224 et
913 1193 1081 1230 institutis,
1093 1201 1166 1224 cum
1184 1193 1275 1224 multi
1290 1193 1388 1224 multa
1399 1192 1535 1233 sparsim
1551 1191 1739 1231 scripserint
1757 1215 1764 1221 .
1778 1191 1904 1222 Lausus

278 1242 473 1281 prtepositus
512 1242 625 1274 utilem
657 1243 853 1274 historiam:
881 1243 1052 1274 Cassianus
1089 1243 1277 1274 collationes
1306 1253 1315 1274 :
1346 1243 1547 1282 Sophronias
1586 1241 1904 1282 Hierosolymitanus

278 1299 424 1334 paratum
446 1299 476 1326 et
501 1303 619 1326 novum
639 1295 819 1334 paradisum
846 1295 940 1327 titulo
964 1296 1100 1326 ediderit
1118 1307 1125 1326 :
1146 1296 1363 1336 Hieronymus
1383 1296 1566 1335 aliquorum
1584 1296 1663 1326 vitas
1681 1303 1688 1325 :
1706 1293 1844 1324 Basilius
1871 1292 1903 1322 in

279 1347 417 1377 ascetico
433 1347 560 1386 regulas
579 1357 586 1377 :
607 1348 777 1378 Damianus
790 1352 820 1378 ct
836 1348 905 1379 Odo
927 1357 977 1378 res
999 1352 1103 1388 gestas
1121 1360 1128 1378 :
1143 1349 1207 1379 duo
1226 1352 1330 1379 tamen
1353 1347 1554 1379 celeberrimi
1579 1351 1610 1378 et
1632 1347 1735 1386 magni
1762 1343 1904 1376 nominis
1959 1383 1962 1386 ί

277 1401 434 1432 audores,
453 1398 613 1429 Palladius
630 1402 660 1429 et
676 1399 909 1436 Theodoretus,
926 1409 960 1430 ea
980 1400 1157 1430 litterarum
1179 1400 1386 1431 monimentis
1411 1401 1652 1434 mandaverunt,
1672 1407 1744 1439 quas
1764 1398 1853 1437 (cum
1878 1397 1900 1426 ii

278 1449 318 1478 de
335 1448 454 1487 quibus
476 1449 632 1484 scribunt,
659 1450 790 1489 Sytiotaa
812 1454 842 1480 et
863 1451 1064 1480 'l‘abensiotaa
1083 1451 1247 1488 videlicet,
1277 1451 1326 1482 vel
1355 1451 1481 1482 illorum
1503 1450 1715 1490 temporibus,
1734 1449 1783 1480 vel
1806 1448 1904 1486 paulo

278 1501 351 1527 ante
376 1505 486 1527 eorum
511 1502 652 1536 tempora
676 1499 829 1538 vixerint)
853 1503 906 1530 aut
921 1507 937 1529 a
955 1499 1031 1529 viris
1057 1500 1118 1530 ﬁde
1135 1501 1241 1540 dignis
1264 1501 1318 1540 qui
1341 1510 1377 1531 ea
1395 1501 1554 1538 viderant,
1576 1508 1744 1539 accepere,
1767 1502 1820 1530 aut
1840 1498 1905 1538 ipsi

279 1548 348 1578 suis
369 1548 473 1578 oculis
493 1552 665 1586 pressantes
688 1558 892 1588 perspexere.
914 1550 1059 1587 Quorum
1080 1550 1160 1581 alter
1181 1550 1324 1590 quidem,
1347 1559 1461 1589 nempe
1486 1550 1661 1585 Palladius,
1678 1554 1770 1580 antea
1794 1549 1905 1580 Latine

282 1607 405 1635 versus,
435 1599 496 1629 sub
522 1600 702 1630 Heraclidis
730 1601 859 1631 nomine
885 1601 915 1631 in
942 1601 1043 1631 lucem
1059 1601 1149 1637 exiit,
1166 1601 1223 1632 sed
1247 1609 1311 1632 non
1340 1600 1475 1639 integer,
1493 1609 1565 1630 cum
1589 1600 1622 1630 in
1651 1608 1690 1630 eo
1714 1599 1786 1638 plus
1806 1607 1904 1639 quam

280 1649 408 1687 triginta
427 1650 498 1680 vitm
520 1650 755 1682 desiderentur.
779 1651 888 1690 Itaque
915 1660 977 1682 non
998 1652 1075 1682 satis
1098 1651 1194 1682 habui
1220 1651 1250 1681 id
1268 1651 1352 1691 quod
1376 1652 1405 1682 ei
1426 1651 1545 1686 deerat,
1562 1649 1726 1689 supplere,
1742 1649 1804 1680 nisi
1828 1657 1905 1679 eum

279 1701 387 1732 denuo
411 1710 427 1731 a
451 1702 551 1740 capite
585 1706 751 1734 verterem.
776 1703 843 1733 Hoc
869 1708 974 1734 autem
1000 1712 1072 1734 esse
1093 1711 1175 1743 Opus
1201 1703 1346 1739 Palladii,
1370 1711 1465 1734 nemo
1489 1702 1681 1733 dubitaverit
1709 1702 1764 1740 qui
1790 1701 1906 1739 legerit

279 1755 372 1789 caput
388 1752 441 1788 ἰώ,
461 1751 515 1782 lib.
529 1762 551 1782 ιι
573 1753 789 1783 ecclesiastica:
817 1754 969 1785 Historia
989 1754 1162 1793 Nicephori
1181 1765 1188 1784 :
1206 1753 1379 1790 Palladius,
1407 1753 1524 1793 inquit,
1553 1753 1684 1792 Evagrii
1713 1751 1905 1791 discipulus,

279 1800 360 1830 r'itas
383 1807 563 1832 sanctorum
581 1804 695 1842 optime
719 1804 879 1843 exposuit.
906 1805 975 1834 Non
998 1804 1192 1835 dubitaverit
1215 1804 1310 1835 etiam
1334 1805 1389 1844 qui
1415 1804 1528 1843 legerit
1549 1812 1617 1842 cap.
1645 1802 1715 1833 libri
1731 1811 1796 1832 vm.
1814 1802 1901 1832 Hist.

284 1851 375 1890 Trip.
399 1853 484 1884 Cass.
504 1857 533 1884 et
556 1855 594 1884 23
630 1854 768 1884 Socratis
794 1855 974 1885 scholastici
1002 1867 1009 1886 :
1034 1856 1089 1894 qui
1121 1856 1257 1895 loquens
1284 1856 1323 1886 de.
1348 1856 1466 1887 sanctis
1492 1855 1531 1886 de
1562 1855 1682 1894 quibus
1709 1853 1803 1892 paulo
1827 1858 1901 1884 ante

280 1902 466 1940 scripserat,
482 1903 547 1934 haec
562 1904 639 1934 dicit
656 1916 662 1934 :
681 1905 716 1935 Si
730 1905 800 1944 quis
821 1911 923 1935 autem
949 1906 1024 1936 velit
1044 1907 1124 1936 scire
1142 1916 1176 1936 ea
1195 1915 1261 1946 quin
1280 1907 1343 1946 ipsi
1361 1907 1479 1946 egerint
1507 1911 1535 1936 et
1552 1905 1700 1945 fecerint,
1724 1909 1751 1934 et
1774 1913 1840 1943 qure
1863 1904 1905 1932 ad

280 1961 388 1981 eorum
415 1954 470 1992 qui
499 1953 689 1991 audierunt,
717 1955 815 1985 locuti
830 1956 895 1985 sint
922 1956 1109 1992 utilitatem,
1141 1960 1170 1986 et
1189 1956 1444 1996 quemadmodum
1476 1956 1519 1986 eis
1547 1954 1707 1985 obcdircnt
1738 1953 1857 1986 bestia:
1886 1964 1906 1982 (ι

279 2000 424 2034 Palladio
447 2006 596 2035 monacho
622 2006 761 2044 scriptus
789 2011 833 2036 est
864 2005 944 2035 liber
965 2015 1063 2041 unus,
1089 2006 1144 2044 qui
1166 2006 1300 2045 Evagrii
1327 2006 1449 2046 quidem
1478 2010 1545 2036 erat
1569 2004 1748 2044 discipulus
1770 2014 1780 2033 :
1801 2003 1837 2033 de
1862 2003 1904 2033 iis

280 2059 380 2083 autem
396 2056 499 2085 omnia
513 2061 658 2086 accurate
671 2057 879 2095 pertractavit
896 2067 906 2086 :
921 2057 955 2086 in
968 2065 1027 2095 quo
1044 2057 1135 2086 etiam
1152 2057 1289 2087 meminit
1301 2056 1465 2087 mulierum
1481 2065 1547 2096 quw
1562 2065 1623 2095 par
1633 2055 1703 2086 υἰιιε
1722 2055 1904 2085 institutum

281 2113 350 2133 cum
364 2105 442 2134 viris
456 2106 550 2143 prius
566 2105 659 2136 dictis
675 2110 888 2144 susceperunt.
912 2105 1006 2142 Quod
1027 2109 1132 2135 autem
1151 2105 1202 2136 hic
1222 2105 1302 2136 liber
1318 2106 1455 2145 scriptus
1471 2106 1512 2136 sit
1527 2106 1565 2136 ad
1580 2107 1716 2135 Lausum
1727 2128 1734 2141 ,
1752 2104 1903 2143 probatur

281 2155 465 2185 testimonio
480 2157 613 2186 Joannis
629 2158 815 2187 Damasceni
830 2156 862 2186 in
881 2156 961 2187 libro
979 2157 1035 2196 qui
1052 2156 1236 2187 inscribitur
1253 2168 1260 2187 :
1276 2158 1320 2187 De
1336 2157 1377 2188 iis
1392 2158 1444 2196 qui
1460 2158 1492 2187 in
1511 2156 1571 2196 ﬁde
1585 2156 1791 2186 dormierunt.
1809 2155 1902 2191 Quod

281 2203 309 2233 si
333 2205 405 2243 quis
421 2205 557 2242 dixerit,
585 2206 616 2236 id
640 2207 727 2245 quod
753 2207 889 2238 Macario
907 2207 946 2237 ab
971 2215 1009 2237 eo
1032 2207 1213 2244 ascribitur,
1241 2216 1303 2238 non
1330 2207 1471 2238 inveniri
1500 2207 1532 2237 in
1560 2207 1618 2236 hoc
1641 2210 1750 2236 nostro
1770 2205 1901 2243 Opere:

281 2253 420 2284 duorum
444 2254 580 2286 alterum
607 2264 736 2286 necesse
757 2261 821 2292 est,
837 2256 884 2286 vel
905 2256 937 2286 id
966 2255 1067 2286 fuisse
1089 2256 1119 2286 in
1146 2257 1205 2288 hcc
1233 2266 1330 2296 opere
1355 2262 1496 2295 tempore
1522 2256 1724 2292 Damasceni,
1749 2259 1778 2286 et
1802 2254 1905 2284 fuisse

282 2310 390 2343 postea
405 2307 444 2337 ab
467 2307 615 2338 haeretica
635 2307 745 2347 aliquo
767 2308 923 2339 malitiose
941 2308 1102 2338 sublatum
1118 2309 1182 2340 :vel
1201 2318 1273 2340 cum
1290 2309 1405 2340 librum
1417 2308 1673 2348 quiiuscribitur
1687 2319 1694 2338 :
1706 2308 1748 2338 De
1759 2307 1906 2337 doctrina

280 2355 428 2394 Patrum,
453 2358 555 2390 fuisse
575 2359 670 2390 etiam
694 2359 834 2390 Palladio
857 2359 1072 2397 conscriptum
1095 2370 1102 2390 :
1123 2369 1220 2398 quem
1247 2363 1368 2390 constat
1394 2359 1496 2390 fuisse
1520 2368 1537 2390 e
1561 2360 1671 2390 Graeco
1695 2366 1904 2391 conversum:

281 2415 365 2444 cum,
382 2407 422 2438 de
438 2408 539 2446 capite
556 2408 685 2445 mortui,
700 2408 889 2439 miraculum
906 2409 993 2448 quod
1012 2409 1150 2440 Macario
1171 2410 1300 2440 ascribit
1316 2410 1543 2445 Damascenus,
1561 2409 1675 2439 iisdem
1691 2408 1798 2438 verbis
1814 2409 1846 2437 in
1865 2415 1905 2437 eo

280 2465 377 2496 opere
400 2457 564 2493 referatur,
591 2458 673 2488 libro
699 2462 829 2497 quarto,
856 2459 957 2497 capite
979 2459 1018 2489 de
1041 2459 1197 2498 exemplis
1219 2463 1248 2489 et
1272 2459 1426 2489 doctrinis
1449 2459 1521 2490 vita;
1543 2459 1734 2498 spiritualis.
1764 2459 1833 2489 Non
1856 2462 1904 2488 est

279 2513 384 2539 autem
401 2510 486 2548 quod
509 2518 526 2540 a
551 2509 690 2540 Palladio
715 2515 824 2539 nostro
844 2509 1052 2540 Cicoroniana
1076 2514 1277 2548 exspectetur
1300 2509 1496 2548 eloquentia.
1522 2511 1598 2540 Nam
1622 2517 1694 2539 cum
1717 2509 1786 2546 ipse
1814 2509 1905 2539 nullo

279 2559 422 2590 adhibito
443 2560 597 2590 orationis
619 2563 822 2594 ornamento.
840 2560 1021 2599 humilique
1037 2569 1072 2591 ac
1097 2561 1188 2599 plane
1214 2559 1339 2598 plebeio
1367 2560 1469 2600 stylo;
1495 2560 1583 2590 visus
1605 2568 1676 2590 sum
1699 2559 1776 2589 mihi
1800 2559 1905 2589 ﬁdelis

279 2610 467 2648 interpretis
483 2619 544 2640 non
557 2609 724 2641 iuncturus
741 2611 856 2647 oﬂicio,
874 2610 901 2640 si
918 2610 1011 2641 aliter
1027 2611 1194 2640 vertissem
1211 2618 1306 2649 quam
1321 2610 1514 2649 scripsisset.
1532 2612 1613 2649 Lege
1635 2619 1711 2650 ergo
1730 2619 1792 2640 non
1811 2614 1844 2640 ut
1862 2619 1901 2640 ex

279 2661 351 2700 ejus
380 2661 516 2692 lectione
542 2661 586 2692 sis
602 2661 816 2701 eloquentior,
841 2661 897 2692 sed
924 2665 957 2692 ut
979 2660 1104 2699 melior,
1129 2665 1159 2691 et
1176 2662 1206 2691 in
1234 2661 1273 2691 iis
1295 2670 1367 2700 quasi
1389 2661 1426 2692 ad
1453 2661 1602 2700 pietatem
1626 2665 1657 2692 et
1682 2661 1906 2700 pulcherrima)

280 2711 425 2742 historias
451 2710 670 2749 cognitionem
702 2711 879 2749 pertinent,
911 2709 1088 2746 eruditior,
1117 2710 1261 2741 imitatus
1280 2711 1430 2741 videlicet
1462 2711 1555 2741 vitam
1586 2711 1762 2750 angelicam
1791 2719 1903 2741 eorum

280 2761 434 2797 virorum,
454 2761 510 2800 qui
528 2761 561 2792 in
582 2769 675 2791 carne
691 2761 798 2791 minus
821 2760 978 2791 carnalem
1003 2760 1111 2797 vitam,
1134 2761 1189 2790 sed
1213 2760 1388 2799 angelicam
1408 2762 1566 2800 degerunt
1583 2771 1590 2791 :
1605 2761 1696 2800 juxta
1719 2761 1903 2800 exemplum

282 2812 369 2851 quod
385 2816 416 2842 et
432 2813 489 2843 tibi
507 2812 674 2851 prOposuit
690 2811 893 2842 Theodosius
913 2811 1059 2850 princeps
1077 2811 1230 2850 optimus,
1247 2812 1304 2851 qui
1325 2815 1438 2851 quarto
1457 2812 1602 2851 cujusvis
1620 2812 1828 2843 hebdomadis
1851 2812 1904 2841 die

283 2860 456 2899 iejunabat,
474 2861 611 2900 hymnos
625 2861 776 2903 Deolcum
787 2861 952 2893 sororibus
961 2862 1094 2893 alternis
1106 2862 1248 2899 canebat,
1263 2866 1293 2893 et
1310 2871 1349 2894 ne
1365 2862 1404 2893 ab
1420 2863 1575 2894 asceterio
1591 2861 1819 2893 monachorum
1831 2863 1899 2893 aula
