2075 3155
210 152 260 184 993
723 151 908 182 GENTIANI
928 150 1097 182 HERVETI
1117 150 1324 181 PR/EFATIO.
1787 157 1839 189 994

205 217 263 241 sua
275 207 431 245 diﬂ‘erret,
446 206 581 247 spiritus
594 205 688 238 verba
699 215 826 245 semper
836 206 869 237 in
885 214 939 237 ore
955 206 1078 243 habuit,
1095 214 1166 237 cum
1180 205 1341 245 episcOpis
1357 207 1387 237 et
1399 204 1617 236 sacerdotibus
1630 212 1836 245 congressus,

206 260 361 292 obscuros
380 260 477 295 locos,
495 262 591 298 τρίφα,
607 262 638 290 et
651 258 753 289 nodos
765 257 1012 297 Scripturarum,
1026 256 1110 287 haud
1126 257 1219 287 aliter
1229 264 1324 296 quam
1337 255 1363 286 si
1377 255 1476 286 sacris
1492 254 1563 293 ipse
1577 254 1723 286 initiatus
1735 259 1836 292 esset,

209 310 379 349 explicuit,
396 313 491 341 noctu
507 309 596 341 libris
611 309 755 350 legendis
771 312 923 348 αὐτόματον
940 307 1028 339 lucer

1019 316 1103 338 rnam
1114 307 1318 347 excogitavit,
1334 310 1496 346 ἀοργησίαν,
1513 306 1546 337 id
1565 311 1630 344 est,
1644 306 1838 346 injuriarum

208 361 447 397 remissionem,
464 361 600 392 invexit.
615 361 802 392 Sacerdotes
815 359 895 390 adeo
911 359 1035 396 dilexit,
1052 361 1088 390 ut
1107 358 1251 398 episcopi
1271 357 1506 391 Chebronensis
1526 357 1670 390 defuncti
1691 355 1843 395 sagulum
1862 396 1866 400 η

209 411 272 441 sub
290 411 452 451 imperiali
468 411 637 452 chlamyde
655 411 826 451 gestaverit
841 423 849 441 :
867 411 947 442 tanti
968 410 1044 441 fecit
1065 409 1250 446 monachos,
1273 413 1309 440 ut
1328 418 1346 441 a
1365 410 1506 450 quodam
1527 408 1840 443 excommunicatus,

207 461 263 492 cui
277 461 445 501 quidpiam
462 462 689 501 denegaverat,
713 469 778 493 non
802 461 893 501 prius
914 461 1021 492 cibum
1047 459 1222 500 sumpserit
1240 468 1336 500 quam
1360 460 1400 491 ab
1416 461 1530 492 eodem
1551 461 1609 491 diu
1635 459 1841 497 multumque

210 511 360 551 quassito,
374 511 515 542 vinculis
530 511 658 542 solutus
674 513 770 542 esset.
784 510 873 541 Vixit
888 513 995 541 autem
1010 509 1172 541 Palladius
1188 509 1366 549 imperante
1381 510 1578 542 Theodosio.
1590 510 1681 541 Vale.
1856 530 1862 561 ι

246 561 284 592 Ut
313 561 412 600 probe
439 569 565 598 noscas,
596 561 705 598 lector,
725 561 874 600 quisnam
903 560 1065 592 Palladius
1091 559 1204 597 fuerit,
1229 560 1336 600 accipe
1367 561 1491 600 judicia
1523 562 1650 592 Patrum
1688 561 1728 591 de
1757 560 1842 600 ipso.

205 614 342 645 Sanctus
360 612 596 651 Hieronymus,
615 612 707 652 cujus
723 611 756 643 in
781 611 840 642 hac
863 620 897 642 re
914 612 1076 652 judicium
1100 612 1212 651 probat
1229 616 1358 643 sanctus
1382 612 1531 643 Gelasius
1549 613 1581 646 Ι,
1605 611 1792 650 prmfatione
1808 611 1845 643 in

205 663 290 695 libro
305 667 462 694 adversus
478 663 681 703 Pelagianos,
702 663 745 693 ait
764 674 771 693 :
791 662 956 694 Palladius
971 662 1097 693 servilis
1112 663 1260 701 nequitite
1279 663 1421 694 heresim
1438 663 1641 702 Pelagianam
1663 663 1844 694 instaurare

205 718 336 745 conatus
352 719 408 744 est.
424 715 558 745 Sanctus
574 714 774 753 Epiphanius
791 714 886 753 epist.
905 713 942 744 ad
957 715 1113 744 Joannem
1133 713 1419 753 Hierosolymitan.
1447 714 1494 745 sic
1515 714 1645 753 inquit:
1665 713 1845 744 Palladium

204 773 278 795 vero
298 764 453 799 Galatam,
469 764 524 802 qui
542 763 696 803 quondam
710 763 800 794 nobis
817 764 930 794 chorus
944 764 1020 802 fuit,
1039 768 1068 794 et
1082 772 1166 793 nunc
1181 763 1402 794 misericordia
1418 764 1476 794 Dei
1498 763 1638 803 indiget,
1655 773 1738 800 cave,
1765 765 1840 804 quia

205 815 352 856 Origenis
370 816 509 846 haresim
523 815 678 855 prtedicat
692 820 721 846 et
737 815 837 852 docet,
854 825 892 846 ne
902 817 984 855 forte
1003 815 1126 855 aliquos
1145 814 1181 844 de
1194 814 1314 854 populo
1332 815 1392 846 tibi
1403 815 1523 846 credito
1542 815 1584 846 ad
1595 815 1842 854 perversitatem

205 869 256 899 sui
271 867 400 899 inducat
419 867 550 898 erroris.
568 867 640 898 Haac
659 871 787 898 sanctus
804 867 1019 906 Epiphanius.
1038 868 1076 896 At
1092 874 1143 897 res
1159 866 1293 897 Palladii
1310 870 1426 906 gestas,
1441 867 1600 898 vafritiem
1622 872 1654 898 et
1680 867 1793 898 odium
1811 867 1843 898 in

207 924 352 949 sanctum
373 918 605 956 Hieronymum
624 917 772 957 pluribus
797 921 964 957 exponunt
983 917 1099 948 Annal.
1115 917 1332 948 Ecclesiastici
1350 921 1427 948 tom.
1443 919 1482 948 V.
1501 919 1546 948 Ex
1559 919 1679 957 quibus
1695 918 1845 949 omnibus

206 969 324 1004 disces,
343 976 415 1007 quae
430 968 507 998 ﬁdes
523 967 703 998 adhibenda
719 968 761 998 sit
776 968 926 998 haeretico
944 967 1066 999 homini
1079 967 1273 1007 Origenistte
1295 971 1325 998 et
1347 967 1532 1007 Pelagiano,
1550 968 1582 998 in
1602 968 1651 998 his
1669 969 1846 1007 praesertim

208 1028 281 1060 qua)
296 1019 334 1050 de
351 1018 546 1057 quibusdam
563 1018 614 1048 sui
628 1017 793 1048 similibus
813 1018 978 1049 monachis
997 1019 1108 1049 eadem
1127 1017 1267 1056 fuligine
1285 1017 1393 1049 tinctis
1413 1017 1447 1048 in
1470 1017 1529 1049 hoc
1546 1025 1643 1057 opere
1662 1019 1770 1057 prodit
1788 1030 1795 1049 :
1812 1028 1848 1050 ac

207 1069 345 1100 maxime
361 1068 539 1098 verendum
556 1075 596 1098 ne
612 1067 738 1107 aliquos
755 1076 811 1107 pro
828 1068 947 1099 sanctis
965 1069 1122 1105 venditet,
1139 1068 1196 1106 qui
1213 1067 1347 1098 fuerunt
1363 1068 1558 1108 Origenistae
1570 1091 1579 1106 ,
1593 1067 1645 1100 vel
1670 1068 1846 1108 Pelagiani.

206 1120 315 1159 Sagaci
334 1118 516 1158 conjectura
532 1119 601 1150 suis
619 1119 696 1150 locis
715 1120 749 1150 in
765 1128 862 1159 opere
885 1120 1042 1159 quosdam
1061 1120 1156 1151 istius
1176 1119 1314 1151 fui-furis
1331 1120 1560 1152 indicabimus.
1574 1121 1612 1151 Ut
1624 1120 1725 1160 magis
1740 1124 1848 1151 autem

179 1184 184 1189 -
207 1170 321 1201 faciem
349 1173 379 1200 et
405 1169 519 1200 intima
547 1170 679 1201 Palladii
702 1170 907 1210 introspi‘cias
923 1193 931 1207 ,
956 1171 1036 1202 scito
1063 1171 1171 1209 ipsum
1207 1170 1309 1201 fuisse
1332 1169 1529 1210 discipulum
1557 1170 1685 1209 Evagrii
1710 1170 1846 1203 Pontici,

208 1222 401 1261 Origenistaa
423 1223 562 1254 haeretici
580 1223 674 1255 toties
690 1223 729 1254 ab
745 1223 888 1254 Ecclesia
902 1223 1059 1261 damnati,
1078 1224 1118 1254 de
1136 1231 1201 1263 quo
1217 1223 1309 1262 plura
1336 1223 1562 1254 annotavimus
1583 1226 1671 1254 tomo
1687 1222 1725 1260 V,
1751 1222 1848 1254 initio

208 1271 282 1303 libri
302 1273 442 1312 Evagrii.
464 1274 531 1304 Hoc
549 1274 589 1305 de
605 1282 639 1304 se
657 1277 793 1305 testatur
806 1273 970 1305 Palladius
997 1274 1029 1304 in
1056 1273 1114 1305 hac
1137 1273 1302 1310 Lausiaca,
1319 1281 1390 1304 cum
1408 1272 1452 1304 ait
1470 1283 1478 1304 :
1495 1271 1662 1311 Respondi
1692 1280 1744 1304 me
1770 1280 1845 1304 esse

210 1324 428 1363 peregrinum.
443 1324 521 1355 etde
531 1324 663 1356 Galatia;
677 1325 821 1364 partibus
841 1325 963 1361 venire,
976 1328 1007 1355 et
1024 1333 1125 1356 unum
1140 1333 1179 1356 ex
1191 1324 1317 1364 Evagrii
1329 1323 1480 1354 fratribus
1496 1331 1567 1353 esse
1583 1321 1750 1353 confessus
1761 1330 1846 1353 sum.

209 1373 298 1403 Idem
314 1373 512 1404 atﬁrmaruut
527 1374 670 1405 Socrates
687 1375 743 1405 lib.
760 1384 809 1411 iv,
825 1383 894 1414 cap.
919 1375 974 1411 18,
995 1379 1026 1405 et
1045 1374 1245 1414 Nicephorus
1267 1374 1323 1405 lib.
1345 1383 1386 1411 ιι,
1403 1382 1472 1413 cap.
1496 1373 1545 1409 Mt,
1563 1376 1597 1403 ut
1619 1371 1701 1403 nihil
1728 1372 1847 1406 mirum

209 1421 264 1458 sit,
280 1421 307 1451 si
324 1421 438 1452 eodem
455 1421 523 1452 luto
539 1430 697 1460 errorum,
715 1431 780 1463 quo
797 1423 959 1463 magister,
978 1424 1097 1455 tinctus
1121 1423 1282 1454 Palladius
1301 1422 1412 1454 fuerit.
1431 1422 1605 1460 Quorcirca
1626 1426 1662 1453 ut
1687 1421 1746 1453 hoc
1763 1430 1846 1461 Opus

208 1471 340 1503 laudant
359 1473 503 1504 Socrates
519 1476 550 1503 et
564 1473 777 1512 Nicephorus,
796 1477 832 1504 ut
853 1482 916 1505 non
941 1474 1027 1505 imus
1049 1473 1173 1505 inﬁcias
1194 1473 1292 1504 multa
1316 1473 1366 1504 illi
1389 1473 1497 1504 inesse
1515 1471 1607 1504 utilia
1623 1475 1655 1504 et
1678 1474 1761 1504 recta
1778 1493 1787 1511 ,
1803 1471 1845 1502 ita

210 1526 333 1555 certum
349 1527 398 1555 est
412 1522 497 1562 illos,
510 1524 616 1564 qualis
627 1523 792 1557 Palladius
814 1524 925 1564 fuerit,
939 1533 1004 1558 non
1022 1524 1153 1564 penitus
1167 1527 1370 1565 perspectum
1389 1523 1552 1556 habuisse.

369 2880 498 2910 umor.
518 2881 574 2910 (ιη.
586 2880 731 2910 xxxu'.
1671 2877 1710 2919 :32
