2075 3155
271 156 321 189 995
491 182 494 185 .
985 163 1090 192 PALL!

1062 162 1160 192 LADII
1830 164 1881 196 996

471 313 797 359 ΠΛΛΛΛΔΙΟΥ
835 315 1171 359 ΕΠΙΣΚΟΠΟΥ
1218 314 1670 359 ΕΛΕΝΟΥΠΟΛΕΩΣ

541 435 600 497 Η
639 433 871 498 ΠΡΟΣ
911 428 1250 497 ΛΑΥΣΟΝ
1287 432 1623 497 ΙΣΤΟΡΙΛ

752 559 969 588 ΠΕΡΙΕΧΟΥΣΛ
990 557 1091 586 ΒΙΟΥΣ
1107 559 1206 585 ΟΣΙΩΝ
1226 558 1396 585 ΠΛΤΙΞΡΩΝ.

847 727 982 755 Continuo
997 727 1115 754 Ilervcto
1131 727 1289 761 interprete.

497 807 616 841 Dacus,
632 807 848 843 Supplementum
864 806 989 834 Bibliolh.
1003 806 1114 833 Parrum
1129 806 1174 833 ed.
1197 806 1282 833 Paris.
1305 805 1314 831 1

818 816 848 834 ‘m
864 806 989 834 Biblioth.
1003 806 1114 833 Parrum
1129 806 1174 833 ed.
1197 806 1282 833 Paris.
1305 805 1383 838 162i,
1400 805 1444 833 fol.
1458 811 1476 832 ι.
1493 805 1523 839 ΙΙ,
1537 813 1562 840 p.
1577 805 1637 832 895.

906 966 1235 1010 ΠΡΟΟΙΜΙΟΝ.

297 1057 342 1084 ‘Ev
356 1057 441 1094 ταύτῃ
456 1058 488 1093 τῇ
506 1057 590 1094 βίϐλῳ
610 1058 818 1094 ἀναγέγραπται
841 1058 968 1093 ἐνάρετος
983 1058 1115 1094 ἄσκησις,
1133 1057 1179 1084 καὶ
1200 1056 1345 1092 θαυμαστὴ
1365 1056 1423 1091 βίου
1442 1055 1575 1091 διαγωγὴ.
1593 1055 1647 1082 τῶν
1666 1056 1810 1093 μακαρίων
1830 1059 1880 1085 καὶ

256 1102 342 1136 ἁγίων
367 1102 495 1138 Πατέρων
511 1101 647 1137 μοναχῶν,
675 1103 723 1129 καὶ
746 1102 929 1138 ἀναχωρητῶν
944 1102 997 1129 τῶν
1013 1102 1042 1128 ἐν
1053 1103 1085 1137 τῇ
1102 1102 1208 1137 ἐρήμῳ,
1228 1100 1296 1135 πρὸς
1320 1100 1399 1133 ζῆλον
1415 1100 1462 1126 καὶ
1478 1099 1595 1134 μίμησιν
1610 1099 1664 1126 τῶν
1678 1099 1728 1134 τὴν
1745 1100 1881 1136 οὐρανίων

256 1146 394 1173 πολιτείαν
407 1145 554 1173 ἐθελόντων
573 1146 733 1182 κατορθοῦν,
748 1146 796 1173 καὶ
809 1146 857 1182 τήν
871 1147 910 1178 είς
929 1146 1069 1181 βασιλείαν
1086 1145 1209 1180 οὐρανῶν
1225 1144 1344 1178 ἄγουσαν
1366 1142 1536 1178 βουλομένων
1551 1142 1654 1170 ὁδεύειν
1671 1143 1730 1170 ὁδόν
1740 1151 1747 1158 ”
1766 1144 1813 1170 καὶ
1830 1153 1880 1178 γυ-

255 1189 357 1217 ναικῶν
378 1189 568 1224 πρεσϐυτίδων
582 1190 630 1216 καὶ
646 1189 777 1225 ἀοιδίμων
800 1189 986 1217 θεοπνεύστων
1005 1189 1131 1225 μητέρων
1148 1189 1266 1225 μνῆμαι,
1279 1188 1333 1216 τῶν
1345 1187 1461 1223 ἀνδρείῳ
1477 1187 1525 1213 καὶ
1539 1187 1633 1222 τελείῳ
1648 1189 1803 1223 φρονήματι
1816 1189 1881 1221 τοὺς

255 1234 305 1266 τῆς
320 1233 448 1269 ἐναρέτου
467 1233 612 1269 ἀσκήσεως
629 1233 726 1264 ἄθλους
744 1233 929 1267 ἐξανυσασῶν,
950 1233 1018 1269 προς
1035 1233 1217 1269 ὑπογραμμὸν
1233 1233 1281 1260 καὶ
1304 1232 1394 1268 ἔρωτα
1411 1232 1494 1263 θεῖον,
1508 1230 1562 1257 τῶν
1591 1231 1741 1258 ἐθελουσῶν
1763 1231 1810 1258 τὸν
1831 1232 1881 1267 τῆς

255 1277 419 1312 ἐγκρατείας
440 1277 490 1304 καὶ
504 1277 615 1311 ἁγνείας
629 1277 817 1312 ἀναδήσασθαι
831 1277 978 1311 στέφανον·
996 1277 1040 1304 διὰ
1059 1277 1088 1304 τὸ
1103 1277 1155 1304 ὑπὸ
1171 1277 1268 1312 ἀνδρός
1283 1285 1356 1307 τινος
1373 1275 1588 1310 παγκρατίστου,
1603 1275 1650 1301 καὶ
1665 1276 1697 1310 τῇ
1710 1275 1810 1311 γνώμῃ
1829 1284 1880 1302 πο-

254 1320 403 1356 λυμαθοῦς,
416 1321 463 1347 καὶ
477 1320 516 1356 τῷ
530 1321 590 1357 ἥθει
606 1320 757 1356 εἰρηνικοῦ,
773 1320 820 1347 καὶ
831 1322 864 1356 τῇ
880 1320 979 1357 καρδίᾳ
989 1320 1129 1353 εὐσεϐοῦς,
1146 1321 1192 1348 καὶ
1202 1322 1236 1357 τῇ
1249 1320 1354 1356 διανοίᾳ
1367 1319 1517 1354 θεοφιλοῦς.
1533 1318 1580 1345 καὶ
1593 1319 1640 1345 τοῦ
1655 1319 1722 1353 πρὸς
1736 1319 1881 1354 δεομένους

255 1363 310 1390 τῶν
326 1364 425 1399 χρειῶν
441 1363 612 1396 κοινωνικοῦ,
628 1363 758 1399 κα.ὶαῦτῇ
776 1365 883 1399 κορυφῇ
897 1363 952 1390 τῶν
967 1363 1130 1398 ἀξιωμάτων
1143 1365 1187 1391 διὰ
1203 1364 1376 1400 χρηστότητα
1392 1362 1501 1398 τρέπων
1519 1361 1623 1388 πολλῶν
1639 1362 1760 1396 λογάδων
1775 1363 1881 1398 ἀνδρῶν

257 1407 504 1442 προτετιμημένου,
525 1407 573 1434 καὶ
583 1407 614 1434 τὺ
626 1407 685 1434 ὅλον
700 1408 733 1442 τῇ
745 1407 861 1442 δυνάμει
876 1406 923 1434 τοῦ
937 1406 1009 1434 θείου
1029 1407 1187 1443 Πνεῦματος
1203 1407 1418 1443 φρουρουμένου,
1437 1405 1614 1437 ἐπιτάξαντος
1629 1406 1707 1440 ἡμῖν,
1725 1406 1826 1441 μᾶλλον
1840 1407 1880 1440 δὲ,

256 1453 280 1478 εἰ
296 1451 350 1487 χρὴ
367 1452 396 1478 τὸ
413 1452 512 1487 ἀληθὲς
526 1453 623 1485 εἰπεῖν,
640 1452 708 1487 πρὸς
721 1452 771 1488 τὴν
783 1454 832 1488 τῆς
845 1452 900 1479 τῶν
911 1452 1073 1488 κρειττόνων
1081 1451 1196 1487 θεωρίας
1206 1451 1251 1477 τὸν
1261 1449 1364 1484 νωθρὸν
1379 1448 1458 1484 ἡμῶν
1471 1448 1533 1475 νοῦν
1550 1448 1733 1483 διεγείραντος
1747 1449 1815 1484 πρὸς
1833 1450 1881 1484 μί-

258 1503 341 1528 μησιν
356 1495 403 1520 καὶ
414 1494 529 1529 ἅμιλλαν
540 1495 594 1521 τῶν
608 1495 713 1529 ἀρετῶν
728 1495 778 1530 τῆς
790 1496 934 1531 ἀσκήσεως
951 1495 1005 1522 τῶν
1017 1496 1097 1522 ὁσίων
1114 1495 1161 1522 καὶ
1173 1494 1315 1521 ἀθανάτων
1327 1492 1518 1527 πνευματικῶν
1534 1493 1612 1528 ἡμῶν
1628 1493 1770 1528 Πατέριυν,
1784 1493 1838 1520 τῶν
1850 1495 1880 1521 ἐν

256 1538 388 1573 ἀρεσκείᾳ
401 1538 479 1571 Θεοῦ,
497 1539 526 1565 ἐν
542 1539 739 1574 σκληραγωγίᾳ
754 1539 838 1574 πολλῇ
854 1539 901 1566 τοῦ
915 1539 1040 1574 σώματος
1056 1538 1229 1574 βεϐιωκότων
1241 1546 1247 1554 '
1264 1538 1301 1568 ὡς
1317 1534 1565 1572 ἀναγραψάμένους
1583 1537 1658 1571 ἡμᾶς
1671 1537 1734 1569 τοὺς
1754 1537 1808 1564 τῶν
1822 1538 1882 1565 ἀνι-

257 1582 347 1616 κήτων
363 1581 487 1617 ἀθλητῶν
501 1581 575 1617 βίους
587 1582 795 1617 διαπέμψασθαι
809 1583 908 1618 τούτῳ,
923 1583 1161 1619 ἀνακηρύττοντας
1176 1582 1235 1613 ἐνὸς
1249 1581 1364 1608 ἑκάστου
1385 1580 1439 1607 τῶν
1459 1580 1586 1614 μεγάλων
1602 1580 1652 1612 τὰς
1674 1581 1796 1616 ἐνεργεῖς
1815 1582 1881 1616 ἀρε-

257 1625 316 1655 τάς,
332 1625 409 1652 Ἐστι
421 1625 449 1652 δὲ
463 1627 477 1652 ὁ
492 1625 539 1652 τοῦ
551 1625 623 1652 θείου
637 1625 731 1652 τούτου
747 1626 794 1652 καὶ
811 1626 996 1661 πνευματικοῦ
1011 1627 1093 1654 πόθου
1110 1625 1228 1661 ἐραστὴς
1243 1626 1257 1651 ὁ
1276 1625 1387 1660 ἄριστος
1401 1623 1456 1651 τῶν
1474 1625 1578 1660 ἀνδρῶν
1598 1624 1704 1657 Λαῦσος
1718 1626 1733 1651 ὁ
1748 1627 1818 1660 μετά
1831 1627 1881 1662 τὴν

257 1668 304 1695 τοῦ
319 1668 387 1695 Θεοῦ
404 1669 490 1705 ῥοπὴν
503 1668 591 1703 φύλαξ
603 1669 771 1705 τεταγμένος
783 1670 831 1705 τῆς
847 1670 938 1697 ἐνθέου
952 1670 998 1696 καὶ
1012 1669 1142 1700 εὐσεϐοῦς
1159 1668 1307 1703 βασιλείας.

298 1724 368 1758 Ἐγὼ
382 1724 470 1751 τοίνυν
485 1725 499 1751 ό
512 1724 558 1751 καὶ
568 1725 600 1761 τῇ
613 1725 718 1761 γλώττῃ
733 1725 905 1759 ἀπαίδευτος,
921 1727 969 1753 καλ⁸
983 1726 1171 1761 πνευματικῆς
1187 1725 1314 1759 γνώσεως
1328 1723 1483 1759 ἀκροθιγῶς
1498 1732 1557 1756 πως
1572 1724 1751 1759 γευσάμενος,
1764 1725 1812 1751 καὶ
1831 1726 1880 1753 τοῦ

257 1769 409 1802 καταλόγου
430 1767 484 1794 τῶν
509 1768 594 1802 ἁγίων
613 1769 744 1804 Πατέρων
769 1769 958 1804 πνευματικοῦ
979 1770 1037 1805 βίου
1053 1769 1172 1802 ἀνάξιος,
1188 1767 1314 1801 δεδοικὼς
1337 1768 1368 1794 τὸ
1387 1768 1458 1802 ὑπὲρ
1478 1767 1528 1802 ἐμὲ
1543 1767 1664 1803 ἄμετρον
1676 1768 1725 1803 τῆς
1745 1769 1880 1804 ἐπιταγῆς

259 1811 384 1846 μέγεθος,
410 1811 625 1846 δυσανησχέτουν
647 1813 807 1848 ἐγχειρῆσαι
835 1813 922 1848 τούτῳ
945 1813 983 1848 τῷ
1001 1813 1168 1849 ἐπιτάγματι
1194 1813 1294 1848 πολλῆς
1318 1812 1438 1848 δεομένῳ
1457 1812 1504 1839 καὶ
1526 1812 1622 1846 σοφίας
1636 1813 1686 1847 τῆς
1705 1812 1815 1845 ἔξωθεν,
1831 1816 1881 1840 καὶ

255 1855 444 1890 πνευματικῆς
464 1855 609 1886 συνέσεως.
627 1855 721 1890 Ὅμως
737 1856 926 1888 καταιδεσθεὶς
947 1856 1056 1892 πρῶτον
1073 1857 1103 1883 τὸ
1118 1857 1260 1883 σπουδαῖον
1273 1857 1322 1891 τῆς
1344 1856 1444 1890 ἀρετῆς
1461 1854 1508 1881 τοῦ
1523 1856 1564 1886 είς
1578 1855 1680 1889 ταύτην
1695 1856 1745 1890 τὴν
1761 1857 1879 1892 σπουδὴν

255 1899 331 1933 ἡμᾶς
345 1898 539 1934 διεγείραντος,
556 1898 788 1933 ἀναλογισάμενος
803 1899 832 1925 δὲ
844 1900 890 1926 καὶ
908 1899 961 1926 τῶν
977 1900 1195 1935 ἐντυγχανόντων
1208 1899 1256 1934 τὴν
1270 1899 1416 1933 ὠφέλειαν,
1436 1898 1530 1930 δεδιὼς
1549 1898 1576 1924 δέ
1599 1898 1645 1924 καὶ
1657 1899 1703 1925 τὸν
1722 1900 1768 1925 ἐπὶ
1781 1901 1813 1935 τῇ
1831 1901 1878 1926 εὑ-

255 1943 327 1978 λόγῳ
346 1945 471 1978 παρακοῇ
492 1943 625 1976 κίνδυνον,
645 1943 712 1969 Θεοῦ
730 1943 844 1979 προνοίᾳ
862 1944 970 1979 πρῶτον
985 1943 1166 1975 ἀνατεθεικὼς
1183 1943 1212 1970 τὸ
1237 1944 1361 1977 γενναῖον
1386 1942 1544 1977 ἐπίταγμα,
1559 1942 1606 1968 καὶ
1622 1943 1706 1978 πολλῇ
1728 1945 1876 1979 προσεχεία

255 1987 427 2022 χρησάμενος
441 1988 474 2020 τῇ
490 1986 544 2013 τῶν
561 1986 648 2020 ἀγίων
664 1987 795 2021 Πατέρων
810 1987 954 2022 πρεσϐεία,
968 1987 1154 2022 πτερούμενος
1165 1987 1264 2021 ἀνέϐην
1276 1987 1316 2018 είς
1330 1986 1392 2018 τοὺς
1405 1986 1514 2020 ἀγῶνας
1528 1986 1575 2013 τοῦ
1592 1986 1766 2022 ακάμματος,
1780 1989 1827 2015 καὶ
1839 1989 1878 2020 ὡς

256 2032 285 2057 ἐν
301 2031 418 2065 ἐπιτομῇ
431 2030 484 2056 τῶν
498 2029 630 2064 γενναίων
643 2029 768 2064 ἀθλητῶν
784 2031 830 2057 καὶ
845 2030 971 2065 μεγάλων
985 2031 1089 2067 ἀνδρῶν
1103 2031 1137 2058 τὰ
1151 2031 1261 2065 ἐπακρα
1275 2030 1355 2064 μόνον
1369 2030 1416 2056 καὶ
1429 2031 1529 2065 σημεῖα
1545 2031 1784 2065 ἀναγραψάμενος.

292 2083 329 2109 Οὐ
349 2084 428 2117 μόνον
446 2082 550 2118 ἀνδρῶν
564 2083 692 2118 ἀοιδίμων
707 2083 919 2119 κατορθωκότων
931 2083 1067 2111 πολιτείαν
1082 2085 1206 2120 ἀρίστην,
1219 2084 1286 2111 ἀλλά
1299 2084 1496 2118 καὶγυναικῶν
1514 2084 1658 2120 μακαρίων
1676 2085 1724 2111 καὶ
1737 2086 1876 2122 εὐσχημό-

255 2135 308 2154 νων
323 2127 409 2162 ἄκραν
419 2126 555 2153 πολιτείαν
563 2126 769 2162 ἐξασκήσασῶν.
782 2127 837 2153 Καὶ
850 2127 905 2153 τῶν
921 2128 969 2162 μὲν
981 2128 1014 2153 τὰ
1026 2127 1177 2164 ἱεροπρεπῆ
1192 2128 1326 2164 πρόσωπα
1339 2128 1543 2163 αὖτοπροσώπῳ
1554 2128 1603 2163 θέᾳ
1616 2128 1679 2154 ἰδεῖν
1691 2129 1874 2164 κατηξιώθην·

254 2171 308 2197 τῶν
318 2170 345 2196 δὲ
356 2171 405 2206 ήδη
419 2170 616 2198 τελειωθέντων
635 2172 663 2198 ἐν
673 2170 713 2205 τῷ
725 2171 868 2206 σκάμματι
885 2171 935 2206 τῆς
949 2171 1089 2203 εὐσεϐείας
1106 2172 1182 2207 παρᾶ
1200 2171 1337 2208 Οεοιρόρων
1349 2172 1474 2208 ἀθλητῶν
1491 2172 1537 2198 τοῦ
1553 2172 1671 2207 Χριστοῦ
1684 2172 1735 2208 τὴν
1749 2174 1876 2208 οὐράνιον

253 2214 355 2241 τούτων
373 2214 446 2249 ζωὴν
460 2213 651 2249 ἐκμεμάθηκα.
668 2214 770 2243 Πολλὰς
785 2215 813 2241 δὲ
827 2214 928 2247 πόλεις,
953 2216 1001 2241 καὶ
1018 2215 1147 2247 πλείστας
1166 2214 1272 2250 κώμας,
1294 2211 1415 2251 σπήλαιά
1427 2224 1457 2242 τε
1472 2215 1531 2250 ἅμα
1543 2216 1590 2242 καὶ
1605 2216 1694 2247 πάσας
1707 2217 1810 2252 σκηνὰς
1825 2218 1877 2253 τῆς

254 2259 357 2294 ἐρήμου
370 2257 423 2283 τῶν
443 2257 567 2292 μοναχῶν
580 2258 664 2293 πολλῇ
684 2259 716 2294 τῇ
740 2259 839 2294 πορείᾳ
859 2259 1058 2294 περινοστήσας
1083 2259 1238 2291 θεοσεϐείας
1264 2259 1377 2294 σκοπῷ,
1397 2260 1467 2294 μετά
1490 2260 1581 2295 πάσης
1604 2261 1758 2296 ἀκριϐείας,
1784 2261 1802 2288 ἀ.
1825 2261 1876 2296 μὲν

253 2302 335 2333 αὐτὸς
355 2301 500 2337 ιστορήσας
518 2301 726 2337 ἀνεγραψάμην,
741 2302 758 2329 ἃ
783 2302 811 2329 δε
826 2302 902 2338 παρὰ
917 2303 972 2329 τῶν
989 2302 1076 2336 ἁγίων
1091 2302 1221 2337 Πατέρων
1237 2303 1360 2338 ἀκήκοα,
1387 2303 1485 2335 ἄθλους
1504 2304 1630 2338 μεγάλων
1644 2304 1751 2339 ἀνδρῶν
1764 2305 1811 2332 καὶ
1829 2306 1877 2332 ἀνι

253 2345 415 2380 δρειοτέρων
429 2346 477 2380 τῆς
493 2345 600 2379 φύσεως
615 2345 753 2379 γυναικῶν
767 2346 812 2372 διὰ
827 2345 876 2382 τὴν
891 2347 932 2378 εἰς
946 2346 1063 2381 Χριστὸν
1077 2347 1183 2379 ἐλπίδα,
1198 2347 1354 2382 ἐνσημήνας
1367 2348 1396 2373 ὲν
1413 2346 1453 2382 τῷ
1468 2347 1563 2382 βιϐλίῳ
1572 2347 1828 2383 τούτῳάπέσταλκα
1841 2350 1876 2384 τῇ

212 2412 215 2414 .
254 2389 307 2415 τῶν
321 2388 400 2415 θείων
419 2388 517 2422 λογίων
538 2389 602 2425 φίλῃ
626 2390 694 2425 ἀκοῇ
714 2398 772 2421 σου,
785 2390 891 2425 ἀνδρῶν
909 2390 1027 2425 ἀρίστων
1041 2391 1088 2417 καὶ
1108 2390 1240 2425 θεοφιλῶν
1257 2390 1491 2426 ἐγκαλλώπισμα,
1507 2391 1553 2417 καὶ
1574 2391 1624 2425 τῆς
1641 2392 1806 2427 πιστοτάτης
1827 2393 1877 2419 καὶ

255 2432 394 2466 θεοφιλοῦς
411 2432 548 2467 βασιλείας
565 2433 715 2468 ἀγλάϊσμα,
728 2434 821 2468 γνήσιε
840 2434 887 2460 καὶ
906 2433 1062 2469 φιλόχριστε
1089 2434 1165 2461 δοῦλε
1180 2434 1248 2461 Θεοῦ
1274 2434 1376 2466 Λαῦσε.
1400 2433 1557 2469 ἐγχαράξας
1571 2434 1643 2460 κατὰ
1658 2435 1707 2470 τὴν
1721 2435 1877 2470 προσοῦσαν

253 2477 315 2510 ἐμοὶ
333 2476 490 2511 βραχύτητα
506 2477 622 2504 ἑκάστου
637 2477 690 2503 τῶν
703 2477 749 2504 τοῦ
770 2477 888 2512 Χριστοῦ
904 2477 1029 2513 ἀθλητῶν
1045 2477 1168 2513 ἀρρένων
1186 2487 1215 2504 τε
1231 2478 1278 2504 καὶ
1295 2477 1411 2513 θηλειῶν
1426 2477 1457 2504 τὸ
1473 2478 1597 2512 ἀοίδιμον
1615 2478 1701 2513 δνομα
1711 2486 1719 2493 '
1734 2479 1875 2514 ἐξηγησά-

256 2519 334 2554 μενος
350 2529 379 2545 τε
403 2519 458 2547 ἀπδ
479 2520 583 2547 πολλῶν
605 2521 653 2548 καὶ
671 2521 741 2548 πάνυ
763 2521 889 2556 μεγάλων
906 2520 994 2548 ἄθλων
1009 2521 1126 2548 ἑκάστου
1142 2521 1249 2556 ὀλίγους
1266 2523 1312 2548 καὶ
1330 2521 1433 2558 σφόδρα
1450 2521 1578 2557 βραχεῖς’,
1602 2522 1805 2557 προστεθεικὼς
1820 2523 1876 2549 τῶν

255 2563 388 2590 πλείστων
401 2564 448 2591 καὶ
460 2564 491 2591 τὺ
504 2565 592 2599 γένος,
606 2566 652 2592 καὶ
668 2565 718 2600 τὴν
734 2565 820 2597 πόλιν,
837 2564 885 2591 καὶ¹
901 2564 946 2591 τὸν
962 2565 1063 2600 τρόπον
1077 2565 1126 2600 τῆς
1143 2565 1238 2601 μονῆς.

296 2619 553 2655 Ἐμνημονεύσαμεν
564 2619 592 2646 δὲ
606 2619 710 2655 ἀνδρῶν
727 2619 774 2646 καὶ
788 2620 926 2653 γυναικῶν
943 2619 1166 2654 κατωρθωκότων
1184 2619 1234 2654 μὲν
1251 2619 1290 2651 είς
1306 2618 1390 2654 ἄκρον
1405 2618 1454 2653 τὴν
1475 2618 1587 2654 ἀρετὴν,
1601 2618 1646 2645 διὰ
1660 2619 1689 2646 δὲ
1701 2619 1752 2654 τὴν
1767 2620 1878 2655 μητέρα

253 2663 303 2698 τῆς
318 2663 516 2698 ὑπερηφανίας,
533 2662 581 2699 τὴν
595 2663 764 2699 καλουμένην
779 2663 942 2697 κενοδοξίαν,
961 2664 1001 2695 εἰς
1015 2663 1129 2698 ἔσχατον
1151 2662 1288 2698 βάραθρον
1304 2663 1351 2690 καὶ
1366 2662 1490 2698 πυθμένα
1503 2662 1566 2698 ᾅδου
1580 2663 1808 2698 κατενεχθέντων,
1827 2665 1878 2691 καὶ.

255 2707 288 2733 τὰ
302 2707 333 2733 ἐκ
350 2706 462 2742 μακρῶν
476 2706 579 2742 χρόνων
603 2708 650 2734 καὶ
673 2707 779 2734 πολλῶν
796 2706 889 2734 κόπων
903 2706 1042 2742 κτηθέντα
1060 2707 1152 2738 αὐτοῖς
1167 2707 1305 2742 ἐπέραστα
1324 2707 1372 2733 καὶ
1389 2706 1566 2742 περιμάχητα
1580 2706 1630 2741 τῆς
1643 2706 1786 2742 ἀσκήσεως
1804 2716 1875 2734 κατι

255 2750 411 2785 ορθὼματα,
427 2751 456 2777 ἐν
472 2751 520 2786 μιᾷ
535 2750 630 2786 καιροῦ
646 2751 716 2786 ῥοπῇ
734 2750 789 2777 ὑπὸ
803 2750 850 2777 τοῦ
864 2750 951 2785 τύφου
968 2750 1016 2777 καὶ
1030 2750 1078 2784 τῆς
1091 2750 1204 2785 οἰήσεως
1222 2750 1385 2786 διαρῤυέντα
1403 2757 1410 2766 ·
1426 2750 1518 2785 χάριτι
1533 2748 1562 2776 δὲ
1574 2748 1621 2775 τοῦ
1636 2749 1762 2785 Σωτῆρος
1775 2750 1855 2785 ἡμῶν
1868 2771 1877 2784 ,

257 2794 303 2819 καὶ
321 2793 434 2829 προνοίᾳ
451 2794 505 2821 τῶν
527 2793 614 2828 ἁγίων
628 2793 770 2830 Πατέρων,
788 2793 836 2820 καὶ
852 2793 1010 2829 συμπαθείᾳ
1024 2793 1185 2828 σπλάγχνων
1210 2793 1417 2828 πνευματικῶν,
1431 2791 1656 2826 ἐξαρπασθέντων
1679 2792 1732 2820 τῶν
1752 2791 1800 2820 τοῦ
1815 2793 1878 2820 δια.-

257 2835 333 2862 θόλου
346 2836 470 2871 δικτύων,
485 2838 532 2865 καὶ
545 2838 606 2869 ταῖς
620 2837 713 2873 εὐχαῖς
725 2837 779 2865 τῶν
794 2837 880 2864 ἁγίων
893 2836 947 2861 τῶν
963 2837 1098 2872 πρότερον
1112 2837 1347 2873 ἁνακτησαμὲνων
1365 2837 1492 2873 ἐνάρετον
1509 2835 1576 2871 βίον.
