2075 3155
262 186 270 212 ε
279 180 312 208 97
937 181 1148 210 nascentum.
1153 184 1160 217 3
1781 187 1831 217 098

1223 278 1845 294 ——_—_—_.a.—__,

353 279 371 281 η

493 447 768 493 PALLADII
806 446 1076 494 EPISCOPI
1095 451 1098 454 ’
1117 447 1598 496 HELENOPOLEOS

644 606 991 665 HISTORIA
1030 605 1124 664 AD
1165 607 1452 667 LAUSUM

544 771 806 806 CONTINENS
839 774 975 805 VITAS
1011 773 1302 805 SANCTORUM
1339 774 1548 806 PATRUM.

868 920 1229 968 PRO(EMIUM.

276 1060 305 1088 ln
338 1059 391 1088 hoc
417 1060 485 1089 libro
514 1059 613 1096 scripta
639 1064 689 1093 est,
698 1067 749 1095 qua
760 1060 786 1087 in
794 1060 890 1088 virtute
898 1060 1048 1093 utebantur,
1056 1061 1211 1088 exercitatio
1222 1060 1417 1088 ctadmirabilis
1424 1061 1484 1088 vitae
1495 1060 1601 1095 agendae
1612 1057 1680 1088 ratio
1687 1058 1824 1088 beatorum
1834 1065 1859 1089 et

237 1108 389 1132 sanctorum
415 1104 521 1131 Patrum
532 1105 577 1139 qui
590 1104 722 1139 degebtnt
744 1105 770 1132 in
790 1105 951 1137 solitudine;
973 1110 1002 1133 ut
1015 1113 1062 1133 eos
1076 1106 1234 1132 aemulentur
1253 1113 1285 1133 ac
1306 1106 1441 1134 imitentur
1453 1106 1497 1140 qui
1519 1105 1655 1133 caelestem
1669 1105 1760 1133 volunt
1779 1105 1863 1141 vitam.

238 1153 331 1181 agere,
343 1151 371 1175 et
384 1155 442 1181 qtire
464 1148 497 1175 ad
512 1155 619 1183 regnum
635 1148 762 1176 cmlorum
789 1148 905 1182 deducit,
922 1150 990 1177 viam
1015 1150 1131 1186 ingredi;
1153 1157 1307 1184 annumque
1331 1151 1469 1178 mulierum
1492 1150 1639 1183 memoria,
1654 1154 1681 1177 et
1700 1151 1858 1185 inclytarum

240 1197 355 1220 aratrum
371 1201 385 1220 a
397 1193 452 1220 Deo
468 1194 666 1228 inspiratarum,
675 1201 734 1228 qua:
743 1202 837 1230 magno
847 1199 874 1221 et
886 1195 945 1222 torti
956 1196 1045 1223 animo
1058 1195 1160 1223 virtutis
1172 1196 1368 1223 exercitationis
1379 1202 1505 1230 peregere
1518 1195 1672 1226 certamina,
1685 1198 1713 1221 ut
1724 1195 1859 1229 exemplar

237 1244 407 1276 preponatur,
415 1245 443 1268 et
455 1248 530 1268 amor
539 1241 669 1268 excitetur
683 1241 715 1268 iis
726 1248 783 1274 quae
793 1241 962 1269 continentia:
968 1249 998 1270 ac
1006 1242 1133 1269 castitatis
1139 1243 1334 1270 voluntcorona
1346 1241 1476 1275 redimiri,
1487 1248 1520 1268 ex
1532 1241 1664 1268 sententia
1678 1244 1706 1268 et
1716 1241 1854 1268 voluntate

237 1286 298 1319 viri,
315 1285 358 1321 qui
372 1291 413 1314 est
423 1287 495 1314 varia
506 1294 537 1314 ac
548 1286 684 1322 multiplici
697 1287 817 1315 doctrina
829 1285 969 1321 praeditus,
984 1287 1101 1315 moribus
1113 1287 1247 1323 paciﬁcus,
1263 1292 1291 1315 et
1301 1287 1383 1315 corde
1393 1287 1462 1322 pius,
1477 1290 1618 1320 menteque
1632 1285 1782 1321 religiosus,
1795 1290 1822 1313 et
1831 1285 1858 1313 in

236 1329 270 1358 iis
281 1338 341 1366 qua:
359 1336 421 1358 sunt
433 1338 499 1366 opus
511 1332 648 1366 egentibus
661 1330 888 1359 communicandis
903 1331 1030 1365 liberalis,
1041 1337 1065 1359 et
1083 1337 1190 1367 propter
1210 1339 1313 1360 morum
1328 1332 1471 1360 bonitatem
1484 1332 1574 1359 multis
1584 1332 1648 1359 viris
1658 1331 1763 1359 eximiis
1777 1331 1858 1359 estin

237 1375 347 1403 summis
370 1376 513 1408 honoribus
537 1377 704 1410 praepositus,
716 1381 744 1404 et
757 1377 864 1403 omnino
879 1377 1026 1404 custoditur
1037 1378 1134 1404 virtute
1148 1377 1228 1404 divini
1243 1378 1366 1412 Spiritus.
1378 1378 1428 1410 Qui
1445 1377 1552 1412 quidem
1577 1377 1653 1404 nobis
1665 1377 1754 1410 jussit,
1764 1376 1821 1409 vel,
1833 1377 1855 1403 si

237 1427 328 1448 vernn:
350 1421 438 1455 potius
451 1420 540 1447 dicere
550 1425 680 1455 oporteat,
692 1421 725 1448 ad
740 1429 831 1449 eorum
843 1429 902 1455 quae
914 1425 976 1448 sunt
988 1422 1096 1449 meliora
1107 1422 1357 1457 contemplationem
1368 1422 1451 1450 hebes
1462 1426 1582 1449 nostrum
1592 1426 1619 1449 et
1634 1422 1758 1450 obtusum
1778 1422 1852 1449 exci-

237 1465 301 1492 tavit
325 1465 471 1499 (ngenium,
485 1470 514 1493 ut
527 1466 561 1493 ad
583 1466 780 1500 proponendum
803 1466 999 1494 adimitandum
1015 1467 1139 1494 virtutum
1158 1468 1358 1495 exercitationis
1379 1467 1586 1495 decertationctn
1602 1472 1753 1494 sanctorum
1769 1471 1796 1494 et
1807 1467 1855 1494 im-

241 1511 391 1537 mortalium
400 1515 426 1537 et
438 1509 596 1544 spiritalium
609 1515 713 1545 patrum
729 1512 953 1546 nostrorum,qui,
966 1517 993 1538 ut
1001 1512 1054 1539 Deo
1066 1512 1208 1546 placerent,
1220 1512 1322 1539 indura
1333 1517 1361 1539 et
1373 1519 1466 1547 aspera
1478 1513 1634 1540 tractatione
1644 1512 1764 1546 corporis
1773 1511 1854 1539 vitam

237 1562 359 1592 egerunt,
375 1557 561 1590 praeclarorum
582 1557 742 1584 athletarum
765 1558 845 1585 vitam
869 1565 883 1584 a
910 1559 986 1585 nobis
998 1558 1158 1593 descriptam
1174 1559 1206 1586 ad
1228 1566 1287 1587 eum
1301 1559 1477 1592 mitteremus,
1492 1559 1700 1594 uniuscujusque
1710 1566 1743 1587 ex
1755 1559 1858 1594 magnis

237 1607 360 1630 strenuas
375 1601 541 1636 praedicando
554 1603 675 1630 virtutes.
691 1602 775 1630 Divini
800 1608 888 1631 autem
903 1603 982 1638 hujus
993 1608 1020 1630 et
1031 1603 1158 1638 spiritalis
1171 1604 1295 1633 desiderii
1308 1609 1412 1632 amator
1425 1609 1466 1632 est
1483 1604 1596 1639 Lausus,
1610 1605 1653 1633 cui
1668 1609 1729 1641 post
1743 1605 1857 1634 divinutn

236 1649 362 1676 auxilium
375 1647 498 1676 mandata
514 1653 555 1676 est
568 1648 689 1676 custodia
699 1648 824 1676 divinitus
835 1649 915 1677 amati
931 1654 959 1676 et
973 1650 1091 1685 religiosi
1105 1650 1223 1684 imperii.

274 1694 330 1729 Ego
352 1695 430 1729 igitur
441 1694 485 1729 qui
498 1699 525 1722 et
540 1694 628 1728 lingua
652 1701 711 1722 sum
732 1695 889 1726 ineruditus,
901 1700 928 1722 et
942 1697 1090 1729 spiritalem
1106 1696 1286 1731 engnithmem
1299 1696 1412 1723 summis
1427 1696 1627 1730 quodammodo
1642 1696 1722 1724 labris
1733 1697 1816 1731 attigi,
1831 1703 1859 1724 et.

237 1740 360 1776 indignus
379 1748 436 1767 sum
451 1741 495 1774 qui
510 1748 665 1769 recenseam
678 1741 825 1775 catalogum
840 1741 985 1775 spiritalem
1001 1741 1081 1768 vitam
1093 1741 1226 1776 agentium
1240 1745 1391 1769 sanctorum
1404 1741 1519 1773 Patrum,
1531 1747 1558 1768 et
1569 1742 1592 1769 si
1607 1741 1776 1769 reformidem
1786 1749 1858 1776 pras-

236 1786 305 1820 cepti
317 1786 524 1821 magnitudinem
536 1787 605 1821 quod
617 1794 688 1814 meas
699 1787 768 1814 vires
779 1791 895 1821 superat,
908 1792 932 1813 et
946 1786 1047 1820 jussum
1063 1794 1134 1821 trgre
1144 1786 1238 1819 feram,
1249 1786 1319 1820 quod
1332 1791 1359 1814 et
1372 1793 1492 1820 magnam
1502 1790 1639 1813 externam
1651 1786 1820 1821 sapientiam,
1831 1793 1857 1815 ct

238 1830 384 1866 spiritalem
405 1831 515 1865 requirit
540 1831 758 1866 intelligentiam;
773 1831 903 1858 reveritus
922 1834 1010 1858 tamen
1035 1831 1148 1864 primum
1168 1836 1195 1858 et
1208 1831 1266 1865 ejus
1278 1831 1321 1865 qui
1343 1831 1377 1857 ad
1391 1833 1443 1858 hoc
1454 1831 1653 1865 exsequendum
1670 1838 1719 1858 nos
1729 1832 1856 1859 excitavit

238 1875 370 1908 virtutem,
383 1880 409 1903 et
423 1880 547 1910 reputans
567 1883 660 1903 eorum
674 1875 720 1910 qui
743 1875 800 1903 hare
814 1875 902 1910 legent
915 1875 1066 1906 utilitatem,
1078 1879 1106 1902 et
1119 1877 1299 1903 extimescens
1313 1876 1459 1910 periculum
1478 1876 1549 1911 quod
1562 1883 1649 1904 essem
1665 1877 1794 1911 aditurus,
1811 1881 1854 1905 et»

237 1919 261 1946 si
272 1920 332 1954 jure
353 1927 447 1955 parere
461 1927 624 1952 recusarem,
636 1927 696 1947 cum
721 1921 856 1955 egregium
877 1921 990 1955 primum
1006 1921 1109 1956 jussum
1121 1921 1218 1949 divinae
1232 1922 1413 1956 ascripsissem
1427 1922 1617 1955 Providentiae,
1632 1929 1780 1958 magnaque
1790 1930 1853 1950 usus

237 1973 324 1994 essem
340 1966 485 2001 diligentia,
502 1970 654 1994 sanctorum
670 1965 779 1993 Patrum
804 1966 994 1993 intercessione
1016 1971 1133 1999 erectus,
1144 1966 1176 1994 ad
1187 1973 1218 1994 ea
1235 1974 1293 1994 sum
1309 1974 1460 2002 aggressus,
1475 1967 1558 1994 veluti
1570 1967 1684 2002 quodam
1697 1968 1856 2003 compendio

237 2012 421 2045 praeclarorum
431 2012 588 2040 athletarum
602 2016 628 2040 et
641 2019 796 2047 magnorum
808 2013 925 2040 virorum
936 2019 1038 2040 summa
1052 2013 1137 2039 solum
1150 2013 1298 2040 certamina
1313 2018 1342 2040 et
1356 2013 1431 2047 signa
1445 2013 1610 2041 describens.

279 2054 345 2084 ~Nee
398 2057 569 2086 solummodo
627 2056 759 2084 clarorum
770 2056 897 2089 virorum,
914 2057 959 2092 qui
973 2057 1100 2091 optimam
1121 2064 1153 2084 ac
1167 2058 1411 2091 prastantissimam
1425 2065 1458 2085 ex
1478 2057 1574 2085 virtute
1590 2058 1672 2085 vitam
1689 2065 1786 2092 egere,
1805 2060 1853 2086 sed

235 2104 314 2130 etiam
326 2103 462 2130 beatarum
477 2103 616 2130 mulierum
632 2111 690 2137 quas
704 2102 730 2130 in
744 2103 977 2131 excellentissima!
990 2104 1052 2130 vitae
1075 2111 1173 2138 genere
1187 2110 1216 2130 se
1231 2103 1342 2130 honeste
1356 2109 1510 2130 exercuere.
1526 2102 1560 2130 Et
1584 2103 1730 2138 aliquorum
1747 2103 1852 2138 quidem

236 2155 267 2175 cx
279 2148 312 2175 iis
325 2154 416 2174 sacros
431 2147 520 2174 vultus
534 2147 627 2181 utipsc
638 2155 730 2174 coram
741 2148 857 2175 viderem
871 2156 929 2176 sum
939 2149 1071 2183 dignatus,
1081 2149 1126 2183 qui
1135 2148 1190 2183 jam
1199 2153 1261 2176 ante
1276 2154 1337 2175 sunt
1351 2149 1525 2175 consummati
1540 2149 1566 2176 in
1580 2150 1726 2177 certamine
1735 2150 1853 2184 pictatis;

237 2193 386 2228 aliquorum
403 2197 489 2220 autem
504 2194 640 2221 ctelestetn
655 2194 718 2220 vitm
732 2194 922 2222 institutionem
937 2195 1017 2222 didici
1028 2201 1042 2221 a
1058 2195 1154 2222 divinis
1168 2194 1286 2221 athletis.
1306 2193 1400 2221 Multas
1412 2198 1500 2221 autem
1515 2193 1607 2226 urbes,
1619 2199 1647 2222 et
1658 2195 1757 2223 multos
1771 2196 1854 2230 vicos,

234 2246 261 2269 et
275 2241 426 2275 speluncas,
441 2244 469 2267 et
479 2241 568 2267 omnia
582 2240 749 2268 tabernacula
768 2240 866 2269 deserti
893 2242 1084 2269 monachorum
1101 2241 1216 2275 pedestri
1230 2241 1325 2268 itinere
1338 2240 1440 2273 obiens,
1467 2240 1669 2275 diligentissime
1690 2241 1854 2269 considerari

232 2294 325 2315 eorum
344 2287 467 2321 pietatem
483 2293 514 2313 ac
528 2286 694 2320 religionem.
713 2286 800 2320 Atque
814 2293 874 2314 cum
889 2293 948 2321 qua:
969 2287 1064 2320 partim
1081 2285 1188 2321 quidem
1203 2286 1259 2321 ipse
1283 2285 1337 2312 vidi
1358 2284 1535 2319 scripsissem,
1551 2285 1644 2319 partim
1658 2289 1745 2313 autem
1759 2292 1819 2319 qua:
1839 2293 1852 2312 a

233 2333 333 2361 sanctis
349 2332 470 2360 Patribus
482 2332 582 2366 audivi,
598 2340 754 2368 magnorum
775 2332 892 2360 virorum
915 2333 1072 2366 certamina,
1087 2338 1113 2359 et
1131 2332 1282 2364 mulierum,
1299 2338 1358 2366 quae
1372 2335 1479 2365 propter
1498 2337 1573 2365 spem
1588 2330 1615 2357 in
1628 2329 1764 2357 Christum
1778 2335 1852 2357 erant

233 2377 356 2405 fortiores
368 2385 447 2412 quam
459 2385 549 2404 earum
563 2378 665 2405 ferebat
679 2382 784 2410 natura,
798 2378 877 2411 hujus
893 2377 952 2404 libri
968 2378 1074 2412 scriptis
1088 2378 1268 2408 mandassem,
1291 2376 1350 2404 misi
1363 2376 1398 2403 ad
1423 2380 1481 2403 tuus
1494 2382 1572 2402 aures
1586 2375 1686 2402 amicas
1699 2375 1850 2402 divinorum

232 2423 413 2459 eloquiorum,
425 2424 588 2459 optimorum
604 2424 721 2452 virorum
737 2428 764 2451 et
777 2423 961 2458 religiosorum
975 2425 1068 2457 decus,
1082 2423 1285 2458 ﬁdelissimique
1296 2427 1321 2450 et
1334 2422 1450 2456 religiosi
1464 2422 1567 2456 imperii
1578 2421 1715 2456 splendor,
1727 2428 1851 2456 germane

231 2473 259 2497 et
272 2468 370 2496 Christi
384 2469 469 2496 amice
479 2476 558 2497 serve
572 2469 618 2497 Dei
634 2469 731 2502 Lause,
754 2477 802 2505 pro
816 2478 846 2498 ea
861 2478 921 2505 qua:
934 2470 998 2498 mihi
1022 2470 1090 2498 inest
1103 2469 1258 2504 exiguitate,
1280 2468 1490 2503 uniuscujusque
1511 2475 1545 2495 ex
1558 2467 1658 2494 Christi
1678 2467 1786 2495 athletis
1797 2472 1850 2496 tarn

231 2514 356 2542 masculis
371 2522 449 2548 quam
464 2514 569 2543 feminis
579 2515 681 2550 insigne
695 2523 802 2549 nomen,
814 2516 979 2550 exprimens,
995 2520 1022 2543 et
1031 2523 1063 2543 ex
1077 2514 1168 2542 multis
1181 2520 1208 2541 et
1222 2513 1325 2548 magnis
1345 2513 1552 2546 uniuscujusque
1565 2511 1755 2540 certaminibus
1768 2519 1850 2547 pauca

231 2561 350 2590 breviter
357 2569 505 2597 exponens;
518 2562 692 2596 plurimorum
708 2571 815 2597 quoque
829 2571 912 2598 genus
928 2564 1008 2591 etiam
1024 2564 1162 2598 adjiciens,
1177 2567 1205 2590 et
1215 2563 1318 2594 urbem,
1331 2567 1358 2589 et
1368 2562 1455 2589 locum
1474 2561 1629 2588 mansionis.

264 2607 433 2635 Meminimus
445 2612 532 2634 autem
547 2607 663 2634 virorum
676 2611 701 2634 ct
716 2608 868 2640 mulierum,
881 2608 926 2642 qui
951 2615 983 2635 ex
996 2608 1093 2635 virtute
1107 2608 1213 2642 quidem
1228 2607 1308 2634 vitam
1322 2607 1437 2642 perfecte
1454 2607 1639 2639 instituerunt,
1655 2611 1763 2641 propter
1776 2613 1851 2633 διτο-

230 2652 327 2686 gantia:
345 2657 434 2679 autem
450 2657 560 2678 matrem
578 2652 682 2679 inanem
696 2659 755 2686 quae
770 2657 879 2680 vocatur
893 2653 1016 2687 gloriam,
1033 2653 1058 2679 in
1070 2653 1188 2680 intimum
1208 2651 1352 2679 inferorum
1374 2651 1540 2684 barathrum,
1556 2656 1583 2678 et
1604 2651 1711 2678 fundum
1729 2651 1850 2685 praecipi-

230 2698 276 2725 tati
291 2699 406 2729 fuerant,
419 2701 446 2724 et
456 2703 517 2731 qua:
528 2696 607 2731 longo
619 2700 738 2730 tempore
749 2703 776 2725 et
788 2699 902 2732 plurimo
915 2699 1006 2727 labore
1019 2699 1069 2726 sibi
1094 2703 1263 2734 pepererant,
1285 2698 1480 2733 amplectenda,
1493 2703 1518 2726 et
1529 2698 1658 2726 acerrimo
1673 2697 1762 2725 studio
1777 2705 1849 2725 com-

230 2743 346 2778 paranda
358 2742 560 2771 exercitationis
580 2742 727 2777 benefacta,
743 2751 798 2772 uno
811 2746 938 2779 temporis
959 2750 1093 2773 momento
1108 2746 1258 2781 arrogantia
1272 2750 1300 2773 et
1320 2752 1389 2772 vana
1405 2745 1439 2773 de
1453 2752 1482 2773 se
1505 2745 1681 2780 persuasione
1694 2744 1847 2773 amiserant.

229 2789 320 2818 Gratia
331 2794 418 2817 autem
432 2789 519 2816 nostri
540 2787 700 2824 Servatoris,
717 2794 744 2818 et
764 2795 918 2818 sanctorum
945 2791 1053 2820 Patrum
1074 2791 1252 2827 providentia,
1266 2796 1294 2820 et
1306 2791 1437 2820 viscerum
1458 2791 1639 2823 miseratione,
1657 2790 1740 2826 erepti
1754 2794 1817 2818 sunt
1830 2797 1845 2817 a

228 2833 391 2868 spiritalibus
398 2834 494 2863 diaboli
506 2835 621 2870 laqueis,
639 2840 667 2864 et
679 2841 831 2865 sanctorum
843 2837 965 2871 precibus
979 2842 1202 2872 recuperaverunt
1211 2839 1327 2873 priorem
1339 2838 1420 2866 vitam
1435 2845 1514 2873 quam
1530 2837 1642 2872 agebant
1654 2845 1687 2865 ex
1702 2841 1808 2865 Vll‘lllle.
