2077 3154
968 176 1124 205 PALLADII
1790 171 1857 199 10m

1298 229 1847 242 ___—_—._-L———————-q

1106 237 1290 244 —_———

433 273 653 304 EXEMPLAR
675 273 878 303 EPISTOLE
901 272 1075 304 SCRIPTJE
1098 271 1150 302 AD
1174 270 1331 301 LAUSUM
1354 267 1613 299 PMEPOSITUM
1631 289 1640 304 ,

720 343 757 364 ΔΒ
779 342 958 364 HBHACLIDE
980 340 1127 362 EPISCOPO
1142 335 1156 349 ⁸
1168 338 1380 361 ΕΔΡΡΔΏΟΕΙΕ-

275 395 364 423 Laudo
375 401 535 430 magnopere
551 399 624 422 tuum
641 395 800 422 institutum.
811 395 864 422 Par
875 399 915 423 est
925 396 996 422 enim
1012 399 1041 422 ut
1055 393 1164 427 incipiat
1172 392 1283 426 epistola
1297 399 1312 419 a
1331 390 1500 418 laudatione:
1515 388 1586 424 quod
1598 395 1659 416 eum
1672 392 1766 414 omnes
1779 386 1854 413 vanis

240 442 319 468 rebus
332 441 444 471 inhient,
460 444 488 467 et
498 440 597 475 lapides
610 440 753 474 aediﬁcent,
770 448 801 468 ex
815 441 911 475 quibus
926 439 1026 468 null'am
1040 439 1304 474 capientutilttatem,
1319 437 1400 465 libros
1411 436 1538 468 aediﬁces,
1550 439 1578 462 et
1589 434 1656 462 velis
1666 433 1766 461 doceri.
1777 432 1855 460 Solus

237 488 308 515 cnim
319 492 361 515 est
374 487 558 514 universorum
571 487 640 514 Deus
651 487 695 521 qui
709 487 799 521 nequit
813 487 911 520 doceri,
925 486 1138 521 quandoquidem
1153 488 1181 512 et
1195 485 1252 518 ipse
1267 491 1315 518 per
1333 491 1362 511 se
1376 487 1425 514 est,
1448 487 1474 510 et
1488 486 1549 508 ante
1563 488 1592 508 se
1603 487 1655 507 non
1671 479 1750 506 habet
1761 478 1854 505 alium.

239 534 295 561 Alia
311 538 400 561 autem
412 533 500 561 omnia
513 533 601 561 doceri
615 533 874 568 possunt,‘quoniam
887 525 949 560 sunt
959 536 988 560 et
1001 533 1069 559 facta
1084 537 1110 559 et
1125 535 1226 559 creata.
1244 530 1330 564 Atque
1354 529 1431 562 primi
1445 528 1553 563 quidem
1577 526 1684 554 ordines
1699 524 1855 559 magistram

238 577 336 605 habent
350 585 479 604 summam
490 578 662 610 Trinitatem,
675 577 783 605 secundi
798 581 886 605 autem
901 577 1006 605 discunt
1019 584 1034 604 a
1047 576 1150 611 primis,
1163 575 1233 603 tertii
1249 579 1336 602 autem
1345 581 1359 601 a
1375 573 1513 605 secundis;
1526 576 1553 600 et
1566 572 1605 599 sic
1617 571 1756 603 deinceps,
1768 573 1795 596 et
1808 575 1855 602 per

238 622 370 655 ordinem,
385 629 469 656 usque
478 623 511 649 ad
522 627 666 650 extremos.
683 622 732 656 Qui
743 623 815 650 enim
826 626 888 650 sunt
901 622 1099 656 praestantiores
1113 622 1215 649 bonore
1235 625 1262 648 et
1274 620 1380 652 virtute.
1405 619 1501 647 docent
1515 625 1561 646 eos
1573 617 1617 652 qui
1632 621 1694 644 sunt
1716 615 1857 643 inferiores

238 667 397 702 cognitione.
414 667 465 700 Qui
480 674 544 701 ergo
556 667 710 694 existimant
724 674 753 694 se
764 675 816 695 non
832 674 913 702 egere
923 667 1068 702 magistris,
1082 671 1129 694 aut
1140 673 1195 694 non
1208 669 1302 701 parent
1316 665 1348 692 iis
1361 665 1407 700 qui
1419 665 1517 692 docent
1531 665 1558 690 in
1581 662 1720 695 charitate,
1736 661 1857 689 laborant

241 712 334 739 morbo
349 712 531 747 ignorationis,
546 719 604 746 quae
617 716 659 740 est
669 717 755 739 mater
769 713 936 747 arrogantiae.
947 711 1020 740 Inter
1033 719 1100 747 quos
1114 713 1212 746 primas
1225 715 1313 745 partes
1324 713 1415 737 tenent
1426 709 1458 736 ad
1469 708 1617 742 interitum,
1632 707 1677 742 qui
1688 706 1781 735 eodem
1793 705 1857 733 vitio

238 757 394 785 exciderunt
408 765 423 784 a
440 757 543 785 caelesti
555 757 718 785 habitatione
729 758 755 785 in
766 765 828 785 aere
838 757 961 785 volantes
977 757 1123 788 daemones,
1146 761 1176 784 ut
1188 756 1233 791 qui
1245 755 1394 790 aufugerim
1407 754 1442 781 ab
1454 754 1487 782 iis
1497 754 1541 788 qui
1555 757 1631 781 erant
1645 753 1670 780 in
1688 751 1757 780 cmlo
1772 750 1857 786 magi-

240 802 314 829 stris.
329 802 387 829 Non
401 803 473 829 enim
489 802 617 830 dictiones
631 807 676 830 aut
690 802 799 837 syllabae
812 807 875 830 sunt
889 803 1027 835 doctrinae,
1041 810 1106 837 quas
1121 808 1310 836 nonnunquam
1323 801 1421 829 habent
1434 801 1512 828 etiatn
1527 800 1572 834 qui
1592 803 1655 826 sunt
1669 797 1794 832 pessimi;
1809 798 1856 825 sed

241 855 329 876 mores
344 853 416 876 recte
431 848 580 883 compositi,
596 852 624 876 et
637 848 765 876 molestia:
779 852 807 876 et
821 848 938 881 test-oris,
950 853 1037 876 metus
1052 853 1079 875 et
1093 848 1138 875 ira:
1153 847 1285 881 vacuitas,
1298 851 1325 874 et
1335 847 1361 874 in
1375 846 1454 874 rebus
1467 845 1589 873 omnibus
1605 843 1698 872 ﬁducia
1709 850 1742 870 ac
1751 843 1855 870 dicendi

239 893 360 926 libertas,
376 897 403 920 et
415 900 472 926 qua!
487 900 625 921 sermones
644 901 695 920 non
710 901 787 921 secus
801 893 971 928 gignitquam
982 894 1051 928 ignis
1073 894 1219 927 ﬂammam,
1241 892 1424 920 mansuetudo.
1448 891 1513 919 Nam
1525 892 1547 918 si
1568 891 1605 918 ita
1622 897 1674 917 non
1699 893 1779 922 esset,
1803 897 1857 916 non

240 937 341 966 diceret
356 945 466 972 magnus
477 938 602 973 magister
616 939 670 965 suis
683 939 820 973 discipulis
833 948 840 965 :
858 939 954 966 Di-cite
968 947 982 966 a
997 947 1048 972 me,
1063 939 1186 974 quoniam
1201 940 1272 966 mitis
1287 947 1345 966 sum
1360 943 1387 966 et
1401 938 1508 966 humilis
1520 938 1600 965 corde
1616 936 1727 972 (Matth.
1739 936 1787 966 xl),
1805 943 1856 963 non

240 983 382 1011 verborum
396 988 490 1011 ornatu
503 983 644 1010 instituens
656 987 684 1010 et
695 983 810 1018 dirigens
820 984 966 1018 apostolos,
983 984 1029 1012 scd
1052 992 1154 1011 morutn
1175 984 1291 1011 bonitate
1304 983 1437 1010 neminem
1461 982 1580 1010 molestia
1603 981 1734 1013 afﬁciens,
1757 985 1857 1014 ιιι-πια-

240 1037 287 1057 eos
300 1029 343 1064 qui
355 1029 462 1057 verbum
476 1030 571 1057 habent
586 1030 658 1063 odio,
674 1034 702 1059 et
714 1030 828 1058 oderunt
839 1032 989 1066 magistros.
1005 1031 1115 1066 Oportet
1137 1033 1208 1058 enim
1230 1030 1355 1063 animam,
1369 1037 1429 1064 qum
1441 1029 1551 1056 Christo
1566 1026 1758 1055 convenienter
1780 1033 1859 1054 exer-

245 1077 322 1100 cetur
332 1093 340 1106 ,
372 1069 415 1100 vei
447 1073 562 1102 ﬁdeliter
591 1075 694 1103 discere
707 1084 737 1104 ea
752 1084 812 1111 quae
826 1085 878 1104 non
893 1078 975 1110 novit,
987 1078 1027 1105 vel
1043 1081 1135 1112 aperte
1149 1077 1245 1106 docere
1258 1085 1289 1104 ea
1306 1083 1364 1111 quze
1385 1077 1447 1104 scit.
1467 1075 1494 1103 Si
1508 1075 1580 1102 enim
1593 1074 1749 1102 alterutrum
1764 1073 1859 1100 horum

244 1119 320 1152 nolit,
332 1119 435 1147 laborat
448 1120 560 1147 insania.
577 1120 738 1149 Defectionis
752 1123 822 1150 enim
838 1123 995 1158 principium
1019 1127 1060 1151 est
1074 1123 1200 1150 doctrinm
1213 1122 1333 1154 satietas,
1347 1125 1374 1148 et
1386 1120 1461 1149 verbi
1483 1120 1628 1152 fastidium,
1653 1118 1725 1152 quod
1754 1125 1860 1152 semper

243 1164 325 1192 esurit
335 1166 422 1192 anima
437 1166 494 1200 ejus
505 1167 548 1201 qui
563 1167 646 1195 Deum
659 1167 751 1203 diligit.
766 1168 829 1197 Vale
843 1176 916 1203 ergo,
931 1169 1006 1196 ctsis
1018 1176 1097 1197 sanus
1110 1172 1138 1196 et
1148 1169 1234 1202 fortis,
1249 1172 1276 1196 et
1287 1166 1368 1203 (quod
1378 1173 1500 1202 magnum
1515 1163 1566 1199 est)
1578 1164 1627 1192 tibi
1641 1163 1710 1191 Deus
1720 1161 1850 1190 concedat

240 1210 417 1245 cognitionem
431 1211 540 1238 Christi.

415 1305 635 1337 EXEMPLAR
659 1307 863 1338 EPISTOLIE
885 1308 1060 1339 SCRIPTJE
1083 1308 1136 1338 AD
1159 1309 1316 1339 LAUSUM
1338 1307 1597 1339 PR/EPOSITUM
1613 1329 1623 1345 ,

757 1366 776 1387 Δ
797 1366 949 1388 νΔιιΑυιο
971 1366 1118 1388 EPISCOPO
1139 1367 1341 1389 CAPPADOCIE

278 1406 343 1434 Cum
364 1407 441 1434 multi
456 1408 538 1434 multa
563 1411 591 1435 et
604 1408 675 1435 varia
692 1407 808 1435 diversis
831 1409 998 1443 temporibus
1019 1409 1116 1443 scripta
1131 1408 1191 1436 huic
1204 1409 1303 1436 steculo
1322 1408 1489 1443 reliquerint,
1504 1414 1616 1443 quorum
1631 1402 1680 1434 alia
1696 1406 1813 1442 quidem,
1829 1413 1862 1434 ex

243 1450 292 1478 Dei
305 1458 430 1485 supernae
442 1451 534 1486 gratim
548 1452 733 1486 inspiratione,
749 1457 810 1480 sunt
820 1454 853 1481 ad
867 1453 1071 1481 aediﬁcationem
1085 1457 1113 1481 et
1127 1453 1296 1481 securitatem
1312 1460 1404 1481 eorum
1420 1453 1466 1487 qui
1479 1452 1551 1479 ﬁdeli
1567 1451 1702 1487 proposito
1714 1456 1862 1486 sequuntur

243 1494 365 1529 dogmata
380 1495 544 1529 Servatoris;
558 1497 610 1523 alia
624 1502 722 1530 autem,
734 1505 767 1525 ex
781 1502 908 1532 corrupto
919 1503 945 1526 et
955 1497 1027 1533 quod
1039 1497 1191 1526 hominibus
1204 1498 1308 1532 placere
1330 1499 1403 1533 cupit
1417 1498 1564 1533 proposito,
1576 1497 1710 1525 luxuriant
1722 1497 1755 1525 ad
1769 1500 1878 1525 eorum‘

243 1539 450 1566 consolationem
463 1540 506 1574 qui
518 1541 604 1569 inanis
614 1542 705 1576 gloriae
722 1543 816 1570 morbo
830 1542 967 1576 laborant;
982 1543 1033 1570 alia
1043 1547 1141 1576 autem,
1155 1550 1188 1570 ex
1202 1543 1352 1578 importuna
1363 1543 1475 1578 quadam
1495 1542 1606 1575 insania,
1625 1547 1653 1571 et
1663 1542 1802 1575 daemonis,
1816 1543 1862 1578 qui

246 1593 304 1620 quae
318 1592 379 1613 sunt
393 1585 505 1613 honesta
521 1586 601 1614 habet
611 1588 683 1621 odio,
696 1588 864 1622 impulsione,
876 1589 908 1616 ad
921 1589 1017 1616 levium
1031 1589 1166 1616 hominum
1181 1589 1338 1624 perniciem,
1353 1594 1380 1616 et
1394 1590 1558 1617 intemerata:
1572 1587 1713 1616 catholicas
1735 1588 1862 1616 Ecclesia

247 1631 342 1662 labent,
356 1630 395 1658 ira
406 1637 432 1659 et
446 1633 597 1666 arrogantia
613 1634 764 1668 irruperunt
778 1635 803 1661 in
818 1639 921 1662 mentes
936 1635 1089 1679 sturltorum,
1105 1639 1134 1662 ut
1143 1635 1223 1662 vitam
1237 1635 1374 1662 honestam
1388 1639 1414 1662 et
1426 1642 1519 1670 puram
1530 1634 1718 1667 obscurarent;
1733 1634 1820 1662 visum
1834 1640 1863 1663 et

248 1676 314 1704 mihi
324 1683 429 1711 quoque
445 1677 538 1704 humili
554 1682 662 1712 propter
675 1686 750 1712 spem
766 1679 792 1706 in
807 1679 953 1715 Christum,
965 1676 994 1706 et
1012 1679 1215 1714 magniﬁcentiae
1237 1684 1288 1707 tua:
1310 1679 1414 1714 iussum
1439 1679 1583 1712 reverenti,
1597 1679 1638 1706 vir
1659 1678 1864 1712 studiosissime,

245 1724 359 1759 primum
375 1724 493 1751 omnium
509 1732 617 1753 narrare
629 1732 660 1752 ea
670 1726 758 1752 omnia
774 1733 832 1760 qua:
847 1726 879 1753 ad
894 1734 936 1754 me
948 1727 1091 1761 pertinent,
1103 1731 1130 1754 et
1140 1731 1244 1754 aetatem
1255 1731 1283 1754 et
1296 1727 1394 1754 mentis
1408 1733 1474 1754 mea:
1487 1726 1519 1752 ad
1531 1726 1655 1752 virtutem
1672 1725 1698 1751 in
1710 1724 1793 1752 Deum
1805 1731 1866 1758 pro-

244 1768 352 1802 iectum,
368 1769 517 1803 incipiendo
535 1770 669 1805 ajuvenili
687 1776 776 1799 :etate.

281 1813 348 1843 Cum
362 1816 526 1851 trigesimum
541 1817 648 1852 quidem
662 1822 689 1845 et
704 1819 810 1846 tertium
826 1826 924 1846 annum
938 1827 1044 1854 agerem
1063 1819 1089 1847 in
1111 1820 1312 1847 conversatione
1326 1827 1387 1847 cum
1401 1819 1527 1846 fratribus
1537 1823 1564 1846 et
1577 1819 1632 1846 vita
1647 1818 1777 1852 solitaria,
1793 1817 1866 1852 vige-

245 1861 342 1888 sitnum
356 1866 445 1890 autem
459 1863 638 1896 episcopatus,
656 1864 737 1891 totius
749 1869 837 1891 autent
853 1865 914 1891 vitae
927 1872 994 1893 meze
1008 1864 1257 1900 quinquagesimum
1275 1865 1391 1898 tertium,
1415 1863 1594 1892 necessarium
1614 1863 1774 1895 existimavi,
1789 1863 1867 1897 spiri-

244 1907 303 1933 talis
318 1907 440 1935 utilitatis
453 1908 549 1942 gratia,
575 1908 622 1936 tibi
646 1910 763 1943 cupienti
779 1910 806 1937 in
827 1911 934 1944 scriptis
946 1918 1055 1938 narrare
1069 1918 1127 1945 qme
1141 1918 1155 1937 a
1167 1910 1265 1937 sanctis
1279 1909 1403 1937 Patribus
1417 1914 1489 1937 recte
1502 1913 1530 1936 et
1551 1916 1582 1936 ex
1599 1909 1695 1936 virtute
1707 1914 1780 1944 gesta
1794 1913 1866 1941 sunt,

243 1954 297 1978 tam
313 1953 438 1980 masculis
452 1961 530 1988 qttam
547 1953 661 1986 feminis,
674 1962 740 1989 quos
752 1959 778 1982 ct
791 1955 847 1989 ipso
859 1955 924 1987 vidi,
938 1960 965 1983 et
976 1955 1009 1982 de
1019 1954 1114 1990 quibus
1128 1955 1215 1982 audivi
1228 1955 1261 1982 ab
1273 1955 1369 1982 animis
1385 1954 1554 1987 ﬁdelissimis,
1564 1961 1624 1982 cum
1638 1954 1736 1989 quibus
1746 1959 1868 1981 versatus

242 2006 301 2027 sum
318 2000 343 2026 iu
355 1999 461 2035 {Egypti
477 2000 629 2035 solitudine,
642 2005 669 2027 ct
680 2001 706 2028 in
724 2001 817 2036 Libya,
836 2006 861 2029 et
875 2001 1021 2034 Thebaide,
1038 2006 1063 2028 et
1079 2001 1184 2035 Syene,
1200 2001 1249 2028 sub
1262 2008 1312 2035 qua
1337 2005 1401 2028 sunt
1424 2001 1504 2028 etiam
1528 2000 1573 2034 qui
1592 2000 1716 2027 dicuntur
1731 2000 1868 2027 Tabenne-

244 2046 334 2078 siotte;
348 2046 445 2073 deinde
460 2046 487 2072 in
499 2045 697 2080 Mesopotamia,
718 2047 868 2078 Palatstitta,
884 2050 910 2073 et
922 2046 1008 2082 Syria,
1021 2051 1048 2073 et
1070 2046 1097 2072 in
1118 2045 1236 2080 partibus
1251 2045 1412 2079 Occidentis,
1430 2049 1457 2073 et
1472 2045 1577 2076 Romat,
1593 2048 1620 2071 et
1633 2044 1659 2070 itt
1674 2044 1825 2078 Campania,
1840 2050 1868 2071 et

250 2091 279 2117 in
295 2091 326 2117 iis
340 2098 398 2125 qua:
411 2095 472 2117 sunt
484 2092 554 2118 circa
566 2098 611 2118 eas
626 2091 761 2124 partibus;
774 2096 802 2118 ul
817 2091 862 2118 tibi
879 2091 913 2118 ab
937 2091 1012 2118 initio
1034 2089 1247 2117 accurratissime
1262 2089 1288 2116 in
1305 2089 1355 2117 hoc
1369 2090 1437 2118 libro
1456 2096 1586 2124 exponam
1601 2089 1683 2115 instar
1693 2089 1868 2122 narrationis;

249 2141 346 2162 utcum
362 2135 461 2162 habeas
477 2136 617 2164 honestum
632 2141 659 2163 et
670 2137 764 2162 animae
775 2136 839 2163 utile
850 2141 1062 2167 monumentum,
1074 2140 1228 2170 perpetuum
1241 2140 1268 2162 et
1283 2142 1336 2163 non
1351 2134 1579 2162 intermittendum
1601 2134 1706 2168 pietatis
1726 2139 1752 2161 et
1763 2134 1870 2169 religio-

251 2182 294 2207 nis
306 2181 540 2214 medicamentum,
554 2189 660 2209 otunem
677 2181 783 2214 quidem
802 2181 942 2209 oblivionis
965 2181 1191 2214 dortnitationem.
1209 2190 1267 2217 qum
1285 2189 1318 2210 ex
1340 2181 1483 2215 cupiditate
1495 2181 1605 2208 rationis
1619 2185 1728 2216 experte
1742 2182 1768 2209 in
1781 2181 1870 2208 anima

248 2226 428 2260 iugeneratur,
441 2233 548 2254 omnem
559 2231 648 2253 autem
660 2226 687 2253 in
701 2226 752 2253 ﬁde
764 2226 969 2259 dubitationem,
981 2234 1128 2261 omnesque
1147 2228 1173 2254 in
1188 2235 1277 2255 rerum
1292 2234 1339 2254 usu
1355 2226 1448 2253 sordes
1471 2230 1498 2252 et
1523 2226 1689 2260 parcitatem,
1711 2233 1870 2261 omnemque

251 2271 444 2299 dubitationem
461 2271 602 2306 pusillique
612 2276 638 2298 et
651 2271 746 2306 abjecti
758 2271 838 2298 animi
858 2272 962 2305 vilium,
977 2277 1004 2299 et
1023 2273 1130 2300 nimiatn
1145 2273 1177 2300 ad
1202 2273 1267 2300 iram
1294 2273 1515 2308 propensionem,
1542 2272 1828 2307 perturbationemque,
1843 2277 1871 2299 et

248 2318 432 2354 cgritudinem
447 2318 558 2346 rationis
569 2322 716 2350 expertem,
733 2321 760 2345 et
772 2318 984 2352 iutetnpestivum
998 2319 1119 2346 timorem
1134 2327 1183 2353 per
1198 2319 1223 2347 id
1239 2319 1373 2354 expellas;
1394 2324 1421 2346 et
1435 2325 1468 2356 n_e
1479 2325 1494 2345 a
1508 2320 1625 2354 corrupti
1641 2319 1731 2346 mundi
1745 2327 1810 2346 vana
1822 2326 1871 2353 spe

248 2365 375 2400 pendeas,
394 2364 518 2398 effugias:
537 2369 665 2399 perpetuo
679 2368 767 2391 autem
781 2363 914 2391 desiderio
925 2363 952 2390 in
972 2371 1020 2398 spe
1032 2363 1064 2391 ad
1079 2364 1161 2391 Deum
1178 2365 1312 2399 proﬁcias,
1328 2368 1355 2391 et
1369 2363 1395 2390 in
1409 2363 1545 2398 proposito
1560 2364 1680 2398 pietatis;
1697 2365 1734 2391 sis
1743 2368 1771 2392 et
1784 2364 1811 2391 in
1828 2364 1871 2392 via

247 2409 301 2437 dux
314 2416 384 2442 tuus,
399 2415 526 2437 eteorum
542 2410 585 2444 qui
597 2414 683 2437 tecum
696 2414 768 2442 sunt,
785 2413 812 2436 et
825 2416 917 2436 eorum
933 2409 978 2443 qui
991 2408 1038 2436 tibi
1051 2409 1239 2443 subjiciuntur,
1252 2413 1278 2436 et
1288 2409 1402 2436 maxime
1416 2411 1518 2445 piorum
1531 2409 1733 2443 imperatorum.
1750 2409 1801 2436 Per
1811 2417 1871 2444 quze

247 2458 357 2493 quidem
370 2458 436 2484 bene
450 2456 518 2484 facta
533 2463 625 2484 omnes
637 2455 682 2490 qui
695 2455 829 2484 Christum
842 2455 966 2490 diligunt,
983 2454 1038 2482 Deo
1050 2455 1119 2482 uniri
1140 2459 1294 2489 properant,
1317 2460 1503 2490 exspectantes
1514 2455 1616 2482 scilicet
1635 2454 1754 2489 quotidie
1768 2455 1872 2481 resolu-

248 2506 350 2533 tionem
363 2505 459 2532 auimte
471 2511 484 2530 a
500 2510 623 2537 corpore,
636 2507 716 2537 prout
724 2503 852 2537 scripturn
867 2505 908 2529 est
920 2511 926 2529 :
941 2501 1079 2534 Coarctor,
1091 2502 1201 2536 cupiens
1213 2501 1322 2529 dissolvi
1335 2506 1362 2529 et
1373 2510 1433 2530 esse
1446 2510 1505 2530 cutn
1516 2502 1637 2534 Christo;
1651 2506 1693 2529 est
1702 2503 1772 2528 enim
1787 2501 1871 2529 multo

249 2551 346 2579 melius
362 2550 473 2585 (Philip.
488 2550 515 2583 t).
532 2549 564 2576 Et
575 2549 655 2576 illud:
671 2549 737 2576 Para
750 2549 777 2576 itt
788 2549 890 2576 exitum
901 2555 983 2582 opera
998 2554 1052 2580 tua,
1066 2553 1092 2575 et
1106 2555 1224 2582 prarpara
1241 2552 1267 2575 te
1277 2548 1303 2574 in
1315 2556 1407 2583 agrum
1420 2549 1509 2583 (Prov.
1527 2548 1611 2582 xxtv).
1624 2547 1752 2580 Quienim
1766 2555 1872 2582 semper

249 2597 342 2624 mortis
356 2594 485 2626 meminit,
498 2602 557 2628 qua:
571 2595 724 2622 necessario
735 2595 844 2621 omnino
864 2594 962 2624 veniet,
979 2599 1005 2620 et
1020 2601 1070 2620 non
1079 2593 1202 2626 tardabit,
1216 2593 1242 2620 in
1257 2594 1358 2628 magnis
1373 2602 1424 2621 non
1439 2594 1564 2624 oll'endet,
1580 2594 1649 2620 sicut
1672 2593 1798 2626 scriptum
1810 2597 1850 2619 est
1863 2601 1870 2619 :

251 2643 280 2670 ln
294 2643 416 2669 omnibus
431 2640 555 2675 operibus
569 2640 622 2667 tuis
636 2644 770 2667 memento
784 2638 939 2670 nevissitna,
955 2638 1019 2665 etin
1033 2642 1160 2665 arternum
1176 2645 1229 2665 non
1250 2639 1372 2672 peccabis
1385 2638 1497 2673 (Eccles.
1515 2637 1572 2673 vn).
1586 2637 1676 2672 Neque
1696 2644 1759 2664 vero
1774 2642 1872 2671 preter

251 2689 301 2715 alia
317 2688 404 2716 omnia
421 2687 477 2713 ha‘c
489 2691 515 2713 te
529 2684 602 2712 fallat
617 2686 702 2712 brevis
714 2684 860 2711 admonitio
875 2684 1072 2714 narratiorrum;
1085 2690 1172 2717 neque
1187 2690 1298 2717 respuas
1337 2682 1434 2711 rudem
1467 2688 1495 2711 et
1526 2683 1677 2710 inornatam
1716 2682 1870 2709 dictionem.

252 2736 310 2763 Non
323 2739 363 2762 est
374 2733 444 2762 enim
461 2732 558 2760 divina:
570 2731 708 2764 doctrinae,
721 2736 813 2758 ornata
829 2735 855 2758 et
868 2730 901 2757 ad
912 2730 1104 2758 ostendendam
1119 2730 1276 2765 sapientiam
1291 2730 1438 2765 composita
1454 2729 1491 2757 uti
1507 2730 1642 2761 oratione,
1654 2728 1701 2756 sed
1717 2728 1798 2756 menti
1813 2735 1873 2761 per-

251 2780 366 2808 suadere
381 2787 429 2814 per
443 2779 644 2813 intelligentiam
661 2777 790 2809 veritatis,
802 2781 830 2804 ut
841 2776 968 2811 scriptum
984 2782 1024 2803 est
1039 2785 1044 2802 :
1061 2776 1140 2810 Aperi
1155 2782 1185 2803 os
1199 2780 1271 2803 tuum
1285 2775 1367 2803 verbo
1379 2775 1441 2808 Dei,
1458 2779 1485 2802 et
1495 2774 1583 2810 judica
1599 2775 1686 2801 omnia
1701 2781 1766 2801 sane
1780 2772 1870 2808 (Prov.

255 2825 342 2860 xxxi).
355 2825 385 2852 EI
401 2832 493 2852 rursus
506 2834 512 2851 :
531 2823 568 2852 Ne
583 2823 702 2851 declines
715 2831 730 2849 a
745 2823 899 2850 narratione
909 2829 1000 2849 senum
1013 2829 1020 2854 ;
1034 2821 1083 2856 ipsi
1096 2821 1167 2849 enim
1183 2820 1332 2850 didicerunt
1347 2828 1361 2848 a
1377 2820 1495 2857 patribus
1508 2826 1599 2848 eorum
1615 2818 1724 2854 (Eccles.
1743 2816 1813 2853 vui).

291 2885 303 2899 ⁸
320 2879 411 2907 Graece
425 2883 476 2912 est,
490 2881 561 2918 παρὰ
573 2878 710 2907 Παλλαδίου
722 2880 871 2914 ἐπισκόπου,
885 2886 900 2907 a
917 2877 1033 2906 Palladio
1048 2875 1182 2912 episcopo.
