2079 3157
253 187 317 220 1001
490 240 498 246 ι
836 196 1019 227 EPISTOLA
1034 197 1084 226 AD
1102 196 1271 228 LAUSUM.
1794 201 1863 235 !002

964 275 1241 284 ξ-Ι--υ--κ--ι
1251 275 1774 288 mh
1786 279 1859 289 ____.

391 337 610 364 ΑΝΤΙΓΡὲΦυΝ
631 337 826 365 ΕΠΙΣΤΟΛΗΣ
845 327 1035 366 ΓΡΛΦΕῐὲῊΣ
1055 339 1168 376 ΛΔΥΣῼ
1187 340 1396 377 ΠΡΑῙΠΟΣΙΤῼ
1414 342 1506 368 ΠΔΡΑ
1525 343 1721 370 ΠΛΛΛΔΔΙΟΥ

955 399 1165 426 ΕΙΠΣΚΟΠΟΥ.

273 461 427 498 Μακαρίζω
443 471 489 488 σου
506 462 555 498 τὴν
570 463 746 498 προαίρεσιν·
766 463 842 496 ἄξιος
856 463 910 498 γὰρ
926 462 980 489 ἀπὸ
997 464 1171 500 μακαρισμοῦ
1186 465 1322 501 ἄρξασθαι
1335 467 1385 501 τῆς
1402 467 1547 502 ἐπιστολῆς
1559 475 1566 483 ο
1595 468 1635 495 ὅτι
1652 469 1761 497 πάντων
1775 469 1816 502 είς
1829 471 1864 497 τὰ

243 506 346 539 μάταια
360 505 525 541 κεχηνότων,
539 506 569 538 ἐξ
583 502 621 533 ὧν
634 507 684 533 οὐκ
694 507 929 542 ὠφεληθήσονται,
945 507 1027 538 αὐτὸς
1044 507 1140 542 λόγους
1155 510 1318 545 οἰκοδομετς,
1337 512 1385 538 καὶ
1396 511 1569 539 διδάσκεσθαι
1585 512 1683 544 θέλεις.
1710 513 1863 546 Ἀδίδακτος

239 549 294 584 γὰρ
312 549 393 584 μόνος
405 549 479 576 ἐστὶν
493 550 508 576 ό
521 549 577 576 τῶν
587 550 655 577 ὅλων
666 550 748 582 Θεός’
764 550 859 586 ἐπειδὴ
873 552 921 577 καὶ
938 551 1087 587 αὐτοφυὴς,
1103 554 1150 580 καὶ
1167 555 1219 591 πρὸ
1231 555 1313 582 αὐτοῦ
1323 555 1400 584 ἀλλον
1419 557 1470 583 οὐκ
1492 556 1561 592 έχων
1582 565 1589 572 ·
1605 557 1639 584 τὰ.
1654 557 1676 583 δ’
1692 557 1760 585 ἄλλα
1773 558 1863 585 πάντα

239 593 314 619 ἐστὶν
330 592 458 619 διδακτά·
487 593 582 634 ὲπειδὴ
608 594 708 629 ποιητὰ
730 594 776 621 καὶ
801 594 914 621 κτιστά·
932 594 979 621 καὶ
1002 594 1036 621 τὰ
1057 597 1106 629 μὲν
1125 598 1221 633 πρῶτα
1247 599 1378 634 τάγματα
1399 599 1560 626 διδάσκαλον
1579 599 1636 634 ἔχει
1659 600 1708 635 τὴν
1731 601 1863 628 ἀνωτάτω

240 636 357 672 Τριάδα·
375 636 407 664 τὰ
424 637 452 664 δὲ
465 637 588 673 δεύτερα,
604 638 678 673 παρὰ
691 637 744 665 τῶν
760 638 876 674 πρώτων
888 638 1034 674 μανθάνει·
1049 639 1084 666 τὰ
1096 640 1124 667 δὲ
1141 641 1230 676 τρίτα.
1243 643 1320 676 παρά
1334 642 1388 669 τῶν
1399 642 1533 677 δευτέρων
1543 651 1549 658 ·
1566 643 1613 669 καὶ
1631 642 1702 669 οὕτω
1717 643 1780 669 καθ’
1799 643 1862 678 ἑξῆς

239 680 310 706 κατὰ
330 680 418 713 τάξιν,
443 681 524 717 μέχρι
536 681 582 708 καὶ
598 681 652 708 τῶν
664 681 795 716 ἐσχάτων.
813 683 843 708 υἱ
862 682 915 718 γὰρ
929 682 1071 717 κρείττους
1092 684 1121 710 ὲν
1137 684 1235 722 γνώμῃ
1251 686 1297 712 καὶ
1319 686 1403 721 ἀρετῇ
1418 687 1483 718 τοὺς
1493 685 1699 721 ἠλαττωμένους
1716 686 1744 713 ὲν
1761 686 1861 720 γνώσει

238 724 419 752 διδάσκουσιν.
437 726 468 752 Οί
482 725 572 752 τοίνυν
588 726 706 761 οἰόμενοι
719 725 888 754 διδασκάλων
903 726 939 761 μὴ
956 725 1084 762 χρῄζειν,
1102 728 1212 762 ἄγνοιαν
1233 729 1366 761 νοσοῦσιν,
1390 729 1440 764 τὴν
1459 729 1565 764 μητέρι
1580 730 1629 765 τῆς
1647 729 1861 765 ὕπερηφανείας,

239 769 264 794 οἱ
283 769 319 803 μὴ
335 769 491 804 πειθόμενοι
509 770 566 801 τοῖς
587 770 616 796 ἒν
635 771 729 806 ἀγάπῃ
746 770 927 798 διδάσκουσιν.
943 767 993 796 Ἦν
1012 770 1199 805 πρωτεύουσιν
1211 773 1251 804 είς
1266 772 1415 806 ἀπώλειαν,
1428 773 1452 799 ot
1467 773 1507 808 τῷ
1527 772 1601 808 αὐτῷ
1615 772 1697 800 πάθει
1716 774 1766 808 τῆς
1779 773 1862 810 θύρας

239 813 296 839 νίου
311 812 451 848 διαγωγῆς
467 814 640 845 ἐκπεσόντες,
656 815 681 841 οί
696 815 724 840 ὲν
740 815 801 850 ἀέρι
820 815 963 850 πετόμενοι
977 814 1114 849 δαίμονες,
1134 815 1190 842 τῶν
1206 817 1235 842 ἐν
1250 817 1306 847 τοῖς
1324 817 1450 851 οὐρανοῖς
1464 816 1668 851 ἀποδράσαντες
1681 817 1860 845 διδασκάλων.

239 857 277 883 οὐ
292 856 346 891 γὰρ
359 857 387 882 al
406 856 495 889 λέξεις
509 857 526 892 ῆ
539 857 567 884 αἱ
585 857 718 884 συλλαϐαί
735 858 805 884 είσιν
821 857 1007 890 διδασκαλίαι,
1025 857 1059 889 ἀς
1073 858 1179 893 ἔχουσιν
1196 859 1283 886 ἐνίοτε
1304 860 1351 886 καὶ
1363 860 1386 885 οί
1400 860 1446 886 ἐπὶ
1460 859 1585 887 πλεῖστον
1598 860 1713 894 φαῦλοι·
1731 860 1798 888 ἀλλὰ
1813 861 1861 887 τοῦ

238 901 320 935 ἡοους
333 900 366 926 τὰ
377 900 586 936 κατορθώματα,
600 901 618 937 ἡ
629 910 658 927 τε
675 901 787 934 ἀλυπία,
802 901 850 927 καὶ
865 901 1008 936 ἀπτοησία,
1028 902 1073 928 καὶ
1086 903 1103 936 ἡ
1121 901 1235 935 ἀδειλία,
1252 902 1298 928 καὶ
1311 902 1342 929 τδ
1353 903 1498 938 ἀόργητον,
1513 903 1560 929 καὶ
1571 903 1587 938 ἡ
1600 903 1647 930 ἐπὶ
1663 905 1772 930 πάντων
1789 906 1860 940 παῤ-

241 943 333 979 ρησία,
349 944 397 970 καὶ
414 944 478 975 τοὺς
494 944 589 977 λόγους
609 945 645 975 ὡς
659 944 746 980 πυρὸς
761 944 849 978 φλόγα
861 945 993 978 γεννῶσα.
1010 945 1042 971 El
1059 945 1113 981 γὰρ
1138 945 1175 979 μὴ
1189 944 1223 980 ἦν
1243 945 1322 972 τοῦτο
1332 965 1339 978 ,
1353 945 1403 972 οὐκ
1416 945 1449 972 ἂν
1467 945 1559 980 ἔλεγεν
1573 948 1587 973 ό
1601 946 1687 981 μέγας
1701 947 1860 979 διδάσκαλος

237 988 293 1019 τοῖς
314 987 412 1014 ἑαυτοῦ
430 988 565 1023 μαθηταῖς
576 997 582 1004 ·
600 988 709 1015 Μάθετε
726 988 774 1016 ἀπ’
790 988 857 1023 ὲμοῦ
878 989 919 1015 ὃτι
936 988 1023 1024 πρᾶός
1040 980 1159 1023 εἰμι’καὶ
1173 989 1300 1020 ταπεινὸς
1315 990 1347 1024 τῇ
1365 989 1481 1025 καρδίᾳ·
1497 990 1527 1016 οὐ
1540 991 1574 1025 τῇ
1594 980 1701 1025 εὐλεξίᾳ
1719 990 1860 1026 ῥυθμίζων

237 1032 300 1062 τοὺς
315 1031 491 1064 ἀποστόλους,
509 1031 577 1058 ἀλλά
589 1032 622 1067 τῇ
636 1031 764 1067 εὐσεϐείᾳ
777 1032 823 1058 τοῦ
841 1031 934 1067 ἡθους,
958 1031 1060 1067 μηδένα
1075 1031 1169 1058 λυπῶν
1187 1032 1257 1068 πλὴν
1271 1033 1324 1059 τῶν
1340 1033 1492 1068 μισολόγων
1505 1033 1551 1060 καὶ
1561 1033 1729 1061 διδασκάλοιν
1749 1034 1860 1069 μισούν⁸

237 1082 301 1102 των.
315 1075 362 1101 Δετ
375 1075 464 1102 τοίνυν
477 1075 526 1111 τὴν
541 1075 612 1102 κατὰ
626 1075 744 1111 Χριστὸν
758 1076 929 1112 ἀσκουμένην
946 1075 1045 1111 ψυχὴν,
1063 1075 1079 1111 ἦ
1097 1075 1244 1110 μανθάνειν
1261 1076 1366 1108 πιστῶς
1380 1076 1397 1103 ἀ
1416 1077 1466 1103 οὐκ
1481 1075 1566 1111 οἶδεν,
1583 1077 1599 1113 ἡ
1613 1077 1748 1105 διδάσκειν
1767 1079 1859 1113 σαφῶς

238 1117 255 1145 ἃ
271 1118 388 1152 ἐπέγνω.
414 1119 444 1145 Εἰ
466 1119 520 1154 γὰρ
536 1119 664 1155 ὁπότερον
691 1119 728 1155 μὴ
749 1119 888 1155 βούληται,
912 1120 1011 1155 μανίαν
1026 1120 1108 1146 νοσεῖ.
1137 1119 1221 1155 ’Λρχὴ
1239 1120 1293 1155 γὰρ
1307 1121 1486 1153 ἁποστασίας,
1509 1121 1684 1153 διδασκαλίας
1703 1122 1783 1157 κόρος
1809 1123 1855 1148 καὶ

237 1161 363 1196 ἀνορεεία
383 1161 473 1197 λόγου,
497 1163 527 1189 ὃν
542 1163 585 1190 ἀεὶ
605 1164 687 1199 πεινᾷ
704 1163 804 1199 ἡψυχὴ
819 1164 866 1191 τοῦ
884 1163 1019 1198 φιλοθέου.
1037 1162 1126 1198 Ἴσχυε
1142 1160 1187 1190 οὖν
1200 1183 1207 1196 ,
1225 1163 1272 1190 καὶ
1288 1163 1391 1198 ὑγίαινε
1402 1183 1410 1197 ,
1427 1164 1472 1190 καὶ
1487 1165 1516 1191 τὸ
1534 1165 1604 1199 μέγα
1620 1165 1767 1201 χαρίσηταὶ
1784 1174 1823 1192 σοι
1845 1167 1859 1193 ό

237 1205 320 1238 Θεὸς,
333 1205 383 1242 τὴν
399 1206 500 1240 γνῶσιν
515 1206 562 1233 τοῦ
579 1206 706 1242 Χριστοῦ.

1057 1285 1848 1300 .__.—__——_————-—_‘

675 1351 835 1377 ΔΙΗΓΙΙΣΙΣ
855 1351 923 1378 ΤΟΥ
943 1351 1020 1377 ΒΙΟΥ
1038 1351 1106 1377 ΤΩΝ
1122 1351 1225 1377 ΑῙΊΩΝ
1246 1350 1417 1378 ΠΑΤΕΡΩΝ.

270 1413 379 1442 Πολλῶν
393 1413 479 1441 πολλά
503 1415 551 1442 καὶ
575 1415 685 1442 ποικίλα
705 1415 776 1442 κατά
790 1415 935 1451 διαφόρους
955 1417 1068 1451 καιροὺς
1084 1417 1290 1452 συγγράμματα
1301 1417 1340 1452 τῷ
1355 1416 1405 1452 βίῳ
1426 1416 1671 1449 καταλελοιπότων,
1687 1417 1741 1444 τῶν
1762 1418 1810 1452 μὲν
1826 1419 1854 1451 ἐξ

236 1458 356 1489 ἐπινοίας
372 1457 422 1493 τῆς
436 1458 539 1485 ἀνωθεν
557 1459 605 1486 καὶ
621 1459 733 1494 χάριτος
748 1459 870 1486 θεοδότου
885 1460 926 1491 είς
942 1460 1086 1496 οἰκοδομὴν
1101 1461 1148 1488 καὶ
1165 1461 1314 1495 ἀσφάλειαν
1333 1461 1387 1487 τῶν
1403 1462 1487 1495 πιστῇ
1505 1460 1632 1496 προθέσει
1645 1461 1786 1496 ἑπομένων
1799 1465 1856 1493 τοῖς

205 1510 209 1515 “
234 1505 351 1539 δόγμασι
368 1504 415 1530 τοῦ
435 1505 576 1539 Σωτῆρος·
593 1504 646 1530 τῶν
665 1504 694 1530 δὲ
707 1503 736 1537 ἐξ
757 1498 992 1539 ἀνθρωπαρέσκου
1009 1504 1057 1531 καὶ
1073 1504 1275 1540 διεφθαρμένης
1290 1505 1448 1540 προθέσεως
1461 1504 1690 1539 ὑλομανησάντων
1709 1506 1749 1536 εἰς
1768 1513 1856 1540 παρα-

237 1548 336 1583 μυθίαν
354 1548 409 1576 τῶν
420 1548 573 1580 κενοδοξίαν
590 1547 764 1574 κισσώντων·
784 1547 886 1583 ἑτέρων
905 1547 935 1574 δὲ
945 1547 977 1575 ἐκ
999 1555 1072 1580 τινος
1095 1548 1195 1583 μανίας
1214 1548 1330 1583 ἀκαίρου
1349 1548 1396 1575 καὶ
1416 1548 1556 1583 ἐνεργείας
1569 1548 1615 1580 τοῦ
1632 1548 1780 1580 μισοκάλου
1798 1549 1856 1576 δαί-

236 1601 315 1626 μονος
339 1592 416 1628 τύφῳ
441 1592 488 1618 καὶ
516 1591 607 1627 μήνιδί
624 1592 670 1618 ἐπὶ
686 1591 759 1627 λύμῃ
776 1591 830 1618 τῶν
845 1591 1054 1627 εὐεξαπατὴτων
1070 1590 1232 1626 ἀνθρώπων,
1256 1591 1304 1618 καὶ
1321 1591 1408 1626 σπίλῳ
1423 1591 1474 1625 τῆς
1489 1591 1624 1626 ἀχράντου
1641 1591 1687 1617 καὶ
1708 1591 1855 1626 καθολικῆς

240 1636 415 1671 Ἐκκλησίας,
427 1636 673 1670 έπεισφρησάντων
688 1637 747 1667 ταῖς
764 1635 894 1668 διανοίαις
911 1635 966 1663 τῶν
987 1636 1108 1671 ἀνοήτων
1122 1637 1169 1662 ὲπὶ
1189 1636 1295 1671 ἑγκότῳ
1311 1635 1360 1671 τῆς
1379 1635 1480 1671 σεμνῆς
1498 1635 1545 1662 καλ⁴
1561 1635 1686 1671 καθαρᾶς
1700 1636 1853 1668 πολιτείας·

234 1677 308 1710 ἔδοξε
330 1679 415 1714 κάμοὶ
431 1678 470 1713 τῷ
494 1678 614 1714 ταπεινῷ
633 1679 678 1705 διὰ
694 1679 742 1714 τὴν
760 1679 799 1710 εἰς
814 1679 931 1714 Χριστὸν
948 1679 1043 1706 ἐλπίδα
1057 1679 1216 1706 αἰδεσθέντα
1235 1688 1269 1714 με
1283 1679 1333 1714 τὴν
1360 1679 1494 1712 ἐπιταγὴν
1517 1678 1567 1714 τῆς
1584 1679 1634 1713 σῆς
1659 1679 1835 1714 μεγαλονοίας
1846 1701 1853 1710 ,

234 1722 450 1758 φιλομαθέστατε
471 1722 525 1748 τῶν
541 1722 659 1758 ἀνδρῶν,
675 1722 784 1758 πρῶτον
801 1723 889 1749 πάντα
904 1723 938 1749 τά
962 1723 1022 1749 κατ’
1038 1723 1155 1758 ὲμαυτδν
1181 1723 1381 1759 διηγήσασθαι·
1397 1723 1432 1749 τά
1447 1731 1476 1749 τε
1495 1723 1543 1758 τῆς
1560 1723 1682 1758 ἡλικίας,
1699 1723 1746 1750 καὶ
1762 1723 1793 1750 τὰ
1808 1724 1856 1749 ἐπὶ

233 1768 266 1802 τῃ
282 1768 407 1802 προκοπῇ
422 1766 471 1802 τῆς
486 1766 603 1798 διανοίας
615 1766 665 1801 τῆς
677 1767 717 1798 είς
732 1766 800 1793 Θεὸν
815 1767 915 1802 ἀρετῆς
927 1767 959 1793 ἐκ
976 1768 1075 1801 νεαρᾶς
1087 1767 1195 1803 ἡλικίας
1211 1767 1377 1803 ἀρξάμενον.

269 1822 435 1857 Τριακοστὸν
448 1822 495 1849 καὶ
508 1821 600 1858 τρίτον
615 1822 674 1853 ἔτος
691 1821 785 1856 ἀγοντί
800 1831 846 1857 μοι
861 1823 892 1848 ὲν
903 1824 937 1858 τῇ
952 1823 1074 1856 ἀδελφῶν
1092 1822 1214 1857 πολιτείᾳ
1224 1821 1304 1857 δῆθεν
1318 1821 1366 1848 καὶ
1380 1821 1420 1857 τῷ
1436 1821 1550 1857 μονήρει
1567 1821 1617 1857 βίῳ
1633 1829 1639 1836 ”
1656 1821 1744 1848 εἴκοσι
1755 1822 1782 1848 δὲ
1804 1822 1854 1857 τῆς

234 1866 395 1901 ἐπισκοπῆς,
411 1867 582 1901 πεντήκοντα
594 1865 622 1892 δὲ
636 1865 683 1892 καὶ
697 1865 760 1900 τρία
776 1865 826 1900 τῆς
842 1865 932 1900 πάσης
946 1865 1019 1901 ζωῆς
1035 1875 1098 1901 μου,
1121 1867 1269 1900 ἀναγκαῖον
1283 1866 1432 1901 ἡγησάμην
1448 1864 1576 1891 ποθοῦντι
1591 1873 1633 1891 σοι
1647 1865 1680 1891 τὰ
1696 1866 1749 1893 τῶν
1768 1866 1853 1899 ἀγίων

235 1910 365 1945 Πατέρων
382 1909 584 1945 κατορθώματα
597 1908 731 1943 ὠφελείας
744 1908 825 1944 χάριν
840 1910 1029 1944 πνευματικῆς
1042 1910 1071 1936 ἐν
1083 1910 1176 1944 γραφῇ
1194 1909 1377 1945 διηγήσασθαί
1395 1917 1436 1935 σοι
1453 1908 1577 1944 ἀρρένων
1600 1917 1630 1935 τε
1657 1909 1703 1935 καὶ
1725 1909 1852 1945 θηλειῶν,

234 1950 271 1980 ὧν
284 1961 314 1980 τε
336 1953 416 1985 αὐτὸς
433 1952 553 1988 ἑώρακα,
569 1952 616 1979 καὶ
631 1952 696 1987 περὶ¹
712 1949 749 1980 ὧν
765 1952 872 1987 ἀκήκοα
895 1952 972 1988 παρά
990 1953 1158 1979 πιστοτάτων
1173 1952 1278 1987 ψυχῶν,
1295 1950 1335 1984 οἷς
1352 1961 1382 1979 τε
1401 1952 1623 1988 συνανεστράφην
1639 1952 1668 1978 ὲν
1681 1953 1713 1987 τῇ
1730 1953 1791 1980 κατ’
1807 1954 1853 1980 Δί’-

233 2005 336 2031 γυπτον
355 1998 461 2033 ἐρήμῳ,
479 1998 526 2024 καὶ
538 1996 636 2033 Λιϐύῃ,
650 1996 698 2023 καὶ
711 1995 833 2031 Θηϐαΐδι,
853 1995 899 2023 καὶ
912 1995 1012 2032 Συήνῃ,
1031 1995 1076 2030 ὑφ’
1092 1995 1126 2031 ἢν
1142 1996 1189 2022 καὶ
1204 1997 1228 2022 οἱ
1243 1995 1382 2030 λεγόμενοι
1398 1995 1619 2030 Ταϐεννησιῶται
1629 2003 1636 2011 ι
1652 1994 1747 2022 ἔπειτα
1763 1996 1852 2022 Μεσο-

234 2041 368 2076 ποταμίᾳ,
382 2040 549 2076 Παλαιστίνῃ
563 2049 593 2067 τε
601 2040 649 2066 καὶ
657 2039 753 2075 Συρίᾳ,
768 2040 881 2070 καὶτοῖς
896 2039 992 2074 μέρεσι
1003 2041 1051 2075 τῆς
1058 2039 1176 2072 Δὺσεως,
1185 2039 1278 2075 Ῥώμῃ
1293 2048 1322 2066 τε
1332 2040 1380 2066 καλ⁸
1392 2039 1555 2074 Καμπανίᾳ,
1571 2039 1618 2065 καὶ
1634 2041 1690 2071 τοῖς
1705 2040 1769 2075 περὶ
1785 2040 1852 2066 ταὺ-

231 2093 281 2116 n;
297 2085 418 2120 μέρεσιν,
435 2084 621 2119 ἀκριϐέστατα
636 2083 683 2110 ἀπ’
705 2083 792 2119 ἀρχῆς
808 2082 935 2110 ἐκθέσθαι
956 2092 996 2109 σοι
1013 2083 1042 2109 ὲν
1058 2083 1229 2118 διηγήματος
1250 2082 1316 2109 είδει
1333 2083 1361 2108 ὲν
1377 2082 1416 2118 τῷ
1431 2081 1526 2118 βιϐλίῳ
1542 2081 1646 2117 τούτῳ·
1664 2083 1737 2114 ὅπως
1753 2084 1851 2119 σεμνὴν

232 2129 278 2155 καὶ
294 2128 453 2164 ψυχωφελὲς
474 2127 676 2164 ὑπομνηστικδν
698 2127 767 2163 ἔχων
791 2127 963 2154 ἀδιάλειπτον
979 2127 1125 2163 φάρμακον
1148 2127 1289 2162 ἀληθείας,
1304 2127 1393 2154 πάντα
1411 2126 1460 2162 μὲν
1475 2126 1629 2162 νυσταγμδν
1654 2126 1740 2162 λήθης
1756 2128 1802 2154 τὸν
1821 2128 1851 2160 ἐξ

231 2173 330 2208 ἀλόγου
358 2166 508 2208 ἐπιθυμίας
529 2172 706 2207 ἐγγινόμενον
731 2172 765 2207 τῇ
790 2171 874 2207 ψυχῇ,
892 2172 984 2198 πᾶσαν
1007 2171 1036 2198 δὲ
1060 2171 1186 2206 διψυχίαν
1209 2171 1259 2207 τὴν
1274 2172 1303 2197 ὲν
1324 2170 1425 2204 πίστει,
1443 2171 1491 2197 καὶ
1516 2171 1659 2206 κιμϐικίαν
1675 2170 1724 2206 τὴν
1740 2171 1770 2198 ὲν
1789 2173 1850 2204 ταῖς

231 2220 349 2255 χρείαις,
365 2220 453 2246 πάντα
473 2227 504 2246 τε
523 2219 601 2246 ὄκνον
616 2219 664 2245 καὶ¹
688 2217 872 2253 μικροψυχίαν
890 2218 940 2253 τὴν
959 2218 988 2244 ἐν
1001 2217 1041 2253 τῷ
1065 2218 1137 2253 ἤθει,
1155 2217 1305 2253 ὀξυθυμίαν
1324 2226 1353 2245 τε
1379 2217 1426 2245 καὶ
1446 2217 1566 2253 τάραχον
1581 2217 1688 2252 ἄλογον,
1703 2218 1751 2244 καὶ
1766 2218 1849 2253 φόϐον

231 2264 346 2299 ἄκαιρον
361 2264 406 2290 διὰ
418 2263 513 2290 τούτου
528 2263 794 2297 ἀποσκευαζόμενος,
810 2263 858 2289 καὶ
870 2262 916 2288 τὸν
932 2263 1047 2297 μάταιον
1063 2261 1253 2297 μετεωρισμδν
1268 2261 1315 2288 τοῦ
1331 2260 1531 2296 διεφθαρμένου
1547 2260 1650 2295 κόσμου
1674 2261 1847 2296 ἀποφεύγων,

231 2307 397 2342 ἀδιαλείπτῳ
413 2306 490 2342 πόθῳ
511 2307 677 2342 προκόπτοις
699 2307 728 2333 ἐν
744 2307 778 2342 τῇ
797 2306 866 2341 πρὸς
881 2306 927 2332 τὸν
949 2306 1014 2332 Θεὸν
1029 2305 1127 2338 ἐλπίδι,
1148 2306 1181 2341 τῇ
1198 2304 1328 2341 προθέσει
1349 2305 1398 2340 τῆς
1413 2305 1553 2336 εὐσεϐεξας
1571 2304 1668 2340 ὁδηγὸς
1684 2305 1730 2331 καὶ
1749 2305 1847 2332 σαυτοῦ

231 2351 279 2377 καὶ
295 2351 349 2378 τῶν
365 2351 433 2386 μετά
448 2349 505 2384 σοῦ,
518 2349 634 2377 καὶτῶν
649 2350 702 2377 ὑπὸ
717 2349 757 2382 σὲ,
773 2349 820 2376 καὶ
836 2348 889 2375 τῶν
906 2349 1108 2375 εὐσεϐεστάτων
1123 2348 1265 2383 γινόμενος
1283 2347 1426 2383 βασιλέων.
1438 2350 1479 2374 Δι’
1493 2345 1531 2375 ὧν
1543 2348 1763 2384 κατορθωμάτων
1780 2348 1847 2376 πάν-

230 2403 277 2426 τες
292 2395 316 2421 οἱ
336 2394 500 2430 φιλόχριστοι
517 2393 652 2429 ένωθῆναι
664 2392 722 2428 Θεῷ
739 2393 906 2427 ἐπείγονται,
921 2392 1142 2427 συνεκδεχόμενοι
1154 2392 1202 2418 καὶ
1213 2391 1261 2426 τὴν
1276 2392 1406 2419 ἀνάλυσιν
1419 2392 1468 2426 τῆς
1479 2391 1567 2427 ψυχῆς
1579 2391 1633 2418 ἀπὸ
1647 2391 1694 2418 τοῦ
1710 2391 1845 2426 σώματος,

231 2437 350 2473 δηλονότι
363 2438 394 2464 τὸ
412 2437 473 2465 καθ’
487 2438 604 2473 ἡμέραν,
619 2436 690 2464 κατὰ
705 2436 736 2463 τὸ
752 2435 961 2471 γεγραμμένον⁸
980 2435 1129 2470 Συνέχομαι
1144 2434 1249 2470 ἀγαθὴν
1271 2435 1419 2469 ἐπιθυμίαν
1433 2435 1503 2470 ἔχων
1517 2433 1564 2462 τοῦ
1579 2434 1720 2467 ἀναλῦσαι,
1738 2434 1785 2460 καὶ
1798 2436 1846 2462 σὺν

230 2481 341 2517 Χριστῷ
359 2479 445 2509 εἶναι·
464 2481 554 2516 πολλῷ
574 2481 674 2516 μᾶλλον
695 2481 831 2515 κρεῖσσον.
852 2479 907 2506 Καὶ
923 2478 964 2512 τὸ,
986 2478 1129 2512 Ἐτοίμσζε
1143 2478 1184 2509 είς
1199 2478 1250 2512 τὴν
1272 2478 1361 2511 ἔξοδον
1375 2478 1410 2505 τά
1425 2478 1504 2514 ἔργα,
1524 2477 1570 2504 καὶ
1582 2477 1793 2512 παρασκευάζου
1807 2478 1847 2510 είς

230 2525 276 2552 τὸν
289 2526 384 2560 ἀγρόν.
406 2525 434 2552 ’0
449 2525 503 2560 γάρ
518 2523 696 2560 μνημονεύων
710 2524 752 2550 ἀεὶ
766 2523 813 2550 τοῦ
833 2523 948 2549 θανάτου
963 2522 1001 2554 ὡς
1013 2522 1042 2555 ἐξ
1059 2522 1181 2559 ἀνάγκης
1201 2523 1261 2558 ἡξει
1277 2524 1386 2556 πάντως
1397 2544 1404 2557 ,
1422 2524 1470 2550 καὶ
1481 2524 1512 2550 οὐ
1529 2522 1668 2558 μελλήσει,
1689 2523 1720 2550 οὺ
1738 2524 1846 2551 πταίσει

232 2569 356 2603 μεγάλα·
384 2569 454 2596 κατὰ
472 2569 502 2595 τὸ
525 2568 734 2604 γεγραμμένον·
759 2567 803 2593 Ἐν
817 2567 884 2593 πᾶσι
902 2567 957 2598 τοῖς
974 2566 1064 2604 λόγοις
1078 2575 1125 2593 σου
1143 2568 1296 2603 μιμνήσκου
1312 2567 1346 2594 τὰ
1368 2567 1482 2602 ἔσχατα,
1507 2567 1554 2593 καὶ
1577 2567 1605 2598 ὲς
1621 2567 1666 2595 τὸν
1688 2566 1774 2594 αἰῶνα
1796 2567 1846 2602 οὐχ

231 2600 409 2647 ἀμαρτήσεις.
433 2613 489 2639 Καὶ
608 2600 666 2643 τοὶς
686 2611 777 2642 ἄλλοις
799 2611 878 2643 πᾶσι,
903 2609 941 2645 μὴ
964 2600 1292 2646 παραλόγιζόμενοςὴμῖν
1313 2611 1361 2646 τὴν
1383 2600 1512 2646 βραχεῖαν
1525 2609 1628 2645 ταύτην
1645 2610 1772 2637 ὑπόθεσιν
1791 2600 1845 2637 τῶν

230 2656 397 2692 ἐξηγήσεων,
413 2657 482 2692 μήτε
502 2655 639 2682 διαπτύων
656 2655 706 2690 τὴν
721 2654 856 2681 ίδιωτείαν
878 2654 924 2681 καὶ
939 2654 968 2680 τδ
983 2653 1100 2686 ἀκαλλὲς
1111 2654 1166 2680 τῶν
1188 2654 1295 2688 λέξεων.
1313 2655 1349 2681 οὐ
1367 2655 1421 2689 γὰρ
1437 2654 1508 2680 τοῦτ’
1523 2653 1605 2688 ἔργον
1625 2654 1684 2680 ἐστὶ
1699 2654 1792 2689 θεῖκῆς
1805 2654 1845 2680 δι-

230 2699 377 2732 δασκαλίας
397 2700 427 2726 τὸ
443 2700 646 2734 σεσοφισμένως
668 2698 793 2734 φράζειν,
816 2697 885 2725 ἀλλὰ
902 2697 1005 2724 πείθειν
1026 2698 1076 2734 τὴν
1098 2698 1212 2734 γνώμην
1236 2700 1370 2734 νοήμασιν
1394 2699 1522 2733 ἀληθείας
1543 2699 1612 2725 κατὰ
1635 2699 1665 2724 τὸ
1680 2699 1842 2734 εἰρημένον·

233 2742 339 2777 ’Λνοιγε
354 2744 399 2770 σὺν
410 2744 497 2780 στόμα
510 2744 582 2778 λόγῳ
595 2742 674 2774 Θεοῦ,
691 2742 737 2768 καὶ
758 2741 834 2777 κρίνε
860 2741 948 2768 πάντα
966 2742 1059 2776 ὑγιῶς.
1077 2742 1130 2769 Καὶ
1147 2742 1243 2770 πάλιν·
1259 2743 1304 2779 Μὴ
1321 2742 1428 2779 άστόχει
1443 2743 1610 2778 διηγήματος
1628 2742 1774 2778 γερόντων.
1791 2742 1843 2769 Καὶ

229 2782 284 2826 γάρ
295 2787 372 2814 αὐτοὶ
386 2787 488 2823 ἔμαθον
506 2788 583 2823 παρὰ
597 2786 651 2814 τῶν
669 2785 796 2820 πατέρων
811 2785 910 2812 αὑτῶν.
