2077 3154
215 186 286 225 1008
926 192 1035 222 PALLA

1020 191 1103 222 ADII
1591 232 1597 237 .
1772 190 1840 223 ιοοι

254 240 326 276 Ἐγὼ
337 242 440 277 τοίνυν,
451 243 666 281 φιλομαθέστατε
678 242 746 271 Θεοῦ
759 242 897 278 ἄνθρωπε,
908 244 940 271 ἐκ
955 244 1054 280 μέρους
1069 245 1203 281 ἑπόμενος
1216 244 1302 281 ταύτῃ
1323 246 1356 282 τῇ
1371 246 1450 281 ρήσει
1468 244 1576 277 πολλοῖς
1587 244 1642 273 τῶν
1650 243 1735 280 ἁγίων
1747 253 1840 272 συντα-

213 288 333 324 τύχηκα,
342 289 374 316 οὐ
386 290 520 326 παρέργῳ
531 290 705 326 χρησάμενος
712 289 845 325 λογισμῷ,
860 290 927 317 ἀλλά
940 291 988 317 καὶ
998 291 1146 326 τριάκοντα
1160 291 1272 327 ἡμερῶν
1285 291 1344 318 όδὸν
1360 292 1408 318 καὶ
1418 291 1459 323 δὶς
1470 291 1605 318 τοσούτων
1619 291 1680 318 ὁδὸν
1694 289 1839 323 ἐξανύσας,

213 334 252 368 ὡς
268 335 316 363 ἐπὶ
329 335 398 363 Θεοῦ
420 335 490 371 πεζῇ
507 337 541 372 τῇ
561 336 660 372 πορείᾳ
671 337 797 372 πατήσας
809 336 900 363 πᾶσαν
918 336 969 371 τὴν
989 337 1041 371 γῆν
1057 337 1215 372 Ῥωμαίων,
1231 337 1368 373 ὴσμένισα
1382 336 1432 372 τὴν
1454 337 1606 372 κακουχίαν
1621 336 1672 369 τῆς
1686 335 1841 371 ὁδοιπορίας

215 378 263 405 ἐπὶ
280 379 411 416 συντυχίᾳ
423 380 521 416 ἀνδρὸς
535 381 671 416 φιλοθέου,
684 381 729 408 ἵνα
744 390 770 408 τι
783 381 907 418 κερδήσω
916 381 986 416 ὅπερ
1004 382 1056 408 οὐκ
1079 380 1162 418 εἶχον.
1178 383 1210 409 Εἰ
1222 382 1277 418 γὰρ
1292 383 1307 409 6
1322 382 1412 419 πολλῷ
1424 383 1558 418 κρείττων
1573 382 1654 417 ἐμοῦ,
1668 382 1739 417 τάχα
1753 382 1781 409 δὲ
1794 381 1843 408 καὶ

215 427 320 460 παντὸς
331 428 450 464 κόσμου,
463 428 477 454 6
492 428 607 461 πολλοὺς
631 429 828 464 ὑπερϐεϐηκώς
848 429 985 460 πολιτείας
998 429 1098 463 γνώσει
1112 431 1158 456 καὶ
1175 430 1281 457 συνέσει
1296 431 1469 466 πνευματικῇ
1485 431 1534 457 καὶ
1554 429 1654 460 πίστει,
1663 430 1697 464 τῇ
1714 429 1755 460 είς
1772 429 1842 464 Χρι-

220 472 299 506 στὸν,
316 475 330 500 6
342 473 476 509 μακάριος
491 474 640 506 ἀπόστολος
656 475 774 508 Παῦλος,
790 476 839 511 τὴν
854 476 907 502 ἀπὸ
935 475 1045 510 Ταρσοῦ
1059 476 1099 508 είς
1114 477 1162 511 τὴν
1183 476 1314 504 Ἰουδαίαν
1329 476 1468 504 ἐστείλατο
1481 475 1636 511 ἀποδημίαν
1651 476 1698 502 ἐπὶ
1712 475 1843 511 συντυχίᾳ

200 522 203 525 “
215 519 319 555 Πέτρου
333 520 380 546 καὶ
396 519 520 547 Ἰωάννου
533 521 580 547 καὶ
595 520 724 548 Ἰακώϐου
735 542 742 554 ,
756 522 796 548 διὸ
809 522 854 548 καὶ
867 521 934 549 εἴδει
948 523 1126 558 καυχήματος
1138 522 1202 548 αὐτὸ
1216 522 1362 556 διηγεῖται,
1379 521 1544 556 στηλιτεύων
1565 520 1646 548 αὑτοῦ
1662 520 1726 552 τοὺς
1740 520 1839 551 πόνους

213 566 255 597 είς
274 564 449 601 παροξυσμὸν
468 567 523 594 τῶν
541 567 613 603 ὄκνῳ
633 568 679 596 καὶ
705 568 789 604 ἀργίᾳ
812 568 913 604 ἀρετῆς
931 569 976 605 βία
993 568 1146 602 συζώντων,
1163 570 1191 596 ἐν
1210 568 1248 604 τῷ
1266 570 1363 595 εἰπεῖν’
1388 568 1501 604 ’Λνέϐην
1519 569 1559 600 είς
1580 568 1754 604 Ἱεροσόλυμα
1770 568 1844 594 ἱστο-

215 612 300 647 ρῆσαι
317 612 431 648 Πέτρον,
441 613 492 640 οὒκ
505 614 674 649 ἀρκούμενος
689 615 722 650 τῇ
735 615 814 650 φήμῃ
831 615 912 649 μόνον
923 617 971 650 τῆς
989 615 1091 650 ἀρετῆς
1105 615 1155 649 τῆς
1173 614 1289 647 ἐκείνου,
1310 614 1368 641 ἀλλ’
1384 613 1523 641 ἐπιποθῶν
1538 613 1586 640 καλ⁵
1597 613 1682 648 αὐτὴν
1693 612 1740 640 τοῦ
1754 621 1840 648 προσ-

213 658 289 686 ώπου
312 658 396 686 αὑτοῦ
411 659 460 695 τὴν
483 660 644 695 συντυχίανο
669 661 745 696 πόσῳ
768 661 797 687 δὲ
819 660 899 688 πλέον
930 660 986 695 ἐγὼ
1005 661 1020 687 ὁ
1039 661 1094 688 τῶν
1116 661 1221 697 μυρίων
1243 660 1381 688 ταλάντων
1404 660 1604 695 χρεωφειλέτης
1625 659 1740 694 ὤφειλον
1755 659 1847 689 τοῦτο

215 705 330 740 ποιῆσαι
340 725 348 738 ,
363 705 414 732 οὐκ
429 705 552 737 ἐκείνους
571 706 635 738 τοὺς
649 706 744 739 ἁγίους
760 706 923 741 εὐεργετῶν,
941 706 999 733 ἀλλ’
1015 706 1134 742 ἐμαυτὸν
1148 706 1194 732 τὸν
1209 705 1373 741 ἁμαρτωλὸν
1399 705 1524 740 ὠφελῶν.
1541 705 1596 732 Καὶ
1608 704 1662 740 γὰρ
1679 704 1727 731 καὶ
1743 704 1767 731 οῑ
1781 703 1846 735 τοὺς

215 752 345 788 Πατάρων
363 753 588 789 ἀναγραψάμενοι
608 753 693 789 βίους,
717 754 854 790 Ἀϐραὰμ,
878 753 988 787 Ὶσαάκ,
1007 755 1056 782 καὶ
1076 753 1173 781 Ἰακὼϐ
1185 773 1193 786 ,
1207 753 1330 784 Μωσέως
1343 761 1373 780 τε
1390 754 1439 780 καὶ
1463 752 1566 785 Ἠλίου,
1578 751 1629 780 καὶ
1647 752 1700 779 τῶν
1715 750 1845 785 καθεξῆς,

214 797 266 834 οὐχ
285 798 330 826 ἴνα
342 799 463 831 ἐκείνους
475 798 639 832 δοξάζωσιν,
653 799 832 835 ἐξηγήσαντο,
848 800 906 827 ἀλλ’
919 800 963 826 ῖνα
976 800 1039 832 τοὺς
1055 799 1267 834 ἐντυγχάνοντας
1282 799 1469 834 ὼφελήσωσιν.

252 862 339 890 Τοῦτο
361 863 408 891 οὖν
423 864 513 897 εἰδὼς,
533 866 678 892 πιστότατε
702 865 750 891 καὶ
774 865 922 900 σεμνότατε
938 864 1015 891 δοῦλε
1032 864 1079 892 τοῦ
1093 864 1212 900 Χριστοῦ
1227 865 1328 896 Λαῦσε,
1345 864 1380 891 τὰ
1396 863 1483 890 πολλά
1502 862 1601 892 σαυτὸν
1614 862 1759 894 νουθετῶν,
1774 861 1841 890 ἀνά-

217 917 283 945 σχου
309 910 358 937 καὶ
373 911 424 945 τῆς
444 909 579 946 φλυαρίας
601 910 739 946 ἡμετέρας
753 910 801 937 ἐπὶ
816 910 923 946 φυλακῇ
941 911 990 946 τῆς
1011 909 1141 941 εὐσεϐοῦς
1156 918 1202 937 σου
1221 910 1344 946 γνώμης,
1362 910 1423 946 ἥτις
1437 910 1578 945 διαφόροις
1597 909 1709 941 κακίαις
1725 908 1842 943 ὁραταῖς

214 963 244 983 τι
257 955 305 982 καὶ
327 956 456 992 ἀοράτοις
471 957 654 992 κυμαίνεσθαι
670 957 806 990 πέφυκεν,
820 958 836 992 ἡ
842 956 899 991 μῶν
911 957 938 983 δὲ
953 957 969 992 ὴ
986 956 1101 992 συνεχὴς
1118 956 1256 992 προσευχὴ
1270 957 1317 984 καὶ
1332 957 1566 992 ίδιοπραγμοσύνη
1579 955 1691 984 δύναται
1709 955 1834 992 ἠρεμεῖν.

215 1001 313 1029 Πολλοὶ
332 1002 386 1036 γὰρ
399 1002 454 1029 τῶν
468 1003 672 1038 εὐλαϐεστέρων
686 1003 819 1038 ἀδελφῶν,
837 1003 884 1030 καὶ
899 1003 990 1034 πόνοις
1010 1004 1154 1040 ἀσκήσεως
1167 1004 1214 1030 καὶ
1229 1004 1426 1039 ἐλεημοσύναις
1441 1003 1590 1039 κομώντων
1605 1003 1652 1030 καὶ
1668 1003 1715 1029 ἐπὶ
1731 1001 1838 1037 ἀγαμίᾳ

214 1047 264 1076 καὶ
277 1049 405 1076 παντελεῖ
417 1050 551 1086 παρθενίᾳ
563 1051 809 1087 μεγαλαυχοῦντες,
825 1051 872 1078 καὶ
886 1051 986 1087 μελέτῃ
1001 1052 1080 1079 θείων
1095 1051 1192 1086 λογίων
1205 1052 1318 1084 ἑαυτοὺς
1331 1052 1548 1085 κατατείνοντες,
1564 1052 1612 1080 καὶ
1628 1050 1844 1085 σπουδασμάτων

216 1094 336 1129 μαθήσει
360 1096 538 1132 θαρροῦντες,
564 1098 719 1134 ἠστόχησαν
742 1099 889 1131 ἀπαθείας,
912 1098 1063 1134 ἀδιακρίτῳ
1080 1099 1178 1135 γνώμῃ
1200 1098 1383 1131 δουλεύοντες,
1410 1099 1588 1133 προσχήματι
1602 1097 1684 1132 δῆθεν
1700 1095 1844 1125 εὐσεϐείας

216 1140 292 1173 τινὸς
305 1140 568 1179 φιλοπραγμοσύνην
590 1144 764 1179 νοσήσαντες,
789 1143 819 1175 ἐξ
839 1141 876 1172 ὦν
890 1143 1030 1171 τίκτονται
1045 1144 1092 1171 καὶ
1110 1143 1378 1179 φιλοπραγμοσύναι,
1398 1143 1449 1179 τὴν
1473 1143 1582 1180 μητέρα
1597 1143 1647 1178 τῆς
1667 1142 1849 1178 ίδιοπραγμο-

216 1186 299 1222 σύνης
312 1187 481 1222 ἐκριζοῦσαι.

257 1255 395 1292 ’Δνδρίζου
410 1255 501 1283 τοίνυν
514 1257 544 1283 ἐν
558 1257 634 1293 πάσῃ
650 1257 769 1288 συνέσει,
785 1257 946 1293 παρακαλῶ,
961 1257 998 1292 μὴ
1009 1257 1123 1284 πιαίνων
1135 1256 1180 1284 τὸν
1194 1256 1319 1284 πλοῦτον”
1335 1256 1349 1283 ὃ
1361 1257 1394 1292 δὴ
1409 1257 1456 1284 καὶ
1472 1257 1627 1292 πεποίηκας
1639 1257 1786 1294 αὐτάρκως
1799 1257 1850 1285 αὒ-

219 1304 266 1332 τὸν
281 1303 435 1339 σμικρύνας
449 1305 484 1339 τῇ
503 1303 621 1331 διαδόσει
635 1304 691 1332 τῶν
711 1305 808 1340 χρείαν
824 1305 952 1340 ἐχόντων.
973 1305 1018 1331 Διὸ
1035 1305 1085 1340 τὴν
1101 1305 1134 1331 ἐκ
1148 1305 1244 1332 τούτου
1265 1305 1420 1340 ὑπηρεσίαν
1434 1306 1475 1337 είς
1490 1306 1593 1341 ἀρετῆς
1607 1305 1688 1342 ἔργον
1707 1305 1854 1341 γινομένην

219 1354 290 1389 μήτε
305 1354 377 1388 ὁρμῇ
389 1362 443 1380 τινι
455 1353 503 1380 καὶ
517 1353 651 1389 προλήψει
666 1354 757 1389 ἀλόγῳ
771 1354 906 1388 γίνεσθαι,
918 1353 935 1387 ἢ
953 1354 1128 1389 προσχήματι
1142 1354 1404 1389 ἀνθρωπαρεσκεῑας
1415 1354 1488 1387 τινὸς
1503 1355 1632 1390 κρίσεως,
1645 1355 1719 1390 ὅρκῳ
1728 1354 1855 1389 πεδήσας

223 1399 273 1436 τὴν
288 1401 467 1436 προαίρεσιν,
484 1400 576 1432 καθὼς
591 1401 743 1429 πεπόνθασι
767 1400 878 1432 πολλοὶ,
896 1400 996 1431 οἵτινες
1015 1400 1161 1436 φιλονείκῳ
1176 1401 1315 1437 κενοδοξία
1329 1401 1360 1428 τὸ
1380 1401 1418 1436 μὴ
1439 1403 1512 1428 πιεῖν
1526 1401 1542 1436 ἢ
1558 1401 1656 1436 φαγεῖν
1669 1399 1856 1431 δουλώσαντες

217 1448 248 1475 τὸ
259 1448 436 1481 αὐτεξούσιον
452 1449 486 1484 τῇ
501 1449 610 1486 ἀνάγκῃ
628 1449 675 1476 τοῦ
687 1450 782 1485 ὅρκου,
794 1449 842 1476 καὶ
854 1448 941 1484 τούτῳ
954 1448 1036 1475 πάλιν
1048 1448 1232 1481 ὑποπεσόντες
1246 1449 1364 1484 οίκτρῶς
1377 1449 1394 1484 ἢ
1410 1448 1543 1485 φιλοζωῖᾳ
1558 1449 1605 1476 καὶ
1618 1449 1728 1485 ἀκηδίᾳ,
1741 1449 1758 1483 ἢ
1775 1448 1857 1475 ἀσθε.

219 1494 279 1530 νείᾳ
293 1494 438 1530 σώματος,
452 1496 500 1524 καὶ
521 1497 654 1532 ἐπιθυμίᾳ
674 1497 774 1532 ἡδονῆς
794 1505 869 1528 τινος
882 1496 933 1532 τὴν
945 1496 1090 1531 ἐπιορκίαν
1102 1496 1257 1528 ὠδίναντες.
1274 1496 1354 1531 Λόγῳ
1369 1496 1460 1524 τοίνυν
1483 1497 1702 1532 μεταλαμϐάνων
1719 1497 1767 1523 καὶ
1783 1496 1857 1530 λόγῳ

219 1542 402 1578 ἀπεχόμενος,
418 1544 468 1579 οὐχ
482 1543 654 1579 ἀμαρτήσεις
667 1544 743 1572 ποτέ.
756 1544 822 1576 Θεὸς
838 1544 894 1580 γὰρ
908 1545 923 1571 6
936 1543 1014 1578 λόγος
1028 1543 1083 1571 τῶν
1100 1544 1130 1570 ἐν
1144 1544 1210 1579 ἡμῖν
1225 1543 1387 1579 κινημάτων
1410 1543 1543 1579 ἐξορίζων
1557 1543 1593 1571 τὰ
1611 1543 1732 1579 βλαϐερά
1742 1563 1751 1577 ,
1772 1551 1858 1578 προσ·

219 1587 427 1624 λαμϐανόμενος
443 1588 472 1615 δὲ
485 1589 520 1616 τὰ
540 1589 680 1624 ἐπωφελῆ.
696 1589 799 1624 Δικαίῳ
815 1589 870 1625 γὰρ
884 1589 978 1624 νόμος,
1000 1589 1094 1624 φησιν,
1110 1589 1140 1615 οὐ
1157 1590 1255 1616 κεῖται.
1274 1589 1404 1624 ’Λμεινον
1420 1589 1505 1625 γὰρὴ
1523 1589 1593 1624 μετὰ
1616 1589 1697 1623 λόγου
1714 1589 1854 1616 οίνοποσία
1876 1582 1878 1586 ’

220 1637 272 1670 τῆς
288 1634 358 1670 μετὰ
375 1634 461 1670 τύφου
479 1635 653 1670 ὑδροποσίας.
671 1636 727 1663 Καὶ
741 1635 824 1670 βλέπε
841 1644 887 1670 μοι
905 1635 968 1666 τοὺς
989 1635 1061 1670 μετά
1073 1635 1154 1668 λόγου
1172 1634 1327 1667 θεοσεϐείας
1343 1635 1390 1662 τὸν
1413 1632 1486 1663 οἶνον
1502 1636 1615 1667 πιόντας
1635 1635 1738 1671 ἄνδρας
1759 1633 1854 1668 ἁγίους

221 1682 406 1719 ὑπάρχοντας,
422 1683 470 1710 καὶ
485 1683 549 1715 τοὺς
564 1683 723 1718 ἀλογίστους
739 1684 808 1719 μετὰ
822 1683 952 1714 ἀπονοίας
970 1683 1207 1718 ὑδροποτῆσαντας
1226 1683 1399 1719 ἀνθρώπους,
1417 1683 1547 1719 βεϐήλους
1563 1684 1611 1710 καὶ
1625 1682 1857 1717 διεφθαρμένους.

221 1728 331 1764 Μηκέτι
346 1729 431 1766 ψέξῃς
447 1729 464 1765 ἢ
480 1730 628 1766 ἐπαινέσῃς
643 1730 692 1766 τὴν
710 1730 778 1765 ὓλην
796 1730 851 1757 τῶν
868 1729 1033 1765 βρωμάτων,
1052 1729 1120 1757 ἀ)λά
1139 1730 1296 1765 μακαρίσῃς
1311 1730 1328 1765 ἢ
1344 1731 1492 1766 ταλανίσῃς
1505 1730 1555 1764 τὴν
1569 1730 1684 1766 γνώμην
1697 1728 1752 1755 τῶν
1764 1728 1858 1760 κακῶς

222 1775 241 1809 ἢ
261 1776 353 1808 καλῶς
368 1776 519 1812 χρωμένων
535 1778 569 1813 τῇ
587 1777 648 1814 ὕλῃ.
663 1777 761 1804 Ἔπιέν
775 1786 842 1804 ποτε
860 1777 961 1812 Ἰωσὴφ
977 1777 1042 1813 παρ’
1057 1777 1216 1811 Αἰγυπτίοις
1231 1774 1312 1809 οἶνον,
1328 1777 1386 1805 ἀλλ’
1402 1778 1454 1805 οὐκ
1467 1777 1569 1813 ἐϐλάϐη
1582 1778 1631 1812 τὴν
1650 1776 1746 1813 φρένα·
1761 1777 1853 1812 ἡσφά-

222 1822 300 1849 λιστο
309 1822 363 1858 γάρ
376 1822 427 1858 τὴν
439 1822 564 1858 γνώμην,
584 1823 776 1859 ’Υδροπότισεν
789 1823 818 1850 δὲ
831 1823 1006 1858 Πυθαγόρας,
1019 1823 1066 1850 καὶ
1080 1823 1220 1860 Διογένης,
1233 1824 1281 1851 καὶ
1295 1825 1418 1852 Πλάτων·
1432 1825 1462 1852 ἐν
1477 1821 1517 1857 οἷς
1529 1825 1577 1852 καὶ
1589 1825 1747 1860 Μανιχαῖοι,
1761 1823 1809 1850 καὶ
1824 1823 1856 1850 τὸ

221 1868 316 1896 λοιπὸν
335 1869 463 1904 σύστημα
480 1870 536 1896 τῶν
555 1869 805 1905 ἐθελοφιλοσόφωνο
822 1870 870 1896 καὶ
889 1870 936 1896 ἐπὶ
955 1868 1082 1896 τοσοῦτον
1096 1869 1202 1905 ήλασαν
1223 1870 1399 1904 κουφοδοξίαν
1413 1870 1546 1904 ἀκολασία
1557 1892 1564 1904 ,
1582 1871 1618 1903 ὡς
1642 1871 1689 1897 καὶ
1706 1870 1788 1898 αὑτὸν
1806 1870 1854 1897 τὸν

222 1916 290 1944 Θεὸν
303 1916 349 1944 τὸν
363 1917 418 1944 τῶν
433 1917 562 1944 ἀπάντων
574 1917 690 1952 ποιητὴν
704 1917 849 1953 ἀγνοῆσαι,
864 1918 912 1944 καὶ
932 1918 1121 1952 προσκυνῆσαι
1140 1917 1254 1952 ἀψύχοις
1267 1918 1398 1950 είδώλοις.
1415 1918 1538 1953 ’Πψαντο
1556 1918 1584 1945 δὲ
1607 1919 1653 1945 καὶ
1676 1919 1701 1946 οί
1716 1919 1780 1954 περὶ
1803 1917 1850 1944 τὸν

225 1964 361 1999 μακάριον
377 1963 526 1991 ἀπόστολον
547 1963 651 1999 Πέτρον
668 1964 717 1998 τῆς
732 1964 858 1999 χρήσεως
871 1963 918 1990 τοῦ
933 1964 1016 1996 οῐνου,
1033 1964 1070 1995 ὡς
1085 1964 1132 1990 καὶ
1144 1963 1225 1990 αὑτὸν
1239 1963 1419 1996 ὀνειδίζεσθαι
1438 1964 1483 1991 τὸν
1498 1964 1603 2000 Κύριον
1620 1965 1668 1993 καὶ
1690 1965 1853 1992 διδάσκαλον

223 2010 337 2043 τούτων,
353 2011 468 2046 Σωτῆρα
481 2011 510 2037 δὲ
525 2010 580 2038 τῶν
596 2011 735 2044 ἁπάντων,
748 2011 795 2038 ἐπὶ
812 2011 963 2046 μεταλήψει
979 2011 1168 2046 ἐγκαλούντων
1189 2011 1334 2044 Ἰουδαίων,
1352 2012 1401 2039 Διὰ
1412 2012 1440 2038 τί
1458 2013 1482 2039 οἱ
1499 2012 1620 2047 μαθηταί
1635 2022 1682 2040 σου
1696 2013 1727 2040 οὐ
1741 2012 1857 2048 νηστεύο

223 2063 310 2088 ουσιν,
325 2055 364 2086 ὡς
379 2055 426 2082 καὶ
447 2055 588 2089 Ἰωάννου;
603 2056 651 2082 καὶ
665 2056 747 2083 πάλιν
762 2057 818 2088 τοῖς
835 2056 971 2092 μαθηταῖς
987 2056 1145 2089 ἐπέϐαινον,
1162 2057 1210 2083 καὶ
1224 2057 1400 2090 ὀνειδίζοντες
1423 2058 1517 2092 ἔλεγον
1531 2059 1555 2084 οἱ
1571 2059 1693 2090 ἀπειθεῖς
1711 2067 1717 2074 ·
1738 2059 1767 2085 '0
1781 2059 1854 2086 διδά-

225 2101 326 2133 σκαλος
339 2101 418 2136 ὑμῶν
428 2101 497 2137 μετά
509 2101 640 2129 τελωνῶν
653 2103 701 2129 καὶ
712 2102 884 2138 ἁμαρτωλῶν
899 2103 984 2129 ἐσθίει
993 2103 1041 2130 καὶ
1053 2102 1136 2130 πίνει.
1151 2103 1208 2129 Ούκ
1223 2102 1256 2130 ἄν
1270 2103 1298 2130 δὲ
1310 2103 1355 2130 ἐπὶ
1364 2103 1446 2140 ἄρτου
1461 2105 1506 2131 κειὶ
1518 2104 1613 2137 ῦδατος
1624 2104 1858 2140 ἐπελαμϐάνοιτο,

225 2146 250 2172 εί
267 2145 305 2181 μὴ
316 2146 363 2173 ἐπὶ
375 2147 441 2182 ὕψου
453 2147 501 2174 καὶ
519 2147 591 2173 οίνου
608 2147 739 2182 δηλονότι.
761 2148 804 2173 Ἐν
818 2145 860 2179 οἷς
871 2149 927 2180 τοῖς
942 2149 1117 2175 παντάπασιν
1133 2149 1239 2182 ἀλόγως
1256 2148 1372 2184 ψέγουσι
1392 2149 1441 2184 μὲν
1460 2150 1626 2183 οίνοποσίαν,
1648 2150 1819 2186 θαυμάζουσι
1832 2151 1861 2178 δὲ

226 2191 400 2227 ὑδροποσίαν,
415 2192 595 2228 ἀποκρίνεται
610 2193 624 2220 ὁ
637 2193 743 2228 Σωτήρ,
756 2191 858 2220 Ἦλθεν
868 2195 882 2221 ό
900 2194 1028 2230 Ἰωάννης
1040 2195 1069 2221 ὲν
1082 2195 1133 2230 ὀδῷ
1148 2195 1333 2230 δικαιοσύνης,
1349 2196 1418 2231 μήτε
1433 2196 1541 2230 ἐσθίων,
1561 2198 1630 2232 μήτε
1645 2197 1741 2224 πίνων·
1753 2198 1854 2234 δηλαδὴ

225 2236 295 2274 κρέα
311 2238 359 2264 καὶ
371 2235 452 2265 οἶνον.
471 2238 552 2266 Ἄνευ
568 2238 622 2275 γὰρ
636 2239 690 2265 τῶν
705 2239 794 2266 ἄλλων
806 2239 854 2274 ζῇν
867 2239 918 2266 οὐκ
932 2239 1060 2274 ἠδύνατο·
1074 2241 1121 2267 καὶ
1136 2240 1257 2275 λέγουσι,
1275 2241 1418 2275 Δαιμόνιον
1430 2241 1496 2276 ἔχει.
1515 2239 1617 2269 Ἦλθεν
1638 2243 1651 2269 ὁ
1666 2242 1733 2274 Υίὸς
1746 2242 1793 2268 τοῦ
1811 2242 1859 2269 ἀν-

227 2285 339 2322 θρώπου
354 2285 453 2312 ἐσθίων
464 2285 512 2312 καί¹
532 2285 628 2313 πίνων·
642 2286 688 2313 καὶ
702 2286 822 2320 λέγουσι’
842 2286 908 2313 Ἰδοὺ
919 2285 1063 2321 ἄνθρωπος
1078 2287 1176 2321 φάγος,
1193 2287 1240 2313 καὶ
1255 2287 1414 2322 οἰνοπότης,
1434 2288 1510 2322 φίλος
1522 2287 1647 2315 τελωνῶν
1664 2288 1712 2315 καὶ
1726 2289 1861 2324 ἀμαρτω-

226 2331 293 2365 λῶν,
306 2332 350 2360 διὰ
367 2332 398 2359 τὸ
413 2331 512 2359 ἐσθίειν
527 2333 574 2358 καὶ
590 2332 689 2359 πίνειν.
704 2331 737 2360 Τί
751 2329 797 2358 οῦν
813 2332 895 2367 ἡμεῖς
906 2332 1070 2367 ποιήσομεν;
1083 2332 1160 2367 Μήτε
1175 2333 1231 2362 τοῖς
1245 2331 1370 2365 ψέγουσι,
1388 2332 1456 2367 με’,τε
1468 2340 1524 2364 τοις
1540 2333 1695 2360 ἐπαινοῦσιν
1711 2333 1861 2368 ἀκολουθή-

227 2387 338 2415 σωμεν·
354 2378 439 2414 ἀλλ’ἢ
456 2378 525 2414 μετά
548 2378 672 2406 Ἰωάννου
692 2378 764 2414 λόγῳ
778 2378 984 2414 νηστεύσωμεν,
1000 2377 1051 2405 κᾶν
1066 2378 1179 2406 εἴπωσιν
1195 2379 1270 2413 ἡμῖν,
1286 2378 1429 2413 Δαιμόνιον
1447 2378 1534 2413 ἔχετε·
1551 2379 1566 2414 ἢ
1584 2379 1643 2414 μετ’
1670 2379 1757 2414 Ἰησοῦ
1777 2380 1862 2415 σοφία

227 2429 462 2464 οἰνοποτήσωμεν,
477 2428 502 2454 εί
516 2427 612 2464 χρῄζοι
627 2427 658 2454 τὸ
674 2427 765 2461 σῶμα,
783 2425 834 2453 κάν
857 2426 971 2453 εἴπωσιν
987 2426 1064 2461 ἡμῖν,
1089 2425 1154 2452 Ἰδοὺ
1171 2425 1311 2460 ἄνθρωποι
1328 2425 1411 2459 φάγοι
1434 2426 1481 2452 καὶ
1501 2426 1650 2454 οἰνοπόται.
1673 2425 1741 2453 Οὗτε
1767 2426 1822 2461 γὰρ
1846 2417 1862 2452 ἡ

229 2476 332 2513 βρῶσίς
345 2477 406 2504 ἐστί
419 2485 445 2502 τι
460 2475 532 2503 κατά
545 2475 687 2511 ἀλήθειαν,
703 2474 766 2502 οὒτε
781 2476 799 2510 ἡ
815 2474 922 2510 ἀποχὴ,
939 2473 998 2500 ἀλλ’
1011 2474 1028 2509 ἡ
1043 2473 1136 2505 πίστις
1149 2471 1183 2499 δι’
1199 2473 1310 2506 ἀγάπης
1324 2473 1382 2504 τοῖς
1401 2472 1492 2508 ἔργοις
1510 2474 1758 2509 παρεκτεινομένη.
1774 2473 1859 2513 Ὅταν

228 2511 284 2559 γάρ
295 2523 371 2559 πάσῃ
383 2522 483 2558 πράξει
495 2522 665 2558 ἀκολουθήσῃ
685 2523 702 2557 ή
715 2521 817 2554 πίστις,
833 2520 1017 2556 ἀκατάκριτός
1034 2521 1108 2546 ἐστιν
1125 2521 1139 2546 6
1158 2518 1256 2545 ἐσθίων
1268 2518 1315 2545 καὶ
1330 2519 1426 2550 πίνων,
1443 2519 1488 2546 διὰ
1501 2520 1550 2554 τὴν
1570 2520 1672 2547 πίστιν.
1689 2521 1746 2546 Πᾶν
1761 2520 1826 2555 γὰρ,
1847 2511 1862 2538 δ

228 2571 280 2599 οὐκ
300 2572 332 2597 ἐκ
353 2570 483 2603 πίστεως,
501 2570 624 2606 ἁμαρτία
646 2569 730 2597 ἐστίν.
753 2569 823 2596 Ἀλλ’
839 2568 933 2604 ἐπειδὴ
949 2568 1003 2600 πᾶς
1017 2576 1058 2599 τις
1074 2567 1128 2593 τῶν
1143 2565 1303 2601 φιληδόνων,
1319 2565 1336 2600 ἦ
1358 2565 1448 2592 ὁτιοῦν
1464 2567 1699 2602 πλημμελούντων
1710 2586 1717 2597 ,
1731 2567 1796 2602 ἐρεῖ,
1822 2566 1863 2592 ὅτι

229 2617 322 2646 Πίστει
338 2611 549 2653 μέταλαμϐἀνω,
559 2618 600 2652 ἢὶό
613 2617 707 2652 ἕτερόν
717 2625 743 2643 τι
754 2617 881 2652 πράττων
893 2616 983 2651 ἀλόγῳ
996 2615 1139 2651 ἐπιθυμία,
1155 2614 1171 2650 ἢ
1184 2613 1374 2649 διεφθαρμένῳ
1387 2613 1426 2649 τῷ
1441 2614 1581 2646 συνειδότι,
1599 2616 1631 2650 τῇ
1644 2614 1733 2640 πίστει
1753 2615 1862 2649 ἐπερει-

229 2664 352 2700 δόμενος,
377 2663 519 2699 ἔσφαλται.
540 2665 570 2691 ’0
585 2664 638 2700 γὰρ
658 2663 752 2700 Σωτὴρ
771 2664 936 2692 διεστείλατο
955 2664 1054 2698 λέγων·
1079 2663 1146 2690 Ἀπὸ
1160 2662 1214 2689 τῶν
1230 2661 1346 2698 καρπῶν
1364 2662 1454 2689 αὐτῶν
1470 2662 1655 2697 ἐπιγνώσεσθε
1672 2662 1781 2694 αὐτούς.
1795 2662 1857 2688 Ὀτι

231 2712 259 2740 δέ
270 2711 285 2737 6
299 2711 404 2747 καρπὸς
415 2711 470 2738 τῶν
484 2711 548 2745 θείῳ
562 2711 633 2747 λόγῳ
649 2707 925 2747 πολιτευομένωνκαὶ
939 2713 1111 2746 πνευματικῇ
1127 2711 1243 2742 συνέσει,
1258 2709 1328 2736 κατά
1341 2709 1387 2736 τὸν
1399 2709 1471 2735 θεῖον
1492 2709 1665 2741 ’Λπόστολον,
1679 2707 1774 2743 ἀγάπη
1787 2707 1858 2739 ἐστὶ,

231 2756 280 2782 καὶ
290 2757 372 2792 χαρὰ,
384 2757 431 2783 καὶ
446 2757 552 2792 είρήνη,
564 2757 611 2783 καὶ
622 2757 810 2793 μακροθυμία,
821 2757 985 2794 χρηστότης,
1001 2757 1176 2792 ἀγαθωσύνη,
1191 2756 1293 2789 πίστις,
1311 2754 1447 2790 πραότης,
1462 2755 1621 2790 ἐγκράτεια,
1635 2753 1743 2788 ἁγνεία,
1757 2751 1864 2788 ὡμολό-

232 2810 325 2838 γηται.
335 2802 422 2834 Δύτδς
431 2803 487 2838 γάρ
501 2803 593 2837 ἐλεγεν
607 2804 621 2830 6
635 2804 771 2839 μακάριος
788 2804 904 2836 Παῦλος·
928 2803 957 2830 Ὁ
975 2803 1004 2829 δέ
1021 2803 1126 2838 καρπὸς
1140 2802 1188 2830 τοῦ
1204 2800 1366 2836 Πνεύματός
1379 2802 1438 2828 ἐστι
1454 2801 1541 2828 ταῦτα
1561 2802 1608 2828 καὶ
1620 2800 1717 2828 ταῦτα.
1733 2799 1794 2825 Ὀτι
1804 2797 1833 2824 δὲ
1846 2797 1862 2823 6

234 2848 393 2881 σπουδάζων
407 2850 544 2883 τοιούτους
559 2850 630 2886 ἔχειν
645 2851 778 2887 καρποὺς,
792 2851 906 2885 ἀλόγως,
923 2851 939 2886 ἢ
956 2851 1090 2886 ἀκαίρως,
1106 2851 1122 2886 ἢ
1140 2850 1281 2882 ἀσκόπως,
1297 2849 1327 2876 οὐ
1348 2849 1481 2884 βρὼσεται
1502 2847 1582 2883 κρέα,
1600 2847 1659 2874 οὐδὲ
1678 2847 1768 2874 πίεται
1782 2842 1864 2879 οἶνον,
