2079 3157
222 212 292 241 ιοοε
410 191 421 203 ⁶
832 207 998 236 EPISTOLA
1020 207 1065 235 so
1083 207 1234 236 LAusust.
1779 209 1846 239 tum

255 273 312 307 Ego
325 271 426 306 itaque.
441 272 481 299 vir
500 271 658 307 cognitionis
671 271 717 299 Dei
730 270 933 304 studiosissime,
950 271 1040 306 aliqua
1061 277 1093 299 ex
1110 274 1184 306 parte
1202 276 1318 305 sequens
1331 271 1382 298 hoc
1400 270 1509 304 dictum,
1528 271 1625 300 multos
1639 271 1752 300 conveni
1771 279 1833 300 san-

214 325 284 348 ctos.
296 317 388 353 Neque
402 325 466 346 vero
479 325 510 345 ca
527 318 653 353 cogitatio
667 317 732 345 mihi
747 317 819 345 aliud
840 317 928 352 agenti
942 317 969 344 in
993 320 1108 345 mentem
1123 316 1207 348 venit,
1223 315 1269 343 sed
1287 323 1347 344 cum
1363 316 1467 351 triginta
1491 321 1571 353 atque
1583 317 1650 345 adeo
1664 318 1704 345 bis
1726 317 1836 346 totidem

214 366 318 393 dierum
333 363 403 392 viam
419 364 605 397 confecissem,
620 369 648 392 et
660 363 707 391 Dei
721 364 805 399 gratia
818 364 933 398 pedestri
948 363 1056 397 itinere,
1067 369 1172 390 omnem
1185 362 1363 389 Romanorum
1376 363 1509 397 regionem
1523 363 1711 397 pervasissem,
1722 363 1772 391 viae
1781 370 1838 390 mo-

216 410 320 438 lestiam
342 409 417 436 nihili
430 409 479 437 feci
498 410 522 437 si
537 409 680 437 convenire
693 415 798 443 possem
820 408 904 436 virum
919 409 990 443 pium
1003 416 1034 436 ac
1047 409 1094 436 Dei
1111 407 1238 440 amicum,
1257 411 1286 434 ut
1300 407 1482 436 lucrifacerem
1499 409 1569 442 quod
1585 415 1639 436 non
1655 408 1796 437 habebam.
1807 409 1837 437 Si

214 455 285 483 enim
299 454 345 489 qui
366 462 409 483 me
422 459 462 483 est
484 455 563 490 longe
578 455 756 490 praestantior,
772 459 852 490 atque
865 455 931 482 adeo
956 454 1024 482 forte
1038 455 1118 482 etiant
1135 455 1258 482 universo
1280 455 1394 487 mundo,
1421 455 1570 490 multosque
1588 456 1723 489 superavit
1735 459 1764 483 et
1778 456 1839 483 vitae

215 501 323 536 agendae
337 501 451 533 ratione,
466 505 493 528 et
509 501 670 536 cognitione,
686 505 713 528 et
727 501 838 536 spiritali
855 500 1042 535 intelligentia,
1061 505 1088 528 et
1104 500 1156 528 ﬁde
1178 502 1205 529 in
1219 501 1366 535 Christum,
1381 502 1475 529 beatus
1488 502 1622 536 apostolus
1637 501 1745 534 Paulus,
1757 502 1840 530 Tarso
1872 522 1882 532 .

216 546 242 573 in
257 547 375 577 Iudaeam
390 546 524 581 profectus
539 551 590 580 est,
605 551 634 574 ut
647 546 802 574 conveniret
818 546 925 574 Petrum
942 551 969 574 et
990 547 1120 575 Joannem
1137 552 1164 576 et
1175 547 1320 580 Jacobum;
1342 552 1370 576 et
1391 547 1451 576 ideo
1464 548 1545 576 veluti
1567 549 1683 583 glorians
1696 548 1721 575 id
1738 555 1838 582 narrat,

216 592 335 620 referens
349 599 411 619 suos
422 592 539 626 labores,
551 592 583 619 ad
599 599 646 619 eos
660 592 810 619 incitandos
824 592 869 626 qui
883 592 908 619 in
932 593 1055 620 socordia
1069 597 1096 620 et
1109 593 1165 621 otio
1180 593 1261 620 vitam
1275 593 1432 627 transigunt,
1447 593 1578 621 dicendo:
1595 594 1710 621 Ascendi
1729 595 1841 622 Jerusa-

215 639 268 666 lem
280 643 309 666 ut
322 639 440 665 viderem
455 637 585 672 Cepham,
602 645 654 665 non
667 642 809 665 contentus
824 638 879 665 sola
894 638 1051 668 famaillius
1065 639 1179 673 virtutis,
1209 639 1254 666 sed
1270 638 1426 666 desiderans
1441 639 1498 674 ejus
1513 646 1618 674 quoque
1635 640 1732 667 inttteri
1745 641 1839 668 faciem

217 679 290 713 (Gal.
308 684 354 718 tt);
371 687 470 718 quanto
492 683 576 718 magis
604 690 654 719 ego
669 684 713 718 qui
726 691 785 710 sum
801 683 1031 711 innumerabilium
1049 684 1208 711 talentorum
1223 684 1337 717 debitor,
1351 683 1430 712 debui
1445 684 1495 712 hoc
1509 684 1605 716 facere,
1631 692 1684 712 non
1700 685 1761 713 illos
1781 693 1841 713 san-

216 734 273 757 ctos
285 730 413 757 beneflcio
428 729 556 763 afﬁciens,
571 730 618 757 sed
639 729 704 757 mihi
720 730 852 764 peccatori
868 729 1008 757 utilitatem
1022 730 1146 758 atterens.
1167 730 1232 757 Nam
1247 730 1263 756 ii
1281 737 1386 765 quoque
1404 731 1447 766 qui
1462 730 1570 758 Patrum
1584 730 1658 758 Vitas
1673 731 1840 766 conscripse-

216 778 288 807 runt,
303 774 426 806 Abrahae,
438 778 466 802 et
481 774 564 807 lsaac,
578 779 606 802 et
617 774 707 807 Jacob,
723 779 750 801 et
763 774 870 809 Moysis,
885 779 912 802 et
927 775 1002 807 Elim,
1017 779 1045 802 et
1058 775 1177 807 Joannis,
1196 780 1222 803 et
1237 783 1330 803 eorum
1353 776 1399 810 qui
1421 776 1547 812 deinceps
1557 781 1765 811 consequuntur,
1786 784 1839 804 non

216 825 358 847 narrarunt
370 824 399 847 ut
413 827 506 848 eorum
520 819 701 848 illustraretur
715 820 810 858 gloria,
826 820 873 847 sed
887 824 915 847 ut
929 820 1085 855 prodessent
1100 821 1133 848 iis
1146 821 1190 856 qui
1202 828 1247 848 eas
1259 821 1388 856 legerent.

253 877 314 905 llaec
327 884 391 912 ergo
402 885 462 906 cum
477 879 557 911 scias,
573 878 726 906 ﬁdelissime
739 882 766 906 et
779 878 901 912 inprimis
916 879 1065 906 venerande
1086 878 1184 906 Christi
1197 886 1275 907 serve
1293 879 1388 912 Lause,
1399 880 1511 915 teipsnm
1522 887 1593 915 saepe
1603 881 1761 915 admonens,
1770 882 1840 909 feras

216 923 346 957 patienter
357 927 462 950 nostras
477 923 602 958 ineptias,
621 928 649 950 ut
663 924 733 957 piam
748 928 818 950 tuatn
833 927 949 950 mentem
965 923 1109 955 custodias,
1123 923 1165 950 cui
1178 927 1272 951 natura
1284 928 1326 951 est
1338 925 1447 952 insitum
1459 929 1487 951 ut
1501 924 1613 952 diversis
1628 925 1709 959 vitiis,
1722 933 1780 960 qure
1791 926 1841 953 sub

215 973 353 1002 aspectum
367 968 466 995 cadunt
481 974 508 996 et
522 976 580 1004 quae
592 976 643 995 non
659 968 767 1001 cadunt,
784 973 907 1002 tanquam
922 968 998 995 undis
1014 969 1139 1003 agitetur,
1156 973 1243 1003 potest
1264 974 1352 997 autem
1368 970 1455 997 sedari
1470 970 1525 997 sola
1541 974 1666 1004 perpetua
1679 972 1797 998 oratiotte
1812 976 1839 998 et

215 1014 320 1049 propria
335 1015 371 1041 tui
387 1014 468 1049 ipsius
479 1022 553 1042 cura.
570 1014 642 1042 Multi
655 1015 726 1042 cnim
741 1016 819 1042 etiam
834 1023 866 1042 ex
882 1014 1006 1041 fratribus
1029 1015 1105 1048 paulo
1117 1015 1339 1050 religiosioribus,
1353 1016 1396 1050 qui
1411 1019 1438 1043 et
1449 1016 1483 1043 de
1505 1017 1705 1044 exercitationis
1726 1021 1750 1044 et
1769 1017 1840 1044 elec-

216 1065 333 1093 mosyme
348 1058 484 1085 laboribus
503 1059 552 1086 sibi
568 1059 722 1093 placebant,
737 1064 764 1086 et
776 1059 810 1086 de
822 1059 947 1086 cmlibatu
962 1059 1131 1094 perfectaque
1147 1064 1174 1086 et
1190 1060 1309 1087 absoluta
1326 1060 1477 1095 virginitate
1490 1069 1519 1088 se
1538 1061 1682 1095 jactabant,
1695 1067 1720 1089 ct
1739 1063 1764 1088 itt
1775 1061 1841 1088 divi-

216 1110 312 1130 norum
325 1103 491 1137 eloquiorum
506 1104 676 1131 meditatione
693 1103 810 1130 animout
824 1103 997 1131 vehementer
1013 1103 1204 1136 intendebant,
1221 1108 1249 1131 et
1263 1112 1351 1132 rerum
1368 1105 1495 1132 bonarum
1524 1105 1663 1139 disciplina
1675 1105 1735 1132 freti
1754 1111 1839 1138 erant,

217 1149 373 1177 aberrarunt
386 1150 419 1178 ab
434 1150 628 1185 impatibilitate
641 1150 731 1186 (Caute
747 1150 820 1185 lege),
842 1150 992 1177 temeraria:
1007 1157 1062 1176 sua:
1075 1149 1215 1177 sententia:
1229 1151 1392 1180 servientes;
1405 1155 1434 1177 ut
1447 1151 1490 1185 qui
1511 1150 1623 1185 alicujus
1638 1151 1737 1178 scilicet
1758 1151 1841 1185 picta-

216 1197 248 1223 tis
263 1201 393 1230 prsetextu
413 1197 510 1231 negotii
521 1196 629 1230 gerendi
642 1196 785 1230 cupiditate
799 1195 958 1227 laborarent,
973 1202 1006 1222 ex
1021 1203 1072 1229 qua
1083 1195 1204 1222 oriuntur
1218 1200 1245 1223 et
1259 1195 1368 1229 gerendi
1381 1196 1480 1228 negotii
1495 1195 1582 1222 nimiae
1594 1196 1795 1227 sollicitudines,
1810 1198 1839 1222 el

216 1240 249 1266 ad
261 1240 330 1266 mala
341 1239 444 1275 negotia
455 1240 535 1268 animi
547 1240 748 1275 applicationes,
759 1247 824 1275 quas
835 1244 1031 1274 consequuntur
1042 1247 1112 1266 curae
1122 1240 1268 1267 alienorum
1280 1240 1447 1275 negotiorum
1459 1248 1518 1276 quae
1532 1240 1702 1268 honestorum
1719 1241 1838 1275 negotio-

216 1292 275 1313 rum
290 1292 379 1312 curam
394 1285 510 1312 evellunt
529 1285 664 1318 radicitus,
679 1292 737 1318 quae
751 1289 792 1312 est
809 1289 894 1312 mater
909 1284 1022 1319 propriae
1034 1284 1075 1311 sui
1086 1284 1168 1319 ipsius
1183 1292 1264 1312 cum.

251 1340 314 1367 Esto
328 1346 400 1374 ergo,
416 1347 479 1374 rogo
493 1343 529 1372 te,
541 1339 616 1366 fortis
627 1339 652 1366 in
667 1338 738 1366 omni
749 1338 931 1373 intelligentia,
945 1345 997 1365 non
1013 1337 1121 1372 pingues
1133 1343 1159 1365 et
1170 1338 1266 1366 nitidas
1279 1338 1396 1366 efﬁciens
1409 1339 1515 1366 divitias
1525 1360 1533 1374 ,
1557 1340 1627 1374 quod
1643 1340 1749 1375 quidem
1762 1344 1838 1367 certe

216 1385 314 1419 fecisti,
331 1393 375 1413 eas
389 1387 453 1413 satis
470 1386 601 1418 mittuens,
612 1385 788 1420 impertiettdo
801 1386 833 1412 iis
847 1387 892 1419 qtti
909 1385 1029 1420 indigent
1042 1394 1048 1411 :
1062 1393 1152 1420 emque
1163 1385 1195 1412 ad
1211 1386 1385 1413 exercendam
1396 1387 1521 1414 virtutem
1537 1387 1582 1414 tibi
1590 1387 1664 1415 fuere
1677 1387 1834 1420 ministerio,

215 1437 276 1458 cutn
290 1439 339 1459 nec
354 1432 454 1466 impetu
469 1431 566 1465 aliquo.
580 1438 629 1458 nec
643 1431 694 1457 ulla
710 1438 770 1466 quae
784 1430 886 1458 ratione
899 1435 1002 1457 careret
1017 1431 1215 1465 anticipatione,
1240 1437 1326 1464 neque
1340 1430 1394 1457 ullo
1408 1435 1538 1465 praetextu
1552 1439 1605 1466 quo
1617 1433 1735 1466 placeres
1748 1431 1836 1458 hmni-

216 1477 305 1509 nibus,
316 1477 488 1512 jurejurando
502 1476 651 1511 obligasses
667 1480 736 1503 tuam
751 1476 860 1503 liberam
875 1475 989 1509 eligendi
1002 1475 1174 1508 voluntatem,
1190 1474 1260 1502 sicut
1274 1474 1363 1501 multis
1376 1475 1464 1502 evenit
1476 1474 1637 1508 hominibus,
1652 1474 1696 1509 qui
1709 1482 1768 1502 cum
1780 1482 1832 1502 non

216 1524 372 1552 comedendi
388 1524 429 1551 vel
444 1524 550 1551 bibendi
566 1523 737 1551 contentiosa!
753 1529 826 1550 vanae
841 1521 932 1556 gloriae
945 1520 1047 1547 servire
1061 1519 1185 1548 fecissent
1198 1520 1308 1548 liberum
1321 1520 1469 1554 arbitrium,
1481 1521 1638 1548 necessitate
1649 1520 1833 1555 jnrisjurandi,

216 1568 241 1596 ei
257 1576 350 1596 rursus
363 1569 549 1597 miserabiliter
564 1568 769 1600 succubuerunt,
781 1568 822 1595 vel
835 1567 896 1594 vita
909 1573 1001 1594 amore
1015 1571 1042 1594 et
1055 1566 1170 1601 ignavia,
1184 1566 1227 1593 vel
1240 1566 1422 1593 imbecillitate
1437 1567 1565 1600 corporis,
1580 1566 1621 1594 vel
1632 1567 1775 1602 cupiditate
1785 1566 1834 1593 ali-

215 1615 290 1650 cujus
314 1615 457 1649 voluptatis
485 1616 632 1650 periurium
657 1616 799 1649 patientes.
823 1613 852 1641 Si
877 1621 940 1648 ergo
963 1617 990 1640 et
1003 1612 1106 1640 ratione
1126 1613 1278 1646 participes,
1306 1616 1333 1640 et
1351 1613 1453 1639 ratione
1466 1611 1609 1644 abstineas,
1625 1619 1758 1646 nunquam
1773 1619 1834 1646 pee-

216 1660 298 1687 cabis.
315 1660 408 1687 Divina
424 1664 466 1687 est
488 1660 558 1687 enim
582 1660 609 1686 in
635 1659 713 1686 nobis
743 1658 821 1690 ratio,
844 1664 904 1692 quae
918 1657 998 1684 abiis
1024 1663 1083 1691 qua:
1107 1657 1209 1684 suntin
1239 1656 1314 1684 nobis
1336 1656 1524 1684 monitionibus
1548 1658 1704 1684 exterminat
1729 1657 1834 1691 quidem

215 1711 245 1732 ea
256 1711 315 1738 quae.
328 1709 389 1732 sunt
404 1704 492 1736 noxia,
506 1704 617 1731 assumit
628 1707 717 1731 autem
730 1710 760 1729 ca
786 1709 844 1736 quae
856 1706 917 1729 sunt
929 1701 1012 1728 utilia.
1026 1700 1102 1728 Justo
1116 1701 1197 1733 enitn,
1211 1701 1304 1735 inquit,
1323 1701 1363 1728 lex
1373 1708 1424 1727 non
1433 1704 1475 1728 est
1486 1702 1569 1735 posita
1581 1701 1605 1735 (Ι
1615 1701 1680 1728 Tim.
1689 1701 1719 1736 t).
1745 1701 1836 1728 Melius

215 1754 256 1776 est
268 1757 332 1784 ergo
346 1750 435 1776 vinum
452 1749 545 1776 bibere
559 1755 619 1775 cum
643 1747 748 1774 ratione
761 1768 769 1781 ,
785 1754 864 1781 quam
889 1753 983 1781 aquam
999 1753 1060 1773 cum
1081 1745 1151 1772 fastu
1164 1749 1191 1772 et
1204 1745 1339 1780 superbia.
1363 1746 1449 1780 Atque
1469 1745 1533 1772 tttihi
1548 1745 1653 1779 quidem
1677 1746 1774 1781 aspice,
1789 1754 1836 1774 eos

215 1794 259 1828 qui
274 1801 334 1822 cum
349 1794 452 1821 ratione
468 1793 574 1828 pietatis
586 1799 617 1819 ac
627 1791 762 1826 religionis
777 1791 866 1818 viuum
882 1790 975 1818 bibunt
989 1796 1048 1817 esse
1060 1790 1132 1816 viros
1145 1793 1267 1820 sanctos;
1302 1787 1358 1818 'eos
1395 1794 1485 1818 autem
1520 1791 1567 1825 qui
1600 1790 1796 1818 inconsiderate
1810 1797 1836 1818 et
1869 1825 1872 1829 .

217 1839 283 1866 citra
297 1839 427 1866 rationem
442 1845 501 1866 cum
517 1837 667 1872 arrogantia
681 1843 775 1870 aquam
790 1835 926 1867 biberunt,
943 1842 1003 1862 esse
1018 1835 1139 1862 homines
1154 1835 1278 1868 profanos
1290 1838 1317 1861 et
1332 1838 1481 1869 corruptos.
1495 1834 1529 1862 Et
1543 1842 1591 1862 nec
1604 1836 1722 1868 amplius
1736 1841 1838 1871 vitupe-

216 1888 259 1910 res
271 1887 316 1909 aut
327 1882 417 1910 laudes
431 1881 568 1909 materiam
584 1881 635 1909 cibi
648 1884 693 1907 aut
707 1885 795 1915 potus,
817 1879 864 1906 sed
888 1879 992 1907 beatam
1008 1879 1050 1906 vel
1066 1880 1190 1906 miseram
1210 1879 1314 1914 judices
1327 1884 1442 1908 mentem
1454 1887 1545 1907 eorum
1560 1881 1604 1914 qui
1620 1885 1692 1909 recte
1706 1882 1748 1909 vel
1764 1883 1834 1910 male

216 1931 325 1954 utuntur
340 1927 458 1954 materia.
472 1926 542 1953 Bibit
555 1925 696 1959 aliquando
709 1925 810 1959 Joseph
824 1925 914 1952 vinum
929 1924 997 1958 apud
1013 1924 1162 1959 Egyptios,
1180 1924 1227 1952 sed
1241 1931 1294 1951 non
1309 1925 1355 1951 fuit
1369 1929 1457 1952 mente
1477 1925 1572 1959 laesus;
1588 1931 1645 1953 erat
1660 1927 1730 1953 enim
1741 1927 1832 1954 animo

216 1974 343 2002 munitus.
357 1973 459 2009 Aquam
475 1977 563 2000 autem
576 1972 701 2000 biberunt
712 1972 875 2007 Pythagoras
890 1976 916 1998 et
931 1971 1063 2005 Diogenes
1078 1974 1105 1998 et
1118 1970 1205 2002 Plato,
1230 1971 1299 1998 inter
1322 1978 1389 2005 quos
1402 1971 1481 1998 etiam
1505 1971 1641 1999 Manichazi
1674 1976 1701 2000 et
1719 1972 1838 2006 reliquus

216 2023 301 2047 cretus
315 2018 497 2053 theologorum
513 2017 744 2051 philosophorum,
756 2023 783 2043 et
796 2023 828 2043 eo
843 2023 919 2043 vana:
937 2023 983 2043 eos
1001 2015 1125 2050 perduxit
1146 2015 1280 2050 opinionis
1302 2016 1515 2051 intemperantia,
1531 2022 1560 2045 ut
1574 2018 1660 2052 ipsum
1680 2019 1760 2046 Deum
1775 2027 1835 2046 unt-

216 2070 350 2090 versorum
366 2062 516 2090 effectorem
539 2062 700 2096 ignorarent,
715 2065 741 2087 et
755 2060 870 2088 inanima
886 2060 1026 2087 simulacra
1042 2060 1190 2087 adorarent.
1210 2060 1291 2088 Usum
1302 2060 1355 2087 vini
1380 2060 1522 2096 tetigerunt
1545 2061 1563 2089 ii
1579 2069 1693 2097 quoque,
1710 2064 1755 2097 qui
1770 2071 1830 2091 cum

217 2111 293 2137 beato
308 2109 386 2135 Petro
401 2107 522 2143 apostolo
535 2113 610 2134 erant
620 2106 754 2141 discipuli,
778 2105 845 2133 adeo
859 2110 887 2133 ut
911 2105 959 2140 ipsi
977 2105 1089 2132 Domino
1102 2110 1128 2132 et
1152 2112 1244 2133 eorum
1260 2106 1393 2141 magistro,
1415 2107 1533 2134 omnium
1548 2111 1636 2135 autem
1651 2108 1787 2136 Servatori
1809 2109 1836 2136 id

218 2155 317 2189 probro
331 2153 437 2180 daretur
451 2151 557 2186 (Matth.
574 2151 623 2183 xi),
635 2151 670 2178 ob
683 2151 913 2185 participationem
927 2151 1124 2185 increpantibus
1143 2150 1253 2184 Judzeis,
1267 2155 1293 2178 et
1306 2151 1455 2179 dicentibus
1475 2160 1483 2180 ξ
1497 2153 1584 2187 Quare
1598 2153 1720 2188 discipuli
1731 2155 1767 2182 tui
1783 2164 1837 2183 tton

217 2198 347 2233 jejunant,
361 2198 430 2225 sicut
442 2197 551 2224 Joannis
567 2196 689 2231 discipuli
703 2196 798 2230 (Marc.
812 2195 860 2230 tt)?
876 2196 909 2223 Et
921 2203 1012 2223 rursus
1026 2197 1190 2224 insultabant
1203 2196 1350 2231 discipulis,
1363 2202 1391 2225 et
1405 2199 1595 2233 exprobrantes
1608 2200 1732 2228 dicebant
1749 2202 1835 2230 incre-

220 2244 275 2272 duli
293 2253 299 2270 :
314 2244 438 2279 Magister
452 2249 541 2272 vester
555 2251 614 2271 cum
629 2243 776 2277 publicanis
791 2247 818 2270 et
832 2242 1014 2277 peccatoribus
1028 2243 1145 2271 comedit
1159 2248 1186 2270 et
1199 2243 1265 2271 bibit
1277 2244 1366 2278 (Luca:
1380 2245 1417 2279 v).
1434 2245 1472 2272 De
1487 2253 1554 2280 pane
1565 2251 1653 2275 autem
1666 2253 1693 2275 et
1705 2255 1772 2283 aqua
1786 2256 1838 2278 non

217 2291 467 2324 reprehendissent,
481 2290 531 2316 nisi
545 2289 577 2317 de
592 2289 704 2317 obsonio
719 2294 745 2316 et
759 2289 820 2316 vino
839 2288 951 2321 scilicet,
966 2288 984 2316 ii
999 2289 1042 2323 qui
1058 2289 1110 2316 vinl
1125 2289 1230 2322 quidem
1247 2290 1378 2323 potionem
1391 2291 1551 2325 vituperant,
1563 2299 1638 2327 aquae
1654 2301 1717 2321 vero
1732 2294 1838 2322 laudatil

216 2340 244 2362 ct
257 2336 432 2362 admirantur.
449 2334 601 2367 Respondet
616 2339 703 2361 autem
720 2333 846 2361 Servator
861 2333 981 2367 pulchre,
998 2333 1109 2361 dicens:
1125 2333 1202 2361 Venit
1215 2333 1331 2361 Joannes
1344 2334 1369 2360 in
1385 2335 1424 2361 via
1439 2335 1557 2369 justitiaa,
1585 2344 1670 2371 neque
1683 2338 1836 2371 comedens,

218 2389 267 2408 nec
281 2381 385 2414 bibens,
408 2388 514 2408 carnem
528 2380 631 2408 scilicet
645 2384 671 2407 et
682 2380 783 2412 vinum,
800 2387 859 2406 nam
877 2379 977 2414 absque
990 2380 1049 2407 aliis
1070 2387 1122 2407 non
1137 2380 1264 2413 potuisset
1278 2383 1377 2414 vivere,
1393 2385 1420 2408 et
1433 2382 1542 2409 dicunt:
1560 2382 1721 2409 Daemonium
1745 2383 1836 2411 habet.

219 2428 295 2454 Venit
311 2428 390 2454 Filius
402 2428 516 2454 hominis
529 2427 670 2454 comedens
684 2431 711 2453 et
727 2425 829 2458 bibens,
844 2430 869 2452 et
884 2425 991 2452 dieunt:
1010 2426 1078 2452 Ecce
1093 2426 1171 2452 homo
1186 2434 1268 2453 vorax
1282 2431 1309 2455 et
1321 2427 1373 2453 vini
1399 2432 1474 2461 potor
1488 2448 1496 2460 ,
1512 2428 1612 2455 amicus
1634 2429 1833 2462 publicanorum

219 2478 243 2499 et
260 2478 425 2506 peccatorum
442 2471 548 2508 (Matth.
565 2472 615 2506 xt),
634 2475 774 2505 propterea
793 2473 861 2505 quod
877 2470 997 2497 comedat.
1016 2475 1043 2498 et
1057 2470 1139 2498 bibat.
1154 2471 1220 2505 Quid
1238 2479 1286 2499 nos
1300 2479 1363 2507 ergo
1376 2471 1520 2500 faciemus?
1531 2473 1584 2501 Nec
1608 2481 1653 2500 eos
1675 2474 1719 2508 qui
1735 2476 1837 2510 vitupe-

220 2523 282 2545 rant
296 2525 446 2551 sequamur,
463 2525 512 2545 nec
525 2525 572 2545 eos
587 2518 632 2552 qui
648 2518 763 2546 laudant.
780 2518 832 2546 Sed
849 2518 890 2545 vel
905 2525 964 2545 cum
978 2518 1081 2546 Joanne
1102 2519 1203 2546 ratione
1216 2518 1380 2553 jejunemus,
1394 2519 1499 2546 etiamsi
1524 2520 1600 2547 nobis
1623 2520 1711 2547 dicant
1726 2520 1810 2549 Jutin-i
1830 2537 1837 2554 ς
1865 2515 1868 2518 ’

217 2563 380 2591 Βωηιοιιίιιιιι
396 2562 513 2595 habetis;
526 2563 569 2590 vel
582 2569 641 2590 cum
657 2563 718 2590 Jesu
733 2563 867 2595 sapienter
880 2562 970 2590 viuum
987 2563 1120 2596 bibamus,
1142 2563 1165 2590 si
1181 2570 1276 2597 corpus
1291 2563 1416 2598 indigeat,
1443 2564 1522 2590 etiam
1544 2564 1566 2591 si
1594 2565 1671 2592 nobis
1698 2565 1811 2593 dixerint
1826 2576 1831 2593 :

217 2609 285 2635 Ecce
309 2607 430 2635 homines
452 2615 562 2635 voraces
584 2613 612 2635 et
627 2608 678 2635 vini
694 2613 811 2642 potores.
835 2609 924 2643 Neque
947 2610 1018 2636 enim
1032 2616 1125 2635 revera
1141 2616 1201 2636 esca
1215 2614 1255 2636 est
1270 2609 1380 2644 aliquid,
1396 2617 1446 2637 nec
1467 2615 1552 2644 potus,
1569 2611 1615 2638 sed
1633 2611 1698 2638 lides
1712 2619 1770 2645 quis
1785 2619 1832 2646 per

216 2655 372 2682 charitatem
386 2654 537 2681 extenditur
550 2655 685 2688 operibus.
709 2655 774 2682 Cum
790 2655 860 2682 enim
876 2662 983 2682 ontncm
997 2655 1127 2682 actionem
1153 2655 1217 2682 ﬁdes
1236 2655 1313 2684 fuerit
1328 2661 1480 2690 consecuta,
1496 2657 1665 2684 condemnari
1682 2665 1732 2685 non
1747 2664 1833 2690 potest

218 2701 261 2734 qui
273 2700 385 2727 comedit
397 2704 423 2726 et
437 2699 514 2732 bibit,
528 2704 634 2740 propter
645 2699 873 2734 ﬁdem.Quidquid
887 2700 959 2727 enim
974 2707 1025 2727 non
1042 2704 1083 2728 est
1097 2708 1129 2727 ex
1146 2700 1207 2730 fide.
1220 2706 1354 2734 peccatum
1369 2702 1504 2736 est(!io~n.
1521 2702 1586 2737 xw).
1602 2703 1653 2730 Sed
1666 2704 1769 2737 quando
1784 2705 1834 2730 ali-

219 2746 277 2779 quis
290 2753 324 2772 ex
336 2744 521 2779 voluptuariis,
538 2744 579 2772 vel
592 2752 623 2772 ex
638 2744 670 2771 iis
683 2744 727 2778 qui
741 2743 877 2779 quodlibet
890 2744 960 2772 aliud
973 2750 1092 2779 peccant,
1108 2745 1172 2772 dicit
1186 2754 1193 2772 :
1207 2745 1270 2773 Fide
1286 2746 1423 2780 participe,
1436 2746 1478 2774 vel
1489 2746 1588 2781 aliquid
1602 2748 1672 2774 aliud
1688 2754 1749 2782 ago,
1764 2755 1778 2775 a
1791 2756 1833 2775 ra-

219 2790 293 2818 tione
307 2791 391 2818 aliena
406 2790 562 2824 cupiditate,
579 2790 620 2817 vel
634 2794 756 2823 corrupta
770 2789 930 2817 conscientia
946 2790 1061 2817 innitens
1074 2790 1145 2823 ﬁdei,
1161 2790 1268 2818 labitur.
1283 2790 1410 2818 Servator
1423 2791 1495 2819 enim
1517 2791 1645 2826 distinxit,
1668 2793 1760 2821 diccns
1778 2802 1786 2821 ι
1810 2793 1834 2821 Α

220 2835 347 2863 Fructibus
362 2837 479 2871 ipsorum
495 2837 663 2871 cognoscetis
675 2843 721 2863 eos
748 2835 857 2871 (Mallia.
873 2836 933 2870 vtt).
950 2835 1023 2870 Quod
1048 2841 1136 2863 autem
1153 2836 1253 2864 fruetus
1269 2844 1361 2864 eorum
1374 2845 1417 2872 qut
1442 2837 1530 2864 divina
1548 2838 1648 2865 ratione
1664 2839 1742 2866 vitam
1757 2839 1839 2867 iusti-

221 2887 296 2909 tunut
310 2887 335 2910 et
349 2883 459 2918 spiritali
476 2883 654 2919 intelligentia,
678 2883 724 2917 sit,
743 2890 773 2910 ex
792 2882 872 2910 divini
883 2882 998 2917 Apostoli
1021 2882 1159 2915 scntcntia,
1174 2882 1299 2915 Charitas,
1315 2887 1340 2910 et
1357 2882 1491 2917 gaudium,
1506 2887 1531 2910 ct
1549 2890 1609 2918 pax,
1635 2887 1661 2910 et
1684 2883 1837 2919 longanimi-
