2077 3154
231 202 300 231 tom
962 195 1075 223 PALLA
1081 195 1126 223 on
1792 197 1857 227 .003

235 257 459 309 tas,‘_benignita‘s,
469 258 585 309 bonitas,
599 259 676 294 ﬁdes,
692 260 879 293 mansuetudo,
894 260 1068 294 coutinentia,
1083 259 1191 288 castitas
1202 259 1274 296 (Gal.
1286 260 1326 295 v),
1341 264 1383 288 est
1392 263 1470 288 extra
1483 258 1704 287 cantroversiam.
1718 257 1776 293 ipse
1784 257 1855 286 enim

235 303 302 352 dixit
315 302 407 352 beatus
421 303 519 352 Paulus
533 312 539 330 :
556 304 668 352 Fructus
688 310 775 332 autem
798 305 914 352 Spiritus
929 310 970 332 est
984 306 1035 333 hoc
1048 310 1076 334 et
1099 305 1159 333 hoc.
1176 306 1251 340 Quod
1267 310 1355 333 autem
1376 305 1421 340 qui
1441 305 1530 333 studet
1545 305 1611 332 tales
1626 304 1724 332 habere
1739 305 1856 335 fructus,

231 347 299 375 citra
314 350 442 376 rationem
456 354 501 376 aut
512 349 720 383 inconsiderate,
736 350 986 385 aut‘intempestive
1011 358 1065 378 non
1086 351 1208 378 comedet
1232 357 1338 384 carnes,
1354 357 1404 378 nec
1426 349 1497 377 bibet
1513 349 1614 380 vinum.
1631 355 1718 383 neque
1728 355 1789 375 cum
1803 347 1855 374 ulla

233 394 303 448 mala
315 394 479 448 cohabitabit
488 396 659 423 conscientia.
674 396 775 424 Rursus
786 397 853 424 dixit
863 397 933 424 idem
943 397 1036 424 beatus
1049 397 1146 424 Paulus
1157 406 1163 423 :
1173 396 1265 424 Omnis
1272 397 1407 431 quicertat
1413 396 1446 423 ab
1453 395 1577 423 omnibus
1585 392 1732 429 abstinet(l
1739 393 1798 422 Cor.
1806 392 1854 427 ιχ).

231 440 298 467 Curti
312 447 375 468 sana
390 440 497 475 quidem
517 445 559 468 est
572 448 646 475 caro,
662 441 798 469 abstinens
812 442 846 470 ab
861 443 894 469 iis
907 450 966 476 quae
982 442 1192 476 pingueiaciunt;
1208 441 1277 476 quod
1292 441 1314 468 si
1326 441 1361 468 sit
1381 448 1451 475 aegra
1464 441 1506 468 vel
1523 447 1639 467 maerore
1653 439 1784 472 confecta,
1810 437 1853 465 vel

233 487 322 521 aliquo
338 494 401 514 casu
416 487 526 520 amicta,
544 492 607 514 tunc
620 492 709 515 utetur
722 488 828 523 quidem
842 488 881 515 vel
896 488 955 516 cibo
970 488 1012 515 vel
1027 488 1134 522 potione
1147 492 1271 522 tanquam
1285 486 1490 519 medicamento,
1503 485 1536 513 ad
1549 493 1579 512 ea
1596 483 1712 512 curanda
1726 491 1786 519 quae
1799 489 1857 511 mo-

235 532 338 558 lestiam
350 531 473 558 all‘erunt.
491 532 641 559 Abstinebit
654 537 742 559 autem
755 533 790 560 ab
803 533 834 560 iis
847 539 908 567 quae
921 536 983 560 sunt
997 531 1092 559 animm
1112 533 1201 565 noxia,
1216 532 1255 560 ira
1270 536 1298 560 et
1311 532 1422 564 invidia,
1435 538 1505 558 vana
1526 530 1622 566 gloria,
1637 530 1746 557 tristitia
1769 534 1797 556 et
1809 530 1856 557 de-

237 577 377 609 tractione,
388 577 511 611 superbia
527 583 555 605 et
567 577 691 610 elatione,
707 577 762 605 Deo
773 585 855 611 agens
867 578 975 612 gratias.

266 621 332 649 Cum
347 623 380 650 de
392 623 433 650 his
454 623 543 658 itaque
557 623 623 650 satis
638 623 820 656 disseruerim,
837 628 888 650 tuae
907 629 999 650 rursus
1024 621 1151 650 docilitati
1165 621 1246 649 aliam
1269 621 1352 649 aﬁ‘ero
1366 621 1590 649 adhortationem.
1606 620 1679 653 Fuge
1693 625 1742 653 pro
1754 618 1854 645 viribus

234 675 326 695 eorum
343 669 461 695 virorum
475 669 676 702 congressioncs
691 669 736 703 qui
758 669 860 696 nullam
888 668 988 695 habent
1007 667 1166 700 utilitatem,
1189 671 1217 695 et
1232 666 1327 701 pellem
1351 670 1481 694 exornant
1503 665 1582 692 aliter
1605 671 1686 699 quam
1714 663 1855 690 conveniat

230 713 335 741 etiamsi
358 714 411 741 sint
424 715 576 747 orthodoxi,
591 723 643 742 non
655 715 740 743 solum
757 715 885 747 haeretici,
899 719 926 742 et
938 714 1037 741 laedunt
1049 713 1195 748 hypocrisi,
1209 712 1312 740 etiamsi
1326 719 1393 739 cano
1406 711 1493 746 capite
1503 716 1529 738 et
1544 713 1685 744 corrugata
1699 707 1786 735 fronte
1801 715 1854 742 pra:

230 766 259 786 sc
273 758 360 786 {erant
374 760 565 794 longitudinem
581 761 719 795 temporis.
736 760 802 787 Nam
817 765 845 787 ut
858 764 966 794 propter
980 765 1069 787 mores
1081 765 1226 794 generosos
1239 758 1273 785 ab
1284 758 1322 786 eis
1336 757 1400 785 nihil
1416 757 1532 789 laedaris;
1547 756 1573 783 id
1585 761 1658 784 certe
1669 756 1739 790 quod
1752 754 1854 783 videtur

233 813 293 832 esse
308 806 446 833 minimum
461 811 486 833 te
510 807 647 835 sauciabit.
665 807 785 834 lnsolens
799 806 869 833 enim
895 805 1030 837 redditus,
1047 805 1135 831 animo
1149 803 1283 836 eﬂ'ereris,
1300 811 1347 831 eos
1360 803 1485 831 irridens.
1499 801 1574 835 Quod
1595 801 1701 836 quidem
1715 801 1761 828 tibi
1774 801 1855 828 detri-

231 856 347 878 mentum
363 852 466 885 all‘eret,
484 857 512 879 ut
525 852 570 886 qui
585 852 612 879 in
626 851 778 886 superbiam
793 849 928 877 incideris.
968 848 1055 883 Super
1091 844 1208 873 lucidam
1244 851 1334 874 autem
1366 846 1509 875 fenestram
1525 853 1684 880 persequere
1697 850 1725 873 et
1737 846 1853 873 virorum

231 900 259 922 et
273 896 411 923 mulierum
428 901 534 923 sanctas
548 897 762 930 congressiones,
776 900 806 923 ut
821 903 869 930 per
881 902 973 923 eorum
997 894 1077 921 veluti
1101 893 1233 921 subtiliter
1246 893 1373 927 scriptum
1389 892 1485 919 librum
1505 891 1591 926 possis
1602 897 1675 919 tuum
1698 899 1744 919 cor
1764 896 1854 925 aperte

232 942 334 975 videre,
346 946 374 969 et
383 950 431 976 per
441 943 609 970 collationem
624 942 736 977 probare
750 942 900 969 socordiam
915 945 986 968 tuam
1002 941 1044 968 vel
1058 939 1235 974 diligentiam.
1252 938 1330 966 Multa
1346 937 1417 965 enim
1431 941 1493 964 sunt
1505 944 1564 971 quae
1577 936 1699 971 probitati
1715 937 1801 964 ferunt
1812 940 1853 963 te-

231 988 386 1016 stimonium
401 996 407 1014 :
423 989 498 1016 color
514 989 601 1016 vultus
617 989 661 1022 qui
677 989 702 1015 in
717 995 747 1015 ea
763 988 817 1014 vita
833 995 892 1022 quae
908 987 1011 1021 degitur
1026 986 1181 1018 efﬂorescit,
1196 989 1224 1012 et
1237 984 1350 1011 vestium
1367 987 1486 1016 ornatus,
1499 987 1528 1010 et
1552 989 1639 1009 mores
1652 981 1801 1015 compositi,
1827 986 1853 1008 et

234 1034 364 1062 modestia
380 1035 518 1067 orationis,
534 1039 560 1062 et
575 1034 656 1061 verba
671 1041 724 1061 non
738 1033 871 1068 exquisita
887 1036 913 1060 et
936 1031 1068 1063 affectata,
1084 1031 1192 1065 elegans
1206 1030 1351 1062 sententia,
1365 1029 1478 1063 cogitata
1492 1034 1623 1061 sensaque
1637 1026 1776 1060 sapientia.
1799 1027 1853 1053 Do-

231 1080 318 1107 minus
333 1084 420 1108 autetn
436 1081 506 1108 vires
521 1080 594 1107 dabit
609 1084 661 1107 tua)
686 1078 895 1111 mansuetudini,
912 1082 939 1104 et
962 1077 1087 1105 omnibus
1109 1077 1152 1111 qui
1167 1079 1314 1110 sequuntur
1327 1081 1435 1109 scopum
1451 1074 1566 1108 pietatis,
1581 1073 1686 1101 etiamsi
1699 1073 1741 1100 vel
1753 1072 1853 1100 desidia

231 1125 273 1151 vel
290 1131 353 1152 casu
367 1125 469 1159 aliquid
483 1124 622 1153 acciderit.
637 1124 757 1153 Amictus
770 1124 852 1157 enim,
870 1128 898 1151 et
910 1129 1018 1157 gressus
1030 1122 1116 1156 pedis,
1131 1125 1158 1148 et
1169 1120 1240 1148 risus
1255 1119 1374 1148 dentium
1389 1119 1556 1148 annuntiabit
1567 1119 1600 1147 de
1614 1119 1684 1153 ipso,
1697 1122 1726 1146 ut
1736 1118 1772 1146 ait
1782 1118 1847 1146 Pro-

232 1171 353 1198 verbium
368 1171 480 1207 (Ecclea.
497 1171 537 1206 x).

266 1216 398 1251 Incipiens
414 1217 504 1251 itaque
519 1216 568 1244 tibi
580 1223 689 1246 narrare
701 1216 782 1244 vitam
795 1219 949 1243 sanctorum
963 1215 1082 1248 Patrum,
1098 1220 1185 1248 neque
1199 1219 1246 1240 eos
1260 1213 1304 1248 qui
1318 1217 1380 1240 sunt
1393 1211 1419 1240 in
1443 1211 1562 1245 urbibus,
1578 1211 1620 1239 vel
1635 1209 1711 1242 vicis,
1731 1208 1774 1236 vel
1789 1214 1854 1242 spe-

231 1261 327 1295 luncis,
343 1262 384 1290 vel
399 1262 589 1290 solitudinibus
603 1262 650 1290 tibi
662 1262 756 1298 ignoti,
771 1261 973 1297 pratermittam
985 1261 1123 1292 oratione;
1139 1257 1268 1293 adjiciens
1281 1264 1328 1285 eos
1341 1257 1423 1284 etiam
1433 1257 1477 1292 qui
1488 1259 1550 1283 sunt
1569 1255 1596 1283 in
1608 1253 1747 1283 etnnobiis.
1763 1251 1855 1287 Neque

231 1308 303 1337 enim
317 1309 392 1336 locus
406 1309 535 1344 quaeritur
549 1309 578 1336 in
593 1315 647 1343 quo
659 1315 690 1336 se
704 1313 776 1336 recte
789 1311 817 1335 et
827 1315 861 1336 ex
873 1307 972 1336 virtute
983 1309 1135 1342 gesserunt,
1151 1303 1198 1333 sed
1209 1303 1303 1332 modus
1317 1307 1397 1331 rectae
1411 1309 1505 1330 eorum
1520 1300 1703 1331 institutionis,
1716 1305 1762 1333 per
1775 1303 1856 1331 quam

232 1351 330 1382 Christi
344 1354 442 1382 auxilio
456 1354 536 1382 vitam
552 1358 664 1390 egerunt
673 1353 829 1390 angelicam.

1034 1653 1058 1684 Α
1072 1656 1184 1685 matum,
1199 1651 1313 1679 utetiam
1328 1651 1355 1678 in
1366 1649 1424 1685 ipso
1431 1648 1551 1677 convivio
1562 1648 1628 1676 hora
1642 1647 1719 1676 solita
1731 1647 1854 1675 refectio-

491 1665 603 1696 CAPUT
617 1665 760 1694 PRIMUM.

1071 1699 1113 1726 nis
1121 1697 1232 1724 fratrum
1239 1695 1323 1724 sancti
1331 1695 1408 1729 hujus
1418 1694 1494 1722 ﬁeret
1504 1693 1600 1721 mentis
1606 1700 1741 1723 excessus,
1751 1696 1855 1720 mutus-

343 1728 402 1762 Vita
417 1733 510 1762 lsidori
525 1734 565 1769 (l)
576 1730 714 1769 presbyteri
726 1736 749 1759 ιι
759 1731 909 1759 αεηοάοοιιί.

269 1794 335 1822 Cum
349 1801 412 1828 ergo
423 1792 536 1827 primum
550 1790 681 1818 venissem
694 1790 721 1817 in
734 1788 941 1817 Alexandrinam
955 1787 1019 1816 civi-

236 1844 330 1872 tatem,
343 1839 460 1867 secundo
472 1838 609 1865 consulatu
620 1836 762 1864 Theodosii
777 1835 863 1869 magni
879 1835 1021 1868 imperato-

236 1886 284 1920 ris,
300 1886 344 1920 qui
358 1889 465 1920 propter
479 1890 553 1910 suam
569 1886 668 1910 rectam
681 1882 707 1908 in
715 1880 850 1908 Christum
864 1879 941 1907 ﬁdem
951 1885 1021 1906 nunc

236 1937 279 1961 est
293 1939 352 1960 cum
368 1930 481 1965 angelis,
508 1929 534 1957 in
550 1929 606 1964 ipsa
622 1927 730 1955 civitate
745 1926 823 1954 incidi
840 1925 865 1953 in
880 1924 1020 1960 quemdam

235 1972 323 2005 virum
334 1976 528 2007 admirandum,
545 1980 572 2001 et
587 1972 661 2001 omni
676 1980 707 2000 ex
721 1976 796 2007 parte
811 1975 947 2003 ornatum,
964 1976 1021 1996 ser-

236 2030 328 2057 mone,
342 2022 471 2056 moribus,
488 2025 514 2048 et
537 2019 656 2051 scientia,
680 2025 776 2052 nempe
802 2017 944 2048 lsidorum,
974 2014 1020 2049 qui

237 2073 294 2096 erat
305 2073 331 2095 et
346 2068 484 2102 presbyter
497 2069 525 2093 et
547 2064 720 2092 xenodochus
734 2062 918 2090 Alexandrinae
934 2061 1022 2088 eccle-

236 2113 295 2140 siae.
309 2112 334 2139 Is
348 2112 486 2139 dicebatur
498 2110 582 2144 prima
596 2110 703 2145 quidem
716 2109 854 2142 iuventute
869 2113 979 2134 versans
994 2105 1020 2132 in

238 2157 391 2189 solitudine,
408 2156 543 2191 peregisse
558 2154 705 2183 certamina
719 2151 925 2181 exercitationis.
939 2150 1022 2185 Cujus

239 2202 319 2230 etiam
330 2201 424 2229 cellam
439 2200 495 2227 vidi
503 2207 552 2234 ego
564 2200 591 2227 in
602 2203 692 2226 monte
701 2197 808 2226 Nitriae:
823 2196 919 2225 oﬂ'endi
933 2200 1022 2223 autem

237 2256 299 2276 eum
313 2254 403 2275 senem
417 2246 583 2282 septuaginta
606 2252 691 2272 annos
715 2248 804 2272 natum
817 2252 824 2276 ;
849 2242 893 2277 qui
909 2249 968 2269 cum
984 2241 1023 2268 vi-

237 2295 322 2323 sisset
336 2294 402 2321 alios
416 2293 566 2328 quindecim
577 2298 671 2323 annos,
686 2291 711 2317 in
726 2297 790 2325 pace
805 2289 879 2316 obiit.
899 2287 946 2315 llic
958 2293 1022 2314 san-

1071 1751 1123 1779 que
1132 1742 1257 1770 evaderet
1267 1741 1324 1779 ipse
1338 1745 1365 1768 et
1379 1741 1592 1774 obstupesceret;
1605 1743 1702 1766 etcum
1717 1743 1856 1772 rogaretur

1072 1792 1100 1816 ut
1111 1795 1169 1822 quae
1178 1787 1204 1814 in
1211 1793 1322 1815 excessu
1333 1789 1477 1813 evenerant
1485 1784 1724 1816 narraret,diceret
1735 1791 1743 1811 :
1765 1783 1856 1812 Mente

1072 1841 1130 1868 sum
1153 1833 1338 1868 peregrinatus
1353 1831 1387 1858 ab
1397 1831 1483 1865 aliqua
1505 1835 1594 1864 raptus
1618 1828 1853 1862 contemplatione.

1071 1880 1133 1908 Scio
1145 1887 1194 1914 ego
1208 1886 1268 1906 eum
1282 1885 1354 1913 saepe
1365 1878 1392 1905 in
1405 1883 1496 1904 mensa
1511 1876 1591 1903 fuisse
1611 1876 1799 1909 lacrymatum;
1829 1878 1856 1900 et

1072 1932 1132 1953 cum
1146 1928 1284 1958 rogaretur
1294 1930 1402 1951 causam
1422 1929 1469 1949 cur
1484 1925 1555 1949 esset
1568 1921 1741 1955 lacrymatus,
1768 1918 1856 1946 audivi

1072 1977 1133 2001 eum
1149 1970 1281 1997 dicentem
1298 1977 1304 1994 :
1330 1967 1414 1995 Pudet
1436 1974 1479 1994 me
1492 1965 1564 1994 vesci
1577 1965 1636 1992 cibo
1651 1971 1665 1991 a
1679 1964 1780 1991 ratione
1794 1963 1857 1990 alie-

1072 2024 1118 2050 no,
1133 2023 1193 2044 cum
1209 2015 1258 2041 sim
1273 2014 1377 2041 ratione
1391 2012 1519 2047 pmditus
1531 2033 1538 2044 ,
1563 2015 1590 2038 et
1616 2009 1718 2038 versari
1731 2008 1855 2036 deberem

1073 2064 1100 2089 in
1112 2060 1236 2096 paradiso
1259 2058 1428 2091 deliciarum,
1452 2056 1595 2092 replendus
1610 2055 1750 2082 ambrosia:
1774 2053 1858 2080 nutri-

1073 2112 1173 2138 mento,
1187 2108 1294 2140 propter
1308 2111 1366 2131 eam
1378 2109 1438 2138 quae
1449 2102 1524 2130 nobis
1534 2109 1548 2128 a
1560 2101 1671 2128 Domino
1684 2101 1744 2126 data
1757 2103 1798 2126 est
1811 2104 1858 2132 po-

1075 2157 1207 2180 testatem.
1221 2151 1246 2177 Is
1260 2155 1318 2178 erat
1330 2149 1420 2176 Romae
1435 2152 1513 2176 notus
1525 2144 1741 2174 cuncto'senatui
1755 2149 1783 2172 et
1797 2151 1858 2178 pro-

1074 2204 1166 2224 cerum
1182 2194 1320 2227 uxoribus,
1336 2200 1390 2228 quo
1403 2197 1522 2226 tempore
1545 2197 1605 2218 cum
1621 2190 1699 2217 beato
1714 2186 1859 2215 Athanasio

1075 2241 1202 2276 episcopo
1213 2239 1284 2275 prius
1295 2241 1452 2269 recesserat,
1473 2235 1570 2264 deinde
1582 2242 1642 2262 cum
1656 2237 1748 2261 sancto
1760 2233 1861 2260 Deme-

1074 2288 1126 2315 trio
1140 2287 1275 2322 episcopo.
1299 2284 1324 2312 ls
1346 2291 1407 2312 cum
1418 2281 1565 2310 abundaret
1576 2279 1682 2315 opibus,
1704 2278 1778 2307 etiis
1799 2285 1860 2312 qua:

238 2348 298 2371 ctus
305 2349 388 2377 usque
395 2341 427 2369 ad
443 2341 533 2368 horam
541 2340 629 2367 obitus
644 2338 812 2365 nihillineum
825 2335 936 2371 gestavit
947 2337 1022 2361 extra
1038 2335 1060 2366 Β
1073 2337 1137 2361 sunt
1156 2332 1189 2359 ad
1204 2339 1280 2360 usum
1295 2329 1455 2361 necessaria,
1476 2334 1528 2354 non
1542 2326 1649 2360 scripsit
1673 2327 1858 2352 testamentum

239 2388 331 2415 vittam
347 2387 398 2423 (2),
415 2393 467 2413 non
483 2385 579 2413 balneo
590 2388 631 2412 est
644 2390 718 2416 usus,
741 2389 792 2409 non
808 2381 893 2415 tetigit
917 2386 1022 2410 carnes,

239 2440 373 2468 nunquam
381 2440 394 2459 a
404 2439 493 2459 mensa
503 2430 614 2458 recessit
624 2429 740 2464 repletus
754 2428 786 2455 ad
794 2427 951 2455 satietatem.
961 2425 1025 2453 Erat

239 2484 330 2507 autem
348 2485 462 2512 corpore
483 2484 497 2503 a
517 2477 563 2504 Dei
575 2476 659 2510 gratia
679 2480 730 2501 tam
739 2474 1023 2506 benecontemperato,

240 2530 271 2552 ut
284 2533 376 2552 omnes
392 2525 435 2559 qui
447 2523 604 2559 ignorabant
626 2522 683 2556 eius
697 2522 780 2548 victus
803 2521 944 2552 rationem,
960 2526 1021 2553 per-

240 2577 348 2598 suasum
361 2570 490 2596 haberent
502 2577 562 2597 eum
575 2569 645 2595 laute
660 2568 749 2594 vivere
768 2571 793 2593 et
807 2565 925 2600 opipare.
942 2564 1025 2598 Hujus

238 2616 352 2642 virtutes
360 2614 455 2640 animze
467 2613 488 2640 si
503 2613 581 2641 velim
595 2612 728 2647 sigillatim
739 2618 858 2642 narrare,
874 2613 1025 2636 narrantem

239 2668 284 2688 me
299 2666 403 2694 tempus
417 2659 532 2686 deﬁciet.
553 2658 602 2692 Qui
619 2663 676 2685 erat
695 2657 761 2684 adeo
777 2656 860 2688 mitis,
884 2655 1025 2690 benignus,

238 2711 267 2734 et
278 2706 414 2741 paciﬁcus,
434 2709 463 2732 ut
480 2705 559 2732 etiam
574 2703 695 2731 infideles
716 2703 773 2737 ejus
787 2701 896 2733 inimici,
918 2705 1026 2735 propter

240 2757 342 2780 rectam
358 2753 384 2779 in
399 2752 534 2779 Christum
551 2750 642 2782 iidem,
657 2750 697 2777 vel
713 2749 770 2782 ejus
784 2748 904 2775 umbram
919 2752 1024 2773 revere-

241 2802 347 2830 rentur,
372 2798 407 2825 ob
418 2798 547 2832 insignem
564 2795 611 2822 viri
626 2795 781 2822 bonitatem.
809 2793 919 2819 Tantam
935 2795 1022 2817 autem

242 2844 337 2872 habuit
347 2844 493 2877 spiritalem
508 2844 618 2878 gratiam
636 2847 663 2869 et
676 2839 853 2875 cognitionem
875 2843 1025 2865 sanctarum

231 2890 447 2931 ‘Scripturarum,
477 2895 503 2917 et
524 2888 788 2922 comprehensionem
804 2885 952 2913 divinorum
964 2883 1029 2918 dog-

1077 2378 1224 2410 decedens,
1236 2385 1287 2404 non
1299 2375 1438 2411 pecuniam
1451 2372 1565 2406 reliquit,
1582 2378 1634 2398 non
1649 2378 1703 2397 rem
1713 2369 1791 2395 ullam
1804 2367 1862 2395 suis

1078 2426 1216 2454 sororibus
1230 2431 1289 2458 quae
1299 2426 1376 2450 erant
1387 2420 1504 2455 virgines
1514 2440 1521 2451 ,
1538 2418 1585 2446 sed
1598 2424 1642 2444 eas
1655 2415 1762 2443 Christo
1781 2421 1857 2440 com-

1077 2471 1222 2502 mendavit,
1237 2469 1328 2496 dicens
1341 2476 1347 2493 :
1374 2466 1445 2494 Deus
1467 2465 1511 2499 qui
1522 2471 1569 2491 vos
1583 2461 1697 2494 creavit,
1712 2459 1787 2486 vobis
1798 2467 1859 2493 quo-

1078 2525 1131 2552 que
1145 2516 1243 2543 victum
1256 2511 1404 2548 providebit
1417 2511 1485 2538 sicut
1496 2513 1523 2536 et
1533 2508 1609 2535 mihi.
1624 2506 1688 2533 Erat
1701 2509 1789 2531 autem
1801 2511 1861 2530 con.

1079 2549 1174 2588 ventus
1198 2558 1328 2592 virginum
1349 2562 1409 2590 qua:
1421 2558 1570 2581 erantcum
1584 2549 1720 2587 sororibus
1735 2549 1802 2582 ejus,
1819 2554 1862 2573 se-

1080 2605 1224 2641 ptuaginta.
1238 2602 1274 2635 ls,
1303 2608 1362 2628 cum
1377 2600 1409 2627 ad
1424 2606 1484 2627 eum
1498 2597 1630 2625 venissem
1645 2594 1812 2624 adolescens,
1838 2596 1863 2619 et

1079 2638 1200 2685 rogarem
1226 2651 1255 2675 ut
1282 2646 1315 2673 ad
1328 2646 1409 2672 vitain
1433 2647 1573 2677 cooptarer
1599 2638 1782 2670 monasticam,
1805 2643 1864 2663 mea

1077 2696 1165 2723 adhuc
1178 2697 1255 2721 tetate
1268 2691 1434 2721 lasciviente,
1450 2693 1540 2716 etnon
1551 2693 1618 2720 opus
1633 2685 1746 2712 habente
1762 2688 1864 2708 sermo-

1079 2743 1167 2773 nibus,
1185 2739 1229 2767 scd
1242 2738 1377 2766 laboribus
1385 2737 1430 2771 qui
1444 2741 1551 2762 carnem
1562 2731 1728 2765 subigerent,
1744 2729 1864 2761 duraque

1077 2789 1106 2813 et
1116 2790 1208 2818 aspera
1223 2780 1327 2809 vivendi
1347 2780 1448 2807 ratione
1468 2784 1527 2811 qum
1548 2781 1644 2809 corpus
1666 2773 1868 2805 compesceret;

1079 2833 1118 2863 is,
1148 2816 1257 2863 inquam
1275 2849 1282 2861 ,
1312 2831 1436 2860 tanquam
1463 2823 1548 2850 bonus
1573 2820 1687 2848 domitor
1713 2816 1844 2850 pullorutn
1861 2835 1869 2848 ,

1082 2861 1157 2905 duxit
1180 2861 1223 2903 me
1247 2878 1324 2902 extra
1361 2870 1493 2899 civitatem
1526 2867 1557 2894 ad
1587 2872 1632 2893 eas
1660 2870 1717 2898 quin
1746 2861 1865 2888 dicuntur
