2079 3157
197 186 267 220 1009
801 192 984 222 HISTORIA
1001 193 1197 224 LAUSIACA.
1755 191 1821 225 1010

197 243 258 270 οὐδὲ
271 244 428 280 συνοικήσει
441 244 493 272 τινὶ
506 245 617 281 πονηρῷ
631 246 772 278 συνειδότι,
795 247 876 274 πάλιν
897 247 990 281 ἔλεγεν
1006 249 1020 273 ὁ
1035 248 1117 280 αὐτὸς
1132 248 1268 283 μακάριος
1282 247 1430 278 ἀπόστολος
1443 246 1558 279 Παῦλος,
1571 247 1612 273 δτι
1626 247 1682 278 Πᾶς
1695 248 1709 274 ὁ
1723 247 1822 281 ἀγωνι-

197 287 312 323 ζόμενος
328 290 416 318 πάντα
431 291 638 326 ἐγκρατεύεται,
654 292 829 326 ὑγιαινούσης
845 293 895 327 μὲν
910 294 960 328 τῆς
974 293 1086 329 σαρκὸς,
1101 293 1271 328 ἀπεχόμενος
1286 291 1341 319 τῶν
1360 292 1532 319 πιαινόντων.
1553 291 1762 328 Ἀῤῥωστούσης
1777 291 1820 327 δὲ,

196 335 212 371 ἢ
233 336 444 372 ὀδυνωμένης,ῆ
467 338 516 364 καὶ
529 337 639 370 λύπαις,
655 338 671 373 ἢ
688 339 866 373 περιστάσεσι
882 338 1076 374 κοινωνούσης,
1094 339 1227 375 χρήσεται
1244 338 1294 374 μὲν
1311 339 1370 365 τότε
1391 338 1409 373 ἢ
1426 338 1576 374 βρώμασιν,
1592 338 1609 374 ἢ
1626 338 1764 373 πόμασιν,
1784 339 1823 369 ὡς

196 381 353 416 φαρμάκοις
369 382 550 418 ἀλεξιτηρίοις
566 384 606 415 εἰς
633 384 704 411 τασιν
721 384 822 416 αὐτῶν,
836 384 964 418 ἀφέξεται
979 385 1009 411 δὲ
1030 385 1085 412 τῶν
1105 385 1175 412 κατά
1187 386 1237 420 τὴν
1252 384 1342 420 ψυχὴν
1360 384 1512 420 βλαὸερῶν,
1526 384 1622 420 ὀργῆς,
1639 385 1687 412 καὶ
1703 384 1798 420 φθόνοι.
1811 403 1821 416 ,

197 429 361 463 κενοδοξίας,
378 430 425 457 καὶ
436 431 562 467 ἀκηδίας,
575 431 623 458 καὶ
639 430 817 464 καταλαλιᾶς,
833 431 882 458 καὶ
895 429 1024 461 ὑπονοίας
1039 430 1150 464 ἀλόγου,
1168 430 1341 467 εὐχαριστῶν
1353 430 1392 466 τῷ
1403 429 1508 466 Κυρίῳ.

231 485 382 521 Δύτάρκως
398 486 488 514 τοίνυν
503 487 572 523 ὑπὲρ
588 488 691 514 τούτων
706 486 841 514 διαλαϐὼν
862 486 943 513 πάλιν
969 485 1053 521 ἀλλην
1077 486 1250 522 παράκλησιν
1268 487 1400 522 προσάγω
1418 496 1466 514 σου
1480 489 1513 524 τῇ
1529 487 1705 523 φιλομαθείᾳ.
1718 486 1822 523 Φεῦγε,

195 532 244 567 ὅση
262 528 303 559 σοι
318 532 441 568 δύναμις,
457 534 602 570 συντυχίας
620 534 723 569 ἀνδρῶν
742 534 817 561 οὐδὲν
833 533 929 568 ὄφελος
945 525 1060 568 ἐχόντων
1071 553 1079 566 ,
1090 534 1138 560 καὶ
1153 534 1329 570 κοσμούντων
1345 535 1394 570 μὲν
1409 535 1439 561 τὸ
1446 535 1535 570 δέρμα
1551 535 1756 571 ἀκαταλλήλως,
1769 534 1821 562 κᾶν

194 579 328 613 ὀρθόδοξοι
343 578 416 612 εἷεν,
437 581 474 616 μή
491 589 518 607 τι
534 589 566 615 γε
583 580 615 615 δή
635 580 787 615 αἰρετικοὶ,
806 579 970 615 βλάπτοντες
984 581 1016 615 τῇ
1033 579 1196 614 ὑποκρίσει,
1222 580 1273 607 κᾶν
1292 579 1389 613 δόξωσι
1413 580 1521 612 πολιαῖς
1536 581 1673 616 κεφαλῆς,
1691 580 1709 616 ἢ
1731 580 1821 616 ῥυτίσι

194 624 342 660 προσώπου
357 624 536 660 ἐπισύρεσθαι
560 625 647 660 μῆκος
666 625 773 660 χρόνου.
801 624 861 652 Κᾶν
876 624 931 659 γὰρ
954 623 1037 658 μηδὲν
1054 623 1156 659 βλαϐῇς
1173 624 1239 661 παρ’
1261 625 1351 652 αὑτῶν
1365 625 1400 653 δι’
1413 625 1552 660 εὐγένειαν
1567 626 1684 661 τρόπων,
1710 626 1741 652 τὸ
1755 625 1822 660 γοῦν

195 671 335 705 ἐλάχιστον
348 669 501 706 δοκοῦν[τα]
518 670 618 706 τρώσει
633 679 673 698 σε.
686 670 741 697 Καὶ
751 669 903 705 χαυνωθεὶς
917 669 978 695 κατ’
992 670 1025 695 αὑ
1031 668 1082 696 τῶν
1096 670 1145 705 τὴν
1155 669 1274 697 διάνοιαν
1289 671 1432 708 έπαρθήσῃ
1447 671 1608 706 καταγελῶν
1622 671 1736 704 τούτων,
1752 673 1820 709 ὅπερ

194 717 252 744 ὲστί
265 725 305 743 σοι
318 717 408 753 βλάϐη
420 717 460 749 είς
472 716 663 752 ὑπερηφανίαν
676 715 881 751 ὲμπεπτωκότι.
901 714 986 749 ’Υπὲρ
1001 714 1029 740 δὲ
1043 714 1138 750 θυρίδα
1150 716 1283 751 φωτεινὴν
1298 716 1448 751 μεταδίωκε
1462 716 1567 752 ἀνδρῶν
1580 726 1609 743 τε
1623 718 1669 744 καὶ
1684 718 1821 752 γυναικῶν
1836 734 1839 738 ‹

194 765 270 795 ὁσίας
282 764 441 798 συντυχίας,
463 763 507 790 ἵνα
519 763 563 789 διά
577 762 680 789 τούτων
699 762 825 797 καθάπερ
842 761 1035 796 λεπτόγραφον
1057 761 1161 796 βιϐλίον
1177 761 1295 797 δυνηθῇς
1313 762 1377 789 ἰδεῖν
1395 763 1488 797 σαφῶς
1503 762 1550 789 καὶ
1567 763 1615 798 τὴν
1632 763 1681 798 σὴν
1696 764 1820 800 καρδίαν,

193 810 237 837 διὰ
252 811 301 845 τῆς
317 802 567 845 ἀντίπαραθέσεως,
582 809 632 845 τὴν
653 809 799 844 ρᾳθυμίαν,
814 809 830 844 ἢ
848 808 998 843 ἐμμέλειαν
1010 807 1160 842 δυνάμενος
1173 807 1222 842 τὴν
1238 808 1287 842 σὴν
1301 808 1470 843 δοκιμάζειν.
1486 808 1575 835 Πολλὰ
1590 809 1645 844 γάρ
1665 810 1723 835 ἐστι
1735 809 1768 836 τὰ
1787 811 1820 844 τῇ

194 857 358 894 χρηστότητι
375 856 566 892 μαρτυροῦντα
580 864 587 870 ·
601 856 618 890 ἦ
630 864 659 882 τε
679 856 747 890 χρόα
760 854 815 881 τῶν
830 853 983 890 προσώπων
995 855 1011 888 ή
1024 852 1181 880 ἐπανθοῦσα
1194 854 1227 888 τῇ
1242 853 1376 889 πολιτείᾳ,
1388 854 1434 880 καὶ
1448 855 1462 880 ὁ
1475 854 1620 889 στολισμδς
1633 854 1682 889 τῆς
1695 855 1820 889 ἐσθῆτος,

194 905 241 932 καὶ
252 904 282 931 τὸ
298 904 457 938 ἀπέρπερον
474 900 550 938 ἦθος,
566 902 613 928 καὶ
629 903 645 936 ἡ
666 901 769 935 ἀτυφία
783 900 836 927 τῶν
855 899 954 934 λόγων,
970 899 1016 925 καὶ
1028 900 1045 934 ἡ
1062 899 1189 926 εὐλάϐεια
1205 899 1259 926 τῶν
1278 899 1397 934 τρόπων,
1415 899 1463 926 καὶ
1478 899 1509 926 τὸ
1523 900 1688 935 ἀπερίεργον
1701 901 1755 927 τῶν
1774 901 1818 927 λέ-

194 951 272 984 ξεων,
287 951 333 977 καὶ
346 950 376 977 τὸ
393 949 488 985 χαρίεν
502 949 552 984 τῆς
568 948 691 983 γνώμης,
705 948 753 974 καὶ
769 947 800 973 τὸ
815 946 925 973 συνετὸν
939 946 994 973 τῶν
1007 946 1162 981 νοημάτων.
1189 945 1388 981 Ἐνδυναμώσει
1409 946 1457 973 καὶ
1476 947 1525 982 τὴν
1546 947 1595 982 σὴν
1620 947 1787 983 κοσμιότητα
1807 949 1822 974 ὁ

193 997 305 1033 Κύριος,
324 997 370 1023 καὶ
384 996 489 1027 πάντας
502 995 566 1027 τοὺς
582 994 732 1029 ἑπομένους
745 992 784 1028 τῷ
801 993 852 1028 τῆς
866 992 1022 1023 θεοσεϐείας
1037 991 1132 1028 σκοπῴ
1142 999 1149 1006 '
1164 991 1216 1018 κᾶν
1230 993 1260 1018 ὲν
1275 991 1376 1028 ἀκηδίᾳ
1389 992 1406 1028 ἢ
1419 992 1500 1028 ἑτέρᾳ
1513 993 1566 1020 τινὶ
1582 993 1743 1028 περιστάσει
1755 1001 1822 1027 τυγ-

193 1045 312 1080 χάνοιτε.
327 1043 476 1078 Στολισμδς
492 1043 558 1078 γὰρ,
575 1042 670 1078 φησὶν,
685 1041 793 1076 ἀνδρὸς,
809 1040 857 1068 καὶ
871 1040 947 1076 βῆμα
959 1039 1051 1073 ποδὸς,
1067 1041 1114 1066 καὶ¹
1129 1039 1218 1075 γέλως
1232 1039 1345 1068 ὀδόντων
1367 1040 1514 1075 ἀναγγελεῖ
1529 1039 1562 1066 τά
1579 1040 1644 1075 περὶ
1657 1039 1751 1074 αὑτοῦ,
1771 1048 1822 1066 κα-

194 1090 248 1123 θὼς
265 1090 281 1126 ἠ
298 1089 436 1125 Παροιμία
450 1089 534 1123 λέγει.

234 1148 400 1185 Ἀρξάμενος
415 1147 506 1174 τοίνυν
518 1146 575 1182 ἐγώ
590 1155 632 1174 σοι
643 1147 698 1174 τῶν
713 1146 870 1181 ἐξηγήσεων
883 1143 930 1171 τοῦ
946 1143 1004 1179 βίου
1018 1143 1074 1170 τῶν
1087 1143 1173 1177 ἁγίων
1186 1144 1329 1179 Πατέρων,
1344 1142 1406 1170 οὔτε
1420 1143 1477 1175 τοῖς
1491 1143 1521 1170 ὲν
1538 1143 1599 1175 ταῖς
1610 1143 1719 1170 πόλεσιν
1732 1143 1748 1178 ἢ
1767 1142 1822 1170 κὼ-

195 1204 260 1231 μαις
277 1195 294 1230 ῆ
313 1194 457 1229 σπηλαίοις
470 1193 488 1229 ἢ
503 1192 635 1228 ἐρημίαις
650 1192 806 1226 ἀγνώστους
822 1199 864 1218 σοι
879 1189 1037 1224 καταλείψω
1058 1190 1098 1225 τῷ
1108 1190 1196 1225 λόγῳ,
1213 1189 1343 1225 προσθεὶς
1355 1190 1403 1216 καὶ
1421 1190 1486 1221 τοὺς
1499 1190 1528 1216 ὲν
1541 1190 1600 1221 τοῖς
1613 1189 1767 1221 κοινοόίοις.
1780 1189 1819 1215 Οὐ

193 1242 248 1278 γὰρ
262 1243 276 1268 ὁ
290 1241 373 1273 τόπος
390 1241 465 1268 ἐστὶν
482 1241 497 1267 ό
511 1240 678 1276 ζητούμενος
687 1260 695 1272 ,
707 1239 770 1266 ἔνθα
783 1237 974 1269 κατοικοῦντες
986 1234 1060 1264 οῦτοι
1075 1237 1263 1273 κατώρθωσαν
1273 1237 1322 1273 τὴν
1333 1236 1451 1272 ἀρετὴν,
1465 1236 1523 1264 ἀλλ’
1536 1238 1550 1264 ὁ
1562 1236 1663 1272 τρόπος
1674 1236 1723 1271 τῆς
1735 1235 1821 1271 ὀρθῆς

193 1287 390 1324 προαιρέσεως,
406 1287 440 1315 δι’
455 1284 490 1323 ἧς
500 1285 712 1322 τὴν-ἀγγελικὴν
725 1285 863 1313 πολιτείαν
873 1285 906 1321 τῇ
919 1281 966 1310 τοῦ
983 1282 1102 1319 Χριστοῦ
1118 1283 1265 1320 συμμαχίᾳ
1275 1279 1440 1316 ὲξήσκησαν.

995 1564 1018 1588 Δ
1034 1559 1102 1595 παρ’
1115 1559 1186 1588 αὕτά
1199 1560 1235 1588 τὰ
1249 1560 1389 1597 συμπόσια
1405 1561 1455 1596 τῆς
1475 1561 1603 1594 είωθυίας
1617 1562 1691 1598 ὥρας
1705 1562 1756 1597 τῆς
1773 1571 1821 1598 p.2-

401 1559 601 1603 ιιιιιμΑΛΛῐοΝ
629 1558 778 1586 ΠΡΩΤΟΝ.

370 1605 442 1639 Περὶ
463 1604 619 1639 ’1σιδώρου,
629 1605 804 1640 ξενοδόχου.

229 1650 341 1686 Πρῶτον
361 1650 452 1678 τοίνυν
476 1651 602 1686 πατήσας
627 1650 682 1685 ἐγὼ
704 1650 754 1686 τὴν
785 1649 983 1686 Ἀλεξανδρέων

195 1693 283 1726 πόλιν,
300 1694 329 1720 ὲν
344 1694 378 1729 τῇ
393 1694 508 1729 δευτέρᾳ
523 1694 626 1730 ὑπατίᾳ
642 1694 782 1721 Θεοδοσίου
799 1694 846 1721 τοῦ
863 1695 982 1730 μεγάλου

196 1739 338 1774 βασιλέως,
352 1739 381 1771 ὃς
395 1739 443 1766 νῦν
458 1740 487 1766 έν
502 1740 628 1774 ἀγγέλοις
642 1741 761 1776 ὑπάρχει
776 1740 820 1767 διὰ
835 1741 886 1774 τὴν
900 1740 983 1776 ὀρθὴν

195 1785 277 1812 αὐτοῦ
292 1785 382 1812 πίστιν
394 1785 442 1820 τὴν
452 1786 492 1817 εἰς
506 1785 633 1821 Χριστὸν,
649 1787 810 1821 περιέτυχον
823 1787 851 1812 ὲν
865 1786 934 1822 αὐτῇ
949 1787 982 1822 τῇ

195 1830 272 1857 πόλει
295 1830 372 1866 ἀνδρὶ
394 1831 549 1866 θαυμασίῳ,
570 1831 615 1858 τὸν
627 1831 726 1867 τρόπον
746 1831 914 1866 πανταχόθεν
935 1840 983 1858 κε-

195 1877 371 1912 κοσμημένῳ,
388 1877 416 1903 ἕν
434 1885 463 1903 τε
479 1877 561 1912 λόγῳ,
578 1877 624 1904 καὶ
640 1877 712 1912 ῆθει,
728 1877 775 1903 καὶ
789 1877 899 1911 γνώσει,
921 1877 983 1904 Ἰσι-

195 1923 274 1958 δώρῳ
295 1923 472 1959 πρεσὸυτέρῳ
489 1924 545 1950 ὄντι
565 1923 696 1959 ξενοδόχῳ
713 1924 762 1959 τῆς
786 1923 983 1958 Ἀλεξανδρέων

202 1969 374 2005 Ἐκκλησίας.
392 1971 440 2002 Ὃς
453 1970 488 1997 τὰ
503 1971 553 2005 μὲν
564 1970 660 2006 πρῶτα
673 1970 863 2006 τῆς.νεότητος
875 1970 984 2004 ἐλέγετο

196 2016 226 2042 ὲν
240 2017 273 2052 τῇ
292 2017 387 2052 ἐρήμῳ
405 2016 549 2052 διατρίψας
565 2017 694 2052 ήνυκέναι
710 2016 745 2043 τά
769 2017 817 2052 τῆς
840 2017 984 2050 ἀσκήσεως

196 2059 265 2088 ἆθλα
275 2082 282 2093 ,
300 2059 330 2089 οὗ
344 2063 390 2089 καὶ
403 2063 452 2098 τήν
472 2062 571 2098 κέλλην
587 2062 743 2098 ἐθεασάμην
756 2062 812 2096 ἐγὼ
825 2063 854 2088 ἐν
868 2062 906 2097 τῷ
926 2061 984 2098 ὖρει

196 2107 245 2141 τῆς
267 2108 391 2143 Νιτρίας.
414 2107 571 2136 Κατέλαϐον
592 2108 622 2135 δὲ
640 2107 734 2134 τοῦτον
748 2107 804 2142 ἐγὼ
823 2107 892 2134 ἑτῶν
909 2107 984 2134 €680-

198 2154 320 2189 μήκοντα
342 2154 477 2188 γέροντα,
493 2153 522 2186 ὃς
545 2154 679 2187 ἐπιζήσας
697 2154 895 2181 πεντεκαίδεκα
916 2153 985 2180 ἀλλα

196 2199 244 2236 ετη
258 2201 371 2236 τελευτᾷ
385 2201 414 2227 ἐν
430 2201 538 2237 εἰρήνῃ.
556 2197 641 2233 Οὗτος
661 2201 676 2228 ό
690 2200 767 2234 ἀγιος
785 2200 882 2237 μέχρις
899 2200 984 2236 αὐτῆς

195 2246 245 2281 τῆς
259 2246 387 2282 τελευτῆς
403 2247 454 2274 οὐκ
472 2246 568 2282 ὀθόνην
582 2247 717 2283 ὲφόρησεν
732 2246 810 2278 ὲκτδς
825 2247 981 2282 φακιαλίου,

196 2292 225 2318 οὑ
238 2292 343 2328 λουτρῷ
360 2293 498 2328 ὲχρήσατο
509 2312 517 2324 ,
531 2292 562 2319 οὐ
575 2292 665 2328 κρεῶν
677 2292 777 2328 ἥψατο,
800 2293 830 2319 ού
845 2292 985 2329 τραπέζης

197 2340 262 2366 ποτὲ
285 2340 353 2375 πρὸς
378 2340 459 2375 κόρον
478 2339 648 2375 ὲνεφορήθη’
673 2339 702 2372 ὃς
719 2339 837 2366 τοιοῦτον
861 2337 934 2374 εἶχεν
955 2340 985 2366 τδ

198 2385 277 2419 σῶμα
290 2385 342 2412 ὑπὸ
355 2385 404 2420 τῆς
418 2385 528 2421 χάριτος
541 2384 589 2412 τοῦ
605 2385 672 2412 Θεοῦ
688 2384 932 2421 συγκροτούμενον,
947 2385 984 2417 ὡς

197 2431 458 2467 πεπληροφορῆσθαι
470 2432 572 2464 πάντας
584 2432 647 2464 τοὺς
660 2432 825 2467 ἀγνοοῦντας
841 2432 923 2459 αὐτοῦ
935 2433 984 2468 τὴν

196 2478 313 2510 δίαιταν,
335 2478 376 2505 ὅτι
401 2479 430 2504 ὲν
454 2478 560 2514 μεγάλῃ
585 2479 674 2514 τρυφῇ
692 2478 791 2513 διάγει.
813 2478 915 2506 Τούτου
934 2478 985 2510 τάς

196 2526 298 2561 ἀρετὰς
312 2525 362 2561 τῆς
372 2525 460 2561 ψυχῆς
472 2526 519 2553 ὲάν
532 2526 601 2553 θέλω
611 2526 792 2562 διηγήσασθαι
804 2526 873 2554 κατὰ
890 2526 984 2562 μέρος,

197 2571 330 2606 ἐπιλείψει
349 2579 382 2606 με
397 2571 576 2606 διηγούμενον
590 2572 604 2598 ὁ
620 2571 727 2607 χρόνος.
745 2572 793 2603 Ὃς
810 2571 936 2599 τοσοῦτον
951 2569 984 2606 ἦν

197 2617 294 2651 πρᾶος,
307 2615 354 2644 καὶ
369 2616 576 2652 φιλάνθρωπος,
595 2617 642 2644 καὶ
659 2618 806 2653 εἰρηνικὸς,
823 2618 861 2650 ὡς
875 2618 921 2644 καὶ
936 2618 983 2645 ab-

196 2662 260 2692 τοὺς
269 2662 332 2694 τοὺς
345 2662 476 2694 ἀπίστους
486 2662 599 2698 ἐχθροὺς
611 2662 694 2691 αὐτοῦ
706 2663 749 2690 διὰ
760 2663 808 2699 τὴν
820 2665 858 2695 εἰς
869 2664 986 2699 Χριστὸν

198 2707 279 2742 ὀρθὴν
294 2708 376 2735 αὑτοῦ
392 2709 483 2736 πίστιν
493 2708 625 2735 αἰδεῖσθαι
640 2708 687 2735 καὶ
702 2709 750 2744 τὴν
764 2709 844 2736 σκιὰν
858 2709 891 2736 δι’
903 2710 986 2744 ὑπερ-

199 2752 280 2788 ϐολήν
299 2755 348 2789 τῆς
371 2755 420 2782 τοῦ
448 2755 544 2790 ἀνδρὸς
570 2755 763 2790 χρηστότητος.
793 2755 933 2792 Τοσαύτην
957 2756 986 2783 δὲ

200 2796 277 2831 ἔσχεν
301 2800 379 2834 χάριν
405 2800 610 2834 πνευματικὴν,
635 2800 682 2826 καὶ
706 2799 806 2834 γνῶσιν
828 2800 882 2828 τῶν
901 2801 985 2835 ἁγίων

199 2841 220 2868 Γ
223 2842 325 2875 ραφῶν,
341 2844 388 2872 κα)⁸
397 2845 451 2873 τῶν
466 2846 545 2874 θείων
558 2847 702 2882 δογμάτων
715 2845 878 2882 κατάληψιν,
891 2847 927 2881 ὡς
941 2847 986 2875 καὶ

1033 1606 1177 1642 ταλήψεως
1189 1607 1244 1634 τῶν
1266 1607 1388 1642 ἀδελφῶν
1404 1607 1561 1640 ἐξίστασθαι
1577 1608 1626 1645 τὴν
1640 1609 1760 1636 διάνοιαν
1776 1609 1822 1636 τοῦ

1034 1654 1113 1689 ἀγίου
1125 1675 1133 1688 ,
1151 1655 1199 1682 καὶ
1214 1655 1336 1688 ὲνεάζειν
1353 1656 1450 1689 αὑτὸν,
1466 1655 1512 1683 καὶ
1527 1656 1686 1692 παρακαλοῦ
1692 1666 1773 1691 μενον
1784 1657 1824 1684 δι-

1032 1700 1198 1736 ηγεῖσθαιτά
1205 1701 1255 1735 τῆς
1262 1701 1377 1727 έκστάσε
1381 1710 1427 1733 ως,
1439 1702 1485 1728 καὶ
1490 1701 1578 1736 λέγειν
1583 1722 1590 1734 ,
1597 1702 1638 1728 ὅτι
1647 1702 1744 1737 Ἀπεδή
1750 1711 1786 1737 μη
1790 1711 1824 1729 σα

1033 1745 1066 1779 τῇ
1094 1744 1200 1779 διανοίᾳ
1224 1744 1362 1779 ἀρπαγεῖς
1388 1745 1441 1771 ὑπὸ
1466 1745 1582 1782 θεωρίας
1606 1746 1690 1778 τινός.
1718 1748 1824 1780 Ἔγνων

1034 1790 1112 1823 κάγὼ
1123 1790 1217 1816 τοῦτον
1227 1790 1357 1822 πολλάκις
1368 1791 1544 1825 δακρύσαντα
1554 1791 1599 1818 ἐπὶ
1609 1792 1660 1826 τῆς
1671 1792 1822 1827 τραπέζης·

1034 1835 1079 1861 καὶ
1093 1835 1148 1861 τῶν
1164 1835 1290 1870 δακρύων
1303 1836 1352 1870 τὴν
1366 1836 1455 1862 αἰτίαν
1470 1836 1634 1871 πυθόμενος,
1650 1838 1756 1873 ἥκουσα
1772 1838 1823 1864 αὑ-

1033 1881 1080 1908 τοῦ
1106 1881 1250 1915 λέγοντος,
1266 1882 1308 1908 ὃτι
1327 1882 1460 1917 Αἰδοῦμαι
1483 1883 1582 1916 ἀλόγου
1606 1883 1823 1917 μεταλαμϐάνων

1033 1927 1136 1962 τροφῆς
1148 1927 1257 1961 λογικὸς
1274 1928 1414 1963 ὑπάρχων,
1434 1928 1480 1954 καὶ
1496 1928 1610 1962 ὀφείλων
1625 1929 1653 1955 ὲν
1666 1930 1824 1965 παραδείσῳ

1033 1974 1139 2008 τρυφῆς
1155 1973 1290 2009 ὑπάρχειν
1301 1995 1307 2007 ,
1323 1974 1371 2000 καὶ
1386 1974 1567 2009 ἐμφορεῖσθαι
1586 1974 1740 2009 ἀμϐροσίας
1761 1984 1822 2010 τρο-

1035 2019 1098 2054 φῆς,
1114 2019 1159 2046 διὰ
1175 2019 1224 2055 τὴν
1241 2019 1364 2046 δοθεῖσαν
1377 2021 1443 2056 ήμϊν
1459 2020 1534 2056 παρὰ
1555 2021 1674 2056 Χριστοῦ
1689 2021 1821 2054 ἐξουσίαν.

1035 2059 1119 2096 Οὗτος
1145 2065 1283 2099 γνώριμος
1308 2062 1341 2100 ἦν
1366 2065 1442 2101 πάσῃ
1465 2067 1498 2100 τῇ
1526 2065 1599 2092 κατὰ
1625 2065 1734 2101 Ῥώμην
1760 2075 1824 2101 συγ-

1034 2110 1138 2145 κλήτῳ,
1149 2111 1210 2141 ταῖς
1219 2118 1252 2144 γε
1267 2110 1374 2144 γυναιξὶ
1383 2110 1437 2137 τῶν
1451 2111 1632 2146 μεγιστάνων,
1645 2112 1764 2146 ὁπηνίκα
1776 2113 1824 2140 σὺν

1034 2155 1074 2191 τῷ
1101 2156 1228 2192 μακαρίῳ
1258 2156 1409 2193 Ἀθανασίῳ
1428 2157 1594 2193 ἀπεληλύθει
1611 2157 1642 2184 τὸ
1671 2158 1822 2193 πρότερον,

1036 2201 1130 2229 ἔπειτα
1145 2202 1194 2230 σὺν
1215 2202 1254 2237 τῷ
1269 2203 1340 2238 ἁγίῳ
1354 2203 1503 2239 Δημητρίῳ
1518 2204 1557 2239 τῷ
1574 2204 1725 2240 ὲπισκόπῳ.
1741 2201 1826 2236 οὗτος

1037 2249 1205 2285 περιττεύων
1221 2249 1328 2285 πλούτῳ
1343 2250 1389 2277 καὶ
1399 2250 1515 2285 ἀφθονίᾳ
1526 2250 1638 2285 χρειῶν,
1650 2250 1682 2278 οὐ
1691 2250 1826 2286 διαθήκην

1036 2293 1140 2330 ἔγραψε
1166 2294 1317 2329 τελευτῶν,
1345 2295 1376 2322 οὐ
1405 2295 1527 2331 νόμισμα
1555 2295 1768 2328 καταλέλοιπεν,
1793 2296 1824 2322 οὐ

1036 2342 1154 2377 πρᾶγμα
1178 2343 1237 2372 ταῖς
1260 2341 1358 2368 ἑαυτοῦ
1386 2341 1513 2376 ἀδελφαῖς
1540 2341 1685 2376 παρθένοις
1711 2340 1823 2371 οὔσαις·

1036 2386 1105 2413 ἀλλὰ
1121 2386 1257 2421 παρέθετο
1272 2387 1358 2418 αὑτὰς
1375 2386 1414 2421 τῷ
1429 2387 1550 2422 Χριστῷ.
1566 2387 1664 2420 λέγων,
1687 2386 1715 2412 '0
1730 2387 1824 2417 κτίσας

1037 2433 1109 2468 ὑμᾶς
1127 2432 1194 2464 Θεὸς
1207 2432 1288 2464 αὐτὸς
1307 2433 1482 2467 οἰκονομήσει
1502 2432 1567 2467 ὑμῖν
1582 2432 1630 2458 καὶ
1643 2432 1678 2458 τά
1693 2431 1761 2467 πρὸς
1775 2432 1825 2466 τὴν

1036 2479 1119 2515 ζωὴν,
1133 2479 1171 2510 ὼς
1189 2479 1237 2506 καὶ
1254 2479 1300 2514 μοί
1313 2479 1362 2515 [Μ.
1379 2478 1436 2515 μὲ].
1454 2477 1509 2506 Ἦν
1523 2479 1551 2506 δὲ
1565 2479 1613 2505 σὺν
1625 2479 1685 2509 ταῖς
1697 2477 1825 2512 ἀδελφαῖς

1036 2526 1118 2553 αὐτοῦ
1133 2526 1260 2561 σύστημα
1274 2526 1417 2561 παρθένων
1432 2526 1628 2560 ἑϐδομήκοντα.

1072 2569 1156 2609 ρῦτος
1172 2571 1331 2608 φοιτήσαντί
1357 2580 1402 2607 μοι
1419 2571 1472 2606 νέῳ
1492 2571 1549 2597 ὄντι
1568 2572 1636 2606 πρὸς
1658 2571 1740 2597 αὐτὸν
1752 2590 1759 2604 ,
1778 2572 1826 2597 καὶ

1037 2619 1241 2654 παρακαλοῦντι
1268 2617 1472 2654 στοιχειωθῆναι
1495 2618 1526 2644 ὲν
1555 2617 1594 2653 τῷ
1625 2619 1735 2653 μονήρει
1758 2617 1824 2652 βίῳ,

1038 2665 1197 2700 σφριγώσης
1211 2673 1256 2700 μοι
1268 2664 1308 2691 ἔτι
1323 2664 1373 2700 τῆς
1387 2664 1505 2699 ήλικίας,
1520 2664 1565 2690 καὶ
1579 2663 1665 2698 λόγων
1681 2663 1719 2698 μὴ
1732 2663 1826 2698 δεομέ-

1037 2721 1095 2747 νης,
1110 2711 1180 2738 ἀλλὰ
1193 2711 1279 2738 πόνων
1290 2710 1344 2738 τῶν
1357 2711 1429 2737 κατὰ
1441 2710 1541 2745 σάρκα,
1558 2711 1605 2737 καὶ
1617 2710 1825 2745 σκληραγωγίας

1037 2758 1087 2792 τῆς
1101 2757 1173 2784 κατά
1186 2758 1275 2792 σῶμα·
1289 2754 1374 2790 οὗτος,
1387 2756 1424 2788 ὡς
1436 2756 1518 2788 καλὸς
1530 2756 1719 2791 πωλοδάμνης,
1733 2755 1824 2790 ἐξάγει

1040 2813 1074 2839 με
1096 2803 1149 2837 ἔξω
1163 2803 1212 2838 τῆς
1235 2803 1339 2834 πόλεως
1360 2804 1400 2835 εἰς
1422 2801 1456 2830 τὰ
1472 2802 1607 2838 λεγόμενα
1628 2802 1750 2838 ἑρημικά
1771 2801 1827 2831 ἀπὸ

1040 2850 1118 2877 πέντε
1131 2849 1262 2884 σημείων.
1446 2871 1468 2876 -
