2079 3157
190 191 259 220 1015

810 181 968 212 HISTORIA
989 175 1169 210 Laustsca;

1727 175 1796 204 10H

182 250 262 281 ωιω
285 248 448 284 eremi'ticte,
469 247 575 276 circiter
598 246 690 281 quinto
717 244 750 271 ab
770 243 836 270 urbe
863 241 962 277 lapide.
977 241 1047 270 Atu
1077 238 1199 267 manebis
1220 245 1354 272 nunquam
1382 235 1492 264 bibens?
1515 235 1574 284 ipse
1593 238 1681 263 untem
1703 241 1718 262 e
1732 235 1797 263 cella

490 314 602 344 CAPUT
619 313 648 342 ll.

395 371 535 399 Dorothsus
554 370 592 405 (5)
608 369 751 397 Thebanus.

218 429 254 458 Et
265 436 309 457 me
322 428 404 456 tradit
416 427 520 454 cuidam
533 425 666 453 Dorotheo
678 423 849 452 exercitatori
861 422 966 451 Theba-

183 484 220 506 no
234 474 428 510 sexagesimum
441 480 541 501 annum
553 471 641 507 agenti
657 471 683 498 in
697 471 835 505 spelunca,
855 474 883 497 et
891 469 966 504 jubet

183 529 228 550 me
241 521 351 555 implere
365 519 434 554 apud
448 518 534 553 ipsum
542 522 596 544 tres
608 523 690 543 annos
704 515 736 542 ad
748 514 894 543 domandus
910 514 967 541 ani-

184 567 221 595 mi
235 565 446 601 perturbationes
465 562 576 599 (sciebat
595 562 665 590 enim
689 568 781 589 senem
793 567 872 594 agere
886 560 966 587 vitam

183 612 327 640 admodum
338 610 430 637 duram
447 613 474 637 et
485 608 628 644 asperam),
641 612 668 635 et
684 612 820 642 postquam
836 613 966 633 annorum

184 663 323 684 numerum
331 655 494 689 implessem,
508 660 599 681 rursus
609 652 641 680 ad
652 660 712 680 eum
724 655 882 685 reverterer,
894 658 968 678 mun-

183 701 256 729 davit
268 700 302 728 ob
311 699 441 734 reliquam
453 698 599 727 doctrinam
613 697 770 732 spiritalem.
798 696 863 724 Cum
878 701 966 724 autem

184 754 237 775 non
261 746 407 780 potuissem
427 745 496 779 apud
516 752 577 773 eum
603 743 713 777 implere
737 750 876 770 numerum
889 742 967 770 trium

183 798 327 826 annorum,
365 798 400 820 eo
428 791 502 827 quod
533 790 562 818 in
596 789 722 818 morbum
755 788 906 816 incidissem
922 795 968 815 ve-

185 836 353 867 hementem,
377 835 412 862 ab
426 842 459 862 eo
472 834 571 862 recessi
586 840 647 861 ante
666 839 770 868 tempus
782 834 968 868 praestitutum.

185 881 250 908 Erat
262 880 334 908 enim
344 879 401 914 ejus
412 879 474 907 vita:
486 879 555 906 ratio
567 878 644 913 longe
665 878 823 913 asperrima,
849 878 968 913 squalida

185 928 303 961 etplane
323 926 407 953 arida.
427 926 496 954 Toto
511 926 581 953 enim
606 926 660 959 die,
685 929 763 960 atque
786 926 853 953 adeo
870 926 897 953 in
910 926 968 961 ipso

185 976 252 999 mstu
265 971 395 1003 meridiei,
423 971 449 998 in
464 971 606 999 solitudine
623 978 684 1006 qua:
697 975 738 999 est
761 975 869 1006 propter
884 979 967 1006 mare,

187 1017 228 1043 col
240 1016 329 1050 igebat
341 1016 451 1050 lapides.
466 1021 493 1043 et
505 1023 537 1043 ex
552 1016 592 1044 eis
606 1024 712 1051 semper
719 1017 863 1050 tediticans,
879 1022 906 1046 et
916 1018 970 1045 cel-

186 1063 226 1090 las
245 1063 354 1095 faciens,
380 1069 426 1090 eas
440 1062 552 1090 cedebat
575 1063 608 1091 iis
627 1064 670 1098 qui
685 1070 737 1092 nco
753 1069 875 1099 poterant
885 1065 970 1093 aedili-

185 1114 256 1140 care,
268 1107 380 1141 singulis
398 1107 474 1134 annis
487 1107 580 1134 cellam
593 1107 704 1136 faciens.
728 1108 794 1136 (‘um
818 1114 906 1138 autem
921 1118 971 1145 ego

187 1154 328 1188 aliquando
339 1153 400 1181 huic
416 1158 508 1181 sancto
522 1154 649 1182 dixissem
666 1163 672 1181 :
698 1155 766 1188 Quid
786 1155 854 1190 agis,
880 1156 969 1189 Pater,

186 1200 213 1227 in
226 1203 300 1227 tanta
312 1203 451 1227 senectute
465 1199 653 1233 corpusculum
674 1204 747 1227 tuum
762 1201 887 1228 occidens
899 1203 971 1229 calo.

187 1243 262 1270 ribus
276 1243 483 1271 intolerabilibus
491 1243 504 1270 τ
525 1243 672 1278 Respondit
686 1244 762 1277 mihi,
774 1245 866 1274 dicens
880 1254 889 1273 :
903 1246 971 1274 illud

189 1295 231 1315 me
244 1288 354 1321 occidit,
369 1295 418 1323 ego
428 1295 532 1323 quoque
543 1290 628 1324 ipsum
652 1289 782 1317 occidam.
810 1290 972 1319 Comedebat

186 1337 275 1361 autem
289 1333 398 1367 singulis
408 1333 501 1362 diebus
514 1341 561 1361 sex
574 1335 757 1369 unciaapanis,
769 1341 797 1363 et
809 1336 970 1364 minutorum

187 1378 289 1406 olensm
310 1377 465 1406 fasciculum
489 1378 546 1414 (4);
568 1386 646 1414 aqua:
658 1385 746 1408 autem
765 1380 871 1408 bibebat
885 1381 972 1408 modi-

187 1430 248 1451 cam
262 1423 335 1457 quid.
360 1423 443 1451 Deum
464 1428 553 1452 autem
583 1428 667 1452 testor
691 1432 735 1452 me
754 1432 890 1460 nunquam
911 1431 971 1453 eum

187 1468 344 1502 cognovisse
358 1468 439 1502 pedes
453 1468 616 1501 extendisse,
637 1475 690 1496 non
713 1469 801 1497 dedita
816 1477 897 1504 opera
910 1469 973 1498 dor-

188 1513 279 1540 miisse
292 1512 319 1540 in
332 1517 400 1546 toro,
416 1517 461 1540 aut
471 1520 552 1547 super
564 1513 679 1547 lectum;
693 1513 741 1542 sed
756 1521 803 1548 per
824 1517 906 1542 totam
922 1522 972 1542 no-

188 1561 259 1584 ctem
275 1556 373 1584 sedens
387 1557 546 1585 contexebat
564 1558 652 1585 funem
666 1565 698 1586 ex
714 1560 793 1586 ramis
808 1558 848 1594 (ὅ)
869 1559 969 1594 palma-

1015 291 1150 320 egrcssns,
1161 291 1223 311 cum
1249 290 1297 318 per
1321 290 1351 310 se
1363 282 1505 314 hausisset,
1522 280 1588 308 bibit
1600 280 1718 315 jejunus,
1737 287 1798 308 cum

1015 330 1089 365 prius
1102 328 1239 365 signaculo
1258 328 1346 356 crucis
1369 327 1517 358 muniisset.
1540 330 1568 353 et
1587 325 1698 353 dixisset
1714 334 1721 354 :
1748 324 1800 353 Ubi

1015 381 1079 402 crux
1089 373 1164 402 adest
1176 373 1229 409 (7),
1245 372 1300 400 illic
1310 371 1410 399 viribus
1417 375 1490 398 caret
1508 371 1605 398 diaboli
1621 370 1786 405 improbitas.

1320 417 1432 446 CAPUT
1446 417 1492 445 lll.

1147 466 1211 492 Acta
1223 469 1246 492 et
1262 464 1430 499 temperantia
1446 462 1609 490 Potamiaznaz
1623 461 1661 497 (R)
1672 480 1680 490 .

1051 511 1150 538 Beatus
1161 518 1224 545 ergo
1239 510 1356 537 lsidorus
1370 508 1551 540 xenodochus,
1567 508 1612 542 qui
1626 508 1730 535 beatum
1747 508 1801 535 An-

1018 557 1119 584 tonium
1134 560 1306 588 convenerat,
1321 555 1439 582 narravit
1453 553 1529 586 mihi,
1543 561 1573 580 se
1588 554 1621 582 ab
1635 561 1667 581 eo
1681 553 1801 581 audivis-

1017 610 1046 630 se
1061 609 1117 630 rem
1132 601 1240 637 dignam
1254 608 1313 635 quac
1325 600 1465 627 mandetur
1476 598 1583 626 litteris.

1054 647 1221 674 Potamimna
1234 647 1355 681 quaedam
1370 645 1457 680 puella
1469 643 1671 676 formosissima,
1683 647 1803 678 tempore

1017 691 1151 719 Maximini
1164 690 1339 726 persecutoris
1352 689 1402 717 fuit
1412 689 1506 717 ancilla
1517 688 1654 723 cujusdam
1672 688 1802 722 intempe-

1016 737 1101 765 rantis
1114 741 1142 765 et
1150 736 1296 764 libidinosi.
1321 736 1404 769 Quam
1418 743 1479 762 cum
1493 734 1606 761 multum
1622 738 1752 768 rogasset,
1776 738 1804 761 et

1018 783 1043 811 ei
1057 783 1130 810 varia
1141 782 1307 817 promisisset
1318 781 1374 815 ejus
1381 780 1515 812 dominus,
1527 786 1585 806 eam
1597 786 1649 805 non
1663 779 1746 812 potuit
1755 778 1802 806 de-

1018 828 1119 863 cipere.
1131 827 1189 860 Quo
1202 827 1301 855 factum
1322 830 1363 854 est
1377 830 1405 853 ut
1418 825 1439 853 is
1451 824 1556 852 tandem
1572 825 1660 852 furore
1675 824 1802 859 percitus,

1018 881 1078 902 eam
1109 874 1227 902 traderet
1263 871 1388 908 prazfecto
1431 871 1614 899 Alexandrino
1654 870 1718 906 (τὶ),
1758 869 1803 905 qui

982 914 1006 945 Β
1019 924 1077 948 erat
1098 927 1132 948 eo
1155 924 1278 953 tempore
1293 937 1302 950 .
1324 923 1447 953 tanquam
1461 917 1636 945 Christianam
1653 935 1660 948 ,
1692 920 1720 944 et
1745 923 1805 951 quas

1021 969 1140 999 tempora
1174 969 1202 991 et
1235 964 1410 998 imperatores
1444 963 1620 990 insectaretur
1656 961 1804 988 maledictis

1020 1013 1128 1045 propter
1161 1008 1373 1043 persecutiones;
1412 1007 1546 1041 pollicitus
1572 1013 1600 1034 sc
1624 1006 1649 1033 ei
1679 1013 1800 1040 magnam

1021 1055 1139 1090 pecuniae
1154 1055 1207 1081 vim
1226 1057 1348 1081 daturum
1363 1052 1396 1080 ob
1409 1052 1467 1087 ejus
1479 1051 1666 1082 calamitatem.
1687 1051 1779 1078 dicens
1796 1059 1804 1078 :

1020 1100 1048 1128 Si
1063 1099 1088 1127 ei
1101 1100 1264 1135 persuaseris
1279 1103 1307 1127 ut
1322 1106 1382 1126 mco
1401 1097 1534 1125 desiderio
1553 1097 1724 1130 assentiatur,
1743 1104 1803 1124 eam

1027 1144 1132 1173 custodi
1148 1144 1221 1171 nullo
1235 1144 1355 1171 affectam
1367 1143 1505 1177 supplicio.
1530 1142 1604 1176 Quod
1619 1142 1640 1168 si
1665 1143 1804 1170 mansisset

1020 1191 1047 1218 in
1061 1198 1093 1218 ea
1106 1197 1184 1226 quam
1199 1190 1232 1217 ab
1252 1189 1328 1216 initio
1343 1189 1494 1216 ostenderat
1509 1188 1672 1219 austeritate,
1696 1188 1801 1222 rogavit

1022 1240 1051 1264 ut
1066 1242 1098 1263 ea
1113 1235 1243 1270 supplicio
1263 1235 1355 1261 all'ecta
1377 1239 1533 1266 moreretur,
1560 1241 1604 1266 ne,
1629 1233 1731 1267 dicens,
1746 1234 1804 1261 viva

1022 1288 1107 1308 meam
1122 1280 1231 1307 irrideat
1244 1279 1483 1314 intemperantiam.
1502 1278 1631 1306 Producta
1644 1283 1732 1305 autem
1743 1283 1804 1306 ante

1023 1325 1136 1353 tribunal
1150 1325 1226 1360 virgo
1237 1323 1327 1357 fortis,
1359 1323 1471 1351 diversis
1496 1323 1529 1350 ad
1545 1330 1636 1357 poenas
1660 1323 1804 1351 sumendas

1022 1369 1182 1405 comparatis
1201 1368 1394 1401 instrumentis,
1416 1375 1527 1403 corpore
1541 1368 1588 1395 fuit
1603 1368 1763 1403 excruciata,
1778 1373 1804 1396 et

1003 1414 1151 1451 gadversus
1165 1414 1262 1442 multas
1278 1421 1308 1441 ac
1323 1414 1410 1440 varias
1436 1413 1554 1441 rationes
1575 1417 1664 1440 mente
1680 1417 1803 1448 tanquam

1001 1452 1003 1455 ’
1024 1459 1104 1486 turris
1116 1459 1193 1486 ﬁrma
1208 1465 1240 1485 ac
1252 1458 1354 1486 stabilis
1366 1457 1516 1485 resistebat.
1538 1457 1609 1484 inter
1631 1457 1805 1485 instrumenta

1023 1508 1111 1531 autem
1126 1503 1327 1538 suppliciorum,
1339 1502 1473 1530 crudelius
1486 1502 1618 1538 quoddam
1630 1503 1734 1530 caeteris
1748 1507 1805 1529 tor-

1025 1555 1143 1578 mentum
1160 1549 1194 1577 ab
1208 1557 1241 1577 eo
1252 1549 1296 1584 qui
1312 1554 1373 1576 tunc
1387 1554 1443 1576 erat
1456 1549 1538 1583 judex
1550 1548 1685 1576 invcntum
1697 1553 1747 1576 est.
1759 1549 1806 1576 Ju-

188 1608 261 1635 rum,
272 1605 300 1628 ut
310 1608 344 1629 ex
353 1607 388 1630 eo
398 1601 449 1629 sibi
465 1602 566 1630 victum
578 1607 695 1636 pagani,
704 1602 771 1630 cum
782 1592 968 1638 ηυιέηίευερῖ-
981 1592 1004 1622 C
1021 1595 1142 1622 betenim
1153 1603 1278 1630 magnum
1287 1595 1400 1622 lebetem
1414 1595 1472 1629 pice
1482 1594 1611 1628 repletum
1625 1595 1802 1621 \eliemcnt‘s-

189 1654 266 1676 curer
280 1655 353 1681 eum,
377 1655 438 1675 cum
453 1647 576 1675 adessem
590 1648 769 1682 solummodo,
785 1653 836 1676 tam
851 1653 971 1678 extrema

190 1700 267 1721 usum
281 1700 342 1721 esse
354 1693 556 1726 exercitatione,
572 1693 724 1722 sciscitatus
734 1702 792 1722 sum
806 1698 836 1722 ut
845 1695 941 1723 scirem
956 1703 971 1723 a

189 1737 370 1771 compluribus
380 1737 438 1772 ejus
448 1737 594 1772 discipulis,
605 1745 639 1766 an
655 1743 781 1773 perpetuo
791 1744 908 1768 uteretur
918 1745 971 1767 tam

189 1786 311 1809 accurata
323 1787 471 1816 exactaque
484 1783 676 1812 exercitatione
702 1793 708 1812 :
729 1786 774 1819 qui
797 1785 903 1819 quidem
917 1792 973 1813 ma-

190 1827 288 1854 nebant
299 1827 350 1862 ipsi
364 1835 467 1863 quoque
477 1828 604 1863 deinceps
616 1835 748 1862 seorsum,
776 1836 805 1856 se
816 1834 888 1856 recte
899 1835 925 1856 et
936 1837 971 1857 ex

190 1873 286 1901 virtute
300 1877 432 1908 gerentes.
448 1874 556 1902 ﬂimihi
570 1874 694 1902 dixerunt
719 1875 789 1909 quod
810 1882 825 1902 a
838 1874 973 1909 iuventute

191 1917 272 1944 vitam
283 1925 356 1945 suam
371 1918 407 1946 ita
424 1918 554 1952 instituit,
569 1927 704 1954 nunquam
719 1919 807 1948 dedita
821 1927 901 1955 opera
913 1921 974 1947 dor-

191 1962 275 1990 miens
290 1963 340 1990 nisi
362 1963 430 1998 quod
451 1963 520 1992 inter
538 1965 700 1999 operandum
717 1965 757 1992 vel
780 1965 972 1992 comedendum

191 2006 331 2041 aliquando
345 2008 503 2036 convivcbat
524 2009 610 2036 oculis
624 2008 736 2044 deiectis
748 2017 755 2042 ;
778 2010 846 2037 adeo
860 2015 888 2037 ut
903 2017 974 2044 smpe

191 2052 268 2086 panis
282 2060 387 2088 quoque
402 2053 441 2089 (6)
457 2061 490 2081 ex
498 2054 556 2089 ejus
570 2062 618 2082 ore
632 2055 766 2082 excideret
780 2062 842 2083 esus
855 2060 974 2088 tempore

191 2102 300 2131 propter
314 2097 424 2125 nimiam
441 2098 667 2126 dormitationem.
683 2100 750 2127 Cum
766 2105 854 2127 autem
865 2109 914 2135 ego
926 2101 974 2128 ali-

190 2142 296 2176 quando
307 2149 428 2177 cogerem
455 2143 526 2171 liunc
545 2150 664 2171 sanctum
679 2145 810 2178 paululum
819 2145 909 2180 jacere
929 2154 975 2174 su-

192 2193 239 2219 per
253 2191 379 2221 stoream,
395 2195 464 2223 aegre
479 2187 566 2216 ferens
575 2188 637 2215 mihi
652 2189 718 2216 dixit
732 2197 739 2216 :
753 2189 780 2216 Si
795 2190 900 2224 quando
915 2198 975 2225 per-

192 2231 309 2259 suaseris
323 2232 425 2267 angelis
438 2237 466 2260 ut
480 2232 613 2261 dormiant
648 2239 703 2261 tum
728 2235 832 2262 virtutis
856 2235 974 2263 studioso

191 2282 295 2311 quoque
309 2278 483 2311 persuaseris.

227 2321 346 2354 Quodam
361 2326 448 2349 autem
463 2322 506 2349 die
523 2324 556 2349 ad
572 2327 679 2357 puteum
694 2330 770 2351 suum
785 2331 828 2351 me
842 2325 914 2352 misit
927 2325 976 2352 cir-

192 2372 223 2393 ca
234 2366 326 2393 horam
341 2374 447 2400 nonam,
461 2373 489 2394 ut
502 2368 641 2402 implerent
652 2369 759 2403 cadum,
772 2377 826 2405 quo
836 2377 870 2398 eo
893 2371 918 2398 in
931 2379 974 2398 rc-

191 2409 306 2438 fectione
334 2416 453 2439 uteretur
489 2420 548 2440 cum
578 2413 688 2442 instaret
713 2414 777 2442 hora
794 2416 845 2443 cibi
865 2416 974 2451 capien-

192 2456 230 2484 di.
257 2456 358 2484 Accidit
381 2463 468 2485 autem
493 2463 521 2485 ut
543 2466 602 2486 cum
629 2461 800 2488 accessissem
817 2481 825 2495 ,
857 2461 924 2489 infra
947 2462 973 2489 in

193 2506 274 2537 puteo
289 2500 405 2529 viderem
430 2503 559 2537 aSpidcm,
588 2508 615 2531 et
641 2512 694 2539 prta
719 2510 790 2533 metu
807 2514 902 2541 aquam
924 2507 975 2534 mi-

191 2547 263 2574 nime
290 2545 436 2577 haurirem.
464 2546 510 2574 sed
532 2547 662 2575 currendo
688 2556 808 2578 reversus
825 2552 848 2578 ei
872 2551 975 2578 nuntia-

190 2598 260 2626 rem,
273 2591 364 2619 diceus
382 2599 389 2617 :
405 2591 544 2624 Periimus,
557 2592 635 2625 abba,
653 2593 705 2620 vidi
720 2595 790 2621 enim
805 2595 923 2629 aspidem
937 2595 977 2624 in-

190 2634 273 2663 ferius
284 2635 309 2663 in
325 2641 414 2671 puteo.
437 2636 483 2663 ille
494 2640 582 2664 autem
607 2636 716 2665 honeste
734 2640 884 2673 subridens,
909 2648 976 2676 quo-

192 2681 261 2708 niam
274 2682 326 2710 mci
349 2690 470 2718 magnam
486 2683 600 2710 habebat
612 2683 753 2718 rationem,
777 2690 804 2713 et
817 2692 896 2721 caput
910 2695 974 2722 qna-

193 2725 272 2760 tiens,
293 2728 360 2755 dixit
376 2737 383 2755 :
409 2729 437 2756 Si
454 2729 539 2756 visum
555 2728 635 2756 fuerit
648 2728 752 2757 diabolo
766 2730 792 2757 in
807 2738 912 2759 omnem
924 2740 974 2767 pu—

194 2774 263 2798 teum
277 2773 385 2805 injicere
398 2779 536 2810 serpentes
549 2795 556 2808 ,
573 2779 599 2803 et
610 2774 727 2809 aspides.
753 2776 795 2803 vel
817 2778 973 2812 testudines,

192 2820 237 2843 aut
255 2817 305 2845 alia
315 2826 441 2850 venenata
453 2821 620 2855 animalia,'in
631 2829 724 2850 omnes
736 2821 822 2850 fontes
836 2831 972 2860 aquarum,

1021 1641 1090 1668 simo
1100 1641 1162 1676 igne
1172 1641 1292 1668 accendi.
1304 1639 1369 1668 Cum
1379 1640 1488 1668 bulliret
1497 1646 1563 1674 ergo
1575 1639 1618 1674 pix
1629 1643 1656 1666 et
1670 1639 1747 1667 vnlde
1761 1647 1805 1665 ar-

1022 1686 1107 1718 deret,
1131 1692 1275 1713 conversus
1285 1685 1318 1711 ad
1332 1685 1403 1711 illam
1419 1685 1522 1711 beatam
1538 1691 1624 1711 saevus
1638 1690 1747 1717 praeses,
1763 1683 1805 1711 di-

1022 1732 1061 1758 xit
1075 1740 1081 1757 :
1099 1731 1160 1763 Abi,
1172 1738 1236 1765 pare
1248 1730 1376 1757 voluntati
1392 1729 1491 1756 domini
1513 1729 1567 1761 tui;
1592 1729 1700 1763 alioqui,
1718 1733 1746 1755 ut
1761 1728 1802 1755 in-

1023 1777 1135 1811 telligas,
1143 1777 1223 1811 jubeo
1234 1780 1259 1803 te
1270 1775 1376 1803 devolvi
1388 1774 1414 1801 in
1427 1774 1551 1801 lebetem.
1564 1774 1609 1800 Illa
1620 1781 1684 1801 vero
1693 1781 1804 1807 rcspon-

1023 1821 1075 1852 dit.
1085 1820 1177 1848 dicens
1190 1829 1196 1846 :
1213 1819 1288 1847 Absit
1312 1823 1340 1846 ut
1360 1818 1395 1846 sit
1413 1818 1493 1853 judex
1505 1818 1572 1845 adeo
1587 1818 1692 1852 iniquus
1702 1819 1746 1853 qui
1761 1825 1805 1845 me

1021 1867 1113 1902 jubeat
1124 1873 1217 1901 parere
1231 1865 1331 1892 libidini
1340 1869 1367 1892 et
1380 1865 1600 1900 intemperantiae.
1612 1863 1657 1890 Ille
1668 1864 1756 1898 itaque
1766 1863 1806 1890 fu-

1024 1920 1085 1939 rore
1100 1911 1225 1946 percitus,
1251 1910 1327 1945 jubet
1339 1917 1396 1936 eam
1408 1910 1479 1941 exui,
1504 1913 1530 1935 et
1552 1909 1578 1934 in
1593 1908 1705 1935 lebetem
1722 1907 1805 1941 injici.

1026 1957 1070 1985 illa
1084 1964 1146 1984 vero
1159 1963 1252 1984 vocem
1266 1955 1372 1987 emittit.
1396 1955 1486 1981 dicens
1503 1963 1509 1980 :
1536 1954 1587 1980 Per
1601 1957 1679 1986 caput
1695 1952 1806 1986 impera-

1025 2003 1090 2030 toris
1108 2003 1164 2038 (lO)
1180 2009 1256 2036 quem
1272 2006 1298 2028 tu
1313 2001 1400 2033 times,
1414 2000 1435 2027 si
1450 1998 1564 2026 statuisti
1575 1998 1613 2025 sic
1623 2005 1664 2024 me
1678 1998 1807 2032 supplicio

1025 2048 1143 2081 allicere,
1156 2055 1189 2074 ne
1205 2046 1317 2082 jusseris
1331 2054 1373 2073 me
1383 2046 1460 2078 exui;
1487 2045 1532 2072 sed
1549 2043 1612 2079 jube
1623 2051 1666 2071 me
1682 2044 1806 2076 pau'atim

1026 2094 1053 2120 in
1069 2093 1152 2127 picem
1168 2092 1314 2119 ferventem
1329 2090 1442 2123 demitti,
1457 2094 1486 2116 ut
1499 2089 1588 2116 videas
1600 2093 1724 2123 quantum
1741 2089 1805 2115 mihi

1028 2139 1141 2173 largitus
1162 2143 1202 2165 est
1217 2137 1370 2172 patientiam
1390 2136 1509 2163 Christus
1531 2142 1608 2169 quem
1638 2137 1665 2160 tu
1691 2134 1806 2168 ignoras.

1025 2185 1089 2218 Qua:
1111 2185 1151 2211 sic
1173 2183 1299 2217 paulatim
1322 2182 1435 2209 demissa
1461 2181 1545 2215 spatio
1571 2181 1650 2206 trium
1670 2179 1806 2212 horarum,

1026 2230 1113 2258 emisit
1138 2229 1261 2264 spiritu’m
1275 2236 1333 2255 cum
1348 2228 1389 2262 pix
1404 2226 1569 2261 pervenisset
1579 2225 1611 2252 ad
1625 2224 1684 2260 ejus
1696 2225 1806 2252 collum.

988 2269 1015 2298 D
1329 2272 1441 2300 CAPUT
1454 2272 1497 2299 ιν.

1250 2319 1305 2347 Vita
1319 2319 1327 2334 ⁸
1345 2319 1447 2353 Didymi
1460 2318 1484 2351 (1
1495 2317 1517 2352 1)
1528 2317 1595 2343 orbi.

1062 2367 1194 2394 Plurimus
1205 2372 1267 2400 ergo
1280 2368 1363 2391 castus
1373 2368 1525 2390 sanctorum
1539 2362 1654 2388 virorum
1670 2365 1697 2387 et
1712 2361 1807 2387 mulie-

1027 2421 1087 2441 rum
1098 2417 1160 2439 tunc
1174 2411 1222 2438 fuit
1236 2413 1432 2438 consummatus
1451 2408 1476 2434 in
1492 2408 1604 2435 ecclesia
1619 2407 1806 2441 Alexandrina,

1026 2459 1070 2494 qui
1085 2461 1148 2484 sunt
1162 2456 1260 2484 inventi
1271 2455 1343 2490 digni
1360 2459 1428 2482 terra
1445 2453 1556 2480 mitium.
1578 2452 1649 2479 Inter
1662 2459 1728 2485 qttos
1742 2459 1806 2478 con-

1027 2507 1175 2532 summatur
1216 2503 1299 2531 etiam
1334 2501 1430 2528 beatus
1465 2498 1580 2532 scriptor
1620 2497 1747 2531 Didymus
1761 2504 1806 2530 qui

1026 2552 1076 2579 fuit
1088 2551 1168 2578 orbus
1181 2549 1250 2585 (1‘2).
1264 2548 1329 2576 Cum
1341 2555 1392 2582 quo
1400 2547 1448 2574 fuit
1461 2546 1524 2573 mihi
1539 2550 1630 2580 quater
1640 2545 1805 2579 congressio,
1835 2538 1841 2542 ’

1026 2605 1087 2625 cum
1100 2596 1191 2623 decetn
1210 2600 1339 2621 annorum
1362 2591 1502 2626 interjecto
1523 2591 1661 2617 intervallo
1686 2590 1719 2616 ad
1746 2597 1807 2617 eum

1026 2641 1220 2678 proficiscerer.
1249 2639 1273 2666 ls
1298 2642 1384 2666 autem
1415 2640 1613 2665 consummatur
1628 2641 1703 2662 natus
1726 2642 1809 2662 minos

1028 2688 1160 2722 octoginta
1175 2685 1301 2720 quinque.
1318 2683 1377 2711 Fuit
1387 2688 1475 2710 autem
1490 2682 1512 2709 is
1526 2682 1616 2715 orbus,
1646 2687 1673 2708 ul.
1688 2681 1732 2715 qui
1749 2689 1807 2707 rum

1028 2737 1100 2761 esset
1111 2735 1225 2766 quatuor
1250 2736 1335 2756 annos
1347 2732 1433 2760 natus,
1454 2727 1545 2754 oculos
1559 2728 1610 2753 ami
1626 2726 1687 2759 erit,
1710 2730 1739 2752 ut
1753 2726 1809 2759 ip>6

1030 2778 1094 2806 mihi
1106 2776 1222 2804 narravit
1232 2783 1240 2808 ;
1249 2779 1276 2803 et
1287 2781 1372 2808 neque
1384 2773 1485 2800 litteras
1492 2772 1593 2805 didicit,
1604 2779 1689 2806 neque
1699 2772 1809 2798 ventita-

1029 2826 1065 2853 vit
1078 2824 1109 2852 ad
1125 2826 1310 2858 prmccptorcs.
1319 2819 1437 2847 Habebat
1450 2818 1520 2847 enim
1531 2818 1675 2846 secundum
1687 2821 1808 2846 naturam

234 2871 241 2887 ¹
255 2873 302 2903 llic
316 2875 442 2912 Didymus
458 2879 531 2908 initio
546 2879 686 2908 sanctitate
701 2885 726 2909 et
741 2881 860 2911 doctrina
875 2883 973 2917 clarus,
994 2883 1026 2912 ad
1038 2887 1197 2917 extremum,
1213 2881 1372 2917 O.igcnista.
