2077 3154
281 175 349 203 lOlit'

1013 176 1172 205 PALLADII

1834 183 1904 212 1016

284 243 440 280 magistram
455 243 555 270 firmam
573 250 604 270 ac
614 242 739 276 validam,
770 243 901 278 propriam
922 242 1062 270 eonscien-
1078 241 1104 271 Δ
1117 247 1184 267 nens
1199 239 1297 271 linum;
1318 239 1427 274 reliquis
1439 245 1526 267 autem
1542 240 1614 268 horis
1635 247 1724 270 meme
1743 243 1849 271 revolvo
1861 246 1900 272 vi-

284 293 358 319 tiarn.
374 292 455 319 Tanta
468 296 556 318 autem
571 291 699 327 spiritalis
713 290 869 325 cognitionis
883 291 932 317 fuit
949 296 1064 317 exorna-

285 343 327 366 tus
344 339 428 374 gratia
443 358 451 370 ,
475 343 503 365 ut
528 345 617 366 revera
632 337 789 371 impleretttr
809 338 834 364 in
860 344 893 364 eo
906 339 976 371 quod
996 337 1060 364 seri-

286 388 358 418 ptutn
382 387 423 410 est
449 391 456 409 z
483 382 610 410 Dominus
632 382 762 409 illuminat
787 381 846 417 (i3)
869 389 956 409 cteros
978 382 1063 418 (Pani.

284 429 372 464 cur).
385 429 467 456 Vetus
479 430 549 457 ettim
566 433 592 456 et
607 436 703 456 novum
719 428 915 455 Testamentum
935 429 1065 462 interpre-

284 474 387 501 tabatur
403 473 436 501 ad
461 474 571 501 verbum
598 481 603 498 :
627 473 748 507 dogmata
773 477 861 499 autem
881 471 1015 500 subtiliter
1037 476 1065 500 et

282 525 334 546 tant
347 524 454 547 strenue
466 518 627 554 exponebat,
639 524 668 546 ut
680 526 773 546 omnes
784 522 888 546 veteres
899 517 1007 548 scientia
1020 525 1064 545 su-

281 565 390 598 perarit.
543 562 553 573 ‘

316 610 340 636 is
358 617 418 636 cum
432 608 572 643 aliquando
587 616 630 635 me
643 613 751 643 cogeret
775 609 803 635 in
817 608 885 636 cella
899 608 986 636 facere
1001 615 1063 636 ora-

280 656 392 687 tionetn,
408 662 457 689 ego
472 660 558 681 autem
575 655 685 687 nollem,
702 655 766 682 milti
779 655 846 682 dixit
863 662 974 682 narrans
991 664 997 682 :
1012 655 1065 682 Ter

281 701 306 728 in
320 700 388 727 hanc
401 700 496 726 cellam
510 699 644 733 ingressus
660 704 700 726 est
715 699 806 727 beatus
821 699 961 732 Antonius,
978 704 1006 727 tit
1021 707 1063 727 me

279 746 389 777 viseret;
405 745 447 777 qui
464 752 478 770 a
496 751 538 770 tne
554 750 660 778 rogatus
674 748 704 770 ut
718 743 816 771 faceret
831 745 989 775 orationem,
1011 749 1065 770 sta-

279 790 324 816 tittt
337 797 404 824 genu
417 789 490 816 ﬂexit
507 789 530 815 in
544 789 591 815 hac
605 789 682 820 cella,
699 796 784 823 neque
800 789 934 816 commisit
954 793 980 815 ut
995 789 1063 822 quod

277 836 398 863 dixeram
422 835 517 862 iterum
541 840 700 868 repeterem,
727 842 757 861 re
772 834 828 868 ipsa
842 833 949 868 quidem
965 833 1063 860 docens

277 880 302 907 itt
317 879 477 907 obedietttia.
493 880 580 911 Quare
605 879 627 906 si
644 883 671 905 ιιι
687 886 791 913 quoque
804 878 861 913 ejus
877 879 938 905 vita:
955 879 1064 913 vestigia

1117 289 1170 311 tant
1186 289 1337 312 sanctorum
1353 285 1472 317 Patrum,
1492 289 1519 312 et
1540 286 1759 320 patriarcharum,
1774 292 1801 315 et
1813 295 1900 317 certa-

1118 330 1188 356 mina
1217 330 1354 357 beatorum
1381 330 1578 364 apestolorum,
1602 335 1629 358 et
1650 332 1848 367 prophetarum,
1874 339 1900 362 et

1117 379 1274 409 martyrum.
1289 374 1431 409 Postquam
1447 379 1534 402 autem
1550 376 1698 404 adventarit
1708 384 1828 412 vespera,
1841 387 1900 406 cum

1117 420 1256 447 Dominum
1278 427 1367 446 meum
1391 421 1585 454 gloritieavero,
1607 421 1694 449 cibum
1711 430 1786 457 panis
1809 431 1897 458 capto,

1116 465 1243 500 plurimas
1263 465 1343 492 horas
1364 466 1449 492 noctis
1474 473 1646 500 perseverans
1669 468 1694 494 in
1718 469 1848 503 oratione,
1871 474 1898 497 et

1116 514 1195 540 finem
1218 518 1386 548 exspectans,
1411 513 1517 547 quando
1544 515 1605 541 hinc
1624 515 1755 542 dissolvar
1775 523 1835 543 cum
1851 524 1899 551 spe

1116 557 1194 590 bona,
1212 563 1239 585 et
1253 558 1387 592 apparebo
1399 563 1461 585 ante
1473 557 1566 585 faciem
1576 558 1673 586 Christi
1689 559 1745 586 Dei.

1151 603 1207 630 Non
1224 604 1422 637 pretermittam
1438 609 1524 631 autem
1545 604 1570 631 in
1595 605 1746 632 narratione
1767 613 1812 633 eos
1825 614 1891 641 quo-

1115 655 1167 682 que
1181 649 1223 682 qui
1241 649 1275 675 ita
1292 649 1426 682 vixerunt,
1441 654 1468 675 ut
1483 649 1598 683 speciem
1614 649 1720 684 quidem
1733 657 1787 684 pne
1800 659 1829 678 se
1844 652 1897 679 fer-

1117 698 1177 720 rcnt
1192 693 1296 727 pietatis
1320 701 1351 720 ac
1373 693 1526 728 religionis;
1551 695 1597 721 sed
1612 702 1670 722 eam
1691 701 1899 729 contemnerent,

1118 739 1151 764 ad
1169 737 1272 765 laudem
1294 738 1400 772 quidem
1414 745 1506 765 eorum
1523 739 1566 773 qui
1590 744 1661 766 recte
1675 744 1700 766 et
1715 747 1747 767 ex
1762 740 1857 768 virtute
1871 748 1901 768 se

1118 787 1224 817 gerunt,
1235 788 1262 810 et
1276 788 1303 810 ut
1317 783 1387 810 cauti
1402 783 1454 810 sint
1468 789 1493 810 et
1507 784 1600 811 attenti
1616 784 1661 818 qui
1676 784 1776 818 legunt.

1415 827 1527 855 CAPUT
1554 828 1594 855 Vl.

1117 873 1155 901 De
1169 875 1279 909 quadam
1298 873 1401 909 Virgine
1415 882 1471 909 qua:
1495 874 1625 901 laborabat
1640 883 1727 902 amore
1745 876 1898 903 dititiarum.

276 925 407 959 sequeris,
425 924 508 958 utqui
521 924 558 950 sis
573 924 718 951 monachus
731 929 757 951 et
772 923 869 958 hospes
879 924 913 952 ob
927 925 1060 958 virtutem,
1079 921 1100 951 Β
1151 920 1215 947 EN!
1240 920 1360 955 quaedam
1383 920 1552 948 Alexandria?
1577 921 1649 955 virgo
1674 921 1759 948 solum
1780 922 1896 953 nomine.

277 976 382 997 omnem
395 969 497 1003 depone
510 969 718 998 contentionem.

319 1014 366 1041 llic
382 1014 438 1048 ipse
453 1014 503 1040 ltoc
515 1022 619 1048 quoque
633 1015 697 1042 milti
712 1016 828 1042 narravit
842 1023 851 1043 ε
866 1016 931 1043 Cutu
948 1016 1062 1052 quodam

279 1060 331 1092 die,
344 1061 441 1092 aiebat,
457 1062 490 1088 de
503 1063 556 1087 vita
570 1062 658 1088 miseri
670 1061 766 1088 Juliani
779 1062 956 1097 imperatoris,
971 1068 1062 1097 utpote

276 1108 466 1140 persecutoris,
495 1113 583 1133 esst-tn
608 1106 756 1139 sollicitus,
773 1112 798 1134 et
823 1107 912 1134 animo
940 1114 1061 1142 attgertr,

276 1149 372 1176 accidit
388 1154 416 1176 ut
436 1156 547 1184 propter
563 1150 631 1178 ltanc
655 1151 860 1180 sollicitudinem
876 1154 908 1181 ad
924 1162 1061 1189 vesperam

277 1202 359 1229 usque
382 1202 470 1222 seram
487 1196 551 1222 nihil
575 1197 759 1231 comederem;
776 1204 802 1226 et
816 1207 875 1226 cum
888 1200 914 1226 in
929 1200 1003 1227 sedili
1019 1208 1062 1228 sc-

275 1239 376 1273 derem,
393 1248 435 1268 me
450 1248 558 1268 somnus
572 1244 744 1277 opprimeret,
765 1249 793 1271 et
805 1246 920 1273 viderem
937 1246 962 1272 in
976 1247 1061 1273 extasi

275 1293 358 1319 equos
368 1286 443 1313 albos
467 1294 528 1313 cum
550 1288 726 1316 insessoribus
751 1296 946 1324 percurrentes,
967 1296 995 1318 et
1012 1299 1062 1319 an-

279 1330 431 1357 nuntiantes
447 1339 453 1356 :
472 1331 555 1358 Dicite
570 1331 690 1367 Didyme,
703 1326 780 1361 hodie
792 1334 856 1361 hora
865 1336 977 1370 septima
989 1343 1061 1364 mor-

276 1381 338 1404 tuus
363 1383 403 1404 est
425 1378 565 1411 Julianus;
589 1387 668 1414 surge
682 1387 746 1415 ergo
762 1386 788 1408 et
802 1382 911 1410 comede
927 1391 934 1409 :
949 1387 975 1410 et
989 1382 1060 1418 quod

275 1426 304 1448 tu
314 1422 377 1453 scis,
401 1423 506 1449 domum
523 1423 599 1451 mitte
618 1424 650 1451 ad
665 1426 818 1460 episcopum
831 1427 1016 1461 Athanasium,
1031 1433 1060 1455 ut

275 1465 319 1492 ille
332 1473 436 1501 quoque
449 1467 500 1494 hoc
514 1469 592 1495 sciat.
614 1468 706 1497 Notavi
726 1476 825 1505 autent,
850 1473 943 1507 inquit,
967 1478 993 1501 et
1008 1473 1058 1502 ho-

274 1515 344 1542 ram,
358 1514 385 1537 et
398 1510 480 1544 diem,
505 1515 532 1539 et
556 1512 759 1548 hebdomadem,
780 1521 806 1543 et
826 1523 957 1548 mensem,
980 1522 1007 1545 et
1020 1519 1058 1546 sic

275 1560 352 1581 tuven
356 1562 362 1580 l
366 1573 372 1580 .

572 1591 684 1620 CAPUT
716 1594 747 1622 γ.

549 1647 700 1674 Almndraa
716 1648 784 1675 Vita.

308 1687 431 1716 Narravit
444 1693 532 1717 autem
548 1691 613 1718 mihi
624 1699 728 1727 quoque
742 1693 784 1721 hic
800 1694 890 1721 hettus
901 1695 934 1723 de
944 1696 1056 1730 quadam

274 1732 380 1766 ancilla,
407 1734 515 1762 nomine
534 1737 695 1770 Alexandra,
719 1747 777 1774 quae
801 1741 892 1767 relicta
910 1742 1016 1770 civitate
1031 1743 1056 1769 in

274 1779 438 1806 monimento
460 1787 490 1808 se
511 1781 627 1816 inclusit,
653 1791 700 1817 per
716 1784 832 1812 foramen
847 1787 980 1821 accipiens
999 1796 1058 1820 qum

275 1829 352 1851 erant
371 1827 531 1860 necessaria,
546 1835 631 1863 neque
647 1830 673 1856 in
687 1830 802 1858 virorum
819 1839 905 1866 neque
920 1834 945 1860 in
962 1834 1056 1861 mulie-

273 1876 331 1896 rum
358 1876 529 1905 conspcctum
552 1874 663 1900 veniens
688 1876 773 1909 spatio
799 1876 890 1903 decem
915 1885 1055 1905 annorum.

274 1913 381 1942 Decimo
403 1921 491 1943 autem
517 1925 587 1944 anno
601 1918 674 1945 aiunt
690 1920 803 1952 beatam,
827 1929 885 1948 cum
906 1922 1056 1956 dormisset,

271 1960 384 1994 seipsam
398 1963 588 1997 composuisse,
602 1964 669 1992 adeo
685 1970 712 1992 ut
723 1974 782 2000 qua:
794 1968 872 1995 solita
883 1974 939 1996 erat
953 1970 985 1996 ad
997 1978 1056 1998 eam

274 2006 375 2038 venire,
392 2014 451 2033 cum
468 2008 505 2035 illi
520 2017 572 2036 non
589 2011 781 2044 respondisset,
795 2014 871 2041 nobis
886 2016 1057 2043 renuntiave-

271 2051 315 2077 rit.
345 2052 409 2079 Cunt
439 2062 487 2080 nos
512 2062 577 2089 ergo
603 2057 825 2091 accessissemus,
852 2064 878 2087 et
904 2060 1057 2089 munimenti

271 2098 368 2123 ostium
392 2100 601 2134 antovisscmus,
627 2102 737 2137 ingressi
750 2111 842 2132 sumus
863 2110 889 2132 et
908 2106 1057 2135 invenimus

272 2147 331 2168 eam
351 2143 526 2171 obdormisse.

306 2185 343 2213 De
357 2194 388 2214 ea
400 2192 488 2215 autem
500 2189 603 2217 diccbat
616 2191 695 2219 etiam
710 2192 861 2221 beatissima
876 2194 987 2222 Melania
1002 2196 1057 2223 Ro-

272 2239 360 2266 mana,
383 2233 460 2268 cujus
475 2235 555 2262 vitam
578 2237 691 2265 narrabo
705 2243 826 2273 tempore
844 2244 873 2267 et
887 2240 946 2267 loco
958 2248 1054 2269 conve-

271 2279 354 2307 nienti
368 2279 379 2316 (
391 2281 478 2316 Infra,
499 2281 550 2316 hic,
567 2291 624 2318 cap.
642 2284 691 2311 H7
706 2284 726 2320 ).
742 2285 836 2320 Hujus,
859 2287 953 2321 inquit,
969 2287 1054 2315 beatae

271 2323 364 2352 faciem
376 2333 428 2353 non
445 2327 518 2361 potui
539 2329 634 2356 intueri
652 2335 742 2358 :stans
762 2336 848 2359 autem
862 2339 910 2367 ego
926 2333 997 2360 circa
1011 2333 1054 2362 [οι

269 2377 371 2404 ramen,
387 2379 445 2398 eam
468 2374 556 2408 rogavi
579 2379 608 2401 ut
630 2375 693 2402 tttilti
714 2377 814 2405 diceret
828 2386 932 2406 causam
948 2385 1055 2414 propter

269 2423 347 2448 quam
363 2417 471 2444 secessit
483 2419 589 2452 quidem
605 2427 618 2446 a
632 2421 749 2455 civitate,
772 2424 890 2458 seipsam
904 2430 992 2452 autem
1008 2426 1051 2453 in-

269 2461 347 2487 clusit
371 2463 546 2492 monintento.
566 2465 613 2492 illa
629 2472 728 2501 autem,
750 2469 843 2503 inquit,
868 2478 915 2504 per
934 2471 1051 2500 foramen

268 2513 312 2533 tne
335 2511 377 2534 est
402 2509 524 2542 allocuta,
550 2510 662 2538 dicens:
679 2513 809 2548 Quidam,
839 2516 931 2550 inquit,
957 2517 1051 2545 insano

268 2553 320 2578 tnei
345 2560 436 2580 arnore
450 2556 597 2589 tenebatur,
623 2562 649 2584 et
668 2565 700 2585 ne
722 2565 782 2585 cum
798 2560 902 2587 viderer
929 2562 1051 2589 molestia

267 2598 384 2631 allicere,
399 2599 441 2626 vel
461 2600 487 2626 itt
503 2600 627 2629 invidiam
644 2610 757 2634 vocare,
773 2605 853 2631 malui
868 2613 910 2632 me
923 2606 1010 2633 vivam
1027 2608 1052 2634 itt

269 2645 318 2672 hoc
333 2646 524 2673 monimentum
548 2647 658 2680 inferre,
683 2657 762 2683 quam
786 2650 921 2679 oﬂ‘cnderc
936 2645 1062 2679 animam"

267 2699 326 2725 qute
339 2691 406 2718 facta
421 2697 461 2719 est
480 2693 512 2719 ad
535 2693 579 2720 Dei
603 2694 755 2729 imaginem.
771 2695 836 2723 Cum
860 2702 949 2724 autem
964 2705 1013 2731 ego
1028 2698 1052 2725 ei

268 2737 396 2764 dixissent
413 2747 418 2764 :
433 2738 571 2772 Quomodo
587 2739 654 2767 ferre
670 2744 756 2776 potes,
781 2749 856 2768 serva
878 2742 975 2770 Christi
995 2743 1053 2776 Dei,

270 2790 331 2809 eum
352 2785 423 2811 nullo
437 2785 544 2812 omnino
557 2786 682 2820 colloqui,
706 2786 753 2814 sed
776 2787 833 2814 sola
853 2794 970 2822 pugnare
994 2795 1054 2814 cum

267 2828 370 2856 desidia
396 2834 423 2857 et
443 2831 663 2865 cogitationibus?
684 2832 748 2859 mihi
769 2832 914 2866 respondit,
938 2832 1029 2860 dicens
1046 2841 1053 2860 :

273 2874 295 2902 Α
311 2881 388 2901 tuane
409 2882 492 2910 usque
514 2877 548 2904 ad
571 2877 662 2904 itoram
685 2885 780 2906 nonam
803 2885 861 2910 oro,
891 2886 938 2913 per
962 2878 1052 2906 horam

1118 965 1208 992 habitu
1224 966 1330 999 quidem
1347 965 1465 998 humilis,
1480 965 1558 993 animi
1569 971 1656 992 autem
1673 966 1792 994 instituto
1808 974 1897 1000 parca,

1115 1010 1226 1043 superba
1243 1015 1269 1037 et
1283 1010 1410 1042 insolens,
1427 1015 1453 1037 et
1467 1011 1591 1038 laborans
1602 1012 1722 1044 avaritia,
1739 1012 1795 1038 auri
1810 1012 1897 1045 potius

1115 1063 1192 1090 quam
1217 1056 1313 1083 Christi
1338 1064 1429 1083 amans
1447 1065 1454 1083 :
1469 1064 1501 1084 ex
1525 1057 1604 1084 rebus
1619 1057 1674 1084 suis
1695 1057 1758 1084 nulli
1782 1065 1896 1091 unquam

1114 1100 1251 1133 exhibens,
1265 1108 1317 1127 non
1329 1101 1436 1135 hospiti,
1458 1108 1510 1128 non
1526 1102 1635 1136 pauperi
1656 1107 1702 1129 aut
1715 1101 1827 1134 afﬂicto,
1843 1110 1894 1130 non

1114 1146 1264 1177 monacho,
1288 1153 1340 1173 non
1365 1146 1472 1180 virgini,
1498 1154 1550 1173 non
1572 1147 1694 1174 ecclesia:
1721 1148 1763 1174 rel
1791 1147 1897 1174 obolunt

1114 1199 1205 1217 unum.
1222 1191 1257 1218 Ea
1272 1192 1362 1218 multis
1375 1196 1529 1219 sanctorum
1547 1193 1651 1219 i‘atrun:
1672 1193 1897 1220 admonitionibus

1114 1236 1231 1269 incitata,
1258 1243 1310 1263 non
1336 1236 1483 1270 repellebat
1505 1244 1584 1271 grave
1607 1237 1711 1271 pondus
1734 1237 1895 1265 divitiarum.

1113 1282 1176 1309 Erat
1189 1285 1276 1309 autem
1291 1282 1315 1309 ei
1330 1289 1434 1316 quoque
1448 1289 1541 1317 genus,
1561 1289 1593 1309 ex
1608 1290 1660 1317 quo
1680 1282 1779 1310 sororis
1793 1290 1847 1310 sua:
1865 1284 1895 1309 ti—

1110 1327 1174 1354 liam
1190 1327 1216 1354 in
1230 1327 1309 1354 tiliam
1325 1327 1506 1361 adoptaverat.
1521 1328 1569 1354 Ctti
1585 1333 1664 1355 noctu
1679 1333 1705 1355 ct
1719 1328 1762 1355 ditt
1776 1336 1822 1355 sua
1837 1329 1893 1363 pol—

1112 1371 1251 1404 licebatur,
1272 1379 1331 1399 cum
1353 1372 1408 1406 ipsa
1423 1372 1566 1400 excidisset
1577 1372 1610 1400 ab
1623 1372 1717 1405 Opibus
1731 1373 1894 1401 celestibus.

1111 1416 1177 1444 Nam
1191 1417 1247 1444 haee
1260 1424 1366 1452 quoque
1379 1422 1421 1444 est
1433 1425 1483 1444 una
1497 1418 1601 1451 species
1615 1418 1714 1446 fraudis
1726 1419 1835 1453 diaboli,
1850 1419 1895 1454 qui

1111 1467 1240 1498 prmtextu
1266 1463 1365 1490 amoris
1393 1463 1418 1490 in
1445 1469 1584 1498 cognatos,
1611 1464 1694 1491 eiticit
1718 1468 1747 1491 ut
1773 1470 1896 1492 nascatur

1110 1508 1228 1536 avaritia.
1254 1508 1319 1536 Nam
1338 1509 1408 1543 quod
1426 1510 1451 1536 ei
1470 1509 1538 1536 nufla
1554 1510 1588 1536 sit
1608 1517 1670 1537 cura
1691 1510 1809 1544 generis,
1832 1511 1893 1538 hinc

1111 1558 1192 1587 patet.
1221 1554 1279 1588 ipse
1301 1554 1371 1581 enim
1393 1554 1482 1581 docuit
1502 1559 1529 1582 et
1547 1554 1665 1586 fratrem,
1681 1560 1708 1582 et
1721 1561 1843 1587 matrem,
1865 1560 1894 1583 et

1072 1600 1096 1631 c
1113 1603 1211 1632 patrem
1225 1598 1359 1626 occidere.
1394 1599 1482 1634 idque
1517 1602 1560 1626 est
1594 1606 1628 1627 ex
1660 1599 1805 1634 Scripturis
1818 1606 1892 1628 extra

1110 1643 1329 1670 controversiam.
1355 1642 1406 1670 Sed
1426 1643 1477 1670 etsi
1499 1643 1619 1670 videatur
1643 1644 1777 1671 nonnullis
1802 1651 1891 1671 curam

1112 1694 1283 1724 cognatorum
1296 1689 1417 1716 inserere
1429 1690 1440 1724 (
1451 1689 1524 1716 Deut.
1541 1697 1577 1716 xit
1589 1689 1610 1724 ),
1624 1697 1677 1717 non
1689 1690 1739 1718 hoc
1751 1691 1811 1718 facit
1823 1690 1893 1725 quod

1110 1734 1163 1761 illis
1178 1734 1245 1761 bene
1256 1733 1330 1766 velit,
1352 1734 1400 1761 sed
1414 1739 1444 1761 ut
1457 1741 1549 1761 eorum
1563 1734 1607 1769 qui
1626 1735 1651 1761 ei
1667 1739 1760 1768 parent
1776 1736 1891 1762 animant

1109 1784 1200 1814 aperte
1211 1784 1334 1807 exerceat
1349 1780 1382 1807 ad
1397 1779 1565 1814 injustitiam,
1580 1787 1644 1807 ettm
1664 1781 1722 1814 ipse
1736 1781 1801 1808 sciat
1812 1781 1892 1808 latam

1109 1825 1291 1856 sententiam,
1317 1832 1375 1859 quae
1405 1825 1471 1852 dicit
1486 1832 1493 1850 :
1510 1824 1601 1857 lnjusti
1629 1833 1739 1859 regnum
1764 1825 1809 1852 Dei
1838 1833 1891 1852 non

1111 1870 1283 1905 possidebunt
1296 1869 1323 1905 (I
1336 1870 1396 1897 Cor.
1412 1869 1461 1905 vt).
1473 1871 1563 1898 Potest
1577 1877 1663 1898 autem
1680 1871 1783 1905 aliquis,
1794 1875 1821 1898 et
1837 1873 1892 1905 spi-

1109 1917 1180 1944 ritali
1195 1922 1282 1944 motus
1304 1918 1487 1952 intelligentia,
1504 1922 1531 1945 et
1546 1918 1635 1945 divino
1647 1919 1791 1949 desiderio,
1807 1926 1894 1954 neque

1109 1970 1185 1989 suam
1211 1963 1344 1997 negligere
1359 1963 1489 1996 animam,
1510 1969 1535 1990 et
1550 1965 1668 1998 cognatis
1683 1972 1760 1998 opem
1779 1965 1857 1997 ferre,
1869 1965 1893 1992 si

1109 2007 1172 2042 quiti
1183 2007 1220 2034 eis
1231 2008 1354 2034 defuerit.
1370 2008 1480 2041 Quando
1493 2013 1580 2036 autem
1596 2010 1655 2043 quis
1669 2008 1704 2035 ita
1721 2014 1800 2036 totatn
1815 2017 1891 2036 suain

1109 2052 1220 2079 instituit
1235 2052 1363 2086 attimam,
1384 2058 1413 2080 ut
1426 2061 1458 2080 ea
1473 2053 1635 2087 despiciatur
1657 2058 1685 2080 et
1699 2054 1824 2081 obruatur
1838 2062 1894 2089 prae

1107 2104 1170 2123 cura
1185 2102 1356 2132 cognatorum
1385 2098 1454 2133 (hi),
1480 2098 1501 2125 is
1520 2098 1615 2125 incidit
1637 2099 1663 2125 in
1679 2099 1775 2133 legem,
1798 2104 1826 2126 ut
1847 2100 1893 2133 qui

1109 2149 1183 2168 suam
1198 2149 1246 2176 pro
1261 2149 1328 2169 vano
1342 2143 1457 2169 aestimet
1471 2143 1600 2170 animam.
1621 2143 1698 2170 Cattit
1712 2148 1798 2170 autettt
1812 2143 1894 2170 David

1107 2195 1213 2222 quoque
1229 2194 1307 2215 sacer
1317 2188 1539 2222 psalmographus
1549 2188 1582 2216 de
1594 2188 1627 2215 iis
1640 2189 1684 2222 qui
1695 2189 1789 2215 animae
1804 2196 1893 2216 curam

1108 2239 1213 2268 gerunt,
1227 2234 1253 2261 in
1266 2234 1361 2261 timore
1373 2233 1420 2262 Dei
1433 2234 1524 2262 dicens
1538 2242 1545 2261 :
1559 2234 1623 2268 Quis
1637 2234 1763 2262 ascendet
1775 2235 1800 2261 in
1815 2228 1890 2261 inon-

1070 2275 1096 2304 D
1110 2283 1163 2305 tcrn
1176 2279 1297 2306 Domini?
1308 2286 1356 2313 pro
1369 2286 1402 2306 eo
1413 2279 1484 2314 quod
1499 2284 1549 2312 est,
1566 2286 1652 2306 rarus.
1669 2280 1722 2306 Aut
1735 2279 1794 2314 quis
1809 2279 1892 2306 stabit

1110 2325 1136 2350 in
1161 2324 1220 2351 loco
1235 2328 1326 2352 sancto
1345 2324 1418 2358 ejus?
1442 2325 1571 2352 innocens
1592 2324 1724 2358 manibus,
1750 2330 1776 2351 et
1794 2325 1894 2352 tttundo

1109 2372 1201 2402 corde,
1226 2370 1271 2404 qui
1285 2377 1338 2398 non
1350 2370 1490 2404 accepit'in
1504 2378 1572 2397 vanu
1586 2370 1700 2396 animam
1717 2377 1790 2397 suam
1806 2370 1892 2405 (Paul.

1109 2417 1197 2451 mn).
1224 2416 1263 2443 illi
1282 2418 1351 2443 enim
1371 2417 1486 2443 animam
1511 2424 1586 2443 suam
1608 2417 1633 2443 iit
1655 2424 1724 2443 vano
1744 2417 1892 2450 accipiunt,

1109 2463 1154 2497 qui
1168 2463 1320 2489 existimant
1334 2470 1392 2489 eam
1404 2461 1512 2490 dissolvi
1529 2469 1579 2488 una
1594 2470 1653 2489 cum
1675 2462 1724 2489 hac
1737 2462 1893 2494 caruncula,

1108 2510 1152 2544 qui
1168 2509 1277 2535 virtutes
1292 2510 1424 2543 spiritales
1445 2509 1590 2543 negligunt.

1144 2555 1210 2582 lluic
1220 2554 1332 2588 virgini,
1347 2562 1405 2588 qure
1429 2554 1488 2580 solo
1504 2554 1611 2580 nomine
1625 2553 1675 2580 sibi
1690 2557 1829 2587 paraverat
1847 2560 1896 2583 ap-

1107 2601 1287 2634 pellationem.
1307 2600 1424 2627 moribus
1444 2604 1531 2626 autem
1546 2604 1602 2626 erat
1613 2600 1699 2626 aliena
1716 2599 1748 2625 ab
1761 2598 1892 2625 exercita-

1108 2647 1191 2678 tione,
1206 2653 1266 2674 cum
1280 2653 1384 2678 venam,
1406 2651 1434 2673 ut
1447 2646 1554 2677 dicitur,
1576 2646 1656 2673 vellet
1670 2645 1786 2672 incidere
1800 2644 1831 2671 ad
1848 2644 1890 2671 le-

1112 2692 1225 2719 vandam
1245 2692 1394 2726 avaritiam,
1409 2692 1593 2719 sanctissimus
1607 2691 1735 2718 Macarius
1748 2690 1804 2724 (15)
1819 2697 1895 2724 pres-

1108 2738 1185 2774 byter
1206 2743 1233 2765 et
1258 2737 1400 2772 prazfectus
1431 2738 1627 2773 ptocltotrophii
1658 2745 1750 2766 eorum
1770 2741 1814 2772 qui
1833 2741 1896 2764 Sunt

1107 2793 1218 2819 corpore
1232 2785 1357 2818 mutilati,
1379 2785 1457 2812 talem
1479 2788 1566 2811 actum
1581 2785 1722 2819 grcogitat.
1746 2783 1809 2810 Erat
1823 2783 1896 2809 enim

1108 2832 1130 2858 is
1143 2831 1303 2866 ajuventute
1323 2830 1465 2864 lapidarius
1486 2829 1555 2864 (16).
1569 2830 1609 2857 Ad
1624 2837 1684 2856 eam
1708 2833 1795 2856 autem
1818 2834 1895 2855 acce-

1109 2877 1192 2910 dens,
1220 2876 1284 2904 dicit
1303 2885 1308 2903 :
1326 2876 1353 2903 in
1378 2883 1420 2903 me
1442 2875 1592 2903 imi-ierunt
1620 2875 1738 2910 pulchrae
1761 2880 1893 2910 gctutttae,
