2079 3157
192 168 261 203 1017

801 164 983 202 ΗΙεΤΟΙιῐΑ
1004 171 1199 202 LAUSIACA.

1755 171 1823 206 1018

192 227 272 262 φύσιν
287 226 447 253 διδάσκαλον
469 226 625 265 ἐρρωμένον
654 226 684 252 τδ
711 225 776 253 ἴδιον
794 226 915 266 συνειδός
928 234 934 241 ·
947 225 976 257 ὃς
989 225 1016 257 Α
1028 226 1092 258 τοὺς
1105 226 1205 257 ἄθλους
1219 225 1272 253 τῶν
1292 225 1436 261 μακαρίων
1456 225 1624 258 ἀποστόλων,
1649 225 1695 253 καὶ
1712 234 1820 261 προφησ
1847 259 1850 262 λ

190 268 308 303 τοσαύτῃ
323 268 414 303 χάριτι
430 267 601 302 ἐκεκόσμητο
618 267 745 301 γνώσεως
772 267 976 302 πνευματικῆς,

189 309 227 341 ὥς
242 309 302 336 καθ’
319 309 439 343 ἱστορίαν
454 308 624 344 πληροῦσθαι
652 308 682 335 τὸ
698 309 901 344 γεγραμμένον,
919 307 976 334 Κύ-

192 359 249 382 θιος
258 350 468 385 ποφοῖ¹τυφλεύς.
483 350 604 377 Παλαιὰν
615 350 663 385 μὲν
673 351 727 386 γὰρ
737 350 784 377 καὶ
794 350 897 386 Καινὴν
908 351 980 386 Γρα-

189 394 244 428 φὴν
258 393 416 428 ηρμήνευσε
437 392 506 418 κατὰ
521 391 592 423 λέξιν
603 400 609 408 ·
625 392 679 418 τῶν
693 392 721 418 δὲ
736 392 878 426 δογμάτων
891 391 978 423 οὕτως

189 434 358 469 ἐπεμελήθη,
371 433 478 466 λεπτῶς
493 434 540 460 καὶ
553 433 623 460 πάνυ
639 433 755 467 ἰσχυρῶς
769 433 915 467 ἐκθέμενος
933 434 978 459 τὸν

190 476 255 509 περὶ
270 475 360 501 αὐτῶν
373 475 462 509 λόγον,
488 475 647 506 ὼςηπάντας
671 473 889 509 ὑπερϐεϐηκέναι
913 474 976 505 τοὺς

189 517 319 554 ὰέγαίους
333 518 361 544 ὲν
375 517 484 552 γνώσει.

226 559 328 585 Τούτου
358 559 423 585 ποτέ
459 559 660 593 ἀναγκάζοντός
686 567 720 593 με
749 557 861 592 ποιῆσαι
894 557 978 593 εὐχὴν

191 603 220 629 ἐν
236 600 274 636 τίρ
288 600 354 636 οἴκῳ
370 600 464 633 αὑτοῦ,
483 602 530 627 καὶ
548 601 586 636 μὴ
610 600 773 635 βουλομένου
792 608 855 634 μου,
885 598 977 632 ἔλεγέν

192 652 237 678 μοι
252 642 443 678 διηγούμενος,
461 642 501 669 ὅτι
519 643 566 674 Εἰς
584 642 633 677 τὴν
647 642 744 669 κέλλαν
757 641 861 677 ταύτην
885 640 978 676 τρίτον

191 684 342 720 εἰσῆλθενό
368 684 503 719 μακάριος
532 683 673 714 Ἀντώνιος
699 682 914 718 ὲπισκεψόμενός
932 690 978 717 με,

192 726 240 753 καὶ
254 725 441 762 παρακληθεὶς
467 725 532 760 παρ’
557 725 624 760 ἐμοῦ
650 724 763 760 ποιῆσαι
786 724 879 760 εὐχὴν,
898 724 980 756 εὐθὺς

193 767 299 795 ἔκλινεν
314 768 379 802 γόνυ
398 768 427 794 ἐν
439 768 526 803 τούτῳ
539 767 577 802 τῷ
594 767 702 802 κελλίῳ,
716 768 763 794 καὶ
776 768 807 794 οὐ
823 767 979 804 παρεσκεύ-

193 810 243 836 ασέ
271 818 304 845 με
321 809 487 845 δευτερῶσαι
519 810 564 836 τὸν
589 809 686 843 λόγον,
707 809 781 845 ἔργῳ
809 818 842 844 με
866 809 979 836 παιδεύ-

193 860 243 884 σας
262 853 291 878 ὲν
307 853 339 887 τῇ
357 852 474 887 ὑπακοῇ.
493 851 575 878 Ὥστε
592 850 638 879 οὖν
661 852 686 878 εἰ
701 852 762 878 κατ’
780 852 852 886 [χνος
877 852 980 887 βαίνεις

1031 267 1096 300 τῶν,
1111 269 1159 294 καὶ
1174 267 1330 303 μαρτύρων,
1349 268 1404 303 Τῆς
1419 268 1447 294 δὲ
1467 267 1587 303 ἑσπέρας
1602 267 1821 302 καταλαϐούσης,
1843 272 1848 282 ’

1032 309 1233 344 δοξολογήσασά
1266 309 1317 344 μου
1346 309 1391 336 τὸν
1420 310 1574 345 Δεσπότην,
1604 309 1686 336 ἐσθίω
1702 318 1753 344 μου
1777 309 1822 336 τὸν

1032 350 1138 386 ψωμῦν,
1169 351 1219 382 τὰς
1237 350 1328 382 πάσας
1355 350 1429 386 ὥρας
1457 351 1507 386 τῆς
1529 351 1627 382 νυκτὸς
1652 359 1823 387 προσκαρτε-

1034 392 1118 427 ροῦσά
1135 400 1185 427 μου
1198 393 1231 428 τῇ
1247 393 1338 428 δεήσει
1356 412 1363 424 ,
1375 394 1423 419 καὶ
1441 393 1472 419 τὸ
1485 392 1560 425 τέλος
1574 393 1739 428 ἐκδεχομένη
1760 401 1822 428 μου,

1033 433 1097 459 πότε
1115 433 1242 460 ἅναλύσω
1265 433 1391 460 ἐντεῦθεν
1409 434 1467 469 μετ’
1493 434 1609 461 ἐλπίδων
1625 435 1763 470 χρηστῶν,
1776 433 1824 461 καὶΙ

1032 474 1190 510 ὀφθήσομαι
1211 474 1251 510 τῷ
1267 475 1406 511 προσώπῳ
1419 475 1466 502 τοῦ
1478 475 1608 510 Χριστοῦ.

1069 527 1106 553 Οὐ
1123 527 1285 563 παραλείψω
1302 528 1330 554 δὲ
1352 528 1380 554 ἐν
1400 527 1439 563 τῷ
1460 528 1611 563 διηγήματι
1637 528 1685 554 καὶ
1707 528 1771 559 τοὺς
1793 528 1822 555 ἐν

1033 568 1209 604 προσχήματι
1221 568 1377 601 θεοσεϐείας
1390 570 1418 596 ἐν
1430 570 1632 605 καταφρονήσει
1644 568 1822 603 βεϐιωκότας,

1035 611 1075 642 εἰς
1091 610 1202 637 ἔπαινον
1223 610 1277 637 τῶν
1297 611 1513 647 κατωρθοκότων
1526 611 1576 645 τὴν
1597 610 1709 645 ἀρετὴν,
1734 610 1823 646 ἀσφά-

1033 651 1109 678 λειαν
1119 651 1148 678 δὲ
1164 652 1211 679 καὶ
1230 652 1432 688 παραφυλακὴν
1444 653 1499 680 τῶν
1512 651 1741 687 ἐντυγχανόντων.

1327 729 1452 757 ΚΕΦΔΛ.
1474 729 1519 763 ς’.

1156 793 1227 826 Περὶ
1255 791 1310 827 τῆς
1325 793 1510 829 φιλαργύρου
1538 793 1700 828 παρθένου.

1068 851 1209 888 Παρθένος
1221 861 1264 884 τις
1286 853 1399 887 γέγονεν
1424 853 1452 879 ὲν
1479 854 1512 888 τῇ
1532 852 1732 888 Ἀλεξανδρείᾳ,
1763 852 1824 879 ὀνό-

187 890 239 921 ’καὶ
255 894 287 920 σὺ
301 894 350 928 τῆς
366 894 470 920 ἐκείνου
485 893 634 926 πολιτείας,
659 894 708 920 ὅσα
724 903 753 921 τε
771 894 907 929 μονάζων,
932 895 979 921 καὶ
996 906 1018 933 Β
1035 902 1099 929 ματι
1121 894 1211 928 μόνον,
1229 894 1268 928 τῷ
1284 894 1333 929 μὲν
1347 895 1468 929 σχήματι
1483 894 1564 929 δῆθεν
1585 894 1712 929 ταπεινὴ,
1736 895 1770 929 τῇ
1793 893 1824 920 δὲ

192 935 226 962 δι’
241 935 341 971 ἀρετὴν
361 934 505 968 ξενιτεύων
514 954 521 967 ,
534 935 636 962 ἀπόθου
650 935 741 962 πᾶσαν
753 936 931 969 φιλονεικίαν.
947 936 977 963 ’0

191 977 274 1009 αὐτὸς
287 976 436 1013 διηγήσατό
453 985 498 1012 μοι
525 977 573 1004 καὶ
591 976 686 1011 τοῦτο,
714 978 755 1003 ὅτι
776 977 820 1003 Ἐν
851 978 900 1013 μιᾷ
925 978 980 1005 τῶν

189 1019 303 1054 ἡμερῶν
317 1018 507 1054 φροντίζοντός
525 1027 576 1053 μου
594 1019 658 1054 περὶ
673 1019 723 1053 τῆς
734 1019 809 1053 ζωῆς
832 1019 979 1046 Ἰουλιανοῦ

189 1061 237 1088 τοῦ
254 1060 348 1087 ἀθλίου
364 1060 507 1096 βασιλέως,
528 1061 566 1093 ὡς
590 1061 706 1088 διώκτου
718 1082 726 1095 ,
746 1061 795 1088 καὶ
813 1061 981 1097 ἀδημονοῦν-

189 1103 236 1134 τός
249 1111 312 1138 μου,
328 1102 407 1138 ἔτυχέ
425 1111 491 1129 ποτε
504 1103 584 1139 ἄχρις
598 1104 721 1139 ἑσπέρας
736 1103 848 1138 βαθείας
864 1103 981 1139 μηδενὸς

190 1144 341 1179 γεύσασθαί
367 1153 401 1180 με
428 1145 522 1172 ἕνεκεν
545 1145 648 1181 ταύτης
671 1146 721 1181 τῆς
740 1145 881 1181 φροντίδος
896 1165 904 1178 ,
933 1146 981 1173 καὶ

190 1186 375 1221 καθεζομένου
392 1195 443 1222 μου
456 1187 485 1214 ἐν
501 1186 541 1222 τῷ
556 1186 644 1222 θρόνῳ
668 1187 865 1223 κατενεχθῆναι
890 1186 979 1223 ὕπνῳ,

191 1229 238 1254 καὶ
254 1227 318 1254 ἰδεῖν
343 1229 372 1255 ἐν
388 1228 518 1255 ἐκστάσει
533 1228 635 1260 ἵππους
655 1228 770 1261 λευκοὺς
788 1229 981 1265 διατρέχοντας

191 1269 262 1303 μετὰ
276 1269 331 1297 τῶν
347 1269 495 1302 ἐπιϐατῶν,
521 1270 570 1297 καὶ
584 1271 781 1306 κηρύττοντας,
809 1271 912 1298 Εἴπατε
936 1271 981 1297 Δι-

190 1310 278 1346 δύμῳ,
297 1312 417 1347 σήμερον
433 1311 551 1347 ἑϐδόμην
568 1311 643 1348 ὥραν
659 1311 836 1348 ἐτελεύτησεν
865 1312 980 1340 Ἰουλια-

191 1353 246 1385 νός.
267 1354 398 1386 Ἀναστὰς
415 1354 461 1381 οὖν
482 1355 553 1390 φάγε
572 1355 616 1387 σὺ,
637 1355 684 1382 καὶ
702 1354 803 1390 γνῶσιν
818 1354 981 1382 ἀπόστειλον

191 1394 230 1430 τῷ
248 1395 392 1432 ὲπισκόπῳ
414 1396 566 1432 Ἀθανασίῳ
582 1398 611 1424 ὲν
624 1399 657 1433 τῇ
677 1397 761 1433 οἰκίᾳ,
784 1397 829 1424 ἴνα
851 1398 980 1430 κάκεῖνος

190 1437 248 1472 γνῷ
277 1438 342 1472 περὶ
358 1438 464 1465 τούτου.
495 1439 552 1465 Καὶ
578 1439 805 1474 ὲσημειωσάμην,
825 1438 904 1474 φησὶ,
932 1438 981 1465 καὶ

191 1482 240 1516 τὴν
257 1480 332 1516 ὤραν
348 1482 395 1508 καὶ
410 1482 460 1516 τὴν
484 1481 602 1517 ἡμέραν,
620 1483 668 1509 καὶ
681 1482 731 1517 τὴν
761 1481 910 1518 ἑϐδομάδα,
933 1481 981 1509 καὶ

191 1525 237 1553 τὸν
253 1525 326 1560 μῆνα
336 1533 342 1540 ·
360 1525 408 1552 καὶ
422 1524 538 1560 εὕρηται
549 1523 648 1556 οὕτως.

499 1587 625 1615 ΚΕΦᾹΛ.
641 1587 678 1614 E'.

430 1647 502 1682 Περὶ
517 1646 726 1681 Ἀλεξάνδρας.

227 1703 383 1738 Διηγήσατο
399 1710 446 1738 μοι
464 1701 581 1737 Δίδυμος
593 1703 607 1728 ὀ
627 1702 805 1737 συγγραφεὺς
829 1701 895 1737 περὶ
917 1709 981 1728 παι-

192 1745 286 1780 δίσκης
315 1744 388 1776 τινὸς
409 1743 522 1778 ὀνόματι
551 1743 744 1778 Ἀλεξάνδρας·
771 1743 832 1778 ῆτις
852 1743 980 1769 καταλεί-

191 1786 267 1822 ψασα
277 1787 326 1820 τὴν
342 1786 430 1818 πόλιν,
446 1786 475 1811 ἐν
493 1785 614 1821 μνήματι
629 1785 730 1819 ἐαυτὴν
741 1784 929 1819 ἐγκαθεῖρξεν,
947 1783 980 1810 δι’

194 1829 263 1864 ὀπῆς
294 1827 484 1864 λαμϐάνουσα
502 1826 537 1864 τα
568 1827 617 1861 τῆς
640 1825 747 1864 χρείας,
773 1826 844 1864 μήτε
867 1825 981 1864 ἀνδράσι

195 1860 263 1898 μήτε
291 1860 399 1898 γυναιξὶ
424 1861 485 1888 κατ’
510 1861 571 1896 ὄψιν
595 1860 819 1896 συντυγχάνουσα
842 1868 908 1887 ποτε
935 1861 981 1886 ἐπὶ

193 1906 242 1941 ἐτη
256 1906 333 1932 δέκα.
349 1904 394 1940 Τῷ
422 1905 451 1931 δὲ
478 1904 585 1937 δεκάτῳ
611 1903 666 1929 ἔτει
695 1902 868 1938 κοιμηθεῖσα,
888 1903 980 1936 φασὶν,

193 1947 376 1982 ἐσχημάτισεν
395 1946 527 1982 ἐαυτὴνή
546 1946 705 1981 μακαρῖτις·
733 1944 770 1976 ὡς
794 1945 843 1979 τὴν
866 1944 895 1971 ὲν
919 1952 982 1970 συν-

193 1989 273 2025 ηθείᾳ
294 1988 476 2021 ἀπελθοῦσαν,
505 1988 558 2025 καὶὲ
579 1987 616 2022 μὴ
640 1985 776 2022 τυχοῦσαν
795 1985 978 2021 ἀποκρίσεως,

193 2021 352 2066 ἇλαγγεῐλαι
368 2031 444 2066 ἡμῖν,
463 2021 639 2060 Ἀπελθόντες
646 2021 736 2056 τοίνυν
750 2028 841 2064 ἡμεῖς,
851 2028 899 2054 καὶ
915 2028 982 2054 ἁπο-

192 2073 357 2108 κρούσαντες
370 2073 420 2108 τὴν
438 2072 523 2107 θύραν
539 2071 587 2098 τοῦ
603 2072 758 2106 μνήματος,
774 2070 821 2097 καὶ
845 2068 980 2096 εἰσελθόν-

192 2124 248 2148 τες,
264 2115 381 2150 εὕρομεν
397 2115 482 2150 αὐτὴν
499 2113 689 2149 κοιμηθεῖσαν.

231 2158 344 2192 Ἔλεγεν
358 2157 386 2184 δὲ
399 2157 462 2192 περὶ
471 2155 572 2191 ταύτης
585 2154 854 2190 καὶήτρισμακαρία
868 2154 979 2189 Μελάνη

192 2202 210 2236 ἡ
238 2200 362 2235 Ῥωμαία
387 2198 463 2235 (περὶ
474 2195 509 2234 ἧς
525 2199 565 2230 εὶς
576 2197 621 2224 τὸν
634 2198 794 2232 καθήκοντα
813 2196 911 2231 καιρὸν
932 2196 981 2222 καὶ

191 2242 272 2270 τόπον
287 2242 321 2268 τὰ
331 2242 396 2277 περὶ
410 2241 494 2276 αὐτῆς
506 2238 695 2275 διηγήσομαι),
711 2240 753 2266 ὃτι
768 2238 835 2264 Κατ¹
850 2237 912 2272 όψιν
919 2237 979 2272 μὲν,
993 2245 1020 2276 D

192 2286 269 2319 φασὶ,
284 2283 332 2319 τὴν
347 2282 486 2318 μακαρίαν
497 2282 598 2317 ταύτην
607 2281 656 2308 οὐκ
666 2280 801 2316 ἠδυνήθην
816 2279 980 2312 θεάσασθαι,

192 2329 258 2364 περὶ
281 2328 308 2354 δὲ
333 2326 382 2361 τὴν
405 2325 475 2360 ὀπὴν
502 2324 588 2350 στᾶσα
619 2323 675 2357 ἐγὼ
694 2323 872 2358 παρεκάλεσα
894 2321 981 2358 αὐτὴν

191 2371 281 2397 είπεῖν
298 2378 343 2405 μοι
360 2369 410 2405 τὴν
428 2367 518 2394 αἰτίαν
528 2366 562 2393 δι’
591 2366 623 2402 ἢν
650 2365 825 2401 ᾁνεχώρησεν
859 2365 909 2400 μὲν
930 2364 981 2399 τῆς

193 2412 308 2444 πόλεως,
337 2410 545 2445 ἐγκατέκλεισεν
565 2409 587 2435 δ’
604 2409 704 2444 ἑαυτὴν
732 2409 761 2435 ἐν
780 2407 819 2443 τῷ
845 2407 979 2442 μνήματι.

197 2454 231 2482 Ἦ
257 2453 286 2480 δὲ
300 2453 345 2479 διὰ
374 2452 425 2486 τῆς
450 2451 520 2485 ὀπῆς
549 2459 593 2486 μοι
607 2450 755 2484 ἐφθέγγετο
779 2450 906 2483 λέγουσα,
939 2448 981 2475 ὃτι

199 2495 318 2530 Ἐϐλάϐη
331 2503 372 2524 τις
384 2494 431 2520 τὸν
446 2493 508 2519 νοῦν
519 2492 626 2527 είςέμὲ,
640 2493 687 2519 καὶ
702 2493 746 2519 ἵνα
760 2492 798 2527 μὴ
809 2491 982 2525 δόξωιλυπεῖν

191 2538 286 2571 αὑτὸν,
301 2538 318 2572 ἢ
338 2535 501 2569 διαϐάλλειν,
517 2536 665 2571 ᾑρησάμην
683 2535 774 2566 ζῶσαν
801 2534 922 2570 ἐμαυτὴν
941 2534 982 2566 εἰς

191 2583 222 2609 τὸ
244 2581 338 2617 μνῆμα
364 2579 443 2606 τοῦτο
470 2578 640 2612 εἰσαγαγεῖν,
665 2577 875 2613 ῆσκανδαλίσαι
892 2577 982 2612 ψυχὴν

192 2625 252 2652 κατ’
268 2624 362 2651 εἰκόνα
374 2620 443 2649 Θεοῦ
473 2621 644 2656 ποιηθεῖσαν,
666 2621 751 2655 Ἐμοῦ
779 2620 808 2647 δὲ
838 2621 982 2658 εἰρηκυίας

193 2667 273 2701 αὐτῇ.
291 2665 353 2697 Πῶς
366 2664 566 2700 διακαρτερεῖς,
575 2662 655 2698 δούλη
665 2662 835 2698 Χριστοῦ,τδ
848 2664 982 2699 παράπαν

197 2707 291 2742 μηδενὶ
305 2707 537 2741 συντυγχάνουσα,
565 2704 634 2731 ἀλλὰ
661 2704 729 2740 μόνη
749 2704 923 2732 πυκτεύουσα
947 2707 981 2742 τῇ

195 2750 293 2785 ἀκηδίᾳ
305 2751 352 2777 καὶ
368 2751 425 2782 τοῖς
450 2748 606 2784 λογισμοῖςς
628 2747 644 2783 ή
667 2747 696 2774 δὲ
710 2747 892 2783 ἀπεκρίνατο’
915 2750 983 2777 Ἀπὸ

195 2792 268 2826 πρωϊ
285 2793 337 2824 έως
352 2793 425 2830 ὥρας
440 2794 553 2828 ἐννάτης
565 2791 692 2827 εὖχομαι,
705 2791 765 2818 καθ’
776 2791 851 2827 ὥραν
865 2793 982 2828 νήθουσα

196 2833 285 2860 λίνον·
299 2836 348 2867 τὰς
364 2835 385 2862 δ’
403 2835 566 2867 ὑπολοίπους
581 2835 656 2872 ὥρας
675 2834 858 2870 περιέρχομαι
883 2835 922 2871 τῷ
945 2837 983 2872 νῷ

196 2876 246 2911 τῆν
259 2876 348 2905 πῖστιν
362 2878 415 2905 τῶν
431 2879 515 2913 ἁγίων
531 2879 661 2916 Πατέρων
675 2879 722 2907 καὶ
734 2879 922 2916 πατριαρχῶν,
935 2881 982 2909 καὶ

1031 935 1193 971 προαιρέσει
1208 936 1349 969 φειδωλὸς,
1378 936 1494 972 σοϐαρὴ,
1516 937 1564 962 καὶ
1590 936 1769 970 φιλόπλουτος
1783 935 1823 966 εις

1032 978 1102 1011 ἄγαν
1114 978 1142 1004 ὲν
1154 977 1294 1013 χρήμασιν
1304 985 1310 992 ·
1324 977 1487 1012 φιλόχρυσος
1502 977 1601 1012 μᾶλλον
1611 977 1628 1011 ἢ
1640 976 1822 1011 φιλόχριστος·

1035 1019 1170 1054 μηδέποτε
1185 1019 1335 1054 προϊεμένη
1351 1019 1405 1045 τῶν
1427 1019 1525 1053 ἑαυτῆς
1552 1027 1589 1051 τι,
1617 1018 1654 1054 μὴ
1679 1017 1757 1053 ξένῳ,
1786 1017 1824 1053 μὴ

1034 1061 1184 1096 πενομένῳ,
1200 1060 1238 1096 μὴ
1255 1060 1411 1096 ἁγχομένῳ,
1431 1061 1468 1096 μὴ
1483 1060 1604 1096 μοναχῷ,
1622 1060 1660 1095 μὴ
1683 1060 1822 1095 παρθένῳ,

1033 1102 1072 1138 μὴ
1088 1102 1239 1138 Ἐκκλησία
1248 1102 1342 1130 ὀϐολὸν
1364 1103 1423 1130 ἕνα.
1445 1103 1520 1139 Αὕτη
1546 1103 1656 1134 πολλαῖς
1671 1101 1823 1134 νουθεσίαις

1031 1144 1086 1171 τῶν
1101 1145 1187 1179 ἁγίων
1205 1144 1336 1180 Πατέρων
1354 1144 1404 1171 ούκ
1416 1143 1618 1176 ἀπεσκευάζετο
1633 1144 1682 1179 τὴν
1695 1143 1762 1179 ὕλην
1775 1143 1822 1170 τοῦ

1032 1186 1159 1213 πλούτου.
1185 1185 1310 1221 ’Υπῆρχε
1331 1186 1360 1213 δὲ
1380 1185 1466 1221 ταύτῃ
1483 1187 1530 1212 καὶ
1542 1186 1638 1220 γένος,
1666 1185 1695 1212 έν
1719 1183 1759 1217 οἷς
1777 1193 1823 1211 τε-

1032 1229 1199 1255 κνοποιεῐται
1215 1228 1355 1263 θυγατέρα
1377 1227 1494 1262 ἀδελφῆς
1516 1227 1584 1259 ιδίας
1597 1235 1603 1241 ·
1652 1226 1760 1260 νύκτωρ
1775 1227 1823 1252 καὶ

1033 1269 1093 1305 μεθ’
1111 1269 1218 1304 ἡμέραν
1232 1268 1416 1304 ἐπηγγέλλετο
1440 1269 1476 1295 τὰ
1491 1269 1604 1303 ἑαυτῆς,
1623 1267 1671 1294 τοῦ
1693 1267 1822 1303 οὐρανίου

1032 1311 1114 1338 πόθου
1129 1310 1199 1346 αὑτὴ
1225 1310 1391 1337 ἐκπεσοῦσα.
1418 1308 1495 1342 Εἶδος
1514 1310 1569 1346 γάρ
1592 1309 1714 1337 ἐστικαὶ
1744 1309 1823 1335 τοῦτο

1032 1352 1061 1380 ἓν
1089 1353 1140 1388 τῆς
1155 1353 1260 1388 πλάνης
1277 1352 1325 1379 τοῦ
1348 1351 1484 1384 διαϐόλου,
1499 1352 1528 1378 ἐν
1550 1352 1728 1387 προσχήματι
1747 1350 1823 1385 φιλο-

1033 1394 1194 1428 συγγενείας
1206 1393 1256 1429 τὴν
1264 1393 1423 1426 πλεονεξίαν
1431 1393 1539 1420 ὠδίνειν
1551 1392 1821 1429 παρασκευάζοντος.

1032 1435 1095 1463 Ὅτι
1116 1436 1170 1472 γὰρ
1192 1435 1266 1471 αὐτῷ
1283 1435 1313 1462 οὐ
1333 1435 1410 1471 μέλει
1439 1435 1547 1469 γένους,
1574 1435 1656 1470 δῆλον
1684 1434 1821 1462 ἐντεῦθεν.

1038 1478 1256 1512 ’Δδελφοκτονεῖν
1280 1477 1335 1513 γὰρ
1365 1479 1413 1504 καὶ
1438 1478 1634 1512 μητροκτονεῖν
1653 1477 1701 1504 καὶ
1720 1483 1823 1511 πατρο-

1033 1521 1139 1547 κτονεῖν
1156 1519 1238 1551 αὐτὸς
1252 1518 1478 1551 ἐξεδίδαξεν.1(αὶ
1486 1518 1564 1545 τοῦτο
1575 1520 1635 1550 ταῖς
1651 1518 1737 1550 θείαις
1752 1518 1825 1554 Γρα-

997 1575 1019 1605 c
1035 1563 1098 1605 φαῖς
1113 1561 1297 1605 ὡμολόγηται.
1327 1560 1407 1605 Ἀλλὰ
1423 1561 1476 1605 κᾶν
1501 1560 1563 1605 δόξῃ
1590 1561 1728 1605 συγγενῶν
1741 1560 1825 1605 κηδε-

1036 1604 1131 1640 μονίαν
1158 1603 1293 1631 ἐντιθέναι
1325 1603 1416 1635 τισὶν,
1448 1603 1499 1629 οὐκ
1520 1604 1560 1634 εἰς
1577 1601 1684 1629 εὔνοιαν
1709 1601 1824 1629 ἐκείνων

1032 1646 1113 1673 τοῦτο
1128 1646 1209 1678 ποιεῖ,
1222 1644 1280 1671 ἀλλ’
1296 1645 1366 1680 ὑπὲρ
1379 1644 1426 1671 τοῦ
1438 1644 1488 1680 τὴν
1502 1644 1591 1679 ψυχὴν
1600 1644 1692 1670 ἄδικον
1705 1643 1824 1678 ἐξασκῆ-

1034 1687 1080 1713 σαί
1093 1695 1186 1719 τινων,
1203 1686 1298 1720 σαφῶς
1325 1685 1514 1720 αὐτὸς,είδὼς
1540 1685 1589 1720 τὴν
1616 1684 1763 1720 ἀπόφασιν,
1782 1685 1823 1711 ὅτι

1033 1729 1121 1756 ἄδικοι
1134 1728 1275 1764 βασιλείαν
1294 1727 1362 1754 Θεοῦ
1378 1728 1408 1754 οὺ
1427 1728 1690 1763 κληρονομήσουσιν.
1707 1727 1824 1753 Δύναται

1033 1771 1061 1797 δέ
1078 1779 1119 1802 τις
1136 1770 1242 1797 συνέσει
1256 1771 1430 1805 πνευματικῇ
1448 1769 1495 1795 καὶ
1517 1769 1582 1804 θείῳ
1602 1769 1677 1804 πόθῳ
1694 1768 1823 1804 κινούμε-

1033 1821 1088 1844 νος,
1103 1813 1171 1847 μήτε
1188 1813 1237 1847 τῆς
1257 1810 1354 1838 ἑαυτοῦ
1371 1810 1460 1846 ψυχῆς
1481 1810 1603 1845 ἀμελεῖν,
1617 1811 1664 1836 καὶ
1685 1810 1742 1840 τοῖς
1756 1818 1823 1844 συγ-

1032 1854 1139 1888 γενέσιν
1152 1854 1321 1888 ἐπικουρεῖν,
1345 1853 1370 1879 εἰ
1391 1852 1445 1886 ἄρα
1461 1852 1592 1883 λίποιντο,
1608 1852 1655 1878 καὶ
1676 1851 1823 1886 διαφόρους

1032 1896 1163 1931 παρέχειν
1184 1893 1371 1930 παραμυθίας.
1385 1894 1470 1920 Ὅταν
1491 1894 1519 1920 δέ
1534 1902 1577 1925 τις
1593 1893 1657 1928 ὃλην
1670 1893 1720 1927 τὴν
1732 1892 1823 1927 ψυχὴν

1032 1937 1129 1965 ἐαυτοῦ
1145 1937 1325 1972 καταπατήσῃ
1341 1936 1491 1972 κηδεμονίᾳ
1509 1936 1661 1970 συγγενῶν,
1673 1934 1822 1961 ὑποπίπτει

1032 1979 1118 2015 νόμῳ,
1137 1979 1184 2005 ἐπὶ
1214 1979 1323 2014 ματαίῳ
1339 1978 1389 2013 τὴν
1411 1977 1500 2013 ψυχὴν
1527 1977 1610 2004 αὐτοῦ
1635 1976 1821 2011 λογιζόμενος.

1034 2022 1109 2057 ’ᾼδει
1131 2021 1160 2047 δὲ
1193 2021 1240 2047 καὶ
1255 2021 1269 2046 ὁ
1296 2019 1458 2056 ἱεροψάλτης
1490 2019 1573 2047 Δαϐὶδ
1605 2019 1671 2055 περὶ
1694 2019 1749 2045 τῶν
1772 2020 1823 2054 τῆς

1031 2063 1120 2099 ψυχῆς
1134 2061 1336 2099 φροντιζόντων
1349 2063 1377 2089 ἐν
1393 2061 1468 2097 φόϐῳ
1483 2061 1550 2088 Θεοῦ
1564 2069 1570 2077 ·
1598 2062 1702 2097 λέγων,
1721 2062 1762 2088 ὅτι
1774 2061 1822 2093 Τίς

1032 2106 1201 2141 ἀναϐήσεται
1217 2106 1256 2137 είς
1275 2105 1306 2131 τὸ
1319 2104 1382 2140 ὅρος
1398 2103 1445 2131 τοῦ
1463 2104 1566 2139 Κυρίου
1579 2112 1587 2138 ;
1600 2104 1661 2131 ἀντὶ
1673 2104 1733 2137 τοῦ,
1749 2113 1822 2131 σπα-

1032 2147 1106 2180 νίως.
1123 2147 1158 2173 Ἦ
1169 2147 1212 2178 τίς
1227 2147 1356 2181 στήσεται
1369 2147 1397 2172 ὲν
1413 2146 1487 2180 τόπῳ
1511 2146 1582 2181 ἁγίῳ
1601 2146 1702 2179 αὐτοῡ;
1721 2145 1822 2178 ’Δθῶος

1032 2189 1123 2225 χερσὶ,
1137 2189 1184 2216 καὶ
1197 2188 1316 2224 καθαρὸς
1328 2189 1361 2222 τῇ
1373 2187 1482 2223 καρδίᾳ,
1495 2187 1523 2220 ὃς
1532 2188 1582 2214 οὐκ
1596 2187 1692 2215 ἔλαϐεν
1710 2189 1757 2214 ἐπὶ
1771 2197 1824 2223 μα-

1033 2229 1101 2266 ταίῳ
1115 2231 1166 2266 τὴν
1183 2230 1273 2265 ψυχὴν
1288 2228 1381 2255 αὑτοῦ.
1399 2229 1514 2257 Ἐκεῖνοι
1529 2229 1582 2265 γὰρ
1594 2230 1641 2256 ἐπὶ
1652 2229 1759 2265 ματαίῳ
1769 2230 1823 2266 τὴν

1034 2264 1123 2308 ψυχὴν
1135 2264 1241 2298 ἑαυτῶν
1259 2271 1454 2306 λαμϐάνουσιν,
1470 2271 1494 2297 οι
1511 2264 1667 2306 νομίζοντες
1686 2264 1774 2306 αὑτήν
1784 2270 1823 2305 τῷ

1035 2314 1141 2350 σαρκίῳ
1154 2314 1241 2349 τούτῳ
1267 2313 1485 2347 συνδιαλύεσθαι,
1505 2314 1530 2340 οι
1558 2313 1614 2340 τῶν
1628 2313 1822 2349 πνευματικῶν

1033 2357 1140 2392 ἀρετῶν
1151 2356 1326 2392 ἀμελοῦντες.

1069 2407 1178 2443 Ταύτην
1197 2408 1247 2443 τὴν
1262 2408 1398 2444 παρθένον
1424 2408 1473 2444 τὴν
1491 2408 1530 2443 τῷ
1545 2408 1657 2444 ὀνόματι
1677 2407 1751 2443 μόνῳ
1772 2407 1822 2444 τὴν

1033 2452 1193 2488 ἐπωνυμίαν
1221 2452 1405 2488 κεκτημένην,
1423 2454 1478 2484 τοῖς
1491 2452 1519 2479 δέ
1534 2452 1646 2487 τρόποις
1660 2452 1709 2487 τῆς
1731 2452 1822 2488 ἀσκή-

1033 2504 1103 2527 σεως
1115 2494 1336 2529 ἁπεξενωμένην,
1350 2494 1382 2520 τὸ
1405 2494 1437 2530 δὴ
1452 2494 1608 2530 λεγόμενον,
1623 2493 1739 2530 θελήσας
1755 2495 1822 2530 φλε-

1033 2537 1184 2572 ϐοτομῆσαι
1199 2537 1240 2568 είς
1256 2535 1409 2571 κουφισμὸν
1425 2536 1476 2571 τῆς
1498 2535 1655 2568 πλεονεξίας
1669 2537 1684 2562 ὁ
1701 2535 1820 2570 ἁγιώτα-

1032 2587 1078 2610 τος
1093 2578 1236 2614 Μακάριος
1253 2579 1267 2605 ὁ
1284 2578 1482 2614 πρεσϐύτερος,
1501 2578 1549 2605 καὶ
1571 2577 1762 2613 ἀφηγούμενος
1773 2578 1820 2605 τοῦ

1033 2622 1167 2656 πτωχείου
1178 2621 1233 2648 τῶν
1243 2620 1452 2656 λελωϐημένων,
1470 2621 1611 2656 σοφίζεται
1625 2621 1718 2656 δρᾶμα
1732 2620 1821 2647 τοιοῦ-

1032 2674 1088 2693 τον.
1100 2663 1155 2691 Ἦν
1171 2664 1226 2700 γὰρ
1241 2664 1271 2690 ἐν
1286 2664 1394 2698 νεότητι
1405 2662 1488 2690 αὺτοῦ
1503 2663 1655 2699 λιθουργὸς,
1665 2663 1694 2690 ὃν
1710 2663 1819 2697 λέγουσι

1033 2709 1202 2744 καϐὦάριον.
1211 2709 1268 2736 Καὶ
1280 2708 1405 2736 ἀπελθὼν
1418 2708 1491 2742 λέγει
1500 2707 1581 2743 αὐτῇ’
1590 2707 1666 2734 Λίθοι
1675 2706 1818 2740 ἀναγκαῖοι

1034 2751 1186 2788 σμάραγδοι
1220 2751 1267 2778 καὶ
1299 2750 1421 2777 ὑάκινθοι
1453 2748 1651 2785 ἐμπεπτώκασί
1678 2757 1738 2784 μοι’
1773 2749 1820 2777 καὶ

1034 2796 1089 2822 εἶτε
1104 2795 1261 2830 κλεψιμαῖοι
1283 2793 1299 2829 ἢ
1321 2793 1468 2829 ἐμπορικοὶ
1485 2793 1572 2820 εἰπεῖν
1590 2792 1640 2819 οὐκ
1654 2792 1718 2827 ἔχω.
1744 2793 1816 2829 Τιμῇ

1033 2839 1082 2875 οὐχ
1106 2838 1312 2870 ὑποϐάλλονται,
1339 2838 1410 2873 ὑπὲρ
1425 2837 1582 2873 διατίμησιν
1609 2836 1694 2868 ὅντες.
1713 2836 1820 2870 Πιπρά-

1037 2889 1096 2908 σκει
1122 2881 1151 2908 δὲ
1178 2881 1259 2913 αὐτὸς
1289 2880 1474 2909 πεντακοσίων
1503 2878 1676 2915 νομισμάτων
1700 2879 1714 2906 ό
1737 2879 1806 2914 ἔχων
