2079 3157
281 164 352 202 1019

1003 174 1007 177 '
1017 169 1196 201 PALLADII

1848 176 1918 209 1020

285 228 348 256 Ἐὰν
361 225 409 255 οὖν
422 227 485 264 δόξῃ
504 236 545 255 σοι
558 227 658 260 αὐτοὺς
670 227 774 260 λαϐεῖν,
789 227 833 259 66;
851 227 887 254 τὰ
901 227 1068 255 πεντακόσια
1083 227 1106 257 Α
1120 223 1155 263 Ὦ
1174 227 1233 263 δρει
1250 227 1417 264 παράκειται
1433 229 1449 264 ή
1468 228 1628 266 πανέρημος
1645 231 1849 268 παρατείνουσα
1862 233 1917 267 ἕως

279 274 435 310 νομίσματα
447 282 454 290 '
482 274 538 305 τοῖς
560 273 589 300 δὲ
605 273 710 306 λοιποῖς
736 275 890 310 χρήσασθαι
917 276 958 306 είς
982 272 1272 314 κατα-,ΨχΛίθιοπίας
1287 274 1335 302 καὶ
1356 275 1410 302 τῶν
1427 275 1560 308 Μαζίκων
1579 276 1694 313 καὶτῆς
1714 278 1914 314 Μαυριτανίας.

280 320 380 356 σκευήν
394 320 497 354 κόσμου
516 320 641 354 ποικίλην
656 320 706 353 τῆς
722 321 866 356 ἀδελφιδῆς
877 331 935 349 σου.
954 313 1083 358 Ἐκκρε-’,

280 366 389 401 μαμένη
411 366 440 392 δὲ
464 366 480 401 ή
507 366 642 402 λεγομένη
671 367 806 403 παρθένος
826 368 901 405 πάσῃ
928 368 1012 404 ψήφῳ
1036 364 1085 404 τῇ’

279 412 359 448 κόρῃ,
376 411 532 444 δελεάζεται
546 415 579 449 τῇ
605 414 770 450 φιλοκοσμία
783 415 896 450 ταύτης,
911 415 958 441 καὶ
975 415 1070 443 πίπτει

279 456 363 484 αὐτοῦ
379 458 421 489 είς
435 458 498 490 τοὺς
510 458 604 490 πόδας,
621 459 669 486 καὶ
685 459 760 493 λέγει
776 459 851 495 αύτῷ
863 468 869 474 ·
885 459 986 495 Δέομαί
1010 469 1068 493 σου,

280 504 317 539 μή
341 513 383 536 τις
412 504 512 537 αὐτοὺς
540 505 622 542 λάϐῃ.
643 506 834 541 Προτρέπεται
858 505 906 534 οὖν
929 508 1032 544 ταύτην
1055 508 1070 535 6

278 550 367 583 άγιος,
383 550 482 585 λέγων,
498 552 538 578 ὅτι
550 553 710 587 Παραγενοῦ
722 553 774 585 ’ἐως
782 554 832 588 τῆς
845 553 935 586 οἰκίας
948 563 1010 588 μου,
1022 554 1070 582 καὶ

279 595 362 631 βλέπε
379 597 489 630 αὐτούς.
513 597 546 625 Ἢ
559 599 587 625 δὲ
602 599 653 626 ούκ
668 599 810 634 ἠνέσχετο,
823 599 892 626 ἀλλὰ
904 601 1069 636 προσρίπτει

277 643 352 679 αὐτῷ
376 644 411 671 τά
430 645 595 672 πεντακόσια
622 645 790 681 νομίσματα,
815 646 943 681 λέγουσα,
968 647 1070 682 Δέομαί

278 699 337 722 σου,
366 691 403 723 ὥς
433 692 529 725 θέλεις,
553 692 618 719 λάϐε
646 693 755 726 αὐτούς.
779 694 850 728 Ἐγὼ
875 695 929 730 γὰρ
947 695 978 721 ού
1000 694 1069 722 θέλω

280 736 346 762 ίδετν
360 737 405 764 τὸν
417 737 561 772 ἄνθρωπον
578 738 624 764 τὸν
640 739 832 773 πιπράσκοντα
847 739 956 772 αὐτούς.
971 740 1069 767 Λαϐὼν

277 782 324 809 οὖν
346 783 380 809 τὰ
402 783 570 810 πεντακόσια
585 784 744 820 νομίσματα
769 785 834 820 παρ’
849 786 933 820 αὐτῆς
961 786 975 812 6
992 786 1069 819 ἆγιος

277 828 433 864 Μακάριος,
443 829 536 856 δίδωσι
549 829 635 857 ταῦτα
647 831 687 863 είς
702 831 752 862 τὰς
762 831 857 866 χρείας
865 830 911 858 τοῦ
922 831 1066 867 πτωχείου.

275 875 381 910 Χρόνου
396 875 424 902 δὲ
453 876 647 910 παρελθόντος,
675 877 769 912 ἐπειδὴ
786 877 908 913 μεγάλην
933 878 1068 913 ὑπόληψιν

276 918 348 955 εἶχεν
363 921 378 948 6
394 921 463 956 ἀνὴρ
488 922 518 948 ὲν
543 921 742 958 Ἀλεξανδρείᾳ,
769 923 810 954 είς
833 923 918 958 ἀκρον
943 923 1066 957 φιλόθεος

275 966 314 994 ὢν
328 966 376 993 καὶ
392 966 518 1001 ἐλεήμων
532 965 690 1001 πρεσϐύτης
707 967 841 1002 (ἤκμασεν
853 968 909 1003 γὰρ
920 967 1001 1003 μέχρι
1012 967 1067 995 τῶν

275 1012 374 1040 ἑκατὸν
389 1012 470 1044 ὲτῶν,
478 1009 500 1046 ᾧ
514 1012 746 1048 συνεχρονίσαμεν
755 1013 801 1040 καὶ
811 1014 911 1048 ἡμεῖς),
922 1013 1067 1049 ηὐλαϐεττο

275 1058 358 1086 αὑτὸν
384 1059 553 1094 ὑπομνῆσαι.
573 1058 656 1090 Τέλος
686 1059 805 1095 εὑροῦσα
818 1060 899 1087 αὑτὸν
916 1061 947 1087 ὲν
969 1062 1003 1097 τῇ
1019 1062 1067 1088 ὲκ-

275 1104 386 1140 κλησίᾳ.
402 1105 477 1138 λέγει
493 1104 579 1140 αὐτῷ,
593 1104 696 1139 Δέομαί
712 1114 770 1139 σου,
785 1105 814 1133 τί
825 1105 916 1141 λέγεις
937 1107 1002 1142 περὶ
1013 1107 1067 1135 τῶν

274 1149 356 1176 λίθων
380 1149 504 1181 ἐκείνων,
531 1145 568 1176 ὧν
592 1148 752 1185 δεδώκαμεν
779 1149 813 1178 τά
829 1151 996 1179 πεντακόσια
1023 1160 1067 1179 νο-

276 1194 416 1229 μίσματα;
438 1194 468 1221 'O
489 1193 518 1221 δὲ
533 1194 711 1229 ἀπεκρίνατο,
735 1194 825 1229 λέγων
849 1195 929 1231 αὐτῇ·
954 1196 1014 1232 Ἀφ’
1032 1194 1068 1234 ἦς

275 1239 383 1275 ἡμέρας
407 1239 528 1272 δέδωκάς
554 1249 599 1275 μοι
622 1239 668 1266 τὸν
682 1239 794 1275 χρυσὸν,
817 1241 968 1269 κατέϐαλον
983 1242 1066 1269 αὑτὸν

273 1286 314 1317 είς
330 1285 380 1322 τὴν
397 1285 480 1321 τιμὴν
491 1285 546 1312 τῶν
559 1285 652 1312 λίθων.
664 1285 718 1313 Καὶ
735 1287 759 1313 εί
774 1286 864 1321 βούλει
882 1287 946 1314 ἰδεῖν
956 1288 1066 1320 αὐτοὺς,

275 1332 336 1360 ne:
356 1333 385 1359 ὲν
401 1332 441 1366 τῷ
455 1332 573 1368 όσπιτίῳ
592 1341 644 1368 μου
656 1341 663 1349 ”
684 1334 742 1360 ἐκεῖ
755 1333 809 1368 γάρ
824 1335 928 1361 κεῖνται
948 1336 972 1362 οί
987 1335 1066 1368 λίθοι,

274 1378 323 1406 καὶ
339 1378 421 1413 βλέπε
446 1379 493 1406 ὲάν
517 1387 560 1406 σοι
585 1379 733 1414 ἀρέσωσιν,
761 1379 824 1406 ἐπεὶ
839 1379 922 1418 αῐρῃς
947 1389 995 1408 σου
1022 1383 1067 1408 τδν

275 1425 388 1460 χρυσόν.
405 1423 507 1451 Ἦλθεν
521 1425 550 1452 δὲ
574 1425 668 1461 ὲκείνη
691 1425 895 1461 ἀσμενεστάτη.
918 1424 1014 1454 ἾῙνδὲ
1037 1427 1068 1454 τὸ

274 1472 422 1507 πτωχεῖον,
442 1472 484 1504 εἱς
505 1471 556 1506 μὲν
581 1472 616 1499 τὰ
635 1472 754 1506 ἁνάγαια
776 1472 837 1507 έχον
856 1473 906 1504 τὰς
918 1473 1065 1507 γυναῖκας,

275 1519 316 1549 είς
334 1517 363 1544 δὲ
379 1517 413 1544 τά
425 1517 574 1552 κατάγαια,
587 1518 651 1549 τοὺς
664 1518 772 1554 ἄνδρας.
795 1518 1026 1553 Παραγενομένης
1038 1518 1067 1545 δὲ

1083 898 1105 925 Β

1110 288 1271 338 Υιιυιυνιιιυις
1287 288 1335 302 και
1356 288 1410 302 των
1427 288 1560 308 mayme
1579 288 1628 304 και
1642 288 1694 313 της
1714 288 1914 314 σιαυριτανιας.

1102 320 1108 344 τ.
1129 319 1174 346 ‘Ev
1193 316 1214 353 ᾧ
1230 319 1289 355 δρει
1312 320 1432 348 οἰκοῦσιν
1458 321 1554 358 ἄνδρες
1569 322 1608 355 ὡς
1623 324 1850 359 πεντακισχίλιοι,
1875 325 1915 352 οτ-

1124 373 1193 397 τινες
1208 365 1353 401 διαφόρους
1374 366 1466 403 έχουσι
1482 367 1631 401 πολιτείας,
1650 368 1766 401 ἕκαστος
1779 369 1818 402 ὼς
1833 370 1914 399 δύνα-

1121 419 1166 438 ται
1182 411 1230 439 καὶ
1242 411 1280 444 ὡς
1293 412 1420 447 βούλεται
1432 422 1438 430 ·
1452 413 1491 446 ὡς
1517 414 1620 446 ἐξεῖναι
1643 414 1692 442 καὶ
1708 416 1789 451 μόνον
1809 416 1913 451 μένειν,

1122 457 1170 484 καὶ
1190 458 1327 494 δεύτερον,
1359 460 1405 486 καὶ
1431 459 1588 487 πολλοστὸν.
1613 460 1659 488 Ἐν
1684 461 1772 498 τούτῳ
1790 461 1830 498 τῷ
1855 463 1914 499 δρει

1121 504 1288 539 ἀρτοκοπεῖά
1321 506 1396 532 ἑστιν
1422 505 1502 538 ἑπτὰ,
1525 506 1738 542 ὑπηρετούμενα
1761 508 1913 543 κάκείνοις,

1121 551 1169 578 καὶ
1185 551 1242 582 τοῖς
1259 552 1297 583 εις
1314 551 1364 586 τήν
1384 551 1544 587 πανέρημον
1558 552 1763 588 ἀναχωρηταῖς,
1781 554 1914 590 ἀνδράσιν

1121 593 1196 623 οὖσιν
1223 597 1386 630 ἑξακοσίοις.
1412 598 1588 634 Παροικήσας
1608 596 1656 625 οὖν
1673 599 1728 633 ἐγὼ
1744 600 1774 626 ὲν
1793 600 1833 636 τῷ
1854 600 1913 637 δρει

1120 643 1207 679 τούτῳ
1223 643 1346 670 ἐνιαυτὸν
1363 643 1433 676 ὅλον,
1450 643 1496 670 καὶ
1524 644 1608 671 πολλὰ
1622 644 1776 680 ὠφεληθεὶς
1788 646 1843 674 άπδ
1858 647 1913 674 τῶν

1121 688 1268 724 μακαρίων
1288 689 1334 716 καὶ
1347 689 1429 717 ὁσίων
1444 689 1587 725 Πατέρων,
1612 690 1747 725 ’Ᾱρσισίου
1763 692 1812 719 τοῦ
1829 693 1914 727 μεγά-

1120 733 1178 765 λου,
1194 734 1241 761 καὶ
1259 735 1480 767 Πουτουϐαστοῦ,
1498 735 1545 762 καὶ
1564 735 1704 770 ’Δγίωνος,
1720 736 1767 764 καὶ
1782 737 1911 772 Χρονίου,

1120 781 1168 807 καὶ
1179 780 1364 815 Σεραπίωνος,
1375 780 1421 807 καὶ
1432 780 1540 813 πολλοῖς
1548 782 1714 818 διηγήμασιν
1724 781 1912 818 ἀρχαιοτέρων

1120 828 1314 864 πνευματικῶν
1326 828 1457 864 Πατέρων
1469 829 1534 864 παρ’
1543 829 1633 856 αὐτῶν
1642 828 1818 865 κεντρωθεὶς,
1829 826 1913 864 ἦλθον

1121 874 1161 906 είς
1175 874 1225 910 τὴν
1238 873 1341 910 ἔρημον
1354 874 1404 910 τήν
1418 874 1564 902 ἐνδοτάτω.
1585 876 1630 902 'Ev
1640 874 1679 910 τῷ
1691 875 1749 911 δρει
1763 874 1852 910 τούτῳ
1862 875 1913 911 τῆς

1118 920 1234 956 Νιτρίας
1255 920 1389 956 ἐκκλησία
1406 920 1457 956 μία
1476 921 1535 948 ἐστὶ
1561 921 1690 956 μεγίστη.
1717 922 1762 948 ‘Ev
1774 921 1861 958 ταύτῃ
1877 923 1911 958 τῇ

1119 966 1254 1003 ἐκκλησίᾳ
1267 967 1343 1002 τρεῖς
1362 966 1483 1001 φοίνικες
1500 967 1620 999 ἑστᾶσιν,
1643 967 1758 1000 ἕκαστος
1773 967 1843 1003 έχων
1861 967 1913 1003 μά-

1120 1021 1200 1048 στιγα
1213 1013 1256 1048 ιφ’
1269 1012 1367 1040 ἑαυτοῦ
1392 1013 1583 1049 κρεμαμένην.
1597 1014 1654 1041 Καὶ
1670 1014 1684 1040 6
1701 1013 1751 1047 μέν
1774 1014 1850 1041 ἔστιν
1871 1015 1913 1047 είς

1119 1058 1289 1093 ἐπιστροφήν
1303 1058 1357 1086 τῶν
1378 1058 1504 1094 μοναχῶν
1518 1059 1572 1086 τῶν
1589 1059 1742 1086 πταιόντων
1753 1067 1759 1073 ·
1775 1059 1790 1086 6
1815 1059 1854 1092 δὲ,
1872 1060 1913 1092 είς

1117 1104 1255 1140 τιμωρίαν
1267 1104 1385 1140 λῃστῶν,
1403 1105 1451 1132 ιάν
1464 1113 1498 1139 γε
1515 1104 1658 1139 ἐμπέσωσι
1681 1113 1766 1132 ποτε·
1787 1105 1802 1132 6
1815 1105 1854 1137 δὲ,
1872 1106 1913 1137 είς

1118 1150 1262 1185 διόρθωσιν
1274 1149 1329 1176 τῶν
1351 1150 1608 1185 περιτυγχανόντων
1627 1150 1676 1177 καὶ
1694 1150 1913 1177 έκπεπτωκὴεων

1118 1195 1290 1231 οίοισδήποτε
1311 1195 1483 1230 σφάλμασιν·
1501 1195 1539 1227 ὡς
1555 1194 1661 1227 πάντας
1674 1195 1738 1227 τοὺς
1752 1195 1911 1227 πταίοντας,

1119 1240 1167 1268 καὶ
1188 1240 1430 1276 διελεγχομένους,
1448 1240 1497 1268 καὶ
1520 1239 1687 1272 ὑπευθύνους
1710 1241 1824 1276 πληγῶν
1843 1240 1914 1268 καθ·

1119 1287 1250 1320 εστῶτας,
1270 1286 1540 1322 περιλαμϐάνειντὺν
1549 1287 1669 1322 φοίνικα,
1684 1286 1914 1322 καὶλαμϐάνοντα

1119 1333 1191 1361 κατά
1212 1332 1296 1361 νώτου
1318 1334 1403 1369 ῥητὰς
1421 1333 1509 1365 οὕτως
1535 1332 1716 1360 ἀπολύεσθαι.
1740 1334 1912 1369 Πρόσκειται

1118 1379 1146 1405 δὲ
1158 1380 1191 1414 τῇ
1208 1379 1340 1415 ἐκκλησίᾳ
1356 1379 1520 1415 ξενοδοχεῖον
1530 1380 1570 1411 είς
1584 1378 1598 1406 6
1615 1379 1660 1405 τδν
1670 1379 1822 1406 ἀπελθόντα
1836 1379 1912 1412 ξένον

1118 1425 1268 1458 δεξιοῦνται
1294 1426 1382 1453 πάντα
1402 1426 1447 1453 τὸν
1470 1425 1578 1462 χρόνον,
1613 1425 1666 1452 κᾶν
1695 1426 1742 1453 ἐπὶ
1766 1425 1868 1453 διετίαν
1895 1426 1913 1462 ἢ

1118 1472 1240 1507 τριετίαν
1254 1473 1347 1507 μεῖναι
1361 1471 1476 1509 Θελήσῃ,
1507 1472 1605 1508 μέχρις
1621 1468 1653 1498 οὗ
1671 1471 1832 1508 αὐθαίρετος
1846 1473 1915 1500 ἀνα-

1119 1516 1243 1552 χωρῆσαι
1255 1517 1367 1554 θελήσῃ,
1380 1517 1610 1553 συγχωρήσαντες
1626 1517 1702 1552 αὐτῷ
1716 1517 1762 1544 ἐπὶ
1777 1517 1914 1553 ἑϐδομάδα

275 1562 374 1597 αὐτῆς,
402 1562 508 1597 εἰσάγει
533 1563 619 1597 αὐτὴν
637 1563 678 1595 είς
704 1563 751 1590 τὸν
777 1563 899 1596 πυλῶνα,
922 1563 971 1591 καὶ
992 1563 1066 1598 λέγει
1081 1573 1104 1604 c
1122 1563 1187 1598 μίαν
1204 1563 1233 1589 ὲν
1247 1563 1333 1599 ἀργία
1351 1563 1458 1596 διάξαι·
1475 1562 1525 1595 τὰς
1541 1563 1638 1595 λοιπὰς
1651 1563 1761 1599 ἡμέρας
1773 1563 1916 1599 περισπῶ-

275 1609 344 1645 αύτῇ
360 1610 374 1637 6
387 1609 483 1643 ἅγιος·
501 1609 535 1635 Τί
550 1608 639 1640 Θέλεις
661 1609 772 1645 πρῶτον
789 1608 870 1642 Mdv;
891 1609 955 1641 τοὺς
974 1609 1069 1637 ὑακίν-

275 1653 349 1686 θους,
363 1654 455 1691 ἢτοὺς
470 1654 660 1695 σμαράγδουςς
679 1654 759 1689 Λέγει
773 1654 858 1690 αύτῷ,
883 1656 916 1682 ¹¹0
927 1655 1000 1682 δοκεῖ
1015 1665 1066 1686 σοι.

281 1699 326 1733 Ὦς
343 1700 371 1727 δὲ
384 1701 480 1735 ἀνάγει
501 1699 586 1736 αὐτὴν
603 1701 644 1732 είς
658 1701 693 1727 τὰ
714 1700 845 1735 ἀνάγαια,
868 1701 916 1728 καὶ
932 1701 1068 1728 δείκνυσιν

275 1745 344 1781 αὐτῇ
362 1745 631 1781 ἠκρωτηριασμένας
641 1745 985 1781 γυναῖκας,λελωϐημένας
993 1746 1069 1781 ὄψεις

275 1792 408 1827 έχούσαςυ
434 1792 482 1819 καὶ
500 1792 575 1826 λέγει
599 1791 679 1826 αὐτῇ,
709 1791 776 1819 Ἰδοὺ
795 1792 820 1818 οί
849 1791 990 1819 ὑάκινθοι·
1008 1790 1068 1819 εἶτα

277 1837 394 1872 κατάγει
409 1837 495 1873 αὑτήν
511 1838 552 1870 είς
565 1839 600 1865 τὰ
619 1837 769 1871 κατάγαια,
786 1837 834 1864 καὶ
845 1837 981 1864 δείκνυσιν
998 1838 1067 1874 αὐτῇ

274 1885 339 1917 τοὺς
351 1884 463 1921 ἄνδρας,
479 1885 565 1913 εἰπών
579 1892 586 1900 ³
605 1885 672 1912 Ἰδοὺ
685 1885 710 1912 οἱ
727 1885 881 1920 σμάραγδοι
890 1893 898 1902 ⁸
909 1886 956 1912 καὶ
967 1885 1068 1920 νομίζω

275 1930 380 1958 τούτων
405 1931 587 1967 τιμιωτέρους
614 1929 652 1966 μὴ
682 1929 840 1966 εὑρεθῆναι.
868 1930 933 1957 Ἐὰν
957 1928 1005 1957 οὖν
1025 1938 1068 1957 σοι

276 1977 446 2013 ἀρέσκωσιν,
458 1977 521 2004 ἐπεὶ
534 1976 601 2004 λάϐε
614 1985 660 2004 σου
670 1977 717 2004 τὸν
732 1977 844 2013 χρυσόν.
858 1976 968 2004 τούτων
978 1977 1069 2003 τοίνυν

262 2022 363 2055 ὀὕτως
377 2023 530 2057 γεγονότων
552 2023 732 2058 διατραπεῖσα
751 2023 768 2058 ή
794 2022 929 2058 παρθένος
945 2022 1066 2058 ἐξῆλθεν,

275 2069 323 2095 καὶ
334 2067 492 2095 ἀπελθοῦσα
506 2068 536 2094 ἒν
551 2069 584 2104 τῇ
596 2067 669 2104 οἰκία
680 2068 781 2104 ἑαυτῆς
792 2068 847 2095 ἀπὸ
862 2068 963 2104 πολλῆς
977 2068 1068 2104 λύπης

239 2120 242 2122 ’
276 2113 417 2148 ἐνόσησεν,
448 2113 490 2140 ὄτι
518 2112 549 2140 ού
577 2113 650 2140 κατά
677 2113 744 2140 Θεὸν
774 2113 854 2140 τοῦτο
880 2114 1009 2148 ἐποίησεν
1037 2113 1068 2140 τδ

277 2160 393 2194 πρᾶγμα
404 2180 412 2192 ,
425 2159 482 2186 ἀλλ’
497 2159 688 2193 ἀναγκαστῶς.
712 2159 760 2191 Είς
779 2159 892 2193 ὕστερον
907 2159 936 2186 δὲ
955 2158 1069 2195 ηὐχαρί-

276 2213 376 2240 στησεν
397 2205 436 2240 τῷ
462 2204 654 2241 πρεσϐυτέρῳ,
678 2205 727 2241 τῆς
748 2206 834 2241 κόρης
849 2202 883 2242 ἧς
908 2206 1068 2242 ἐφρόντιζεν

1120 1616 1163 1634 σιν
1183 1608 1265 1636 αὑτὸν
1277 1608 1370 1636 λοιπὸν
1384 1609 1414 1636 έν
1426 1609 1530 1644 ἔργοις,
1545 1608 1562 1645 ἢ
1578 1609 1606 1635 ἐν
1618 1609 1708 1644 κήπῳ,
1725 1609 1741 1644 ἢ
1754 1610 1784 1635 ὲν
1797 1609 1914 1645 ἀρτοκοη

1119 1654 1200 1690 πείῳ,
1220 1654 1237 1689 ἢ
1255 1655 1284 1681 ὲν
1303 1655 1465 1691 μαγειρείῳ.
1482 1655 1514 1681 El
1537 1655 1566 1682 δὲ
1582 1654 1724 1689 ἀξιόλογός
1745 1663 1787 1688 τις
1802 1655 1856 1691 εἴη,
1871 1655 1914 1682 δι-

1119 1699 1212 1728 δόασιν
1226 1701 1303 1737 αὐτῷ
1320 1701 1421 1736 βιϐλίον
1432 1700 1640 1735 ἀναγινώσκειν,
1655 1702 1694 1737 μὴ
1716 1702 1913 1738 συγχωρήσαν-

1119 1754 1166 1777 τες
1177 1745 1252 1782 αὐτῷ
1267 1745 1320 1778 ἕως
1341 1745 1425 1782 ἕκτης
1450 1746 1525 1782 ὧρας
1550 1746 1647 1782 μηδενὶ
1684 1747 1836 1782 συντυχεῖν.
1869 1746 1915 1774 Ἐν

1119 1792 1207 1828 τούτῳ
1226 1792 1266 1828 τῷ
1277 1792 1335 1828 ϐρει
1350 1792 1397 1820 καὶ
1413 1792 1502 1828 ίατροὶ
1520 1793 1654 1828 διάγουσι,
1671 1793 1719 1820 καὶ
1741 1792 1915 1820 πλακουντά-

1122 1846 1184 1873 ριοι.
1199 1838 1358 1873 Κέχρηνται
1372 1838 1400 1864 δὲ
1414 1838 1461 1865 καὶ
1476 1838 1550 1873 οϊνῳ,
1566 1838 1614 1864 καὶ
1627 1837 1814 1873 πιπράσκεται
1830 1835 1914 1870 οἶνος.

1121 1883 1224 1915 Πάντες
1241 1883 1270 1910 δὲ
1283 1880 1357 1911 οὗτοι
1370 1883 1466 1918 ὀθόνην
1483 1883 1645 1919 ἐργάζονται
1660 1884 1720 1914 ταῖς
1735 1883 1828 1918 χερσὶν
1847 1883 1916 1910 ἑαυ-

1119 1929 1185 1963 τῶν,
1201 1929 1239 1961 ὡς
1254 1927 1400 1961 εἶναιτοὺς
1415 1929 1522 1961 πάντας
1535 1928 1680 1960 ἀνεκδεεῐς.
1697 1929 1753 1955 Καὶ
1768 1929 1817 1963 τῆς
1829 1927 1914 1955 ἑσπέ-

1121 1984 1172 2010 ρας
1198 1975 1408 2010 καταλαϐούσης
1427 1975 1502 2002 ἐστιν
1528 1975 1640 2002 ἑστᾶναι
1660 1975 1709 2002 καὶ
1737 1974 1847 2001 ἀκούειν
1866 1975 1915 2009 ἀφ’

1119 2021 1239 2057 ἑκάστης
1263 2020 1349 2056 μονῆς
1383 2020 1485 2056 ὕμνους
1510 2021 1558 2048 καὶ
1590 2021 1716 2056 ψαλμοὺς
1739 2021 1778 2056 τῷ
1803 2021 1915 2057 Χριστῷ

1120 2066 1278 2102 ᾀδομένους,
1299 2065 1347 2093 καὶ
1360 2065 1517 2102 προσευχὰς
1540 2066 1581 2098 είς
1603 2066 1737 2101 οὐρανοὺς
1751 2066 1915 2101 ἀναπεμπο-

1123 2113 1219 2149 μένας,
1235 2112 1272 2145 ὼς
1283 2112 1394 2148 νομίσαι
1404 2112 1465 2139 τινὰ
1479 2111 1628 2148 μετάρσιον
1644 2113 1674 2139 ιν
1687 2111 1726 2147 τῷ
1743 2113 1792 2148 τῆς
1806 2112 1916 2148 τρυφῆς

1120 2159 1279 2196 παραδείσῳ
1289 2158 1507 2194 μετοικισθῆναι.
1519 2159 1574 2195 Τὴν
1586 2159 1614 2186 δὲ
1624 2159 1773 2196 ὲκκλησίαν
1781 2159 1916 2195 Σαϐϐάτῳ

1124 2207 1174 2234 καὶ
1186 2207 1315 2242 κυριακῇ
1331 2205 1573 2241 καταλαμϐάνουσι
1597 2205 1688 2241 μόνον.
1710 2204 1798 2232 Ὀκτὼ
1808 2205 1837 2232 δέ
1845 2206 1916 2232 εἰσιν

277 2251 348 2286 μετὰ
383 2251 472 2286 γάμον
498 2251 613 2278 ἀτέκνου
642 2251 845 2287 τελευτησάσης
860 2271 868 2285 ,
895 2252 944 2279 καὶ
975 2251 1069 2280 λοιπὸν
1085 2248 1108 2276 Ι)
1122 2251 1305 2288 πρεσϐύτεροι
1318 2250 1507 2286 ἀφηγούμενοι
1520 2250 1622 2286 ταύτης
1636 2250 1686 2285 τῆς
1701 2249 1848 2286 ἐκκλησίας
1859 2256 1867 2263 ·
1885 2250 1915 2275 ὲν

276 2296 378 2333 ταύτης
393 2297 434 2330 είς
448 2297 509 2325 δέον
528 2297 778 2334 καταχρησαμένης
789 2296 829 2333 τῷ
849 2297 910 2333 βίῳ.

569 2360 696 2388 ΚΕΦΑΛ.
724 2361 762 2387 Ζ’.

391 2416 427 2448 κί’
487 2418 558 2452 Περὶ
574 2417 635 2445 τῶν
650 2417 685 2444 ὲν
701 2417 739 2451 τῇ
751 2418 864 2460 Νιζρίᾳ.

313 2481 524 2518 Συντετυχηκὼς
545 2481 592 2509 οὖν
615 2481 724 2513 πολλοῖς
749 2481 803 2508 τῶν
818 2481 906 2515 ἁγίων
930 2480 1003 2515 ἐγὼ,
1022 2481 1069 2508 καὶ

277 2529 450 2564 ἑνδιατρίψας
470 2529 528 2560 τοῖς
552 2528 617 2564 περὶ
633 2528 683 2564 τήν
712 2527 916 2563 Ἀλεξάνδρειαν
930 2535 1068 2562 μοναστη-

278 2575 346 2612 ρίοις
364 2576 410 2602 ἐπὶ
425 2575 473 2610 ἐτη
486 2575 560 2611 τρία,
576 2574 624 2601 καὶ¹
642 2573 836 2610 συνδιατρίψας
849 2572 1003 2605 καλλίστοις
1020 2572 1069 2600 καὶ

279 2621 498 2653 σπουδαιοτάτοις
527 2620 658 2656 μεγάλοις
683 2619 814 2655 ἀνδράσιν
849 2619 888 2651 ὠς
916 2619 1067 2653 δισχιλίοις,

277 2669 354 2706 πάσῃ
377 2669 463 2704 ἀρετῇ
494 2667 731 2703 κεκοσμημένοις,
758 2666 940 2702 ἀναχωρήσας
963 2665 1068 2692 ἐκεῖθεν

277 2713 360 2752 ἦλθον
373 2715 420 2741 ἐπὶ
432 2713 463 2741 τδ
477 2713 539 2750 ὅρος
554 2713 604 2748 τῆς
616 2712 742 2749 Νιτρίας.
754 2712 865 2745 Μεταξὺ
881 2712 910 2739 δὲ
924 2712 971 2739 τοῦ
988 2712 1068 2748 ὅρους

277 2762 373 2790 τούτου
397 2761 446 2788 καὶ
470 2761 521 2797 τῆς
541 2760 746 2796 Ἀλεξανδρείας
761 2760 846 2796 λίμνη
866 2761 967 2791 κεῖται,
982 2760 999 2795 ή
1016 2769 1068 2787 κα-

277 2807 396 2844 λουμένη
409 2807 514 2844 Μαρία.
527 2807 646 2843 Κατέχει
659 2807 688 2834 δὲ
708 2806 779 2842 αὕτη
797 2806 845 2834 ἐπὶ
860 2807 936 2842 μίλια
952 2806 1068 2842 ἑϐδομή-

277 2861 371 2882 κοντα.
389 2855 440 2881 Ἦν
452 2854 630 2886 διαπλεύσας,
644 2854 688 2882 διὰ
704 2854 773 2890 μιᾶς
790 2854 834 2881 καὶ
848 2853 978 2889 ήμισείας
996 2853 1067 2888 ήμέ-

277 2905 328 2933 ρας
342 2895 426 2933 ἦλθον
440 2899 479 2931 είς
496 2899 526 2926 τὸ
540 2899 603 2934 δρος
615 2899 661 2926 ἐπὶ
673 2899 704 2926 τὸ
720 2899 802 2935 μέρος
812 2899 863 2935 τῆς
880 2898 1065 2936 μεσημϐρίας.

1120 2295 1151 2335 ᾖ,
1170 2298 1268 2333 μέχρις
1281 2292 1313 2323 οὗ
1326 2297 1359 2332 ζῇ
1374 2297 1388 2323 6
1404 2296 1513 2332 πρῶτος
1525 2295 1723 2332 πρεσϐύτερος,
1738 2295 1797 2322 οὐδὲ
1807 2291 1848 2326 εἷς
1860 2293 1915 2320 τῶν

1120 2344 1209 2371 ἄλλων
1223 2343 1253 2370 οὐ
1272 2342 1434 2378 προσφέρει,
1453 2342 1482 2368 ού
1498 2341 1616 2375 δικάζει,
1628 2341 1678 2376 ούχ
1691 2340 1791 2376 ὁμιλεῖ,
1809 2339 1866 2366 ἀλλ’
1885 2341 1916 2366 ἐν

1120 2389 1223 2425 ήσυχίᾳ
1239 2387 1314 2423 αύτῷ
1329 2387 1546 2422 συγκαθέξονται
1558 2387 1648 2423 μόνον.

1155 2435 1224 2471 Περὶ
1244 2434 1394 2470 Ἀρσισίου.
1420 2432 1506 2466 Οὗτος
1530 2434 1544 2460 6
1572 2434 1662 2469 μέγας
1699 2433 1839 2469 Λρσίσιος,
1866 2432 1916 2461 καὶ

1119 2481 1195 2509 ἄλλοι
1215 2480 1310 2508 πολλοὶ
1323 2480 1452 2516 γέροντες
1468 2480 1524 2508 τῶν
1546 2479 1643 2515 ἁγίων,
1659 2480 1683 2506 οἱ
1699 2480 1748 2506 σὺν
1766 2478 1853 2515 αύτῷ,
1868 2477 1916 2510 οὓς

1119 2527 1200 2564 ἡμεῖς
1227 2527 1402 2562 ἑωράκαμεν,
1425 2526 1571 2562 σύγχρονοι
1603 2523 1676 2562 ἦσαν
1702 2526 1750 2552 τοῦ
1779 2525 1915 2561 μακαρίου

1126 2572 1285 2600 Ἀντωνίου.
1313 2572 1359 2598 ‘Ev
1382 2568 1425 2603 οἷς
1440 2571 1562 2606 διηγεῖτο
1585 2568 1664 2603 οὗτος
1690 2570 1772 2602 αὐτὸς
1797 2570 1812 2597 6
1827 2570 1915 2605 μέγας

1126 2619 1264 2655 ’Ᾱρσίσιος
1276 2619 1323 2646 καὶ
1346 2619 1392 2646 τὸν
1408 2618 1509 2654 ’Λμοῦν
1531 2618 1629 2645 εἰδέναι
1644 2617 1690 2644 τδν
1704 2617 1869 2652 Νιτριὼτην,
1885 2614 1916 2644 οὗ

1119 2666 1168 2702 τήν
1190 2666 1280 2702 ψυχὴν
1301 2664 1372 2693 εἶδεν
1392 2664 1658 2700 ἀναλαμϐανομένην
1686 2663 1739 2690 ὑπὸ
1760 2663 1887 2698 ἀγγέλων
1902 2664 1916 2689 6

1122 2711 1211 2747 μέγας
1229 2711 1383 2743 Ἀντώνιος,
1397 2710 1445 2738 καὶ
1458 2711 1499 2742 εἰς
1510 2710 1574 2741 τοὺς
1584 2709 1717 2745 οὐρανοὺς
1728 2708 1916 2744 ἀναγομένην.

1121 2758 1234 2792 Ἔλεγεν
1246 2757 1273 2785 δὲ
1286 2765 1364 2789 ουτος
1378 2757 1426 2784 καὶ
1441 2756 1589 2793 Παχώμιον
1603 2756 1702 2783 ειδέναι
1714 2756 1762 2783 τὸν
1774 2755 1917 2791 Ταϐεννη-

1120 2805 1232 2842 σιώτην,
1249 2805 1334 2843 ἄνδρα
1345 2806 1515 2842 προφητικὸν
1530 2806 1654 2842 χάρισμα
1665 2804 1813 2840 ἐσχηκότα,
1832 2804 1917 2840 ἀρχι-

1121 2851 1270 2888 μανδρίτην
1287 2852 1417 2887 γεγονότα
1432 2851 1537 2887 ἀνδρῶν
1551 2851 1727 2888 τρισχιλίων,
1740 2850 1805 2888 περὶ
1821 2847 1854 2878 οὗ
1873 2851 1916 2884 εἰς

1121 2898 1236 2934 ὕστερον
1253 2898 1301 2931 τὰς
1314 2898 1414 2933 ἀρετὰς
1425 2897 1606 2934 διηγήσομαι.
