2079 3157
209 156 271 184 1021

829 155 986 183 ιιιδτοῐὶιιι
1008 155 1186 183 ΙΑΠΞΙΔΟΛ.

1746 162 1816 191 ibi“)

205 209 333 243 smaragdi
350 214 376 237 et
397 209 547 244 hyacinth.,
573 216 620 236 nec
636 209 690 236 scio
705 217 738 236 an
755 210 809 237 sint
832 210 930 243 furtivi,
948 218 980 237 an
995 213 1018 240 Α
1034 209 1103 236 diem
1118 218 1198 237 unum
1212 215 1239 238 et
1253 211 1391 239 dimidium
1407 214 1465 241 veni
1486 214 1512 241 in
1529 219 1645 243 montem
1659 216 1692 244 ad
1711 223 1812 252 partem

202 255 313 289 alicujus
335 255 499 282 mercatoris.
514 255 571 282 Non
586 255 756 282 constituitur
778 256 848 282 enim
865 257 905 282 eis
921 264 981 290 pre-

203 303 277 333 tium,
292 309 351 328 cum
367 301 568 328 :rstimationem
581 305 720 335 superent;
733 302 776 334 qui
790 301 869 328 habet
882 306 981 334 autem,

202 346 292 373 vendit
305 353 350 372 eas
369 345 517 380 quingentis
527 345 628 371 solidis.
645 345 671 372 Si
687 352 749 378 ergo
764 345 811 372 tibi
827 346 910 372 visum
928 346 982 373 lue-

201 391 236 418 rit
247 398 291 418 eas
302 391 432 424 accipere,
445 390 478 417 da
493 390 650 424 quingentos
662 390 774 423 solidos,
789 395 867 425 potes
882 398 914 418 ex
931 398 981 417 una

199 442 305 470 gemma
324 435 445 469 accipere
463 434 630 469 quingentos,
650 435 758 469 reliquis
779 439 866 462 autem
894 435 931 462 uti
950 435 982 462 ad

203 480 355 507 variandum
377 480 504 506 mundum
526 479 586 506 lilia:
605 484 656 506 tua:
671 481 781 507 sororis.
804 481 871 507 Cum
895 485 982 508 autent

203 533 259 560 qua:
280 525 416 552 dicebatur
429 524 503 558 virgo
515 528 567 550 tota
585 525 711 558 penderet
725 532 739 551 a
757 525 840 559 puella
850 545 858 558 ,
878 525 981 552 inesca-

203 575 245 597 tur
258 570 315 604 ejus
327 569 453 596 ornanda:
468 569 625 602 cupiditate;
646 574 672 596 et
687 570 798 603 procidit
813 571 845 596 ad
861 570 918 604 ejus
935 578 982 603 pe-

202 614 260 647 des,
273 619 300 641 et
314 614 400 641 dixit:
417 614 490 647 Rogo
506 618 531 640 te
544 622 576 640 ne
588 615 646 647 quis
656 614 774 642 aliuseas
785 616 905 649 accipiat.
920 615 982 642 Eam

203 665 264 692 ergo
277 657 432 685 adhortatur
448 663 567 690 sanctus,
583 659 675 686 dicens
691 667 697 686 :
716 659 779 686 Veni
793 667 876 694 usque
890 660 922 686 ad
937 661 984 687 do-

202 711 273 729 mum
285 710 380 735 meam,
397 709 422 730 et
434 710 479 730 eas
493 704 591 737 aspice.
612 704 656 731 llls
671 709 758 731 autem
776 705 879 737 noluit;
899 706 944 732 sed
959 706 982 732 ei

203 748 304 782 praebet
325 749 484 783 quingentos
506 748 623 782 solidos,
646 750 735 776 dicens
752 758 758 776 :
775 750 848 784 Rogo
865 755 901 783 te,
927 751 983 785 ipse

201 800 248 820 eas
261 797 288 819 ut
299 793 337 820 vis
352 800 436 826 cape;
459 793 519 820 nolo
532 793 602 820 enim
624 794 715 821 videre
730 794 864 821 hominem
878 795 921 829 qui
936 802 982 822 eas

202 838 302 865 vendit.
318 838 382 866 Cum
405 843 492 865 autem
515 839 671 873 quingentos
696 839 796 867 solidos
811 840 844 867 ab
861 848 892 867 ea
907 848 938 867 ac
955 849 983 868 e-

202 885 283 917 pisset
297 887 403 910 sanctus
417 883 556 916 Macarius,
572 884 616 911 dat
630 891 676 911 eos
693 884 726 911 ad
742 892 816 912 usum
829 885 982 919 ptochotro-

201 927 267 962 phii.
283 928 348 955 Cum
361 933 449 955 autem
464 929 575 956 multum
588 934 691 964 tempus
715 930 896 963 praeteriisset,
917 938 983 964 quo-

202 972 273 998 niam
288 979 383 1007 magna
407 976 464 999 erat
478 971 673 1000 existimatione
696 974 764 1008 apud
789 974 983 1001 Alexandrinos

201 1015 241 1043 vir
255 1016 309 1048 ille,
335 1020 427 1049 utpote
437 1023 539 1043 summe
553 1017 612 1051 pius
627 1024 659 1044 ac
673 1018 824 1045 misericors
839 1018 848 1054 (
860 1019 925 1045 vixit
937 1026 984 1046 au-

201 1064 253 1087 tem
263 1060 296 1087 ad
309 1065 413 1087 centum
426 1069 509 1095 usque
524 1068 617 1094 annos,
635 1062 711 1096 cujus
725 1067 844 1097 tempore
857 1071 906 1090 nos
916 1071 983 1098 quo—

199 1113 251 1138 que
262 1104 381 1140 fuimus),
397 1107 537 1133 verebatur
549 1114 609 1134 eum
624 1108 777 1135 admonere.
792 1108 910 1135 Tandem
922 1115 982 1135 cum

200 1157 259 1177 cum
275 1151 420 1178 invenisset
443 1153 468 1178 in
484 1153 607 1186 ecclesia,
623 1152 687 1179 dicit
700 1154 724 1180 ei
744 1162 750 1180 :
767 1154 841 1188 Rogo
857 1158 893 1186 te,
919 1154 982 1188 quid

199 1195 275 1229 iubes
285 1195 318 1223 de
331 1196 471 1230 lapidibus,
484 1205 531 1230 pro
544 1198 640 1232 quibus
651 1198 773 1226 dedimus
787 1198 887 1226 solidos
904 1200 982 1233 quin-

199 1239 309 1275 gentos?
322 1240 367 1267 llle
380 1241 404 1268 ei
416 1242 561 1276 respondit,
572 1243 663 1269 dicens
679 1251 686 1269 :
699 1243 720 1270 Α
735 1251 788 1277 quo
803 1244 845 1271 die
856 1243 919 1270 mihi
934 1244 983 1271 de-

199 1283 262 1310 disti
276 1291 380 1318 aurum,
404 1293 449 1312 eos
463 1287 578 1321 impendi
599 1288 625 1314 in
638 1288 751 1322 pretium
765 1296 939 1323 gemmarum,
955 1293 983 1316 et

199 1329 221 1355 si
233 1329 299 1356 velis
322 1336 367 1357 eas
391 1330 567 1361 videre,veni
591 1332 616 1358 in
640 1333 781 1366 hospitium
803 1341 900 1360 meum.
927 1334 982 1361 Illic

200 1375 269 1401 enim
284 1375 340 1402 sitae
364 1381 424 1403 sunt
437 1384 559 1413 gemmze,
583 1382 609 1405 et
632 1378 710 1412 vide;
726 1379 795 1413 quod
819 1379 841 1406 si
862 1379 908 1406 tibi
929 1386 981 1407 non

199 1421 331 1455 placeant,
348 1422 410 1450 tolle
423 1431 517 1451 aurum
534 1428 618 1451 tuum.
634 1424 715 1452 Venit
727 1429 815 1452 autem
830 1425 874 1452 illa
888 1425 982 1454 luben-

201 1465 308 1494 tissime.
326 1467 444 1496 llahebat
457 1475 544 1497 autem
561 1470 794 1505 ptoehotrophium
810 1471 836 1498 in
849 1472 980 1507 superiori

199 1513 304 1547 quidem
316 1519 390 1547 parte
400 1515 535 1548 mulieres,
546 1515 572 1542 in
584 1515 703 1543 inferiori
713 1521 801 1544 autem
812 1517 896 1544 viros.
913 1517 980 1544 Cum

1035 254 1249 282 meridionalem.
1266 256 1293 283 In
1305 264 1357 292 quo
1367 264 1456 285 monte
1470 260 1519 286 sita
1531 265 1570 287 est
1583 261 1674 295 ingens
1688 263 1814 300 solitudo,

1034 306 1093 334 quae
1117 300 1230 334 pertinet
1249 309 1333 336 usque
1354 303 1385 329 ad
1409 303 1582 338 Ethiopiam,
1603 310 1630 332 et
1651 307 1774 342 Malicos,
1789 314 1817 336 et

1034 344 1228 372 Mauritaniam.
1251 346 1277 373 In
1293 354 1324 374 eo
1337 353 1425 375 autem
1447 350 1565 377 habitant
1583 352 1615 378 ad
1631 355 1746 388 quinque
1759 356 1818 382 mil-

1034 389 1067 416 lia
1091 391 1205 417 virorum
1228 392 1301 427 (l8),
1323 394 1366 427 qui
1392 399 1500 422 utuntur
1523 397 1596 425 vario
1622 399 1682 426 vita:
1707 407 1812 435 genere,

1034 435 1215 470 unusquisque
1234 441 1263 464 ut
1284 442 1368 471 potest
1384 444 1410 466 et
1425 441 1495 473 vult,
1517 441 1583 468 adeo
1599 446 1626 469 ut
1640 443 1715 471 liceat
1731 449 1759 472 et
1772 453 1816 472 so-

1033 480 1085 507 lum
1103 489 1223 515 manere,
1247 487 1273 509 et
1294 490 1353 510 cum
1368 485 1479 518 duobus,
1495 491 1521 513 et
1537 487 1631 522 tribus,
1652 494 1678 516 ct
1690 497 1750 517 cum
1765 499 1817 525 quo

1033 524 1095 550 velit
1112 533 1231 552 numero.
1254 526 1280 553 ln
1298 528 1346 553 hoc
1369 535 1459 556 monte
1482 536 1542 557 sunt
1560 537 1661 566 septem
1686 524 1815 568 pistrinm,

1033 575 1092 602 quae
1105 573 1130 595 et
1143 570 1193 597 illis
1204 572 1332 603 serviunt,
1349 578 1375 599 et
1394 574 1560 602 anachoretis
1572 577 1616 611 qui
1631 583 1693 605 sunt
1703 579 1729 606 in
1740 586 1815 607 vasta

1033 614 1186 648 solitudine,
1203 617 1265 643 viris
1290 617 1422 651 perfectis,
1447 627 1556 648 numero
1578 624 1720 650 sexcentis.
1747 625 1814 653 Cum

1033 666 1096 693 ergo
1116 664 1171 686 toto
1185 668 1255 689 anno
1272 662 1298 689 in
1313 669 1402 691 monte
1419 665 1579 693 habitassem
1595 668 1665 702 apud
1681 669 1772 697 beatos
1790 676 1817 698 et

1033 709 1140 731 sanctos
1155 704 1258 738 Patres,
1290 712 1418 740 magnum
1452 705 1585 736 Arsisium
1621 716 1648 739 et
1684 714 1816 749 Putupba-

1034 753 1115 779 stum.
1129 754 1155 776 et
1171 749 1311 785 Hagionem
1323 751 1392 788 (19),
1406 757 1433 780 et
1442 754 1579 790 Cronium,
1591 762 1618 784 et
1632 758 1815 793 Serapionem,

1034 799 1061 821 et
1075 794 1168 821 multis
1182 796 1357 830 antiquiorum
1379 798 1486 826 Patrum
1502 802 1663 835 spiritalibus
1686 805 1817 835 narratio-

1036 839 1124 873 nibus,
1148 841 1182 867 ab
1203 841 1267 875 ipsis
1286 850 1371 869 essem
1387 845 1547 879 stimulatus,
1571 849 1628 874 veni
1651 849 1676 875 in
1697 849 1817 878 intimam

999 887 1021 916 Β
1035 883 1215 912 solitudinem.
1241 886 1268 912 ln
1290 887 1339 913 hoc
1361 893 1451 915 monte
1466 890 1556 917 Nitriae
1571 899 1622 918 una
1641 898 1681 920 est
1701 895 1816 922 maxima

1036 928 1159 962 ecclesia,
1175 935 1202 956 et
1217 931 1241 957 in
1257 931 1312 965 ipsa
1324 932 1434 960 ecclesia
1451 939 1512 961 sunt
1524 939 1578 962 tres
1593 938 1695 971 palmre,
1710 947 1740 966 ex
1760 941 1818 974 qui-

1035 972 1087 999 bus
1103 981 1267 1009 unaquteqne
1285 976 1365 1004 habet
1378 978 1509 1011 ﬂagellum
1524 979 1581 1015 (20)
1596 972 1776 1015 suspensum.-
1788 985 1818 1012 Et

1034 1021 1076 1044 est
1090 1025 1169 1045 unum
1189 1019 1293 1054 quidem
1315 1022 1347 1049 ad
1365 1024 1532 1057 castigandos
1553 1027 1698 1055 monachos
1712 1028 1756 1063 qui
1770 1029 1818 1058 de-

1034 1062 1172 1097 linquunt;
1198 1065 1311 1093 alterum
1336 1075 1400 1094 vero
1419 1069 1452 1096 ad
1477 1070 1624 1104 puniendos
1646 1062 1772 1107 latrones,
1795 1075 1818 1101 si

1035 1108 1141 1141 quando
1156 1109 1316 1143 inciderint;
1333 1113 1437 1140 tertium
1455 1121 1518 1142 vero
1535 1115 1567 1142 ad
1589 1117 1760 1152 corrigendos
1772 1127 1819 1147 eos

1035 1153 1078 1186 qui
1090 1152 1158 1180 forte
1175 1155 1296 1189 veniunt,
1312 1161 1340 1183 et
1353 1157 1378 1184 in
1393 1158 1479 1192 aliqua
1495 1159 1589 1187 delicta
1605 1161 1735 1196 incidunt;
1752 1164 1819 1191 adeo

1034 1200 1066 1223 ut
1077 1198 1228 1232 quicunque
1235 1200 1401 1235 delinquunt,
1409 1207 1437 1231 et
1445 1205 1636 1233 convincuntur
1650 1208 1778 1236 meruisse
1793 1213 1819 1237 ut

1033 1241 1097 1269 dent
1111 1250 1214 1277 wnnas,
1240 1246 1352 1279 palmam
1368 1248 1577 1285 amplectantur,
1589 1256 1617 1278 et
1631 1255 1704 1287 tergo
1726 1254 1814 1289 plagas

1034 1286 1180 1319 prtelinitas
1193 1291 1336 1325 accipiant,
1352 1295 1379 1319 et
1390 1292 1429 1319 sic
1440 1292 1617 1322 dimittantur.
1633 1286 1718 1330 Prope
1731 1286 1818 1326 eccle-

1034 1330 1101 1358 siam
1112 1337 1200 1360 autem
1210 1336 1321 1368 positum
1334 1342 1374 1364 est
1386 1338 1590 1372 xenodochium,
1604 1341 1630 1368 in
1643 1349 1696 1376 quo
1709 1343 1817 1371 venien-

1035 1379 1087 1403 tem
1107 1376 1237 1412 hospitem
1254 1384 1309 1408 toto
1324 1385 1442 1417 tempore
1455 1384 1598 1420 accipiunt,
1612 1386 1690 1413 etiam
1705 1387 1728 1414 si
1745 1388 1818 1416 bien-

1034 1422 1106 1449 nium
1121 1429 1165 1450 aut
1181 1424 1326 1452 triennium
1340 1427 1454 1455 voluerit
1467 1437 1584 1463 manere,
1596 1431 1679 1461 donec'
1692 1433 1755 1460 velit
1767 1441 1816 1462 sua

1033 1474 1126 1502 sponte
1138 1470 1271 1503 recedere,
1285 1473 1467 1505 permittentes
1479 1475 1502 1502 ei
1517 1484 1567 1503 una
1583 1477 1745 1508 hebdomada
1759 1489 1815 1509 ma-

1032 1521 1097 1542 nere
1119 1515 1144 1542 in
1160 1515 1225 1542 otio.
1249 1517 1313 1544 Aliis
1327 1522 1415 1545 autem
1429 1520 1522 1548 diebus
1536 1522 1661 1557 deinceps
1684 1533 1815 1561 occupant

199 1564 231 1584 ea
240 1561 327 1584 autem
335 1561 503 1592 accessisset,
513 1561 718 1589 introduciteam
733 1563 758 1589 in
767 1563 938 1596 vestibulum,
954 1563 1018 1595 etC
1033 1566 1093 1586 eum
1109 1560 1134 1587 ῖη
1146 1561 1280 1595 operibus:
1296 1567 1342 1589 ³1η
1355 1563 1380 1590 in
1396 1563 1482 1597 "0-"0-
1495 1571 1540 1593 θυι
1552 1567 1578 1594 in
1592 1567 1712 1603 Ρῖειτίηο.
1728 1560 1773 1598 alit
1788 1573 1815 1600 in

200 1603 266 1630 dicit
281 1604 305 1630 ei
321 1609 428 1630 sanctus
443 1604 572 1632 Macarius
588 1614 595 1632 :
611 1605 678 1639 Quid
693 1607 732 1633 vis
751 1608 866 1641 primum
879 1607 980 1640 videre,

199 1646 369 1681 hyacinthos,
385 1655 418 1674 an
432 1649 605 1683 smaragdos?
619 1650 655 1676 Ea
670 1658 733 1678 vero
754 1651 791 1678 illi
809 1651 873 1679 dicit
885 1660 893 1680 :
906 1652 981 1686 Quod

201 1692 246 1719 tibi
256 1692 371 1720 videtur.
385 1693 429 1720 Ille
440 1702 503 1721 Vero
512 1702 568 1722 eam
575 1695 646 1722 ducit
655 1696 680 1722 in
691 1700 791 1730 partem
805 1697 981 1732 superiorem,

200 1741 227 1763 et
238 1737 353 1764 ostendit
366 1737 389 1764 ei
404 1738 546 1765 conscissis
569 1739 680 1767 fetutinas
703 1741 829 1768 membris
839 1761 845 1773 ,
861 1746 888 1769 et
902 1742 981 1768 vulti-

180 1772 249 1808 ’διες
272 1784 333 1809 totis
357 1783 428 1809 varia
450 1784 622 1811 morbositate
645 1785 778 1818 laceratis,
800 1791 827 1813 et
850 1787 913 1814 dicit
935 1787 979 1814 ei:

201 1825 270 1854 Ecce
284 1826 429 1862 hyacinthi.
449 1827 548 1855 Deinde
563 1829 668 1856 deducit
682 1838 739 1857 eam
754 1831 780 1858 in
794 1838 896 1866 partem
912 1831 980 1859 infe-

200 1871 309 1904 riorem,
323 1877 350 1899 et
366 1873 483 1900 ostendit
494 1873 518 1900 ei
531 1874 610 1907 viros,
625 1874 735 1902 dicens:
753 1876 822 1903 Ecce
835 1877 980 1911 smaragdi;

199 1921 227 1943 et
240 1917 362 1945 existimo
384 1926 436 1944 non
463 1918 574 1946 inveniri
596 1920 636 1946 his
659 1921 848 1954 pretiosiores;
871 1922 941 1956 quod
957 1922 980 1950 si

199 1961 247 1988 tibi
262 1969 314 1989 non
328 1962 458 1997 placeant,
484 1964 574 1998 accipe
589 1972 683 1992 aurum
700 1969 783 1992 tuum.
799 1966 846 1993 llis
860 1973 924 2000 ergo
944 1967 982 1994 sic

199 2006 291 2039 gestis,
314 2007 413 2039 pudore
427 2007 519 2035 aﬁ'ecta
532 2008 606 2042 virgo
620 2010 694 2041 exiit,
715 2014 741 2037 et
756 2010 861 2038 domum
877 2019 981 2038 reversa

201 2058 322 2085 magnum
345 2053 445 2085 accepit
461 2053 596 2087 dolorem,
618 2055 688 2089 quod
710 2055 779 2083 hanc
802 2063 857 2083 rem
877 2064 908 2084 ex
931 2057 983 2084 Deo

201 2102 253 2122 non
269 2096 383 2129 fecisset,
399 2097 444 2124 sed
460 2098 573 2125 adducta
594 2100 766 2127 necessitate.
785 2101 879 2127 Postea
896 2106 982 2128 autem

200 2142 298 2175 gratias
312 2143 365 2178 egit
379 2143 546 2178 presbytero,
566 2152 626 2172 cum
641 2146 728 2179 puella
742 2146 817 2180 cujus
831 2153 921 2173 curam
936 2154 982 2180 ge-

201 2188 287 2220 rebat,
311 2194 370 2222 post
388 2194 493 2224 nuptias
507 2194 610 2218 mortua
625 2195 696 2218 esset
710 2191 767 2219 sine
787 2191 887 2224 liberis,
910 2192 982 2226 ipsa-

1033 1606 1156 1639 coquina.
1180 1606 1254 1640 Quod
1275 1609 1296 1634 si
1313 1608 1393 1636 fuerit
1407 1609 1537 1645 quispiam
1553 1612 1626 1647 cujus
1642 1615 1677 1641 sit
1695 1615 1815 1645 habenda

1032 1650 1113 1683 ratio,
1129 1650 1191 1677 dant
1207 1652 1231 1679 ei
1247 1651 1342 1679 librum
1358 1653 1508 1688 legendum,
1525 1664 1577 1684 non
1594 1660 1775 1692 permittentes
1789 1663 1815 1690 ei

1032 1698 1060 1720 ut
1075 1701 1134 1721 cttm
1149 1695 1204 1722 ullo
1216 1697 1381 1731 colloquatur
1397 1706 1480 1734 usque
1495 1700 1528 1727 ad
1551 1701 1643 1730 horam
1661 1709 1772 1733 sextam.
1789 1707 1815 1734 In

1033 1739 1083 1767 hoc
1095 1746 1184 1768 monte
1200 1741 1300 1776 degunt
1311 1743 1389 1770 etiam
1406 1745 1502 1772 medici
1515 1750 1541 1772 et
1555 1747 1718 1781 placentarii.
1734 1751 1816 1778 Utun-

1033 1788 1076 1811 tur
1095 1784 1174 1812 eziam
1189 1786 1261 1820 vino,
1287 1791 1314 1813 et.
1337 1788 1424 1814 vinum
1446 1789 1499 1815 illic
1518 1791 1648 1819 venditur.
1674 1794 1704 1820 lli
1728 1801 1815 1823 autem

1033 1835 1126 1855 omnes
1146 1829 1202 1855 suis
1218 1830 1340 1857 manibus
1355 1831 1453 1859 faciunt
1469 1837 1566 1860 vestem
1582 1835 1688 1870 lineam,
1705 1838 1773 1865 adeo
1787 1845 1815 1867 ut

1031 1872 1085 1899 sint
1099 1879 1192 1900 omnes
1207 1874 1315 1902 minime
1335 1880 1452 1909 egentes.
1469 1875 1543 1904 Circa
1558 1878 1650 1906 horam
1664 1885 1751 1909 autem
1767 1879 1814 1909 rio-

1032 1924 1093 1943 nam
1109 1917 1171 1945 licet
1182 1922 1270 1950 stare,
1292 1923 1319 1946 et
1334 1919 1424 1952 audire
1439 1920 1466 1948 in
1480 1929 1638 1958 unoquoque
1653 1930 1813 1955 monasterio

1034 1963 1145 1996 hymnos
1164 1966 1191 1989 et
1210 1963 1325 1996 psalmos
1342 1964 1446 1992 Christo
1460 1971 1599 2001 canentes,
1620 1973 1647 1996 et
1670 1977 1762 2004 preces
1771 1973 1813 2000 tad

1034 2005 1146 2040 hymnos
1166 2007 1330 2040 eminentes.
1345 2009 1412 2036 adeo
1427 2015 1454 2037 ut
1474 2010 1608 2038 existimet
1628 2014 1757 2048 quispiam
1779 2024 1814 2044 se

1032 2051 1148 2079 sublime
1172 2052 1270 2079 elatum
1284 2054 1485 2088 transmigrasse
1499 2056 1525 2082 in
1539 2057 1690 2090 paradisum
1706 2059 1814 2090 delicia-

1033 2103 1107 2127 rum;
1122 2097 1232 2124 vcuiuut
1250 2102 1339 2125 autem
1353 2098 1386 2126 ad
1405 2100 1544 2127 ecclesiam
1561 2101 1676 2130 Sabbato
1689 2104 1772 2132 solum
1787 2110 1814 2133 et

1033 2140 1181 2168 Dominico.
1205 2142 1272 2169 Sunt
1286 2147 1372 2170 autem
1394 2150 1454 2171 octo
1469 2145 1617 2180 presbyteri
1636 2149 1678 2182 qui
1696 2156 1813 2183 praesunt

1033 2185 1094 2213 huic
1107 2187 1240 2220 ecclesiae,
1256 2188 1281 2214 in
1296 2196 1346 2222 qua
1357 2189 1471 2223 quztndiu
1486 2191 1550 2218 vivit
1563 2193 1662 2226 primus
1677 2197 1813 2232 presbyter

200 2240 253 2267 quo
280 2233 406 2269 deinceps
431 2236 569 2264 raculmes
596 2243 659 2263 sua,
682 2237 708 2263 in
734 2241 822 2264 ηειοε
845 2244 908 2264 usus
934 2245 981 2265 ει..
994 2246 1020 2275 D
1035 2230 1112 2266 hujus
1127 2233 1258 2266 ccclesizc,
1281 2234 1368 2261 nullus
1389 2235 1457 2263 alius
1472 2236 1560 2269 oﬂert,
1576 2245 1624 2266 nec
1636 2239 1746 2273 iudicat,
1762 2250 1812 2271 nec

203 2278 302 2312 pendit.

500 2345 613 2373 CAPUT
630 2346 683 2374 γη.

207 2408 266 2435 Vita
280 2410 376 2436 abbatis
399 2410 488 2448 Ανιὶῄὶ
504 2411 560 2446 (17)
581 2417 708 2448 algarum
731 2415 772 2448 qui
791 2422 849 2441 eum
864 2423 892 2442 eo
910 2421 980 2442 erant

470 2446 496 2472 in
510 2451 592 2473 monte
607 2446 708 2474 Nitriae.

235 2498 301 2525 Cum
316 2505 366 2533 ego
380 2506 440 2526 cum
456 2500 547 2528 multis
561 2502 658 2529 sanctis
672 2509 757 2530 essem
773 2510 940 2539 congressus,
953 2508 981 2533 et

200 2549 321 2571 versatus
335 2549 389 2572 tres
407 2551 491 2572 annos
511 2546 537 2573 in
559 2548 726 2575 monasteriis
747 2556 806 2583 quae
829 2554 892 2577 sunt
910 2551 980 2578 circa

198 2591 397 2624 Alexandriam,
418 2594 445 2619 et
457 2593 612 2620 mansissem
624 2601 683 2621 cum
699 2595 800 2629 magnis
815 2595 979 2624 studiosissi-

199 2637 302 2672 misque
316 2641 342 2663 et
358 2637 465 2671 optimis
479 2637 542 2664 viris
563 2639 669 2666 circiter
682 2639 723 2667 bis
735 2640 818 2673 mille,
841 2641 913 2668 omni
926 2641 980 2668 vir-

200 2687 255 2709 tute
265 2682 385 2715 'ornatis,
400 2682 473 2710 illinc
487 2684 613 2712 recedens
627 2685 686 2712 veni
702 2685 728 2712 in
743 2691 859 2714 montem
876 2686 978 2715 Nitriae.

200 2727 268 2754 Inter
288 2727 359 2755 hunc
379 2733 496 2756 montem
515 2733 603 2757 autem
625 2735 652 2758 et
671 2730 855 2759 Alexandriam
879 2733 979 2767 positus

200 2775 240 2797 est
257 2771 340 2805 lacus,
356 2773 400 2807 qui
423 2772 519 2801 dicitur
541 2774 623 2801 Maria
639 2775 682 2804 :is
698 2779 785 2803 autem
805 2777 924 2804 continet
945 2777 978 2805 ad

200 2814 280 2842 millia
303 2817 478 2854 septuaginta.
506 2818 590 2852 Quem
610 2827 670 2849 cum
694 2821 908 2853 transmisissem.
932 2825 979 2857 per

998 2308 1000 2311 ι
1036 2278 1116 2306 habet
1144 2287 1303 2312 sermonem,
1326 2280 1372 2307 sed
1403 2282 1482 2309 tacite
1514 2283 1599 2310 solum
1632 2293 1691 2313 cum
1722 2295 1754 2315 eo
1768 2296 1812 2315 sc-

1035 2322 1108 2350 dent.

1069 2378 1117 2404 llic
1139 2385 1248 2412 magnus
1261 2379 1393 2413 Arsisius,
1409 2384 1436 2408 et
1449 2380 1494 2408 alii
1510 2383 1583 2409 multi
1597 2390 1655 2410 cum
1673 2391 1705 2412 eo
1719 2392 1807 2418 senes,

1033 2429 1099 2456 quos
1122 2430 1171 2449 nos
1194 2423 1317 2455 vidimus,
1334 2423 1441 2452 fuerunt
1454 2427 1569 2460 aequales
1585 2432 1702 2462 tempore
1717 2437 1811 2464 magno

1033 2467 1157 2494 Antonio.
1182 2469 1268 2503 Atque
1288 2469 1352 2496 mihi
1367 2470 1473 2504 quidem
1497 2473 1613 2499 narravit
1636 2473 1679 2500 hic
1700 2482 1811 2509 magnus

1032 2511 1148 2539 Arsisius
1167 2519 1196 2540 se
1218 2515 1303 2540 Amon
1326 2522 1430 2549 quoque
1452 2515 1551 2543 vidisse
1574 2516 1722 2551 Nitriotem,
1737 2521 1812 2553 cujus

1032 2557 1146 2584 animam
1161 2557 1227 2584 vidit
1241 2559 1340 2585 assumi
1355 2559 1485 2586 Antonius
1498 2559 1532 2586 ab
1544 2561 1659 2594 angelis,
1674 2566 1702 2589 et
1712 2562 1738 2589 in
1753 2570 1807 2591 cun

1031 2600 1085 2628 lum
1099 2601 1195 2629 deduci
1215 2601 1288 2636 (Vita
1303 2603 1416 2636 Antonii,
1431 2612 1455 2631 ε.
1470 2604 1521 2638 52;
1538 2604 1621 2639 Rulli,
1635 2605 1654 2633 ι.
1670 2614 1698 2639 tl,
1712 2615 1735 2635 c.
1752 2608 1810 2642 50).

1032 2643 1056 2672 ls
1070 2645 1176 2673 dicebat
1188 2653 1217 2674 se
1231 2647 1309 2675 etiam
1333 2647 1502 2675 Pachumium
1516 2650 1612 2677 vidisse
1633 2651 1811 2680 Tabennesio-

1034 2693 1098 2724 tem,
1114 2690 1199 2718 virum
1214 2691 1365 2726 praphetica
1379 2694 1461 2727 gratia
1475 2694 1586 2728 clarum,
1603 2701 1642 2722 ter
1656 2697 1727 2724 mille
1740 2696 1809 2724 viro-

1034 2742 1091 2761 rum
1106 2736 1353 2771 archimandritam;
1369 2737 1445 2772 cujus
1460 2739 1574 2767 narrabo
1596 2744 1685 2774 postea
1699 2741 1810 2770 virtutes

1035 2780 1122 2815 (Intra,
1139 2789 1161 2808 ι.
1176 2781 1230 2818 58).
