2077 3154
209 155 282 191 1025

520 214 645 244 ΚΕΦΔΛ.
671 218 712 245 Ην.

210 260 280 294 Bia;-
294 257 349 287 τοῦ
363 259 451 295 ἁγίου
470 259 576 295 Ἀμοῦν
588 261 638 288 καί
654 261 710 296 τῆς
724 262 832 291 τούτου
851 263 1001 299 συζύγου.

246 300 333 336 Οὗτος
348 303 442 338 ἔλεγεν
457 304 568 332 καὶτὸν
591 305 693 340 Ἀμοῦν
715 305 828 342 τοιούτῳ
847 306 942 341 τρόπῳ
963 307 1005 342 βε-

208 347 339 375 ϐιωκέναι
349 355 356 363 ·
379 348 513 383 Ὀρφανδς
525 369 533 381 ,
548 348 641 384 φησίν,
664 349 795 385 ὑπάρχων
811 351 951 383 νεανίσκος
966 350 1005 383 ὤς

209 393 277 420 ὲτῶν
290 393 376 419 εῖκοσι
393 392 457 425 δύο,
485 393 532 428 βίᾳ
547 394 624 429 παρά
640 394 688 420 τοῦ
713 394 777 421 ἰδίου
802 395 874 421 θείου
894 394 1004 429 γυναικ)⁸

210 436 388 471 σννεζεύχθη.
403 437 457 462 Καὶ
469 436 506 471 μὴ
518 436 642 471 δυνηθεὶς
656 437 816 472 ἀντιστῆναι
830 440 863 473 τῇ
873 438 920 464 τοῦ
931 438 1002 464 θείου

210 480 329 515 ἀνάγκῃ,
360 479 449 511 ἔδοξεν
482 479 530 505 καὶ
555 479 765 514 στεφανοῦσθαι,
787 482 832 507 καὶ
859 482 888 508 ὲν
908 481 1003 516 παστῷ

210 522 391 555 καθέζεσθαι,
403 523 449 549 καὶ
461 523 551 549 πάντα
567 524 753 558 μεμενηκέναι
765 525 836 551 κατά
848 526 893 551 τὸν
905 526 1002 560 γάμον.

210 567 289 595 Μετὰ
305 567 334 593 δὲ
350 566 380 593 τὺ
392 566 510 599 ἐξελθεῖν
527 566 631 599 πάντας
656 569 839 603 κοιμήσοντας
856 569 956 600 αὐτοὺς
975 570 1004 596 ἑν

210 610 250 646 τῷ
267 609 364 644 παστῷ
376 610 424 636 καὶ
434 612 467 645 τῇ
485 609 575 645 κλίνῃ,
588 610 707 642 ἀναστὰς
720 612 734 637 6
749 613 884 647 μακάριος
904 612 1003 647 Ἀμοῦν

211 654 353 681 ἀποκλείει
364 654 414 688 τὴν
432 653 528 688 θύραν,
545 654 592 680 καὶ
612 655 726 686 καθίσας
741 656 937 690 προσκαλεῖται
955 657 1004 692 τὴν

214 697 351 733 μακαρίαν
376 697 460 723 αὑτοῦ
487 698 533 723 καὶ
551 698 665 732 γνησίαν
694 698 830 733 σύζυγον,
857 700 904 726 καὶ
930 699 1005 734 λέγει

212 742 281 776 αὐτῇ
291 748 298 755 ·
312 741 399 775 Δεῦρο
413 740 456 774 δὴ,
471 741 554 775 κυρία
575 742 621 767 καὶ
637 742 750 777 ἀδελφὴ,
769 742 863 769 λοιπὸν
877 743 1005 779 διηγήσο-

213 785 263 820 μαί
282 792 323 810 σοι
335 783 366 809 τὺ
377 784 494 818 πρᾶγμα
506 792 512 798 ·
532 784 547 810 6
562 784 648 819 γάμος
670 785 701 810 ὃν
721 786 903 820 ὲγαμήσαμεν
927 784 1005 818 οῦτός

213 830 292 855 ἐστιν
318 828 448 862 περισσὸν
472 828 542 863 ἔχων
557 829 645 855 οὐδέν.
666 829 765 862 Καλῶς
787 829 833 857 οῦν
855 831 1005 866 ποιήσομεν

211 873 305 907 ἡμεῖς,
332 871 379 898 ἐὰν
399 871 453 898 ἀπὸ
475 871 523 898 τοῦ
548 872 595 898 νῦν
614 872 729 905 ἕκαστος
751 874 829 909 ἡμῶν
855 874 914 900 κατ’
938 875 1005 901 ἰδίαν

214 915 383 950 καθευδήσῃ,
400 915 444 942 ἵνα
464 916 512 941 καὶ
532 915 571 951 τῷ
596 917 708 952 Χριστῷ
732 917 826 944 λοιπὸν
848 919 1004 954 ἀρὲσωμεν,

213 959 406 990 ἐκτελέσαντες
431 958 543 985 ἄθικτον
570 959 649 994 ἡμῶν
679 961 730 995 τὴν
756 961 916 996 παρθενίαν.
950 962 1005 990 Καὶ

212 1002 365 1036 ἐξενεγκὼν
382 1003 414 1029 ἐκ
435 1002 481 1028 τοῦ
503 1002 604 1029 κόλπου
626 1003 728 1036 βιϐλίον
749 1005 952 1040 γεγραμμένον,
968 1006 1006 1037 ὡς

214 1047 247 1072 ὲκ
261 1045 409 1081 προσώπου
425 1045 473 1072 τοῦ
482 1047 633 1072 ἀποστόλου
648 1049 696 1073 καὶ
709 1047 756 1073 τοῦ
772 1049 899 1083 Σωτῆρος
910 1050 1005 1083 ἀνεγί-

214 1098 317 1117 νωσκεν
329 1091 362 1125 τῇ
380 1090 450 1125 κόρῃ
469 1089 575 1125 ἀπείρῳ
590 1089 657 1125 οῦσῃ
678 1091 793 1125 Γραφῶν
806 1099 812 1106 ·
835 1092 865 1118 τὸ
880 1092 1005 1119 πλεῖστον

213 1133 297 1168 μέρος
319 1132 370 1167 τῆς
388 1132 570 1167 ἀναγνώσεως
599 1134 757 1169 προστιθεὶς
781 1134 836 1161 ἀπὸ
863 1136 912 1170 τῆς
938 1136 1005 1168 ἰδίας

215 1176 396 1203 θεοπνεύστου
407 1176 538 1209 διανοίας,
548 1177 593 1203 τὸν
605 1178 669 1212 περί
680 1177 828 1212 παρθενίας
839 1179 885 1204 καὶ
895 1179 1004 1213 ἁγνείας

215 1220 411 1255 εἰσηγούμενος
425 1220 494 1256 αὐτῇ
508 1221 579 1255 βίον·
596 1221 633 1252 ὡς
654 1223 687 1256 τῇ
712 1221 803 1256 χάριτι
821 1222 869 1248 τοῦ
885 1223 1004 1257 Χριστοῦ

215 1263 471 1298 πληροςορηθεῖσαν
486 1264 594 1298 ἐκείνην
611 1265 697 1290 εἰπεῖν
710 1272 717 1279 ·
732 1264 820 1297 Κάγὼ
835 1265 1003 1300 πέπεισμαι,

215 1306 294 1342 κύριέ
313 1314 381 1341 μου,
398 1305 444 1332 τὸν
462 1307 543 1340 ἁγνὸν
562 1308 618 1341 βίον
633 1307 717 1342 ἡδέως
741 1307 836 1342 βιοῦσα
850 1329 856 1340 ,
873 1309 921 1334 καὶ
935 1310 962 1335 εῖ
980 1319 1004 1336 τι

215 1350 348 1383 κελεύεις,
360 1349 438 1376 τοῦτο
447 1351 554 1385 ποιήσω
568 1352 673 1378 λοιπόν.
694 1351 722 1377 '0
735 1352 774 1385 δε,
788 1352 873 1379 Τοῦτο
889 1353 1002 1386 κελεύω,

213 1395 292 1429 φησὶ,
311 1395 358 1420 καὶ
375 1395 539 1430 παρακαλῶ,
556 1395 600 1421 ἴνα
613 1394 729 1427 ἕκαστος
742 1397 820 1431 ἡμῶν
833 1396 886 1423 ἀπὸ
900 1398 946 1424 τοῦ
958 1399 1005 1424 νῦν

213 1439 275 1465 κατ’
286 1438 354 1464 ἰδίαν
367 1439 446 1474 μένῃ.
465 1438 498 1465 Ἦ
513 1439 542 1465 δὲ
553 1436 603 1465 οὐκ
618 1440 746 1475 ἠνέσχετο
758 1441 873 1467 εἰποῦσα
888 1450 902 1476 ·,
912 1441 955 1468 Ἐν
967 1442 1005 1478 τῷ

212 1482 287 1517 αὐτῷ
301 1482 369 1518 οἴκῳ
379 1482 525 1518 μείνωμεν,
541 1483 569 1508 ὲν
584 1482 723 1518 διαφόροις
734 1484 763 1510 δὲ
778 1484 894 1516 κλίναις.
912 1486 1003 1520 Ζήσας

211 1525 260 1554 οὖν
274 1528 332 1562 μετ’
349 1527 435 1562 αὐτῆς
450 1527 479 1553 ὲν
491 1527 530 1562 τῷ
544 1526 618 1562 αὐτῷ
631 1527 698 1562 οῖκῳ
711 1528 759 1563 ἐτη
778 1528 843 1555 δέκα
858 1529 942 1561 ὀκτὼ,
958 1531 1002 1558 διὰ

211 1571 304 1606 πάσης
316 1571 423 1606 ἡμέρας
436 1571 582 1608 ἐσχόλαζεν
598 1572 627 1597 ἐν
638 1571 677 1606 τῷ
690 1572 772 1607 κήπῳ
790 1573 838 1599 καὶ
848 1573 887 1607 τῷ
900 1569 1001 1608 βαλσα-

213 1615 293 1650 μῶνι·
308 1615 515 1650 βαλσαμουργὸς
529 1615 584 1649 γὰρ
596 1613 639 1651 ἦν·
654 1615 715 1649 ἣτις
727 1615 864 1651 βάλσαμος
879 1618 1002 1652 ἀμπέλου

211 1659 288 1695 δίκην
303 1659 459 1694 φυτεύεται,
470 1660 664 1695 γεωργουμένη
683 1660 729 1686 καὶ
742 1660 937 1696 κλαδευομένη,
953 1670 1003 1688 πο-

211 1702 260 1730 λὺν
273 1703 373 1738 ἔχουσα
384 1705 473 1730 πόνον.
494 1704 630 1739 Ἑσπέρας
641 1703 687 1731 οὖν
701 1704 892 1740 εἰσερχόμενος
908 1707 948 1738 εἰς
958 1707 1004 1733 τὸν

210 1747 296 1781 οἶκον,
311 1750 358 1775 καὶ
370 1750 455 1776 ποιών
466 1750 560 1784 εὐχὰς,
574 1750 668 1785 ἢσθιεν
680 1751 740 1785 μετ’
754 1751 851 1785 αὐτῆς,
866 1751 914 1777 καὶ
924 1752 1004 1778 πάλιν

211 1793 371 1827 νυκτερινὰς
389 1792 474 1819 ποιῶν
489 1793 572 1827 εὐχὰς
595 1793 642 1819 καὶ
669 1793 793 1825 συνάξεις
809 1814 817 1826 ,
843 1794 895 1820 ὑπὸ
920 1794 1004 1828 βαθὺν

210 1837 310 1872 δρθρον
323 1837 398 1864 ἀπίει
410 1838 457 1875 εἰς
466 1837 511 1863 τὸν
524 1837 622 1872 κῆπον.
636 1836 743 1864 Τούτων
758 1837 844 1869 οὕτως
861 1838 1003 1864 ἐπιτελου-

217 1881 316 1915 μένων,
340 1881 387 1907 καὶ
409 1881 574 1915 ἀμφοτέρων
598 1881 638 1912 εἰς
658 1881 795 1907 ἀπάθειαν
822 1882 1003 1916 ἑληλακότων,

211 1924 367 1958 ὲνήργησαν
393 1924 422 1950 αἰ
446 1924 526 1959 εὐχαὶ
552 1923 600 1950 τοῦ
616 1923 695 1958 ἁγίου
718 1923 829 1959 Ἀμοῦν,
855 1927 902 1951 καὶ
930 1925 1005 1960 λέγει

211 1967 287 2002 αὺτῷ
300 1967 335 1993 τά
349 1967 493 1994 τελευταῖα
514 1968 530 2002 ὴ
549 1970 695 2003 μακαρίτις
710 1969 813 2004 ἐκείνη⁵
831 1970 904 2005 Ἐχω
920 1970 961 1996 σοί
978 1979 1004 1996 τι

218 2012 315 2044 εἰπεῖν,
334 2011 412 2044 κύριέ
431 2018 500 2046 μου⁴
527 2011 581 2043 ἵνα,
598 2011 631 2037 ἄν
649 2020 699 2047 μου
715 2012 845 2048 ἀκούσῃς,
868 2014 1004 2048 πληροφοα

212 2055 288 2091 ρηθῶ
303 2056 343 2081 ὅτι
358 2055 442 2087 ὅντως
458 2054 529 2082 κατὰ
544 2055 612 2082 Θεὸν
631 2056 742 2092 ἀγαπᾷς
759 2065 804 2091 με.
823 2058 904 2091 Λέγει
922 2059 1003 2094 αὐτῇ,

212 2099 278 2124 Εἰπὲ
303 2099 317 2124 6
342 2098 445 2133 βούλει·
461 2099 535 2134 λέγει
547 2099 620 2135 αύτῴ
638 2109 644 2115 ·
668 2100 787 2127 Δίκαιον·
802 2102 860 2128 ἐστι
888 2104 1004 2136 πρᾶγμα

214 2142 299 2177 ἄνδρα
324 2150 353 2168 σε
368 2143 433 2169 ὄντα
455 2143 568 2178 θεοσεϐῆ
590 2144 636 2170 καὶ
651 2143 825 2179 δικαιοσύνην
851 2146 1000 2178 ἀσκοῦντα,

211 2186 313 2222 ὁμοίως
331 2186 359 2213 δὲ
375 2187 422 2213 καὶ
438 2187 489 2222 ἐμὲ
511 2186 681 2223 ἐζηλωκυῖαν
703 2188 753 2222 τὴν
776 2189 861 2224 αὑτήν
878 2197 919 2215 σοι
945 2190 1003 2216 ὁδὸν

211 2231 273 2257 κατ’
289 2230 357 2258 ἰδίαν
373 2231 477 2266 μένειν,
492 2232 540 2258 καὶ
556 2232 670 2264 πολλοὺς
691 2232 866 2267 ὠφελεῖσθαι.
884 2233 1002 2261 Ἄτοπον
1015 2229 1042 2258 D

210 2275 266 2310 γάρ
279 2275 339 2301 ἐστι
353 2275 387 2301 δι’
405 2275 455 2310 ἐμὲ
475 2275 647 2310 κρύπτεσθαι
664 2284 711 2302 σου
737 2276 787 2311 τὴν
805 2277 940 2313 τοσαύτην
956 2279 1002 2305 καὶ

211 2318 341 2354 τοιαύτην
366 2319 467 2354 ἀρετὴν
492 2319 543 2354 τῆς
560 2317 730 2354 φιλοσοφίας,
758 2320 936 2347 συνοικοῦντά
957 2330 1002 2356 μοι

211 2362 255 2389 διὰ
267 2363 313 2390 τὸν
327 2364 430 2399 Κύριον
443 2365 471 2390 ἐν
484 2364 592 2399 ἁγνείᾳ.
614 2364 642 2390 '0
658 2365 687 2391 δὲ
706 2365 907 2400 εὐχαριστήσας
921 2366 1001 2401 αὐτῇ,

212 2410 259 2434 καὶ
275 2408 399 2441 δεδωκὼς
416 2408 495 2441 δόξαν
517 2408 556 2444 τῷ
571 2408 642 2442 Θεῷ,
656 2409 730 2443 λέγει
747 2410 816 2445 αὐτῇ
826 2417 834 2424 ·
849 2410 946 2442 Καλῶς
962 2419 1003 2437 σοι

211 2451 312 2484 ἔδοξεν,
327 2453 410 2488 κυρία
422 2453 470 2480 καί⁸
482 2452 597 2488 ἀδελφή.
616 2453 672 2480 Καὶ
687 2453 712 2479 εἰ
729 2452 807 2479 τοῦτό
823 2462 864 2480 σοι
879 2454 1001 2489 ἀρέσκει,

212 2494 258 2530 ἔχε
270 2495 302 2522 σὺ
318 2495 414 2522 τοῦτον
429 2496 474 2522 τὸν
487 2494 572 2529 οἷκον,
584 2497 641 2530 ἐγὼ
654 2496 683 2522 δὲ
698 2496 825 2525 ἀπελθὼν
836 2499 941 2533 ποιήσω
957 2508 1003 2533 μοι

212 2539 308 2573 ἓτερον
322 2537 408 2566 οἶκον.
425 2540 481 2566 Καὶ
496 2539 614 2571 ἐξελθὼν
629 2540 677 2566 ἀπ’
691 2540 777 2575 αὐτῆς
788 2541 914 2576 εἰσῆλθεν
930 2543 1003 2569 ἐνδό-

211 2591 291 2620 τερον
300 2583 348 2611 τοῦ
363 2584 413 2620 τῆς
429 2584 545 2620 Νιτρίας
557 2584 648 2619 ὅρους.
661 2584 744 2612 Οὔπω
755 2585 808 2621 γὰρ
824 2583 858 2621 ἦν
869 2588 927 2613 ἐκεῖ
940 2588 1002 2615 τότε

212 2630 311 2665 συνεχῆ
343 2628 524 2664 μοναστήρια.
550 2629 696 2664 Οἰκοδομεῖ
724 2629 813 2666 ἐαυτῷ
829 2631 877 2657 δύο
908 2632 1002 2665 θόλους

211 2673 337 2706 καλλίων,
352 2674 400 2700 καὶ
414 2673 516 2708 βιώσας
536 2672 606 2700 ἄλλα
627 2674 712 2700 εῐκοσι
736 2676 784 2701 καὶ
803 2675 850 2702 δύο
861 2676 908 2712 ἐτη
922 2679 952 2704 ἐν
967 2679 1001 2714 τῇ

212 2717 320 2753 ιρήμῳ,
331 2718 380 2744 καὶ
394 2717 571 2752 κατορθώσας
581 2718 622 2750 εἰς
636 2718 720 2753 ἀκρον
733 2718 781 2754 τὴν
793 2719 845 2754 τῆς
857 2721 1002 2756 ἀσκήσεως

213 2762 323 2798 ἀρετὴν,
348 2764 377 2790 ὲν
394 2764 432 2799 τῷ
450 2764 562 2799 μονήρει
587 2764 637 2799 βίῳ
654 2764 812 2797 ἐτελεύτησε
831 2774 838 2780 ·
857 2767 954 2801 μᾶλλον
973 2767 1002 2794 δὲ

215 2805 348 2843 ἐκοιμήθη
366 2809 381 2834 δ
406 2808 482 2843 amo;
510 2808 630 2844 Ἀμοῦν,
647 2810 715 2838 ἐτῶν
732 2811 863 2847 ἐξήκοντα
882 2813 937 2849 δύο,
962 2803 1002 2847 δὶς

214 2850 261 2877 οῦτ
276 2850 352 2883 ἔτους
367 2853 438 2889 ὀρῶν
455 2854 505 2890 τὴν
519 2856 660 2891 μακαρίαν
673 2857 787 2892 σύμὸιον
802 2859 895 2888 αὐτοῦ.

373 2903 508 2932 Parnm.
533 2905 590 2934 (in.
616 2904 748 2937 XXXIV.

836 160 1018 195 HISTORIA
1036 154 1243 198 LAUSIACA."

1019 224 1044 254 Α
1091 232 1182 259 Μόνου
1202 232 1250 259 οὖν
1269 231 1352 260 αὐτοῦ
1374 233 1404 260 ὲν
1427 234 1489 266 ταῖς
1511 233 1639 270 Νιτρίαις
1660 234 1842 270 ὑπάρχοντος,

1776 167 1844 201 1026

1055 274 1183 310 φέρουσιν
1195 276 1278 303 παῖδα
1295 275 1438 304 λυσσῶντα
1452 277 1521 312 πρὸς
1536 277 1630 311 αὑτὸν,
1643 277 1756 305 ἁλύσεσι
1768 277 1844 305 δεδεε

1056 318 1137 353 μένον
1147 326 1154 333 ·
1168 318 1273 346 λυσσῶν
1287 319 1341 355 γὰρ
1360 320 1442 355 δήξας
1454 321 1537 354 κύων,
1560 321 1657 357 ἐκείνῳ
1674 323 1724 357 τὴν
1740 321 1842 349 λύσσαν

1057 362 1221 395 μετέδωκεν.
1247 362 1435 398 Ἐσπάρασσεν
1446 362 1493 391 οὖν
1508 365 1605 391 ἑαυτὸν
1616 365 1686 398 ὅλον,
1697 366 1819 401 ἀφορητσ
1827 373 1842 398 ς

1054 403 1123 438 ἔχων
1136 405 1167 431 τὸ
1183 405 1279 437 πάθος.
1301 406 1344 438 Ὠς
1358 406 1423 441 γοῦν
1439 407 1492 434 ἴδεν
1503 407 1584 434 αἰτοῦ
1594 409 1656 440 τοὺς
1674 409 1762 442 γονεῖς
1773 409 1842 443 πρὸς

1054 448 1103 482 τὴν
1132 449 1236 475 ἱκεσίαν
1259 449 1428 485 χωροῦντας,
1443 451 1475 477 Τί
1497 460 1542 485 μοι
1567 452 1668 483 κόπους
1695 452 1841 487 παρέχετε,

1055 492 1148 526 φησιν,
1164 489 1187 519 ὦ
1198 492 1348 529 ἅνθρωποι,
1363 494 1397 520 τά
1410 494 1481 529 ὑπὲρ
1498 495 1547 529 τὴν
1566 495 1637 530 ἐμὴν
1652 495 1730 528 ἀξίαν
1746 494 1844 530 ἐπιζη-

1054 535 1163 568 τοῦντες
1173 557 1181 569 ,
1196 536 1304 572 ἔχοντες
1323 535 1370 564 οῦν
1385 539 1414 565 ὲν
1428 539 1506 574 χερσὶ
1526 539 1556 565 τὸ
1574 539 1698 574 βοήθημα
1709 547 1716 572 ;
1729 539 1843 566 ἀπόδοτε

1055 578 1108 613 γὰρ
1121 581 1153 614 τῇ
1171 581 1243 615 χήρᾳ
1256 580 1301 607 τὸν
1316 580 1380 616 βοῦν
1392 581 1421 607 δν
1437 581 1574 616 λαθραίως
1589 582 1783 614 ἀπεκτείνατε,
1796 582 1844 609 καὶ

1056 622 1135 658 ὑγιὴς
1150 624 1213 657 ὑμῖν
1226 624 1240 650 ὁ
1253 625 1318 656 παῖς
1331 624 1538 660 ἀποδοθήσεται.
1560 626 1591 652 Ol
1611 625 1638 652 δὲ
1654 625 1692 657 ὡς
1710 625 1845 662 ἠλέγχθη-

1057 675 1115 698 σαν,
1134 667 1276 702 χαίροντες
1287 670 1397 696 ἐποίουν
1408 671 1442 696 τὰ
1456 669 1674 705 προσταχθέντα,
1690 668 1738 696 τοῦ
1750 669 1844 701 παιδὸς

1055 711 1216 744 ὑγιάναντος
1230 712 1381 747 εὐξαμένου
1396 713 1489 740 αὑτοῦ.

1093 755 1183 781 Ἀλλοι
1200 755 1227 782 δὲ
1243 757 1370 791 παρῆσαν
1384 757 1452 792 πρὸς
1468 757 1550 784 αὑτὸν
1561 757 1734 792 ἐπισκέψεως
1744 757 1843 785 ἓνεκα¹

1056 797 1125 833 πρὸς
1140 797 1189 829 οὒς
1204 798 1359 834 δοκιμάζων
1372 800 1421 836 τὴν
1436 801 1550 836 γνώμην
1564 801 1654 827 αὐτῶν
1671 802 1684 826 6
1700 800 1770 836 ἀνὴρ
1785 800 1845 826 ἐλε-

1056 850 1104 876 γεν
1116 850 1122 857 ·
1138 842 1219 869 Πίθον
1239 853 1283 879 μοι
1297 845 1344 871 ἕνα
1357 846 1501 879 κομίσατε,
1520 845 1563 871 ἵνα
1584 845 1638 879 έχω
1655 844 1727 880 ὕδωρ
1754 844 1846 872 ἰκανὸν

1020 888 1042 917 Β
1057 886 1125 921 πρὸς
1143 887 1277 923 ὑποδοχὴν
1293 888 1347 914 τῶν
1363 889 1529 923 ἐρχομένων.
1549 889 1580 914 Οἱ
1594 888 1623 914 δὲ
1643 888 1793 923 ὑπέσχοντο
1811 887 1845 914 δι’

1056 931 1146 957 αὐτῶν
1163 932 1294 965 ἐνεγκεῖν.
1312 931 1519 967 Μεταμεληθείς
1535 932 1563 958 δὲ
1577 933 1591 958 6
1612 932 1705 965 ἕτερος
1721 940 1846 967 παραγε-

1056 975 1169 1009 νόμενος
1186 975 1225 1006 εἰς
1240 975 1289 1010 τὴν
1306 972 1416 1010 κώμην,
1430 976 1504 1009 λέγει
1532 975 1570 1010 τῷ
1585 975 1687 1010 ἑτέρῳ·
1703 976 1761 1001 Οὐκ
1775 975 1845 1001 ἀπο·

1056 1019 1144 1045 κτενῶ
1161 1027 1212 1054 μου
1236 1018 1285 1054 τὴν
1309 1019 1442 1054 κάμηλον,
1468 1019 1528 1045 οὐδὲ
1547 1018 1689 1054 ἐπιτίθημι
1703 1018 1750 1045 τὸν
1767 1019 1846 1045 πίθον

1057 1062 1101 1088 ἐπ’
1119 1063 1214 1097 αὐτὴν,
1230 1063 1274 1089 ’ίνα
1292 1063 1329 1097 μὴ
1353 1063 1488 1098 ἀποθάνῃ.
1515 1062 1648 1094 Ἀκούσας
1675 1062 1703 1089 δὲ
1730 1061 1816 1089 ταῦτα
1831 1064 1846 1089 6

1055 1106 1145 1139 ἄλλος,
1162 1107 1212 1139 τὰς
1231 1107 1335 1138 οίκείας
1351 1106 1502 1139 ὑποζεύξας
1516 1106 1604 1139 ὅνους,
1619 1105 1711 1142 πολλῷ
1729 1106 1846 1142 καμάτῳ

1055 1149 1100 1176 τὸν
1120 1151 1197 1177 πίθον
1214 1151 1380 1185 ἀπήνεγκεν.
1407 1149 1554 1185 Προλαϐὼν
1575 1150 1604 1176 δὲ
1619 1150 1700 1176 αὑτὸν
1712 1151 1726 1176 6
1745 1149 1846 1185 ’Δμοῦν

1055 1192 1131 1220 εἶπεν
1145 1201 1151 1208 ”
1165 1194 1197 1220 Τί
1214 1194 1254 1220 ὅτι
1279 1195 1295 1228 ή
1315 1193 1438 1228 κάμηλος
1456 1193 1502 1219 τοῦ
1522 1193 1617 1228 ἑτέρου
1638 1201 1684 1219 σου
1700 1192 1843 1227 τέθνηκεν,

1054 1238 1105 1269 ἕως
1125 1238 1185 1264 ὅτου
1199 1237 1230 1263 σὺ
1248 1237 1365 1264 ἐνταῦθα
1387 1237 1597 1273 παραγέγονας;
1621 1237 1649 1263 '0
1665 1237 1693 1263 δὲ
1710 1236 1844 1272 ὑποστρέ·

1054 1283 1120 1317 ψας,
1137 1280 1214 1317 εῦρεν
1225 1282 1310 1318 αὐτὴν
1322 1282 1375 1310 ἀπὸ
1394 1282 1485 1309 λύκων
1500 1281 1690 1318 βεϐρωμένην.
1711 1282 1802 1309 Πολλά
1812 1290 1844 1308 τε

1055 1327 1104 1354 καὶ
1116 1326 1183 1354 ἄλλα
1196 1327 1210 1352 6
1224 1327 1294 1362 ἀνὴρ
1307 1326 1481 1361 διεπράξατο.

1089 1371 1191 1397 Τούτου
1206 1371 1298 1405 θαῦμα
1312 1371 1462 1406 διηγήσατο
1476 1371 1490 1397 6
1501 1370 1638 1405 μακάριος
1659 1369 1817 1401 ’Δθανάσιος
1830 1370 1845 1396 6

1055 1414 1203 1446 ἐπίσκοπος
1241 1414 1460 1450 ΙΑλέξανδρείας,
1501 1414 1611 1449 γράψας
1638 1415 1678 1445 είς
1703 1413 1749 1440 τὸν
1779 1413 1845 1449 περὶ

1061 1459 1204 1486 Ἀντωνίου
1223 1458 1291 1493 βίον,
1307 1458 1403 1493 ὅτιπέρ
1417 1466 1483 1484 ποτε
1494 1457 1617 1493 μοναχῶν
1633 1457 1845 1484 ἀποσταλέντων

1055 1503 1131 1538 παρὰ
1152 1503 1296 1530 Ἀντωνίου
1314 1503 1383 1537 πρὸς
1399 1502 1491 1534 αὑτὸν,
1515 1502 1563 1528 καὶ
1581 1501 1736 1536 φωνοῦντες
1752 1501 1843 1528 αὐτόν.

1015 1557 1036 1586 c
1054 1545 1108 1573 Ἶιν
1119 1546 1173 1582 γὰρ
1189 1547 1219 1573 ὲν
1231 1548 1264 1581 τῇ
1290 1545 1414 1581 ἐσωτέρᾳ
1432 1545 1554 1581 ὲρήμῳὸ
1575 1545 1729 1578 Ἀντώνιος.
1755 1544 1800 1576 Ὠς
1816 1544 1846 1572 δὲ

1055 1592 1173 1618 ἀπίεσαν
1190 1591 1259 1626 πρὸς
1276 1590 1367 1623 αὐτὸν,
1384 1591 1503 1621 ἀναστὰς
1516 1591 1530 1616 6
1544 1589 1633 1625 γέρων
1649 1588 1846 1624 συνεπορεύετο

1055 1637 1147 1666 αὐτοῖς
1162 1643 1168 1650 ·
1195 1635 1236 1661 ὅτι
1251 1633 1439 1670 παρέρχεσθαι
1463 1642 1529 1659 ποτε
1565 1633 1670 1668 μέλλων
1687 1633 1734 1659 τὸν
1756 1633 1846 1660 Λύκον

1056 1679 1178 1714 ποταμὸν
1200 1680 1258 1714 ἅμα
1282 1679 1413 1713 Θεοῦώρῳ
1443 1678 1552 1713 μαθητῇ
1579 1678 1673 1710 αὑτοῦ,
1705 1676 1847 1704 εὐλαϐεῖτο

1056 1723 1252 1755 ἀποδύσασθαι,
1265 1722 1310 1748 ἵνα
1325 1723 1361 1757 μὴ
1373 1722 1476 1756 γυμνὸν
1490 1721 1586 1747 ἑαυτὸν
1604 1721 1647 1756 ἴδῃ
1659 1721 1735 1748 ποτέ.
1751 1721 1806 1747 Καὶ
1815 1721 1846 1747 ὲν

1055 1769 1093 1803 τῷ
1104 1769 1244 1803 διαπορεῖν
1255 1767 1336 1801 αὑτὸν
1347 1767 1387 1798 εἰς
1400 1767 1430 1792 τὸ
1441 1766 1527 1801 πέραν
1539 1766 1639 1801 εὑρέθη
1651 1765 1698 1792 τοῦ
1708 1764 1845 1800 ποταμοῦ,

1056 1813 1093 1843 ὡς
1109 1813 1137 1839 ὲν
1152 1812 1280 1838 ἐκστάσει
1294 1811 1417 1845 περάσας
1436 1811 1497 1846 δίχα
1519 1811 1643 1846 πορθμοῦ
1657 1811 1710 1837 ὑπὸ
1720 1811 1846 1846 ἀγγέλων

1057 1856 1240 1890 μετενεχθείς.
1256 1856 1288 1882 Ol
1302 1856 1330 1881 δὲ
1346 1855 1456 1889 ἀδελφοὶ
1471 1854 1600 1891 κολύμϐῳ
1613 1855 1843 1891 διεπόρθμευσαν.

1061 1899 1105 1931 Ὠς
1119 1900 1148 1925 δὲ
1161 1899 1328 1934 παρεγένετο
1339 1900 1407 1934 πρὸς
1426 1898 1578 1930 Ἄντώνιον,
1591 1898 1699 1933 πρῶτος
1711 1899 1726 1925 ό
1744 1899 1844 1925 Ἀντὼι-

1055 1953 1111 1976 νιος
1123 1943 1199 1971 εἶπεν
1214 1945 1282 1979 πρὸς
1302 1944 1394 1970 αὐτόν·
1407 1943 1461 1970 Τοῦ
1474 1943 1541 1969 Θεοῦ
1559 1943 1785 1977 ἀποκαλυψαντός
1798 1951 1844 1978 μοι

1055 1988 1141 2015 πολλά
1160 1989 1225 2023 περὶ
1244 1987 1302 2021 σοῦ,
1318 1991 1365 2014 καὶ
1379 1988 1429 2022 τὴν
1455 1987 1600 2022 μετάθεσίν
1613 1995 1659 2013 σου
1673 1987 1845 2022 δηλώσαντός

1057 2042 1114 2068 μοι,
1130 2032 1288 2066 ἀναγκαίως
1309 2041 1339 2058 σε
1356 2032 1426 2067 πρὸς
1442 2032 1561 2066 ἐμαυτὸν
1585 2032 1843 2067 προσεκαλεσάμην,

1056 2077 1101 2103 ἵνα
1114 2076 1237 2111 ἀλλήλων
1251 2076 1466 2109 ἀπολαύσαντες,
1484 2077 1553 2110 ὑπὲρ
1572 2076 1694 2111 ἀλλήλων
1708 2076 1845 2111 πρεσϐεύ-

1057 2128 1159 2154 σωμεν.
1179 2120 1269 2151 Τάξας
1284 2120 1306 2145 δ’
1328 2120 1409 2145 αὑτὸν
1432 2121 1460 2146 ἐν
1481 2120 1555 2155 τόπῳ
1578 2121 1631 2146 τινὶ
1646 2120 1844 2156 κεχωρισμένῳ

1057 2165 1176 2199 μακρὰν,
1199 2165 1237 2199 μὴ
1265 2165 1416 2199 ἀναχωρεῖν
1436 2164 1541 2190 ἐκεῖθεν
1557 2165 1640 2199 μέχρι
1659 2165 1709 2199 τῆς
1725 2164 1843 2200 μεταθέ-

1057 2217 1124 2240 σεως
1138 2208 1337 2244 προετρέψατο.
1350 2209 1547 2241 Τελειωθέντος
1567 2209 1597 2235 δὲ
1610 2209 1694 2236 αὑτοῦ
1709 2211 1779 2237 κατά
1795 2211 1845 2246 μοι

1055 2261 1113 2286 νας,
1135 2255 1188 2281 ἴδεν
1209 2254 1291 2281 αὑτοῦ
1314 2256 1362 2290 τὴν
1375 2254 1464 2289 ψυχὴν
1484 2254 1498 2279 6
1520 2254 1662 2286 Ἀντώνιος
1683 2254 1843 2289 ἀναλαμβα-

1054 2299 1170 2334 νομένην
1186 2300 1226 2330 εἰς
1249 2299 1294 2325 τὸν
1309 2299 1422 2333 οὐρανὸν
1438 2299 1489 2325 ὑπὸ
1509 2299 1643 2334 ἀγγέλων.
1665 2294 1750 2330 Οὗτός
1768 2300 1843 2326 ἐστιν

1054 2345 1068 2370 6
1086 2343 1196 2378 Ἀμοῦν,
1215 2344 1229 2369 6
1253 2342 1341 2373 οὕτως
1359 2342 1470 2378 βιώσας,
1488 2343 1536 2369 καὶ
1558 2342 1645 2373 οὕτως
1665 2342 1841 2377 τελευτήσας,

1054 2389 1092 2420 ὡς
1116 2389 1161 2414 τὸν
1182 2389 1316 2423 μακάριον
1337 2388 1481 2414 ’Λντώνιον
1505 2388 1552 2422 τὴν
1569 2388 1657 2422 ψυχὴν
1674 2387 1757 2414 αὐτοῦ
1778 2388 1843 2414 ἰδεῖν

1054 2434 1107 2460 ὑπὸ
1131 2434 1256 2468 ἀγγέλων
1281 2434 1454 2470 ἀναγομένην
1469 2435 1508 2465 εἰς
1526 2435 1571 2460 τὸν
1596 2433 1721 2468 οὐρανόν.
1741 2433 1843 2460 Τοῦτον

1052 2478 1099 2505 τὸν
1115 2478 1204 2505 Λύκον
1225 2478 1348 2513 ποταμὸν
1364 2478 1434 2512 μετὰ
1452 2477 1553 2507 δειλίας
1572 2476 1628 2510 ἐγὼ
1640 2476 1756 2512 πορθμῷ
1768 2485 1842 2512 παρα

1053 2523 1134 2559 ῇλθόν
1146 2531 1224 2550 ποτε.
1237 2522 1342 2558 Διώρυε
1357 2521 1410 2557 γάρ
1426 2522 1484 2547 ἐστι
1496 2520 1543 2547 τοῦ
1556 2520 1676 2555 μεγάλου
1696 2521 1800 2551 Νείλου,

1349 2573 1473 2601 ΚΕΦΑΛ.
1502 2573 1541 2600 Θ’.

1284 2626 1355 2659 Βίος
1373 2625 1426 2652 τοῦ
1445 2624 1521 2652 ἀδεᾶ
1537 2625 1600 2658 "ap.

1095 2682 1138 2708 'Ev
1152 2680 1192 2716 τῷ
1205 2681 1264 2716 δρει
1278 2680 1366 2715 τούτῳ
1379 2679 1428 2714 τῆς
1441 2678 1557 2714 Νιτρίας
1571 2678 1684 2713 γέγονεν
1704 2678 1775 2713 ἀνήρ
1795 2682 1842 2709 τις

1054 2726 1216 2760 θαυμάσιος,
1234 2725 1308 2752 ἀὸῢᾶ
1330 2724 1382 2760 Ὢρ
1398 2725 1485 2759 ὄνομα
1498 2723 1555 2759 (50)
1571 2722 1658 2757 αὐτῷ,
1672 2722 1771 2758 Πατὴρ
1786 2730 1839 2757 μο-

1054 2773 1101 2804 νάς
1114 2772 1184 2808 ἔχων
1195 2770 1317 2805 ἀδελφῶν
1329 2770 1433 2805 χιλίων,
1450 2769 1543 2805 σχῆμα
1558 2768 1668 2803 ἔχοντας
1683 2765 1840 2808 ἀγγελιιὼν,

1053 2807 1214 2852 ἐνενήκοντα
1229 2815 1277 2851 ῐτη
1291 2823 1342 2840 που
1355 2815 1496 2850 ὑπάρχων,
1521 2813 1569 2839 οὐκ
1583 2812 1737 2840 ἀπεσάλετσ
1747 2813 1779 2839 ὲκ
1793 2807 1841 2839 τοῦ

1054 2860 1174 2897 πλήθους
1195 2859 1243 2887 τοῦ
1265 2858 1401 2894 σώματος,
1423 2857 1547 2893 λαμπρὸς
1572 2857 1643 2890 ἄγαν
1660 2857 1707 2884 καὶ
1729 2854 1841 2891 gum
