2077 3154
223 157 291 190 1027

946 155 1121 186 PALLADII

1787 154 1858 189 1098

220 215 259 250 ιιῷ
274 214 424 251 προσώπῳ.
440 215 478 246 ὡς
491 214 538 242 καὶ
553 214 690 250 ὁρώμενον
707 213 797 249 μόνον.
811 212 1006 244 δυσωπήσιμον
1021 211 1045 240 Δ
1059 211 1150 244 αὑτὸν,
1170 211 1217 238 καὶ
1227 211 1261 239 τὰ
1275 212 1371 247 ίμάτια
1385 212 1467 240 αὐτοῦ
1479 212 1718 249 ἀποκρυψάμενον,
1734 213 1847 248 ἐλέγξας

220 257 290 287 arva:
303 259 348 286 τον
369 260 462 295 ἄνδρα,
487 257 571 290 Οὗτος
587 259 670 285 πολλὰ
687 258 820 294 πρότερον
833 257 895 284 καθ’
913 256 1008 283 ἑαυτὸν

221 304 344 338 ἀσκήσας
355 305 384 330 ὲν
404 305 437 339 τῇ
459 304 556 339 ἐρήμῳ
569 304 601 339 τῇ
616 302 790 338 πορῤωτέρᾳ,
804 300 919 337 ὕστερον
933 301 963 327 ὲν
978 301 1010 335 τῇ

221 347 335 384 πλησίον
360 348 455 384 ἐρήμῳ
471 347 506 374 τὰ
529 347 699 382 μοναστήρια
720 345 929 381 συνεκρότησεν,
952 344 1012 376 ἒλος

221 391 358 427 φυτεύσας
379 391 472 426 χερσὶν
496 390 627 422 οίκείαις,
652 389 737 422 ξύλων
753 389 802 416 οὐκ
824 389 909 415 ὄντων
931 389 960 414 ὲν
973 387 1013 422 τῷ

220 437 305 471 τόπῳ,
330 435 368 468 ὠς
388 435 455 468 ὕλην
477 433 545 463 εἷναί
570 443 631 461 τινα
658 435 687 460 ἐν
711 435 743 469 τῇ
770 433 867 469 ἐρήμῳ
893 432 1010 467 πυκνήν.

223 480 335 513 Ἔλεγον
357 479 411 515 γάρ
431 479 499 514 ἡμῖν
518 479 542 505 οί
565 478 630 513 περὶ
642 478 723 505 αὐτὸν
748 477 879 512 Πατέρες,
891 477 932 503 ὃτι
949 476 1012 502 οὐδὲ

221 523 337 557 βλαστὸς
350 520 385 558 ἦν
397 519 447 549 ὧδέ
461 530 537 554 ποτε,
551 521 595 548 ὅτε
612 522 677 556 πρὶν
690 521 704 547 ό
718 521 788 556 ἀνὴρ
800 521 832 547 ὲκ
846 521 896 556 τῆς
908 520 1011 555 ἐρήμου

220 568 388 604 παρεγένετο
402 576 410 584 ·
430 567 579 602 ἐφύτευσεν
592 566 621 592 δὲ
642 565 724 596 αὐτὸ,
751 565 794 592 ἵνα
820 566 857 600 μὴ
884 565 929 592 διά
950 573 1011 591 τινα

219 612 315 647 χρείαν
330 612 355 638 οί
371 611 564 647 συνερχόμενοι
578 610 647 645 πρὸς
661 609 743 636 αὐτὸν
760 609 871 643 ἀδελφοὶ
886 609 1009 642 ἀναγκα-

221 656 321 682 σθῶσιν
354 656 514 690 περιάγειν*
546 654 615 681 ἀλλά
641 654 732 680 πᾶσαν
760 653 889 688 πρόνοιαν
920 653 1012 680 αὐτῶν

219 699 347 732 ἐποιεῖτο,
363 699 509 733 εὐχόμενος
521 697 560 733 τῷ
582 697 652 732 Θεῷ,
669 698 715 724 καὶ
726 696 796 732 ὑπὲρ
809 696 859 731 τῆς
874 696 1011 732 σωτηρίας

204 745 309 771 ἀὑτων
323 743 533 779 ἀγωνιζόμενος,
555 744 599 771 ἵνα
620 744 649 769 ὲν
672 743 766 779 μηδεν)⁸
788 741 936 769 λείπωνται
956 742 1011 769 τῶν

202 788 389 839 ῖάνάγκαίωνὶ
401 788 449 815 καὶ
468 788 506 823 μή
521 788 658 823 πρόφασις
668 787 761 818 αὐτοῖς
777 786 913 839 ῥᾳθυμίας
928 785 1010 839 γίνη-

205 829 263 860 ⁵ταί
276 841 329 864 τις.
352 830 437 864 Οὗτος
454 833 483 859 ἐν
499 833 532 867 τῇ
554 833 651 868 ἐρήμῳ
670 831 779 866 πρῶτον
791 830 903 864 διάγων,
916 829 1009 864 ήσθιεν

204 867 269 912 ξμὲν
285 876 399 912 βοτάνας
414 876 462 902 καὶ
474 875 552 911 ῥίζας
568 875 713 909 γλυκείας,
730 874 821 900 ἔπινεν
832 873 861 900 δὲ
873 875 919 900 καὶ
936 872 1009 909 ὕδωρ
1024 880 1048 910 Β

217 919 263 947 ὅτε
277 919 424 955 ηὕρισκεν,
442 920 470 945 ὲν
494 919 588 953 εὐχαῖς
601 919 648 945 καὶ
663 917 758 953 ὕμνοις
773 917 904 944 διατελῶν
920 917 1010 944 πάντα

218 965 264 991 τὸν
283 965 390 999 χρόνον.
421 963 465 995 Ὠς
485 963 513 990 δὲ
534 963 627 989 λοιπὸν
653 963 702 997 τήν
718 961 826 988 τελείαν
848 961 895 989 τοῦ
917 962 1012 996 γήρως

219 1008 338 1042 ἔφθασεν
357 1008 476 1042 ήλικίαν,
501 1007 616 1041 ἄγγελος
630 1006 705 1041 αὐτῷ
719 1006 845 1041 φαίνεται
867 1007 927 1033 κατ’
945 1004 1012 1040 δναρ

219 1052 248 1078 ὲν
268 1053 301 1088 τῇ
317 1052 424 1088 ἐρήμῳ,
446 1051 544 1085 λέγων,
569 1051 610 1078 ὅτι
631 1051 704 1087 Ἐσῃ
721 1050 761 1082 είς
774 1050 850 1082 ἔθνος
869 1049 949 1084 μέγα,
964 1051 1011 1076 καὶ,

219 1097 303 1124 πολὺν
312 1095 377 1123 λαὸν
398 1094 578 1130 πιστευθήσῃ,
600 1094 707 1121 ἔσονται
719 1095 747 1121 δὲ
762 1094 787 1120 οί
802 1093 952 1128 σωζόμενοι
967 1093 1012 1120 διὰ

221 1139 269 1167 σοῦ
291 1139 408 1174 χιλιάδες
425 1139 508 1165 δέκαο
530 1138 634 1173 οὕσπερ
654 1138 701 1165 ἐὰν
729 1137 845 1164 ἐνταῦθα
865 1138 1010 1174 κερδήσῃς,

218 1182 355 1210 τοσούτων
370 1181 455 1217 ἄρξῃς
471 1183 501 1208 ὲν
514 1181 553 1215 τῷ
567 1181 646 1207 αἰῶνι
661 1180 699 1215 τῷ
712 1180 843 1215 μέλλοντι.
858 1179 914 1206 Kal
927 1180 1011 1215 μηδὲν

219 1226 366 1258 διατάσεις,
377 1226 461 1261 φησὶν
470 1227 484 1252 ὁ
498 1225 614 1260 ἄγγελος
626 1225 694 1260 πρὸς
707 1224 798 1252 αὐτόν,
807 1224 941 1251 Οὐδέποτε
957 1224 1012 1260 γάρ

220 1279 262 1297 σοι
276 1271 364 1305 λείψει
380 1270 435 1297 τῶν
458 1270 527 1306 πρὸς
541 1270 590 1305 τὴν
607 1269 714 1305 χρείαν,
730 1269 795 1304 ἄχρι
813 1269 863 1304 τῆς
880 1268 1012 1303 τελευτῆς

221 1323 286 1346 σου,
307 1314 404 1345 ὁσάκις
424 1314 457 1340 ἂν
475 1313 629 1350 ὲπικαλέσῃ
650 1313 696 1339 τὸν
716 1312 794 1340 Θεόν.
818 1311 913 1339 Ταῦτα
928 1312 1012 1339 ἀκού·

221 1366 287 1390 σας,
311 1358 358 1385 επὶ
374 1359 425 1393 τὴν
440 1356 553 1393 πλησίον
567 1357 672 1392 ἔρημον
684 1356 827 1392 ὥρμησεν,
854 1356 1012 1392 καταμόνας

220 1402 330 1437 πρῶτον
344 1402 445 1435 διάγων
456 1409 462 1416 ·
487 1400 615 1428 καλύὸιον
630 1399 685 1436 γὰρ
701 1399 799 1435 μικρόν
816 1409 844 1426 τι
857 1399 946 1435 ἑαυτῷ
962 1409 1011 1426 κα-

219 1445 394 1476 τασκευάσας
404 1465 412 1477 ,
426 1444 554 1479 λαχάνοις
569 1443 706 1475 συνθέτοις
726 1443 806 1478 μόνον
822 1443 993 1478 ἀρκούμενος
1003 1464 1010 1475 ,

219 1488 351 1519 πολλάκις
365 1488 393 1514 δε
407 1487 455 1514 καὶ
469 1488 503 1514 δι’
516 1487 665 1522 ἑϐδομάδος
683 1487 767 1522 μόνης
781 1487 1010 1523 μεταλαμϐάνων,

219 1532 411 1578 ἀγράμματος.
422 1531 472 1578 μὲν
497 1531 535 1557 ῶν
553 1530 593 1578 ’τὸ
607 1530 717 1578 πρῶτον
728 1550 736 1563 ,
753 1531 905 1578 ἐπειδὴ-δὲ*
915 1532 947 1578 εκ
958 1532 1012 1578 ¹τῆς
1026 1552 1047 1578 C

218 1577 326 1612 ἐρήμου
337 1575 376 1607 εἱς
387 1575 435 1610 τὴν
448 1574 610 1610 οἰκουμένην
622 1575 733 1610 ήρχετο,
746 1576 826 1610 χάρις
836 1575 910 1610 αὐτῷ
921 1575 1012 1602 θεόθεν

218 1618 330 1651 δίδοται,
349 1618 454 1649 καὶτὰς
466 1618 485 1644 Γ
489 1617 578 1653 ραφάς
592 1617 692 1651 ἔξωθεν
704 1617 897 1653 ἀπεστήθιζεν.
908 1618 1012 1645 Ἐπιδο-

219 1662 312 1694 θέντος
328 1662 383 1698 γὰρ
399 1661 474 1696 αὐτῷ
485 1661 590 1696 βιϐλίου
608 1662 683 1696 παρά
697 1661 752 1688 τῶν
761 1661 894 1696 ἀδελφῶν,
911 1661 948 1694 ὡς
962 1662 1012 1697 ἔμ-

219 1715 313 1742 πειρος
325 1706 381 1733 τῶν
396 1705 581 1741 γραμμάτων,
596 1705 683 1737 οὕτως
697 1705 791 1732 λοιπὸν
815 1705 1011 1740 ἀνεγίνωσκεν.

219 1751 332 1785 Είλήφει
351 1750 380 1777 δὲ
399 1749 447 1776 καὶ
465 1750 563 1784 ἑτέραν
584 1749 682 1784 χάριν,
704 1749 754 1785 τὴν
779 1749 851 1777 κατὰ
878 1750 1014 1786 δαιμόνων

219 1796 332 1823 ἐλασίαν
342 1803 349 1810 ·
365 1795 403 1827 ὡς
417 1795 532 1826 πολλοὺς
547 1794 603 1821 τῶν
619 1794 780 1830 πασχόντων
796 1796 844 1821 καὶ
859 1794 897 1831 μὴ
919 1795 1014 1831 βουλο-

221 1839 318 1876 μένους
338 1839 438 1871 αὐτοὺς
460 1839 600 1874 παριστᾷν
620 1838 741 1874 βοῶντας
761 1839 845 1866 αὑτοῦ
871 1840 920 1875 τὴν
939 1839 1014 1866 πολιέ

218 1884 295 1911 τείαν
316 1892 323 1899 ·
349 1882 436 1914 ίὰσεις
457 1891 488 1909 τε
502 1883 551 1914 τὰς
561 1882 644 1915 ἄλλας
658 1882 792 1910 ἐπιτελῶν
811 1883 862 1910 οὐκ
877 1883 994 1910 ἐπαύετο
1005 1903 1014 1916 ,

218 1929 258 1960 ὡς
275 1926 442 1962 συναχθῆναι
457 1926 526 1962 πρὸς
547 1927 630 1954 αὐτὸν
646 1928 783 1962 μοναχοὺς
797 1928 872 1963 τρεῖς
881 1927 1013 1962 χιλιάδας,

225 1971 299 1999 Ἰδὼν
324 1972 345 1998 δ’
369 1971 445 2006 ἡμᾶς
471 1971 485 1997 ό
506 1970 577 2006 ἀνὴρ
591 1990 598 2002 ,
621 1970 668 1997 καὶ
687 1971 840 2006 περιχαρὴς
857 1971 1013 2007 γενόμενος,

219 2015 364 2051 ἠσπάσατο
383 2014 430 2042 καὶ
449 2013 662 2050 περιεπτύξατο.
687 2013 778 2049 Νίψας
797 2014 825 2040 δὲ
840 2015 904 2046 τοὺς
930 2015 1014 2047 πόδας

219 2059 299 2094 ήμῶν
316 2058 411 2094 χερσὶν
438 2057 564 2090 οἰκείαις,
581 2057 651 2092 πρὸς
673 2057 850 2084 διδασκαλίαν
872 2057 1012 2093 ἐτρέπετο.

223 2103 373 2139 Ἐμπειρος
384 2103 439 2138 γὰρ
451 2100 484 2137 ἦν
494 2102 555 2128 λίαν
567 2101 622 2128 τῶν
630 2102 756 2136 Γραφῶν,
770 2101 862 2128 θεόθεν
874 2102 923 2137 τὴν
935 2103 1015 2138 χάριν

221 2146 323 2181 ταύτην
343 2146 500 2182 δεξάμενος.
527 2145 618 2172 Πολλὰ
645 2145 673 2172 δὲ
693 2145 748 2173 τῶν
778 2145 896 2181 Γραφῶν
930 2146 1016 2179 λύσας

221 2191 288 2225 ἡμῖν
305 2190 452 2224 κεφάλαια,
472 2190 519 2216 καὶ
533 2189 582 2224 τὴν
599 2188 739 2224 όρθόδοξον
755 2189 846 2216 πίστιν
863 2190 1012 2225 παραδοὺς,

221 2235 268 2261 ἐπὶ
280 2234 329 2265 τὰς
341 2234 422 2268 εὐχὰς
436 2234 632 2269 προετρέπετο.
648 2233 728 2264 Ἐθος
737 2233 791 2268 γὰρ
802 2234 857 2264 τοῖς
874 2234 1012 2268 μεγάλοις,

222 2277 260 2313 μὴ
279 2277 420 2312 προῖεσθαί
436 2286 462 2303 τι
478 2277 528 2312 τῆς
542 2277 662 2312 σαρκὸς,
679 2278 744 2311 πρὶν
762 2276 811 2312 τὴν
824 2279 1014 2314 πνευματικὴν

220 2322 326 2358 τροφὴν
336 2323 369 2358 τῇ
382 2322 456 2358 ψυχῇ
471 2321 641 2356 παραδοῦναι
650 2329 658 2336 ”
677 2321 746 2357 αὕτη
760 2322 788 2348 δέ
801 2323 875 2350 ἐστιν
887 2322 934 2349 τοῦ
945 2323 1013 2358 Χρι-

222 2366 287 2393 στοῦ
309 2366 447 2393 κοινωνία.
469 2365 678 2398 Μεταλαϐόντες
694 2366 741 2393 οὖν
751 2366 853 2400 ταύτης
872 2367 1013 2402 καὶεὺχα-

222 2411 412 2446 ριστήσαντες,
437 2410 483 2437 ἐπὶ
506 2411 555 2444 τὴν
571 2411 712 2446 τράπεζαν
732 2410 919 2446 προετρέπετο
935 2409 1013 2444 αὖθις

222 2456 305 2490 ἡμᾶς,
324 2455 406 2487 αὐτὸς
419 2455 463 2482 ἀεὶ
473 2455 528 2482 τῶν
542 2456 694 2483 σπουδαίων
706 2456 935 2492 ὑπομιμνήσκων,
948 2457 1013 2484 καθ-

221 2500 323 2534 ήμενος
352 2500 400 2527 καὶ
421 2499 510 2534 λέγων
529 2500 596 2535 ἡμῖν
622 2500 656 2527 τὰ
682 2501 750 2534 πρὸς
776 2500 927 2536 σωτηρίαν.
959 2498 1013 2529 Ἦν

223 2543 289 2578 γοῦν
303 2544 424 2576 τοιοῦτος
440 2546 454 2571 ὁ
467 2545 536 2579 ἀνὴρ
553 2545 675 2577 ἐπίδοξος
689 2546 717 2571 ἐν
730 2545 838 2578 πολλοῖς
853 2545 994 2581 Πατράσιν
1003 2555 1011 2563 ·

220 2589 258 2621 ὡς
278 2587 385 2614 πολλῶν
410 2587 537 2623 μοναχῶν
557 2588 626 2623 πρὸς
637 2588 717 2615 αὐτὸν
730 2589 896 2624 ἐρχομένων,
908 2590 1012 2621 πάντας

222 2633 287 2664 τοὺς
324 2631 464 2668 παρόντας
493 2631 626 2667 ἀδελφοὺς
649 2632 882 2667 συγκαλούμενον,
903 2633 934 2660 ἒν
962 2635 1013 2670 μιᾷ

220 2675 313 2712 ἡμέρα
327 2676 362 2703 τὰ
379 2676 473 2702 κελλία
489 2676 582 2708 αὐτοῖς
597 2677 696 2709 ποιεῖν,
714 2676 761 2703 τοῦ
777 2677 827 2712 μὲν
848 2677 935 2712 πηλὸν
949 2678 1011 2705 επι-

220 2719 337 2751 διδόντος
346 2740 352 2752 ,
367 2719 415 2746 τοῦ
429 2720 457 2746 δὲ
471 2719 591 2751 πλίνθον.
613 2720 694 2747 ἄλλου
711 2719 739 2746 δὲ
753 2719 826 2756 ὕδωρ
841 2721 1010 2755 ἀντλοῦντος,

220 2763 301 2790 ἄλλου
322 2764 350 2790 δὲ
373 2763 439 2796 ξύλα
466 2763 623 2796 κόπτοντος.
641 2765 697 2791 Καὶ
714 2765 950 2793 ἀποτελεσθέντων
963 2766 1012 2792 αὑ-

220 2808 276 2838 τοῖς
297 2807 352 2834 τῶν
375 2807 496 2841 κελλίων,
518 2808 598 2840 αὐτὸς
622 2809 672 2839 τὰς
698 2809 791 2844 χρείας
812 2809 928 2845 ἐπήρκει
954 2811 1011 2841 τοῖς

221 2850 389 2884 ὶργομένοις.
413 2848 497 2884 Οὗτος
519 2852 701 2887 ψευδάδελφόν
727 2861 792 2880 ποτε
808 2853 920 2881 ἐλθόντα
943 2855 1010 2888 πρὸς

1063 255 1145 282 αὑτὸν
1161 256 1207 282 ἐπὶ
1223 256 1342 289 πάντων,
1358 257 1399 288 είς
1417 257 1499 292 μέσον
1515 257 1550 284 τὰ
1572 257 1629 291 ετδη
1649 259 1855 293 προσήνεγκενν

1063 300 1134 328 ὥστε
1150 301 1250 336 μηκέτι
1264 301 1369 337 τολμᾷν
1385 310 1446 329 τινα
1461 302 1507 328 ἐπὶ
1520 302 1603 329 αὑτοῦ
1615 301 1774 337 ψεύδεσθαι,
1791 311 1854 329 τοσ-

1063 344 1149 378 αύτην
1163 345 1245 380 χάριν
1259 345 1360 380 ἀρετῆς
1377 345 1495 380 ἔχοντος,
1515 346 1548 381 ἢν
1562 345 1605 372 διὰ
1619 347 1670 381 τῆς
1693 346 1793 381 πολλῆς
1807 346 1856 373 καὶ

1063 387 1149 422 καλῆς
1168 387 1306 419 πολιτείας
1327 388 1402 424 αὺτῷ
1422 389 1592 422 συνελέξατο.
1612 387 1667 416 Ἦν
1688 389 1717 416 δὲ
1735 389 1799 416 ίδεῖν
1823 384 1854 416 τδ

1064 431 1166 466 πλῆθος
1180 431 1234 458 τῶν
1250 433 1298 459 σὺν
1313 431 1388 468 αὐτῷ
1409 433 1535 468 μοναχῶν
1548 433 1585 459 ἐν’
1597 433 1629 468 τῇ
1644 432 1779 468 ἐκκλησίᾳ
1791 453 1799 466 ,
1815 433 1854 464 ὡς

1063 476 1191 511 ἀγγέλων
1207 477 1306 511 χοροὺς
1322 476 1479 511 ὑμνούντων
1495 477 1540 503 τὸν
1553 476 1630 503 Θεόν.

1097 517 1134 555 Ὦ
1161 519 1262 555 πολλὴν
1286 521 1510 556 προσεμαρτύρει
1537 521 1638 556 ἀρετὴν
1665 521 1740 547 πᾶσα
1763 520 1813 555 μὲν
1837 521 1854 556 ή

1063 564 1223 600 ἀδελφότης,
1244 564 1390 600 ἐξαιρέτως
1405 564 1434 591 δὲ
1455 566 1471 599 ἡ
1494 564 1637 599 ἄνθρωπος
1651 564 1698 591 τοῦ
1711 564 1780 591 Θεοῦ
1797 565 1855 592 Με-

1062 608 1142 644 λάνη,
1158 609 1213 644 πρὸ
1235 608 1303 644 ἐμοῦ
1318 607 1478 635 εἰσελθοῦσα
1497 609 1536 639 είς
1549 607 1630 634 τοῦτο
1643 609 1673 634 τὸ
1688 608 1761 643 δρος.
1782 609 1854 643 Ἐγὼ

1062 653 1117 688 γὰρ
1134 653 1216 679 αὐτὸν
1230 653 1261 679 οὐ
1278 652 1428 689 κατείληφα
1444 652 1543 685 ζῶντα.
1560 651 1654 679 Ταῦτα
1671 652 1700 680 δὲ
1718 652 1811 687 ἔλεγεν
1825 654 1856 680 ἐν

1062 699 1118 727 τοῖς
1130 696 1298 731 διηγήμασιν
1309 696 1543 730 ἀνδραγαθήματα
1556 696 1604 722 τοῦ
1617 695 1724 731 ἀνδρὸς,
1737 696 1778 723 ὃτι
1793 696 1854 723 οὔτε

1062 740 1196 774 ἐψεύσατό
1213 748 1289 773 ποτε,
1303 739 1364 767 οὕτε
1381 740 1506 775 ὤμοσεν,
1519 739 1581 766 οὔτε
1596 740 1770 775 κατηράσατό
1783 749 1824 768 τιν
1831 749 1854 774 ι,

1061 785 1123 813 οὔτε
1138 785 1216 817 ἐκτὸς
1230 785 1324 820 χρείας
1339 784 1468 820 ἐλάλησέν
1481 783 1507 810 τί
1526 792 1603 811 ποτε.

1371 844 1495 872 ΚΕΦΑΛ.
1517 844 1546 872 ῐ’.

1358 900 1426 934 Περὶ
1445 900 1561 935 Παμϐώ.

1098 953 1200 981 Τούτου
1225 953 1272 981 τοῦ
1295 953 1373 990 ὄρους
1390 955 1499 989 ἐγένετο
1522 956 1654 992 πάροικος
1680 956 1695 982 ό
1717 955 1853 990 μακάριος

1063 999 1184 1034 Παμδὼ,
1201 998 1362 1030 διδάσκαλος
1387 1000 1533 1035 Διοσκόρου
1553 1000 1598 1027 τοῦ
1624 1000 1790 1031 ἐπισκόπου,
1806 1001 1855 1027 καὶ

1070 1043 1239 1079 Ἀμμωνίου,
1263 1043 1311 1070 καὶ
1328 1043 1472 1077 Εὐσεϐἰου,
1487 1045 1535 1071 καὶ
1555 1044 1693 1080 Εὑθυμίου
1707 1044 1762 1071 τῶν
1777 1044 1855 1071 ἀδελ-

1064 1088 1134 1124 φῶν,
1159 1088 1206 1115 καὶ
1226 1088 1380 1123 Ὠριγένους
1399 1088 1447 1115 τοῦ
1464 1088 1605 1124 ἀδελφιδοῦ
1625 1089 1787 1124 Δρακοντίου
1807 1089 1855 1116 ἀν-

1062 1132 1125 1168 δρὸς
1137 1132 1243 1165 ἐνδόξου
1266 1132 1313 1159 καὶ
1331 1132 1499 1168 θαυμαστοῦ.
1519 1130 1604 1164 Οὗτος
1619 1133 1632 1159 ό
1651 1132 1757 1168 Παμσὼ
1771 1132 1856 1160 πολλὰ

1065 1176 1114 1212 μὲν
1133 1175 1182 1203 καὶ
1206 1175 1313 1211 μεγάλα
1337 1174 1410 1211 εἶχεν
1430 1177 1666 1212 ἀνδραγαθήματα
1684 1176 1732 1203 καὶ
1756 1185 1856 1212 προτε-

1064 1221 1176 1256 ρήματα
1187 1219 1300 1246 πλεῖστα
1308 1220 1356 1246 καὶ
1363 1219 1488 1255 διάφορα·
1501 1221 1529 1246 ἐν
1540 1217 1580 1252 οἷς
1588 1219 1724 1248 καὶτοῦτο
1731 1220 1813 1247 αὑτοῦ
1821 1218 1856 1255 ἦν

1063 1265 1256 1299 πλεονέκτημα
1273 1264 1302 1290 ὲν
1316 1265 1372 1294 τοῖς
1389 1263 1517 1299 μεγάλοις
1532 1262 1615 1290 αὑτοῦ
1632 1263 1854 1300 κατορθώμασιν

1063 1307 1192 1335 τοσοῦτον
1217 1306 1251 1344 ῆν
1270 1305 1429 1343 ὑπερόπτης
1445 1307 1559 1343 χρυσίου
1576 1308 1623 1334 καὶ
1636 1308 1780 1343 ἀργυρίου,
1794 1308 1856 1335 ὅσον

1064 1353 1164 1388 ἀπῄτει
1190 1352 1204 1379 ὁ
1227 1351 1392 1383 Δεσποτικδς
1412 1351 1501 1384 λόγος.
1526 1351 1569 1378 ‘Ev
1584 1349 1625 1383 οἷς
1641 1351 1760 1387 διηγεῖτό
1772 1361 1817 1387 μοι
1838 1353 1856 1388 ή

1064 1397 1188 1432 μακαρία
1212 1396 1333 1431 Μιλάνη,
1350 1396 1392 1422 ὅτι
1411 1395 1456 1422 Ἐν
1471 1396 1568 1431 ἀρχαῖς
1590 1397 1796 1431 παραγινομένη
1817 1397 1858 1428 είς

1061 1443 1110 1478 τὴν
1132 1441 1337 1477 ’Δλεξάνδρειαν
1360 1440 1415 1467 ἀπδ
1434 1441 1485 1476 τῆς
1505 1439 1632 1476 Ῥώμης,
1651 1441 1699 1468 καὶ
1715 1440 1858 1469 ἀκούσασα

1063 1486 1128 1521 περὶ
1155 1486 1204 1521 τῆς
1219 1484 1315 1512 τούτου
1335 1485 1453 1520 ἀρετῆς,
1480 1485 1527 1511 τοῦ
1552 1485 1688 1520 μακαρίου
1721 1485 1858 1521 Ἰσιδώρου

1063 1531 1110 1558 τοῦ
1137 1529 1327 1566 πρεσϐυτέρου
1349 1530 1396 1556 καὶ
1421 1529 1561 1565 ξενοδόχου
1579 1530 1644 1565 περὶ
1659 1529 1742 1557 αὐτοῦ
1758 1539 1803 1565 μοι
1817 1531 1858 1557 δι-

1063 1574 1250 1610 ηγησαμένου,
1276 1573 1325 1600 καὶ
1345 1573 1529 1608 όδηγήσαντος
1542 1573 1612 1608 πρὸς
1640 1573 1722 1601 αὐτὸν
1747 1573 1788 1605 είς
1808 1573 1858 1608 τὴν

1063 1619 1177 1653 ἔρημον,
1200 1618 1243 1644 ὅτι
1257 1617 1436 1653 προσήνεγκα
1451 1616 1525 1652 αὐτῷ
1541 1617 1727 1653 ἀργενταρίαν
1748 1625 1859 1654 τριακο-

1065 1664 1131 1690 σίων
1151 1661 1252 1697 λιτρῶν
1266 1660 1401 1698 άργύρου,
1417 1661 1636 1696 παρακαλέσασα
1654 1661 1736 1688 αὐτὸν
1755 1662 1787 1688 ἐκ
1803 1661 1858 1688 τῶν

1064 1705 1236 1742 πραγμάτων
1257 1713 1309 1740 μου
1331 1705 1488 1740 μετασχεῖν.
1514 1705 1544 1732 '0
1557 1704 1597 1738 δὲ,
1615 1705 1693 1740 φησὶ,
1707 1705 1860 1740 καθεζόμε-

1065 1759 1120 1783 νος,
1138 1750 1185 1777 καὶ
1202 1749 1310 1776 πλέκων
1326 1748 1441 1780 θαλλοὺς
1453 1769 1460 1781 ,
1474 1748 1628 1784 ηὑλόγησέν
1649 1757 1682 1784 με
1697 1750 1772 1784 φωνῇ
1787 1750 1859 1786 μόνῃ

1065 1794 1166 1822 εἰπών·
1192 1794 1222 1822 ’0
1238 1794 1305 1826 Θεὸς
1318 1793 1399 1821 δώσει
1412 1802 1454 1821 σοι
1468 1793 1514 1821 τὸν
1530 1791 1635 1829 μισθόν.
1658 1794 1712 1821 Καὶ
1727 1794 1802 1829 λέγει
1817 1794 1858 1828 τῷ

1065 1839 1201 1875 οἰκονόμῳ
1228 1839 1312 1866 αὐτοῦ
1342 1838 1475 1874 Ὠριγένει
1489 1846 1497 1856 ·
1512 1839 1592 1872 Δέξαι
1619 1839 1667 1866 καὶ
1679 1839 1859 1875 οίκονόμησον

1065 1884 1136 1911 αὐτὰ
1151 1885 1219 1911 πᾶσι
1232 1884 1288 1915 τοῖς
1304 1883 1376 1910 κατὰ
1391 1882 1505 1917 Λιϐύην,
1521 1883 1637 1915 καὶτοῖς
1647 1884 1677 1910 ἓν
1691 1885 1752 1915 ταῖς
1767 1885 1859 1919 νήσοις

1065 1927 1207 1962 ἀδελφοῖς·
1231 1926 1318 1953 ταῦτα
1335 1926 1390 1962 γὰρ
1408 1926 1442 1953 τὰ
1466 1928 1637 1963 μοναστήρια
1651 1927 1762 1955 πένεται
1778 1927 1860 1955 πλέον

1066 1971 1143 2008 παρὰ
1166 1971 1200 1998 τά
1219 1970 1306 1998 ἄλλα·
1332 1971 1524 2006 παραγγείλας
1548 1971 1623 2007 αὺτῷ
1642 1972 1737 2008 μηδενὶ
1757 1972 1811 1999 τῶν
1830 1973 1860 1998 ἐν

1066 2015 1198 2051 Αἰγύπτῳ
1209 2015 1300 2042 δοῦναι
1309 2014 1357 2042 ἀπ’
1368 2016 1475 2042 ἐκείνου
1484 2015 1532 2042 τοῦ
1547 2016 1698 2051 χρήματος,
1712 2016 1756 2043 διὰ
1772 2017 1802 2043 τδ
1812 2016 1858 2043 εὗ-

1067 2059 1231 2095 πορωτέραν
1244 2057 1313 2085 εἶναι
1326 2059 1376 2094 τὴν
1388 2059 1492 2094 χώραν.
1510 2059 1583 2094 Ἐγὼ
1592 2059 1631 2092 δὲ,
1644 2060 1737 2094 φησὶν,
1752 2060 1859 2087 ἑστῶσα

1065 2103 1228 2138 ὲξεδεχόμην
1251 2103 1316 2138 παρ’
1330 2102 1415 2130 αὐτοῦ
1431 2103 1569 2137 εὐλογίαις
1589 2103 1760 2139 τιμηθῆναι,
1771 2104 1788 2139 ἦ
1808 2103 1860 2130 κᾶν

1065 2147 1140 2182 λόγῳ
1155 2146 1321 2182 δοξασθῆναι
1335 2146 1382 2173 ἐπὶ
1403 2148 1437 2182 τῇ
1454 2146 1571 2183 τοσαύτῃ
1595 2147 1678 2174 δόσει.
1696 2148 1751 2174 Καὶ
1775 2148 1858 2183 μηδὲν

1066 2192 1134 2224 ὅλως
1151 2191 1215 2226 παρ’
1231 2190 1315 2217 αὑτοῦ
1326 2190 1484 2224 ἀκούσασα,
1497 2188 1574 2218 εἷπον
1589 2191 1663 2226 αὐτῷ
1674 2211 1681 2224 ,
1697 2192 1739 2218 ὅτι
1758 2191 1858 2227 Κύριε,

1067 2235 1111 2262 ἵνα
1120 2235 1179 2270 ίδῃς
1189 2234 1272 2260 πόσον
1283 2234 1367 2266 ἐστὶν,
1381 2233 1536 2268 τριακόσιαι
1545 2233 1636 2269 λίτραι
1645 2232 1767 2269 ἀργύρου
1778 2234 1858 2260 εἰσίν.

1071 2281 1102 2307 '0
1114 2280 1142 2306 δὲ
1155 2279 1237 2306 πάλιν
1247 2279 1294 2306 καὶ
1308 2279 1353 2304 ἐπὶ
1361 2278 1448 2313 τούτῳ
1461 2278 1523 2314 μηδ’
1533 2278 1602 2309 ὅλως
1610 2279 1770 2311 ἀνανεύσας,
1780 2279 1796 2314 ῆ
1806 2279 1859 2307 κᾶν

1065 2323 1208 2360 προσεχὼν
1218 2323 1257 2358 τῷ
1273 2322 1364 2349 σκεύει
1383 2322 1433 2357 τῆς
1451 2322 1549 2358 θήκης.
1570 2323 1737 2358 ἀπεκρίνατό
1755 2331 1810 2358 μοι,
1824 2320 1859 2358 ᾭ

1065 2368 1194 2403 ὲνήνοχας
1206 2367 1282 2400 αὐτὸ,
1290 2366 1395 2399 τέκνον,
1405 2366 1481 2402 παρά
1496 2365 1544 2392 σοῦ
1557 2366 1652 2401 μαθεῖν
1664 2367 1713 2401 τὴν
1722 2367 1858 2401 ποσότητα

1064 2412 1112 2439 τοῦ
1126 2411 1247 2448 σταθμοῦ
1263 2411 1358 2447 χρείαν
1374 2411 1425 2438 οὐκ
1442 2411 1512 2446 ἔχει.
1527 2411 1556 2439 '0
1567 2412 1621 2446 γὰρ
1635 2411 1668 2438 τὰ
1686 2412 1736 2447 ὅρη
1747 2412 1860 2447 σταθμὲ-

1065 2465 1125 2490 σας,
1137 2457 1183 2483 καὶ
1196 2455 1246 2487 τὰς
1259 2456 1348 2487 νάπας
1364 2455 1465 2490 στήσας
1478 2454 1565 2490 ζυγῷ,
1584 2455 1676 2490 πολλῷ
1699 2455 1781 2482 πλέον
1799 2457 1860 2482 €12?-

1065 2509 1161 2528 σταται
1176 2500 1226 2535 τὴν
1237 2499 1376 2536 ποσότητα
1392 2499 1440 2526 τοῦ
1461 2500 1595 2536 ἀργύρου.
1618 2499 1650 2526 EI
1664 2499 1714 2534 μὲν
1728 2500 1782 2535 γὰρ
1796 2500 1858 2534 ἐμοὶ

1063 2545 1144 2572 αὑτὸν
1156 2545 1258 2578 ὲδίδως,
1276 2544 1370 2576 καλῶς
1383 2545 1416 2572 ἀν
1432 2553 1478 2579 μοι
1491 2545 1539 2572 καὶ
1552 2544 1597 2571 τὸν
1613 2544 1735 2579 σταθμὸν
1748 2544 1857 2578 ἔλεγες·

1064 2589 1122 2616 εἰδὲ
1134 2588 1173 2624 τῷ
1183 2589 1243 2624 Θεῷ
1255 2589 1324 2616 αὐτὰ
1338 2589 1540 2625 προσήνεγκας,
1551 2588 1591 2624 τῷ
1602 2589 1651 2615 καὶ
1664 2590 1727 2620 τοὺς
1739 2588 1786 2616 δύο
1801 2589 1859 2614 €60-

1064 2635 1126 2666 λοὺς
1145 2633 1183 2670 μὴ
1193 2632 1346 2668 παριδόντι,
1359 2633 1428 2660 ἀλλά
1438 2633 1520 2660 πλέον
1532 2632 1644 2660 ⁴πάντων
1655 2632 1767 2664 τούτους
1777 2633 1859 2668 τιμή-

1064 2686 1152 2709 σαντι,
1161 2677 1262 2710 σιώπα,
1270 2676 1499 2712 ὴσύχαζε.οῦτω;
1511 2673 1557 2704 οὖν
1566 2676 1753 2712 ᾠκονόμησεν,
1763 2678 1858 2711 φησὶν,

1065 2724 1082 2757 ἡ
1096 2722 1176 2756 χάρις
1192 2721 1239 2748 τοῦ
1255 2721 1359 2757 Κυρίου
1372 2722 1400 2747 ὲν
1418 2720 1457 2756 τῷ
1474 2720 1606 2747 εἰσελθεῖν
1627 2728 1660 2754 με
1684 2720 1724 2751 εἰς
1739 2716 1858 2754 τδδρος.

1063 2765 1130 2793 Μετ’
1145 2764 1234 2799 ὀλίγον
1253 2764 1349 2800 χρόνον
1363 2764 1527 2799 κεκοίμηται
1546 2764 1561 2790 ό
1573 2763 1719 2800 ἄνθρωπος
1733 2763 1800 2790 Θεοῦ
1818 2765 1857 2800 μὴ

1063 2810 1190 2845 νοσήσας,
1213 2809 1251 2844 μὴ
1277 2808 1400 2844 ἀλγήσας
1425 2817 1451 2834 τι
1473 2808 1527 2836 τῶν
1543 2809 1590 2835 τοῦ
1613 2809 1738 2845 σώματος
1757 2808 1857 2844 μελῶν,

1063 2853 1131 2880 ἀλλὰ
1150 2853 1199 2888 τὴν
1212 2852 1330 2888 σπυρίδα
1345 2852 1529 2887 καταράπτων
1545 2852 1737 2887 μετεστείλατό
1752 2861 1796 2886 με,
1810 2854 1858 2879 καὶ
