2079 3157
262 148 271 175 l
278 145 330 174 029

896 145 1053 175 HISTORIA
1074 146 1249 175 LAUSIACA.

1805 151 1814 178 Ι
1823 149 1875 179 030

259 210 317 233 erat
331 205 401 232 enim
417 204 487 232 vultu
500 203 583 231 nitido
591 207 622 230 et
635 203 731 235 alacri,
744 202 811 230 adeo
824 206 852 230 ut
867 211 927 229 cum
943 204 984 231 vel
1001 211 1042 230 so-
1055 206 1079 234 Λ
1093 209 1154 230 eum
1170 202 1313 237 aliquando
1328 208 1451 236 venerat,
1468 208 1495 232 et
1511 209 1598 233 vestes
1612 212 1675 234 suas
1688 207 1879 243 occultaverat,

261 251 315 278 tum
339 250 483 281 videretur,
500 250 541 276 vir
563 253 634 276 esset
657 248 827 275 reverendus.
848 248 873 275 ls
887 255 948 275 cum
967 249 1044 283 longe

261 301 323 323 ante
336 303 366 322 se
379 295 404 322 in
421 295 545 322 ulteriore
561 294 724 321 exercuisset
738 293 890 325 solitudine,
907 298 1001 328 postea
1017 295 1043 321 in

262 340 378 373 propiori
402 338 545 367 solitudine
565 339 736 373 congregavit
759 339 936 370 monasteria,
950 338 1045 372 palude

260 387 373 421 propriis
388 387 503 420 plantata
527 385 658 417 manibus.
674 393 735 412 cum
752 385 821 420 ligna
844 392 896 412 non
912 390 1002 412 essent
1019 386 1044 412 in

259 440 293 459 eo
304 432 372 465 loco,
385 431 452 459 adeo
462 436 490 458 ut
501 436 572 458 esset
585 431 667 458 densa
678 431 744 458 silva
756 431 782 457 in
794 430 947 457 solitudine.
965 430 1045 457 Dixe-

259 481 320 503 runt
335 476 406 503 enim
420 476 497 503 nobis
512 477 556 510 qui
572 483 632 503 cum
647 483 680 503 co
703 481 780 503 erant
800 475 902 507 Patres,
916 475 986 509 quod
1010 483 1045 502 ne

258 529 367 557 germen
392 521 501 556 quidem
526 522 579 549 illic
602 526 669 554 erat,
683 522 788 554 quando
810 521 851 548 vir
871 521 914 548 ille
930 521 1001 548 venit
1012 528 1044 548 ex

259 568 411 596 solitudine.
428 567 512 602 Ipsam
525 572 612 595 autem
624 566 763 602 plantavit,
776 574 810 593 ne
823 571 930 601 propter
944 573 987 593 res
998 573 1045 593 nc-

258 613 399 646 cessarias,
413 614 457 648 qui
475 613 508 640 ad
529 614 613 647 ipsum
634 613 829 639 conveniebant
845 612 950 644 fratres,
967 619 1046 645 coge-

258 664 350 688 rentur
362 659 489 691 circuire;
504 659 551 686 sed
571 666 664 686 eorum
684 666 791 685 omnem
815 657 925 692 gerebat
941 664 1043 689 curam,

260 706 343 733 Deum
357 712 447 736 orans,
462 709 489 731 et
500 711 547 738 pro
561 711 652 731 eorum
666 704 752 731 salute
774 703 925 736 decertans,
938 707 966 729 ut
978 702 1045 728 nihil

259 751 300 778 eis
314 750 419 778 deesset
432 749 622 781 necessarium,
638 756 687 776 nec
701 753 772 776 esset
783 749 823 776 eis
835 748 904 775 ullus
914 747 1045 774 socordiae

259 800 415 831 praetextus.
435 794 459 821 Is
478 795 593 829 primum
615 794 721 828 quidem
736 795 835 829 degens
849 794 876 820 in
890 792 1044 825 solitudine,

259 841 421 868 vescebatur
435 839 524 867 herbis
536 844 563 866 et
575 839 697 866 dulcibus
709 839 841 866 radicibus
853 846 860 864 :
871 845 970 873 aquam.
979 845 1045 871 quo-

257 894 310 921 que
320 886 425 913 bibebat
436 885 543 919 quando
554 885 716 918 inveniebat,
725 884 752 911 in
765 884 887 919 precibus
899 888 927 910 et
938 883 1043 918 hymnis
1059 893 1082 923 Β

257 935 314 958 toto
326 936 445 965 tempore
460 937 645 965 perseverans.
661 929 805 964 Postquam
820 933 909 956 autem
923 927 1045 962 pervenit

257 976 290 1002 ad
306 976 447 1010 perfectam
462 979 567 1002 aetatem
590 975 745 1005 senectutis,
763 974 872 1007 angelus
885 975 910 1000 ei
924 973 1044 1007 apparuit

258 1022 284 1048 in
301 1021 411 1053 somnis,
427 1020 518 1048 dicens
531 1020 557 1047 in
576 1019 720 1047 solitudine
733 1028 738 1045 :
753 1019 812 1046 Eris
827 1019 853 1046 in
867 1022 974 1052 gentem
990 1025 1045 1044 ma-

257 1074 348 1101 gnam,
362 1070 389 1093 et
401 1073 512 1100 magnus
527 1070 577 1092 tum
589 1065 650 1093 fidei
660 1065 784 1092 credetur
795 1065 917 1099 populus.
933 1064 984 1098 Qui
999 1072 1044 1098 per

259 1117 284 1138 te
298 1117 387 1139 autem
401 1111 467 1139 salvi
490 1111 564 1146 ﬂent,
575 1117 655 1139 erunt
669 1111 758 1139 decies
782 1111 854 1138 millc
867 1119 873 1137 :
885 1118 952 1146 quos
965 1110 988 1138 si
1004 1111 1046 1137 hic

236 1171 239 1176 -
258 1159 422 1187 lucriieceris
433 1179 440 1192 ,
453 1159 562 1186 totidem
585 1158 632 1186 tibi
647 1158 777 1193 parebunt
791 1158 818 1185 in
834 1157 922 1184 futuro
935 1158 1044 1185 saeculo.

259 1205 348 1240 Neque
371 1205 514 1240 quidquam
536 1204 708 1235 dubitaveris,
721 1205 760 1231 ait
781 1204 806 1230 ei
831 1203 1046 1238 Angelusmihd

257 1251 330 1279 enim
345 1251 392 1279 tibi
406 1251 512 1279 deﬁciet
526 1258 618 1278 eorum
632 1257 692 1285 quze
707 1253 771 1277 sunt
784 1249 817 1276 ad
831 1255 907 1276 usum
923 1256 1046 1276 necessa-

258 1297 309 1329 ria,
326 1305 409 1332 usque
419 1298 451 1324 ad
463 1302 576 1325 mortem
591 1302 673 1330 tttam,
689 1297 792 1331 quoties
806 1296 889 1323 Deutn
906 1297 1046 1324 invocave-

259 1343 308 1370 ris.
320 1344 381 1371 llazc
394 1351 454 1371 cum
468 1344 597 1376 audisset,
610 1343 682 1370 venit
692 1343 725 1369 ad
738 1343 913 1377 propinquam
924 1342 1046 1368 solitudi-

260 1394 333 1421 nem,
348 1396 467 1416 seorsum
489 1388 603 1423 primum
627 1388 744 1422 degens,
761 1387 811 1414 sibi
826 1387 941 1422 quodam
965 1395 1046 1421 parvo

258 1439 413 1462 constructo
436 1433 590 1469 tuguriolo,
613 1434 698 1460 solum
729 1432 882 1467 compositis
905 1437 1045 1460 contentus

259 1479 391 1511 oleribus;
404 1485 476 1513 saepe
489 1478 568 1506 etiam
583 1477 666 1505 semel
681 1476 767 1504 solum
778 1483 891 1505 vesceris
902 1477 928 1504 in
943 1477 1045 1504 hebdo-

261 1525 349 1553 tnada.
366 1525 451 1558 Atque
464 1526 522 1551 erat
535 1522 641 1557 quidem
664 1522 777 1557 primum
793 1521 959 1554 illitteratus;
973 1526 1045 1555 post-

261 1577 339 1605 quam
354 1574 444 1597 atttem
453 1567 526 1596 venit
539 1575 572 1595 ex
585 1567 727 1595 solitudine
738 1567 763 1594 in
776 1572 874 1594 terram
889 1566 1043 1598 habitatum,
1059 1574 1084 1606 ρ

261 1615 287 1643 ei
297 1615 382 1650 gratia
401 1615 450 1641 fuit
470 1614 530 1642 data
546 1613 684 1645 divinitus,
700 1617 728 1640 et
740 1611 890 1646 Scripturas
903 1618 1044 1645 exprome-

261 1661 307 1689 bat
324 1661 488 1688 memoriter.
510 1659 541 1686 Ei
556 1660 626 1688 enim
653 1659 719 1686 libro
742 1658 804 1685 dato
824 1665 838 1683 a
858 1657 994 1689 fratribus,
1010 1656 1044 1682 ita

260 1706 389 1742 deinceps
401 1706 505 1741 legebat
524 1710 648 1740 tanquam
664 1704 765 1738 peritus
780 1703 938 1730 litterarum.
960 1702 1045 1729 Aliam

262 1760 367 1788 quoque
407 1755 552 1788 acceperat
587 1751 703 1787 gratiam
719 1769 727 1782 ,
777 1756 874 1782 nempe
893 1747 1045 1774 diemonum

259 1797 478 1833 expellendorum
490 1816 498 1827 ,
514 1795 581 1822 adeo
595 1799 623 1821 ut
638 1793 711 1820 multi
725 1800 756 1820 ex
773 1793 804 1819 iis
819 1792 864 1826 qui
878 1792 1045 1824 laborabant,

261 1845 342 1873 etiam
357 1850 389 1871 eo
400 1842 516 1873 nolente,
532 1841 678 1868 clamantes
696 1840 754 1872 ejus
768 1838 849 1864 vitam
863 1838 1046 1864 ostenderent.

263 1889 337 1916 Alias
349 1893 453 1922 qu0quc
467 1885 618 1913 curationes
641 1890 693 1910 non
707 1882 829 1909 cessabat
839 1888 975 1915 peragere.
989 1881 1047 1913 Quo

263 1935 360 1960 factum
374 1936 416 1960 est
429 1935 458 1958 ut
472 1930 504 1957 ad
522 1937 581 1957 eum
596 1928 769 1956 convcnirent
783 1926 834 1953 tria
850 1925 930 1953 millia
954 1933 1047 1952 mona-

262 1979 384 2006 chorum.
399 1977 465 2004 Cum
478 1983 526 2003 eos
538 1978 627 2002 autem
638 1974 679 2001 vir
694 1973 737 2000 ille
748 1971 867 2002 vidisset.
881 1970 971 1998 laetitia
987 1970 1047 1997 alii,»

261 2029 320 2052 ctus
335 2031 381 2051 eos
396 2021 530 2054 salutavit,
541 2025 570 2048 et
578 2019 732 2055 complexus
752 2021 802 2045 est.
818 2016 885 2046 Cum
906 2015 988 2050 pedes
1001 2022 1047 2042 eo-

262 2078 320 2097 rum
348 2068 464 2103 propriis
485 2067 601 2094 lavasset
623 2065 764 2096 manibus,
786 2070 932 2091 conversus
951 2066 991 2089 est
1013 2062 1046 2088 ad

261 2115 428 2146 doctrinam;
449 2118 506 2140 erat
528 2112 600 2140 enim
626 2111 703 2138 valde
725 2110 826 2144 peritus
849 2109 1007 2139 litterarum,
1020 2111 1048 2134 ut

262 2161 306 2195 qui
330 2161 397 2186 hanc
417 2159 528 2194 gratiam
550 2156 697 2190 accepisset
711 2154 846 2182 divinitus.
870 2153 935 2180 Cum
957 2157 1046 2180 autem

262 2206 457 2239 Scripturarum
474 2203 554 2229 multa
571 2201 694 2228 solvisset
713 2199 814 2232 capita,
830 2204 856 2226 et
870 2198 948 2225 ﬁdem
965 2197 1048 2224 tradi-

261 2251 346 2279 disset
361 2249 535 2276 orthodoxam
550 2269 557 2280 ,
580 2247 736 2274 adhortatus
749 2249 789 2272 est
803 2244 834 2271 ad
851 2251 952 2278 preces.
976 2243 1044 2270 Viris
1059 2254 1084 2283 D

262 2296 332 2324 enim
347 2295 449 2330 magnis
468 2300 526 2320 mos
541 2298 592 2324 est,
607 2291 670 2318 nihil
689 2291 779 2318 carnis
793 2289 943 2321 admittere,
959 2289 1044 2321 prius-

261 2350 341 2377 quam
364 2340 485 2375 spiritale
508 2339 661 2366 alimentum
677 2338 772 2364 animat
796 2335 953 2363 tradiderint
968 2343 974 2366 ;
990 2335 1047 2361 haec

261 2393 350 2415 autem
364 2391 405 2414 est
415 2385 514 2413 Christi
530 2384 695 2412 communio.
710 2383 775 2410 Cum
788 2381 846 2416 ejus
860 2388 923 2415 ergo
935 2380 1047 2407 fuissent

263 2433 416 2468 participes.
435 2437 463 2460 et
478 2432 596 2467 egissent
615 2430 723 2465 gratias,
739 2429 859 2456 hortatus
872 2432 912 2454 est
925 2427 957 2453 ad
973 2434 1047 2454 men-

263 2485 331 2510 sam,
345 2477 402 2512 ipse
416 2484 522 2511 semper
535 2477 604 2503 inter
616 2475 761 2502 sedendum
776 2481 823 2500 eos
837 2473 984 2500 admonens
998 2480 1046 2499 eo-

263 2531 321 2550 rum
336 2530 395 2558 qutc
409 2526 471 2550 sunt
486 2522 554 2549 bona
569 2526 595 2548 et
611 2521 733 2551 honesta,
749 2523 776 2546 et
790 2519 880 2545 dicens
890 2518 927 2545 eis
943 2525 973 2545 ea
988 2525 1047 2551 quin

263 2568 397 2603 pertinent
409 2568 441 2594 ad
457 2567 580 2594 salutem.
607 2565 668 2594 Fuit
679 2572 742 2600 ergo
758 2565 801 2592 hic
816 2565 855 2591 vir
868 2564 956 2591 clarus
979 2564 1048 2590 inter

262 2616 361 2643 nmltos
374 2614 478 2647 Patres,
490 2613 556 2640 adeo
571 2617 599 2639 ut
621 2619 681 2639 cum
697 2611 770 2637 multi
792 2609 824 2636 ad
842 2617 902 2636 eum
925 2609 1048 2636 venirent

263 2660 397 2692 monachi,
406 2665 499 2686 omnes
512 2661 655 2692 praesentes
668 2656 762 2683 fratres
776 2663 936 2687 convocans,
951 2655 977 2682 in
993 2661 1046 2682 uno

262 2705 306 2733 die
325 2705 364 2732 eis
384 2705 465 2732 cellas
485 2703 584 2730 faceret
599 2712 605 2728 :
619 2709 672 2729 uno
696 2701 802 2736 quidem
827 2699 1047 2727 subministrante

264 2750 359 2786 lutum,
381 2751 466 2778 altero
486 2757 549 2776 vero
575 2748 703 2780 laterem,
719 2747 772 2774 alio
794 2750 881 2773 autem
909 2745 1048 2772 hauriente

263 2802 369 2829 aquam.
383 2795 511 2823 Perfectis
525 2800 613 2821 autem
626 2792 711 2824 cellis,
725 2792 782 2825 ipse
795 2791 930 2826 prtcbehat
942 2790 1049 2818 venien-

266 2841 336 2868 tibus
347 2849 404 2869 ouaa
416 2846 489 2869 erant
504 2839 665 2867 necessaria.
680 2838 704 2866 ls
717 2838 810 2866 falsum
826 2836 945 2870 fratrem,
959 2837 1002 2871 qui
1016 2836 1048 2864 ad

1098 255 1158 275 cum
1170 255 1259 275 coram
1274 249 1396 276 omnibus
1417 250 1559 285 arguisset,
1574 251 1600 278 in
1613 252 1728 280 medium
1742 254 1878 288 produxit.

1096 293 1155 326 Quo
1171 292 1268 320 factum
1284 298 1325 320 est
1339 298 1366 320 ut
1379 301 1456 321 nemo
1471 295 1580 323 auderet
1594 296 1720 332 deinceps
1734 298 1803 332 apud
1818 306 1880 326 eum

1098 338 1215 373 mentiri,
1231 345 1290 366 cum
1304 344 1401 366 tantam
1417 339 1526 368 haberet
1541 342 1664 377 gratiam,
1680 350 1758 377 quam
1774 351 1820 378 per
1833 344 1882 372 ho.

1098 389 1199 411 nestam
1224 392 1299 411 suam
1325 386 1405 412 vitam
1428 386 1478 412 sibi
1499 388 1652 422 collegerat.
1669 388 1776 417 Licebat
1790 394 1880 417 autem

1097 428 1187 455 videre
1206 430 1400 457 multitudinem
1416 438 1508 458 eorum
1523 432 1568 466 qui
1583 440 1643 460 cum
1659 434 1716 467 ipso
1729 441 1805 462 erant
1821 443 1881 462 mo-

1097 475 1242 502 nachorum
1267 475 1292 502 in
1317 476 1446 510 ecelesia,
1462 482 1586 512 tanquam
1607 479 1762 513 angelorum
1783 479 1881 508 choros

1099 520 1181 547 Deum
1195 520 1368 548 laudantium.

1134 567 1252 602 Magnam
1269 568 1330 596 huic
1345 573 1448 602 saneto,
1462 577 1510 596 suo
1521 569 1673 597 testimonio
1688 571 1778 597 tribuit
1797 570 1878 598 virtu-

1098 617 1150 639 tem
1180 613 1303 640 universa
1326 613 1478 641 fraternitas
1494 623 1501 641 :
1516 614 1649 648 praecipue
1672 619 1760 642 autem
1784 615 1880 643 ancilla

1099 658 1145 685 Dei
1170 658 1294 691 Melania,
1319 666 1378 693 quae
1395 659 1465 686 hunc
1489 664 1606 686 montem
1621 665 1684 686 ante
1707 667 1749 687 tne
1774 664 1814 687 est
1839 661 1881 688 in-

1098 711 1200 739 gressa.
1216 704 1271 739 Ego
1286 705 1357 732 enim
1373 712 1433 732 eum
1454 713 1505 731 non
1521 704 1619 733 offendi
1633 705 1734 732 vivum.
1756 706 1818 732 llzec
1836 713 1883 732 au-

1098 757 1150 780 tem
1171 753 1299 787 praeclara
1323 753 1357 780 de
1378 752 1429 780 hoc
1446 753 1503 779 viro
1518 753 1654 785 narrabat,
1671 753 1741 786 quod
1765 760 1814 780 nec
1835 760 1883 780 uno

1099 806 1177 833 quam
1194 799 1227 825 sit
1239 799 1375 832 mentitus,
1396 806 1481 832 neque
1492 797 1632 832 iuraverit,
1649 805 1734 833 neque
1753 798 1798 825 ulli
1812 798 1882 826 male

1098 845 1132 871 sit
1149 849 1281 878 precatus,
1302 850 1387 878 neque
1406 843 1510 870 locutus
1522 843 1557 870 sit
1568 843 1620 871 nisi
1634 851 1701 878 opus
1713 848 1795 871 esset.

1408 897 1518 925 CAPUT
1540 897 1573 924 Χ,

1291 954 1310 981 ν’
1313 955 1349 981 ita
1361 954 1459 981 abbatis
1473 954 1571 981 Pambo
1584 953 1656 990 (25).

1134 1011 1217 1047 llujus
1235 1012 1334 1039 montis
1349 1011 1438 1039 accola
1451 1010 1500 1038 fuit
1517 1010 1597 1037 etiam
1613 1010 1696 1037 abbas
1710 1010 1820 1042 Pamho,
1835 1012 1880 1045 qui

1098 1058 1147 1085 fuit
1161 1058 1287 1092 magister
1307 1057 1426 1085 Dioscuri
1444 1056 1562 1091 episcopi
1577 1056 1710 1083 Ainmonii
1731 1062 1759 1083 et
1772 1057 1877 1084 Eusebii

1098 1109 1124 1131 ct
1145 1104 1281 1138 Euthytnii
1304 1102 1428 1136 fratrum,
1453 1106 1481 1129 et
1498 1102 1621 1137 Origenis
1645 1102 1692 1129 ﬁlii
1708 1102 1765 1137 (26)
1793 1103 1881 1131 fratris

1099 1151 1233 1177 Dracontii
1256 1150 1306 1177 viri
1331 1149 1441 1177 illustris
1464 1153 1491 1176 et
1510 1148 1683 1175 admirabilis.
1705 1148 1753 1176 Hic
1778 1149 1878 1177 Pambo

1098 1196 1179 1223 multa
1196 1195 1303 1230 quidem
1319 1195 1433 1222 habebat
1446 1199 1473 1222 et
1488 1194 1559 1221 varia
1571 1194 1709 1228 privilegia
1722 1201 1729 1220 :
1743 1194 1811 1221 inter
1821 1202 1879 1222 cat-

1098 1246 1154 1268 tera
1175 1245 1265 1268 autem
1285 1248 1345 1274 qua:
1359 1245 1430 1267 recte
1445 1244 1472 1267 et
1485 1246 1518 1266 ex
1537 1238 1635 1265 virtute
1648 1238 1682 1265 ah
1700 1245 1733 1266 eo
1748 1239 1879 1273 gereban-

1098 1291 1150 1318 tur,
1173 1285 1223 1313 hoc
1242 1284 1357 1312 habebat
1383 1291 1435 1319 quo
1450 1288 1508 1311 erat
1531 1282 1639 1317 reliquis
1661 1283 1795 1317 superior,
1808 1284 1879 1318 quod

1097 1332 1198 1359 scilicet
1225 1338 1319 1358 aurum
1347 1334 1375 1357 et
1395 1333 1533 1363 argentum
1557 1328 1730 1362 despiciebat,
1750 1334 1878 1364 quanqu

1099 1378 1215 1411 postulat
1237 1378 1305 1404 ratio
1329 1375 1472 1403 dominica.
1490 1374 1566 1402 Unde
1581 1374 1645 1401 mihi
1667 1374 1783 1402 narravit
1801 1375 1877 1403 beata

1097 1424 1207 1451 Melania
1220 1423 1291 1457 quod
1310 1430 1370 1449 cum
1393 1421 1428 1449 ab
1442 1421 1517 1448 initio
1531 1420 1613 1447 Roma
1631 1420 1749 1448 venisset
1765 1421 1879 1449 Alexan-

1098 1471 1193 1503 driam,
1217 1474 1244 1497 et
1267 1469 1300 1497 de
1314 1468 1372 1504 ejus
1386 1468 1484 1495 virtute
1506 1466 1635 1493 audiisset
1650 1473 1666 1493 a
1680 1466 1757 1493 beato
1776 1466 1877 1495 Isidoro

1098 1516 1254 1551 presbytero
1268 1520 1295 1543 et
1308 1514 1473 1546 xenodocho,
1490 1513 1535 1548 qui
1546 1513 1578 1539 de
1590 1519 1623 1538 eo
1636 1511 1700 1539 mihi
1712 1512 1839 1545 narravit,
1851 1518 1879 1541 et

1098 1562 1131 1590 ad
1146 1562 1231 1596 ipsum
1250 1561 1360 1589 deduxit
1378 1561 1404 1587 in
1426 1558 1606 1587 solitudinem.
1630 1558 1671 1586 Ad
1694 1565 1764 1590 eum,
1778 1558 1877 1590 aiebat.

1097 1606 1174 1634 attuli
1190 1613 1251 1633 vasa
1269 1611 1394 1642 argentea
1414 1609 1593 1632 trecentarum
1615 1605 1741 1633 librarum
1764 1604 1878 1638 argenti,

1098 1661 1194 1689 rogans
1208 1660 1269 1680 eum
1288 1657 1318 1679 ut
1332 1659 1420 1679 rerum
1444 1658 1562 1678 mearum
1581 1657 1652 1678 esset
1675 1650 1817 1685 particeps.
1833 1649 1880 1677 ille

1097 1702 1196 1732 autem,
1212 1697 1307 1732 inquit,
1326 1702 1452 1731 operans,
1462 1700 1489 1723 et
1509 1703 1597 1722 ramos
1619 1700 1711 1722 texens
1733 1693 1886 1721 mihibene-

1098 1744 1176 1773 dixit,
1192 1750 1256 1770 voce
1277 1749 1373 1776 magna
1387 1741 1479 1768 dicens
1492 1749 1498 1766 :
1511 1741 1580 1768 Deus
1594 1739 1639 1767 det
1651 1739 1698 1766 tibi
1718 1738 1878 1770 mercedem.

1099 1789 1134 1815 Et
1147 1788 1213 1815 dixit
1227 1795 1275 1814 suo
1289 1793 1429 1814 teconomo
1442 1785 1548 1819 Origeni
1559 1784 1624 1821 [ΑΛ.
1640 1782 1792 1819 Theodoro]
1807 1792 1814 1810 :
1828 1784 1879 1810 Ao-

1098 1833 1169 1866 cipe,
1183 1836 1211 1858 et
1225 1839 1255 1858 ea
1270 1831 1392 1864 dispeusi
1408 1830 1538 1857 universae
1553 1829 1709 1856 fraternitati
1724 1835 1785 1862 quae
1797 1833 1838 1855 est
1853 1828 1879 1854 in

1099 1877 1181 1911 Libya
1202 1880 1229 1903 ct
1243 1875 1268 1903 in
1285 1875 1388 1902 insulis.
1406 1874 1468 1902 Haec
1481 1874 1552 1901 enim
1566 1872 1723 1900 monasteria
1739 1871 1822 1906 magis
1836 1871 1880 1898 in-

1099 1921 1248 1957 digentzei
1262 1919 1418 1954 praecipiens
1446 1923 1474 1946 ut
1496 1924 1529 1945 ex
1556 1925 1589 1945 eo
1613 1917 1677 1944 nihil
1692 1916 1766 1944 daret
1789 1917 1823 1943 iis
1835 1916 1879 1950 qui

1099 1969 1176 1994 erant.
1190 1966 1217 1992 in
1239 1964 1366 2000 Egypto,
1383 1969 1522 1998 propterea
1536 1963 1607 1997 quod
1622 1963 1656 1989 sit
1673 1962 1746 1996 regio
1760 1960 1838 1988 ditior
1852 1964 1881 1987 et

1099 2011 1286 2037 abundantior.
1304 2010 1359 2044 Ego
1380 2013 1480 2040 autem,
1496 2007 1591 2042 inquit,
1608 2011 1680 2034 stans
1693 2005 1878 2040 exspectabam

1100 2061 1129 2083 ut
1142 2056 1183 2082 vel
1207 2054 1438 2083 benedictionibus
1461 2053 1495 2080 ab
1515 2060 1547 2080 eo
1568 2052 1725 2084 honorarer,
1741 2051 1784 2078 vel
1799 2051 1880 2078 verbo

1098 2101 1193 2129 saltem
1213 2101 1334 2127 laudarer
1349 2099 1384 2126 ob
1399 2102 1500 2125 tantum
1521 2098 1630 2124 donum.
1646 2095 1713 2124 Curti
1729 2103 1792 2123 vero
1814 2095 1881 2123 nihil

1099 2146 1208 2173 omnino
1222 2146 1255 2172 ab
1270 2153 1302 2171 eo
1326 2145 1478 2174 audiissem,
1495 2143 1519 2170 ei
1538 2142 1592 2170 dixi
1605 2151 1610 2168 ε
1625 2142 1745 2173 Domine,
1760 2145 1788 2168 ut
1810 2141 1881 2168 scias

1100 2196 1226 2226 quantum
1242 2191 1286 2223 sit,
1307 2195 1369 2216 sunt
1384 2194 1509 2216 trecenta:
1532 2188 1606 2214 librae
1621 2187 1733 2222 argenti.
1747 2187 1770 2214 ls
1791 2191 1881 2213 autem

1100 2245 1193 2265 rursus
1208 2244 1267 2264 cum
1285 2236 1316 2263 ad
1334 2236 1384 2262 hoc
1399 2242 1431 2262 ne
1446 2234 1555 2261 omnino
1570 2233 1675 2267 quidem
1691 2232 1839 2264 annuisset,
1855 2236 1883 2258 et

1100 2290 1148 2310 nec
1167 2282 1200 2308 ad
1217 2281 1285 2308 vasis
1300 2280 1407 2315 quidem
1423 2279 1528 2306 thecam
1543 2277 1709 2309 attendisset,
1724 2276 1860 2311 respondit
1874 2284 1881 2302 :

1098 2328 1124 2355 ls
1138 2328 1180 2355 cui
1195 2327 1253 2354 lucc
1273 2325 1396 2357 attulisti,
1418 2332 1435 2351 ο
1450 2324 1513 2357 filia,
1537 2331 1589 2350 non
1604 2330 1670 2357 opus
1692 2322 1771 2349 habet
1785 2326 1814 2348 ut
1827 2329 1842 2348 ει
1858 2327 1882 2349 te

1099 2374 1184 2401 discat
1210 2372 1384 2407 quantitatem
1409 2369 1544 2405 ponderis.
1558 2369 1608 2402 Qui
1630 2368 1700 2395 enini
1716 2371 1819 2393 montes
1833 2373 1881 2400 ap-

1101 2419 1191 2454 pendit
1205 2422 1232 2445 et
1250 2417 1332 2445 saltus
1354 2421 1452 2443 statera
1467 2414 1534 2450 (Ira.
1551 2421 1595 2445 xL,
1610 2413 1665 2447 12),
1691 2412 1774 2439 multo
1797 2412 1880 2445 magis

1099 2466 1341 2500 scitquantilatem
1358 2464 1394 2490 tui
1408 2463 1521 2497 argenti.
1541 2462 1568 2488 Si
1590 2461 1661 2488 enim
1677 2460 1733 2487 haec
1754 2459 1819 2486 mihi
1833 2460 1881 2485 da-

1100 2520 1153 2544 res,
1170 2516 1242 2539 recte
1257 2509 1321 2537 mihi
1336 2509 1438 2544 pondus
1452 2508 1581 2540 dixisses;
1597 2506 1642 2533 sed
1656 2505 1679 2532 si
1691 2505 1744 2532 Deo
1758 2512 1789 2531 ea
1803 2504 1881 2532 obtu-

1101 2558 1164 2591 listi,
1188 2557 1233 2592 qui
1248 2564 1282 2583 ne
1296 2556 1363 2583 duos
1377 2554 1484 2589 quidem
1505 2553 1599 2580 obolos
1616 2551 1674 2588 (2'1)
1686 2551 1817 2585 despexit,
1834 2549 1882 2577 sed

1100 2611 1147 2630 eos
1172 2603 1230 2637 plus
1257 2609 1335 2636 quant
1359 2599 1447 2627 omnia
1471 2598 1612 2626 aestimavit
1634 2596 1731 2632 (Marii
1754 2604 1800 2629 xit,
1824 2595 1882 2632 42).

1101 2656 1168 2676 tace.
1188 2649 1233 2676 Sic
1254 2656 1328 2683 ergo,
1354 2647 1450 2682 inquit,
1477 2644 1641 2680 dispensavit
1661 2643 1745 2678 gratia
1766 2641 1881 2674 Domini,

1100 2697 1162 2722 dum
1186 2696 1304 2729 ingressa
1329 2701 1387 2720 sum
1403 2693 1428 2719 in
1454 2692 1524 2719 hunc
1549 2695 1676 2717 montem.
1700 2688 1775 2715 Brevi
1793 2692 1881 2714 autem

1099 2746 1159 2775 post
1174 2745 1293 2774 tempore
1313 2739 1421 2766 dormiit
1437 2738 1517 2765 homo
1530 2736 1588 2768 Dei,
1604 2742 1652 2762 nec
1674 2739 1816 2770 mgrotans,
1834 2739 1884 2760 nec

1100 2787 1125 2812 in
1141 2785 1195 2812 ulla
1211 2789 1284 2819 parte
1294 2783 1413 2817 corporis
1427 2782 1545 2809 dolorem
1559 2779 1686 2809 sentiens,
1703 2777 1750 2805 sed
1763 2782 1881 2812 sportam

1099 2839 1244 2861 contexens
1260 2839 1303 2860 me
1317 2829 1450 2863 accersiit,
1475 2832 1502 2856 et
1520 2834 1580 2854 cum
1602 2823 1775 2860 ldessotjam
1795 2827 1882 2852 extre,
