2077 3154
197 149 262 178 1051

927 140 1081 169 PALLADII

1744 141 1756 168 l
1761 139 1812 169 033

197 215 258 234 mus
272 206 409 239 stimulus,
431 205 496 232 dicit
519 205 584 232 mihi
600 214 605 232 :
627 204 698 239 Cape
727 202 796 230 hanc
821 205 941 236 sportam
961 206 975 224 a
991 201 1014 232 Α
1028 206 1108 233 posse
1124 201 1216 236 egredi
1232 208 1247 229 e
1260 201 1415 229 solitudine.
1431 200 1481 228 Ubi
1492 204 1582 227 autem
1598 197 1811 230 norrcedebant,

196 249 266 276 meis
283 248 418 280 manibus,
434 253 463 275 ut
475 248 524 274 mei
541 246 707 273 memineris.
724 244 876 271 Nihilcnim
890 241 977 270 habeo

197 290 270 317 aliud
284 290 354 324 quod
371 290 419 317 tibi
434 289 593 323 relinquam.
610 288 642 314 Et
658 295 718 314 cum
735 287 786 314 hoc
799 286 922 316 dixisset,
936 293 978 312 ex-

198 332 270 359 cedit
289 332 347 359 sine
365 331 449 363 febre,
465 338 525 358 cum
547 334 619 357 esset
638 337 773 356 annorum
796 329 976 363 septuaginta,

171 370 176 375 ’
198 374 314 402 Domino
325 373 518 401 commendans
533 372 667 407 spiritum.
685 373 769 404 Quem
786 378 846 397 cum
866 378 915 405 ego
931 379 978 397 cu-

199 426 300 446 rassem
316 417 383 452 (28),
399 421 427 444 ct
442 416 533 444 linteis
550 416 636 443 sancti
651 423 749 450 corpus
767 414 939 441 involvissem
952 418 979 441 et

198 459 397 494 deposuissem,
419 459 519 486 recessi
541 466 556 484 a
575 458 731 489 solitudine,
752 463 836 491 usque
855 456 888 482 ad
907 455 978 482 diem

198 503 293 529 Inertis
309 510 414 530 mecum
436 502 539 529 habens
559 501 630 527 illam
648 504 776 535 sportam.
796 499 844 526 llic
860 499 978 526 Pambon

198 552 260 571 cum
272 548 344 571 esset
359 544 518 575 moriturus,
533 542 560 569 in
587 543 644 576 ipsa
670 542 734 569 hora
757 549 895 574 excessus,
916 549 978 568 eum

197 585 435 613 circumstantibus
442 584 719 620 Origenepresbytero
727 591 758 610 ac
765 590 906 610 (economo
912 583 980 615 (29),

198 631 225 654 et
240 627 384 654 Ammonio
397 626 464 654 viris
474 627 631 661 inclytis,\et
644 626 754 660 reliquis
766 625 904 657 fratribus,
913 625 980 652 dici-

198 674 243 696 tur
257 669 309 696 hoc
323 668 442 696 dixisse:
460 669 500 695 Ex
516 676 569 702 quo
580 668 640 695 veni
656 668 683 694 in
696 667 768 694 hunc
786 667 874 694 locum
889 667 982 693 solituu

164 740 168 747 κ
198 710 280 743 dinis,
302 715 329 738 et
352 718 440 737 meam
459 710 588 737 aedificavi
606 711 712 739 cellam,
733 714 760 736 et
784 709 828 736 hic
849 709 980 742 habitavi,

167 750 174 771 -‘
198 753 288 780 nullus
303 752 355 780 fuit
365 752 424 779 dies
434 760 488 787 quo
505 760 560 779 non
576 752 674 787 aliquid
688 752 779 786 operis
792 752 900 780 fecerim
913 751 981 779 meis

161 796 179 832 ς
197 793 343 821 manibus:
369 801 421 821 nec
434 794 544 821 memini
557 801 600 820 me
624 793 658 820 ab
672 794 762 828 aliquo
782 801 879 828 panem
899 793 981 827 gratis

198 835 291 862 datum
307 836 479 868 comedisse;
494 843 545 863 nec
559 843 602 862 me
619 835 645 862 in
662 836 732 862 hanc
751 836 846 862 horam
867 835 982 869 pteuitet

1027 243 1093 277 ipsis
1105 243 1271 276 videntibus,
1281 248 1389 278 arrepto
1403 243 1494 271 forﬁce
1505 243 1643 270 sinistram
1657 248 1751 268 aurem
1760 241 1812 268 sibi

1027 284 1145 312 abscidit
1154 285 1279 312 aditnum
1292 293 1388 320 usque,
1397 285 1438 312 eis
1451 285 1563 312 dicens:
1579 283 1657 311 Nunc
1669 282 1815 316 intelligito

1028 326 1086 353 ﬁeri
1102 335 1157 353 non
1169 334 1248 362 posse
1259 331 1289 355 ut
1299 335 1349 363 ego
1360 328 1421 354 fiam
1436 327 1509 362 quod
1523 334 1566 354 me
1575 325 1682 360 cogitis,
1696 331 1758 352 cum
1771 323 1814 350 lex

1027 368 1172 402 prohibeat
1185 377 1219 396 ne
1232 369 1266 396 ad
1279 369 1461 397 sacerdotium
1475 368 1642 403 provehatur
1656 367 1680 394 is
1691 366 1736 394 cui
1749 369 1814 392 sunt

1028 416 1108 436 aures
1122 414 1278 445 amputatae.
1291 411 1359 438 Cum
1371 411 1410 438 sic
1422 418 1486 446 ergo
1500 417 1562 437 eum
1577 408 1754 438 dimisissent,
1771 413 1814 433 re-

1029 457 1182 485 cesserunt,
1195 458 1223 480 et
1232 454 1265 481 ad
1279 455 1437 488 episcopum
1450 453 1592 479 venientes
1602 452 1659 478 hate
1671 450 1696 478 ei
1710 456 1813 477 renun-

1029 493 1140 522 tiarunt.
1158 495 1184 522 ls
1194 500 1285 522 autem
1299 496 1340 523 eis
1354 495 1434 522 dicit:
1452 494 1512 521 llzrc
1529 494 1571 521 lex
1587 493 1614 520 in
1629 500 1679 520 usu
1691 492 1725 519 sit
1740 489 1813 525 apud

1029 534 1147 562 Judaeos.
1164 535 1229 562 Mihi
1239 539 1329 562 autem
1345 535 1367 562 si
1380 535 1422 562 vel
1437 540 1590 561 truncatum
1606 532 1718 559 naribus
1727 531 1813 558 addu-

1030 576 1126 603 xeritis
1139 577 1186 611 qui
1203 577 1238 604 sit
1258 577 1338 604 bonis
1357 576 1488 607 moribus,
1514 583 1564 610 ego
1585 582 1647 601 eum
1669 572 1812 600 ordinabo.

1030 617 1132 645 Euntes
1148 625 1211 654 ergo
1228 625 1290 646 eum
1300 626 1393 645 rursus
1410 617 1549 652 rogabant.
1568 617 1636 643 Cum
1650 616 1707 650 ipse
1722 619 1813 641 autem

1030 667 1084 686 non
1101 664 1218 694 pareret,
1235 660 1353 695 aggressi
1367 664 1432 687 sunt
1444 667 1506 687 eum
1520 659 1563 686 vel
1583 658 1609 685 vi
1630 657 1774 685 adducere.
1788 655 1815 682 Is

1031 707 1121 729 autem
1136 703 1175 730 eis
1189 702 1299 736 iuravit,
1315 702 1427 729 dicens:
1452 701 1479 728 Si
1496 709 1539 728 me
1558 699 1715 736 coegeritis,
1731 697 1814 725 etiam

1031 743 1151 778 linguam
1168 751 1254 770 meam
1271 743 1437 770 exscindam.
1458 743 1494 770 Eo
1508 743 1599 776 itaque
1615 746 1677 776 post
1698 741 1756 767 htec
1772 740 1815 767 di-

1031 785 1125 816 misso,
1143 791 1326 814 recesserunt.
1348 784 1434 818 llujus
1447 784 1581 812 Ammonii
1598 783 1685 810 fertur
1697 784 1749 810 hoc
1767 783 1837 817 mi-,.

1033 828 1164 856 raculum.
1178 828 1330 862 Nunquam,
1341 827 1476 862 inquiunt,
1487 826 1509 852 si
1518 826 1626 860 quando
1637 827 1723 860 turpis
1738 825 1817 852 volu-

198 877 281 913 716
299 877 414 912 alicujus
432 878 575 910 sermonis,
592 885 671 912 quem
693 878 806 904 dixerim
823 887 830 910 ;
844 867 875 904 et
886 877 925 904 sic
948 876 980 903 ad
994 877 1018 906 B
1033 870 1114 913 Ριθίξῖε
1124 870 1275 913 “milia”?
1286 869 1448 913 ins‘"‘_l'?c'vi0
1456 869 1516 902 eius
1527 875 1626 913 CQTPUS
1636 867 1746 913 Ῑΐξνειείιν
1756 875 1817 913 (30':-

199 919 284 946 Deum
298 919 406 952 recedo,
421 923 451 946 ut
465 920 509 954 qui
526 927 576 946 nec
591 919 650 954 pius
667 919 775 953 quidem
793 926 824 946 ac
841 919 982 953 religiosus

198 968 258 987 csse
273 961 414 994 cmperim.
431 960 487 987 Hoc
504 969 611 995 quoque
630 961 663 987 de
679 968 712 987 eo
727 960 850 987 ferebant
864 960 982 986 testimo-

199 1002 275 1028 nium
286 1002 385 1030 Christi
394 1002 465 1029 servi
476 1001 606 1037 Origenes
617 1006 644 1028 et
653 1002 823 1031 Ammonius.
834 1001 904 1035 quod
917 1008 983 1026 Illlll-

198 1051 279 1079 quam
294 1043 329 1070 de
343 1051 372 1070 re
391 1044 480 1078 aliqua
504 1044 696 1078 interrogatus,
722 1051 782 1077 quae
799 1043 839 1070 rel
862 1042 894 1069 ad
909 1042 982 1069 Scri-

199 1090 319 1120 pturam,
335 1085 378 1112 vel
394 1085 426 1112 ad
437 1085 572 1112 actionem
585 1085 758 1120 negotiumvc
774 1084 881 1118 aliquod
899 1083 983 1116 perti-

199 1131 287 1160 neret,
301 1126 391 1154 statim
408 1126 588 1161 responderit,
604 1127 650 1153 sed
663 1126 781 1153 dixerit:
799 1125 922 1153 Nondum
943 1125 983 1151 iu-

200 1169 339 1203 veniquod
346 1169 523 1202 respondeam
535 1175 623 1202 ;s:epe
633 1173 720 1195 autem
734 1167 920 1202 prtetericrant
930 1171 983 1193 tres

199 1217 319 1241 menses,
331 1214 424 1237 etnon
436 1209 516 1236 dabat
531 1217 704 1243 responsum,
725 1209 837 1235 dicens:
858 1208 982 1234 Nondum

199 1251 405 1286 comprehendi.
427 1250 492 1277 Tam
509 1251 679 1278 considerate
695 1251 803 1284 quidem
818 1258 848 1277 ex
866 1250 921 1276 Deo
939 1252 983 1276 da-

199 1293 244 1319 bat
256 1300 397 1327 respousa,
407 1297 460 1319 uta
473 1293 526 1319 Deo
538 1300 598 1319 cum
609 1293 682 1319 omni
694 1298 767 1319 metu
776 1299 870 1319 omnes
878 1292 984 1326 aer-ipe-

199 1338 271 1361 reut.
284 1334 431 1361 Dicebatur
441 1333 513 1360 enim
523 1333 594 1360 hanc
607 1334 735 1360 virtutem
744 1333 826 1359 etiam
836 1341 916 1367 supra
926 1341 984 1359 ma-

199 1383 282 1410 gnum
292 1377 451 1406 Antonium,
462 1380 489 1402 et
499 1382 580 1410 super
593 1382 688 1402 omnes
701 1380 810 1402 sanctos
821 1375 983 1406 exercuisse,

200 1425 299 1452 nempe
310 1422 339 1445 ut
349 1422 422 1445 esset
435 1417 462 1443 in
478 1416 613 1456 loquendo
628 1421 772 1443 accuratus
792 1420 819 1443 et
833 1415 982 1450 perfectus.

504 1476 619 1505 CAPUT
634 1477 682 1504 XI.

430 1522 489 1550 Vita
501 1523 604 1550 abbatis
622 1523 683 1549 Pior
697 1523 763 1558 (50).

236 1578 334 1606 Fertur
352 1584 442 1606 autem
458 1584 558 1613 printer
565 1580 617 1606 alia
629 1580 686 1606 hznc
700 1587 807 1614 quoque
818 1579 888 1606 actio
899 1581 985 1608 sancti

201 1620 333 1653 l’anrbon,
351 1621 422 1655 quod
437 1620 509 1652 Pior,
525 1621 569 1656 qui
585 1629 613 1649 se
628 1621 654 1647 in
671 1622 723 1647 vita
737 1622 878 1648 exercebat
890 1629 986 1648 mona-

201 1662 278 1694 stica,
294 1662 326 1689 ad
340 1663 399 1696 ejus
413 1663 507 1690 cellam
524 1663 671 1697 aliquando
686 1663 827 1692 accedens.
847 1664 984 1698 proprium

201 1711 299 1738 panem
315 1704 420 1731 detulit.
437 1705 505 1731 Cum
519 1712 580 1732 eum
596 1710 686 1731 autem
704 1704 986 1738 Pamboureprehenv

201 1747 296 1779 disset,
306 1746 415 1773 dicens:
432 1747 487 1773 Cur
503 1747 554 1774 hoc
566 1747 654 1774 fecisti
671 1748 682 1773 ?
697 1747 839 1781 respondit
851 1747 931 1774 Pior:
947 1747 986 1775 Ne

202 1792 229 1816 te
245 1795 395 1823 gravarent.
412 1787 503 1823 Itaque
527 1789 626 1816 tacitus
641 1797 702 1816 cum
723 1789 835 1816 dimisit.
851 1789 915 1817 Post
934 1790 986 1817 ali-

202 1835 333 1865 quantum
341 1835 431 1857 autem
444 1831 574 1865 temporis
590 1831 722 1858 accedens
738 1839 851 1866 magnus
866 1831 985 1859 Pamhon

202 1873 235 1900 ad
257 1873 353 1900 cellam
376 1872 449 1905 Pior,
466 1880 564 1908 panem
584 1881 664 1900 suum
686 1881 778 1900 secum
806 1873 985 1901 madefactum

202 1916 303 1943 attulit.
316 1915 357 1942 Ab
371 1922 404 1943 eo
419 1920 510 1942 autem
526 1920 645 1950 rogatus,
663 1924 779 1950 quanam
798 1915 832 1942 de
846 1923 924 1943 causa
940 1923 987 1950 pa-

201 1965 264 1985 nem
273 1957 407 1985 attulisset
416 1957 609 1990 madefactum,
625 1959 766 1993 respondit
776 1959 912 1986 Pamhon:
926 1959 987 1986 Ideo

202 1999 345 2033 madefeci,
362 2007 396 2027 ne
409 2008 458 2035 ego
473 2008 580 2035 quoque
596 2005 622 2027 te
637 2008 799 2035 gravarent:

497 2070 612 2098 CAPUT
635 2071 692 2098 XII.

204 2117 263 2144 Vita
284 2118 387 2145 abbatis
409 2118 542 2144 Ammonii
567 2117 623 2178 (5i;
643 2121 667 2143 et
693 2117 806 2151 fratrum
828 2117 908 2143 simul
928 2124 986 2143 cum

522 2160 606 2178 sorori
627 2160 666 2178 us.

522 2160 666 2178 δοτοηυιιε.

1033 911 1092 945 pori
1103 919 1153 938 suo
1161 912 1282 946 pepercit
1295 920 1302 943 ;
1320 911 1366 938 sed
1376 910 1478 938 ferrum
1489 909 1607 936 candens
1622 909 1679 936 suis
1688 909 1818 936 membris

1032 952 1201 985 admovebat,
1211 952 1279 980 adeo
1290 957 1319 979 ut
1334 956 1406 979 esset
1418 956 1490 979 totus
1501 951 1646 979 ulceratus.
1654 950 1719 985 Ejus
1727 955 1818 977 autem

1034 1001 1126 1020 mensa
1140 994 1203 1021 talis
1212 994 1286 1021 fuita
1299 995 1443 1029 juventute
1459 1001 1544 1027 usque
1552 993 1585 1020 ad
1603 996 1729 1024 mortem,
1745 992 1818 1027 quod

1033 1035 1125 1062 crudis
1140 1035 1244 1062 scilicet
1255 1040 1432 1068 vesceretur;
1448 1035 1516 1062 nihil
1534 1035 1608 1062 enim
1630 1042 1751 1070 unquam
1770 1041 1819 1062 co-

1033 1077 1158 1104 medebat
1173 1077 1245 1112 quod
1263 1077 1316 1112 igni
1332 1077 1428 1105 fuisset
1442 1077 1590 1108 admotum,
1603 1082 1701 1111 praeter
1710 1084 1819 1111 panem.

1034 1117 1118 1145 Vetus
1129 1123 1220 1145 autem
1236 1123 1263 1145 et
1286 1118 1389 1145 Novum
1408 1118 1614 1146 Testamentum
1637 1118 1746 1146 dicebat
1760 1125 1820 1144 mc-

1034 1160 1146 1187 moriter
1160 1160 1214 1193 (52)
1229 1168 1236 1190 ;
1250 1165 1277 1187 et
1294 1160 1320 1187 in
1337 1161 1479 1187 doctorum
1500 1161 1621 1188 virorum
1648 1159 1774 1195 Origenls
1791 1164 1820 1187 et

1035 1201 1150 1237 Didymi,
1163 1206 1189 1229 et
1205 1200 1286 1228 Pierii
1297 1206 1324 1229 et
1339 1202 1471 1236 Stephani
1487 1201 1596 1237 scriptis
1621 1202 1657 1229 ita
1679 1207 1737 1229 erat
1755 1211 1819 1229 ver-

1034 1248 1117 1275 satus,
1134 1247 1164 1270 ut
1181 1244 1303 1278 sexagies
1316 1249 1431 1271 centena
1451 1243 1533 1270 millia
1560 1251 1689 1271 versuum
1706 1251 1820 1278 percur-

1035 1284 1110 1316 rerit,
1128 1288 1156 1311 ut
1171 1284 1204 1311 de
1220 1292 1252 1311 eo
1269 1284 1361 1311 ferunt
1386 1285 1570 1323 testimonium
1597 1285 1687 1320 magni
1710 1293 1820 1320 quoque

1035 1325 1128 1352 Patres
1147 1326 1172 1352 in
1192 1326 1348 1354 solitudine.
1369 1325 1454 1360 llujus
1472 1330 1561 1353 autem
1588 1326 1714 1354 feruntur
1737 1327 1819 1355 etiam

1035 1367 1194 1402 prophetiae.
1212 1367 1329 1394 Tantum
1345 1373 1436 1395 autem
1466 1369 1572 1395 valebat
1594 1369 1620 1395 in
1647 1369 1820 1397 consolandis

1036 1408 1164 1436 fratribus
1186 1409 1231 1443 qui
1248 1414 1326 1436 erant
1349 1409 1376 1436 in
1402 1410 1561 1442 solitudine,
1578 1415 1710 1446 quantum
1729 1411 1821 1439 nullus

1036 1450 1113 1477 alius.

1071 1496 1128 1524 Hoc
1142 1497 1166 1524 ei
1183 1504 1233 1524 suo
1248 1497 1375 1532 suffragio
1387 1497 1526 1524 tribuebat
1536 1497 1678 1532 Evagrius,
1696 1498 1742 1533 qui
1761 1503 1822 1526 erat

996 1547 1018 1578 ρ
1036 1540 1077 1567 vir
1091 1539 1261 1567 discernendi
1273 1540 1298 1567 vi
1316 1539 1456 1574 prmditus,
1471 1547 1499 1566 se
1515 1539 1616 1566 nullum
1627 1539 1764 1567 hominem
1780 1541 1822 1567 vi-

1036 1583 1109 1609 disse
1123 1582 1168 1617 qui
1184 1587 1255 1609 esset
1266 1582 1351 1617 magis
1367 1582 1525 1616 impatihilis
1537 1582 1604 1616 (55),
1623 1587 1650 1610 et
1665 1583 1770 1610 alienus
1787 1585 1821 1611 ah

1036 1623 1163 1650 omnibus
1179 1623 1261 1650 animi
1276 1623 1529 1658 perturbationibus
1550 1623 1645 1660 (Caute
1661 1624 1736 1659 lege).

1072 1670 1132 1706 [llic
1149 1671 1218 1698 idem
1236 1671 1425 1698 sanctissimus
1444 1679 1506 1698 cum
1528 1679 1544 1698 a
1568 1671 1673 1698 Rullino
1692 1673 1822 1707 temporis

1037 1712 1110 1739 illius
1126 1713 1255 1747 prml'ecto
1265 1713 1381 1747 praetorii
1402 1713 1547 1748 multiplici
1565 1713 1766 1748 supplicatione
1778 1723 1822 1740 ro-

1036 1758 1113 1789 gatus
1129 1754 1234 1786 fuisset,
1253 1758 1283 1780 ut
1302 1762 1401 1788 magno
1423 1755 1470 1782 illo
1500 1757 1644 1784 Ammonio
1663 1756 1822 1784 Constanti-

1036 1795 1162 1830 nopolim.
1173 1796 1207 1823 ob
1221 1797 1389 1823 necessarias
1404 1797 1487 1824 eremi
1503 1797 1623 1825 actiones
1649 1799 1822 1831 adveniente,

1037 1837 1094 1872 ipse
1109 1845 1216 1872 quoque
1234 1839 1391 1873 dignaretur
1411 1839 1515 1871 venire,
1535 1839 1714 1867 vehementer
1726 1840 1752 1868 id
1764 1848 1826 1875 pre-

1036 1880 1160 1907 cantibus
1173 1880 1274 1907 sanctis
1287 1881 1454 1907 diversarum
1464 1881 1663 1915 provinciarum
1677 1882 1824 1917 episcopis,

1037 1921 1151 1956 aliisque
1167 1922 1372 1956 quampluribus
1379 1922 1501 1949 cremitis
1513 1923 1569 1957 (qui
1582 1923 1615 1949 ad
1624 1923 1824 1950 dedicationem

1037 1963 1165 1996 basilicae,
1179 1971 1260 1998 quam
1278 1964 1335 1998 ipse
1353 1963 1524 1996 condiderat,
1541 1965 1748 1999 convenerant),
1766 1973 1826 1992 me-

1037 2010 1173 2032 moratum
1192 2005 1328 2032 Bullinum
1350 2005 1467 2040 propriis
1477 2006 1603 2033 manibus
1618 2007 1825 2041 suscepitsacro

1038 2046 1113 2074 fonte
1128 2047 1299 2074 mundatum.
1317 2047 1404 2079 Quem
1420 2055 1476 2074 suae
1497 2049 1714 2075 conversationis
1727 2049 1825 2076 merito

1037 2088 1183 2123 plurimum
1199 2094 1344 2116 veneratus
1361 2094 1413 2121 est,
1431 2093 1525 2123 sancto
1543 2089 1687 2117 Ammonio
1711 2091 1825 2125 cupiens

1039 2130 1065 2156 in
1080 2131 1207 2158 omnibus
1231 2131 1344 2158 obedire
1362 2138 1368 2156 :
1386 2131 1432 2164 qui
1459 2131 1540 2164 paulo
1555 2135 1616 2166 post
1640 2131 1769 2161 dormivit
1797 2134 1825 2161 in

1038 2171 1163 2204 Domino,
1179 2172 1355 2206 sepultusque
1371 2176 1412 2198 est
1429 2171 1455 2198 in
1468 2171 1577 2199 basilica
1594 2180 1654 2207 qua:
1674 2174 1827 2208 appellatur

237 2208 408 2240 Ammonius,
427 2208 472 2242 qui
489 2207 541 2235 fuit
553 2207 642 2243 magni
661 2206 763 2234 PambO
780 2207 939 2241 ᾶίεείρυιυδ,
952 2207 988 2234 Si-
999 2210 1025 2239 D
1038 2212 1208 2246 Ruﬂiniana;
1225 2213 1252 2240 in
1262 2213 1340 2246 cujus
1353 2213 1478 2248 sepulcro
1495 2214 1583 2240 curari
1599 2206 1725 2242 feruntur
1735 2216 1826 2244 cuncti

203 2251 259 2278 mul
273 2258 335 2277 cum
348 2249 435 2277 tribus
448 2249 576 2276 fratribus
593 2254 619 2276 et
637 2248 743 2275 duabus
757 2249 906 2281 soterihus,
926 2257 988 2276 ctnn

203 2293 392 2328 pervenissent
402 2292 436 2319 ad
449 2299 585 2319 summum
603 2291 711 2326 pictatis
728 2298 760 2318 ac
775 2291 924 2326 religionis.
941 2299 988 2319 vc-

202 2339 303 2362 nerunt
318 2333 345 2360 in
357 2333 542 2365 solitudinem,
558 2337 586 2360 et
599 2340 723 2360 seorsum
740 2332 864 2360 fecerunt
882 2337 988 2359 utrum-

202 2385 256 2413 que
271 2377 476 2408 monasterium,
485 2375 605 2403 virorum
620 2375 725 2402 scilicet
739 2379 766 2401 et
779 2375 935 2408 mulierum,
953 2375 989 2402 ita

203 2424 233 2447 ut
251 2420 316 2447 satis
328 2426 455 2454 magnum
469 2418 649 2445 intercederet
661 2417 787 2450 spatium.
798 2417 930 2450 Quoniam
939 2425 990 2444 au-

202 2466 257 2489 tem
275 2461 418 2497 insigniter
436 2461 531 2488 doctus
547 2465 605 2488 erat
621 2461 740 2487 vit-orum
750 2461 869 2494 optimus
880 2460 989 2488 Ammo-

202 2503 275 2534 nius,
286 2503 410 2537 quaedam
418 2503 516 2530 civitas
528 2502 694 2529 desideravit
703 2509 766 2528 eum
778 2501 878 2529 habere
889 2502 991 2537 episco-

202 2552 278 2579 pum.
296 2544 346 2577 Qui
365 2552 426 2571 cum
440 2545 622 2572 accessissent
638 2543 671 2570 ad
691 2543 801 2570 beatum
815 2543 988 2571 Timotheum

202 2587 371 2622 episcopum,
381 2591 511 2620 rogarunt
521 2593 582 2613 eum
597 2590 626 2612 ut
634 2586 674 2612 eis
682 2586 839 2621 episcopum
852 2586 990 2613 ordinaret

202 2629 387 2656 Ammonium.
404 2628 450 2655 Ille
462 2633 553 2655 autem
567 2628 648 2654 dicit:
665 2627 797 2654 Adducite
812 2635 875 2654 eum
886 2628 918 2655 ad
936 2635 988 2659 me.

201 2675 228 2697 et
237 2679 286 2705 ego
296 2678 358 2697 eum
368 2670 444 2697 vobis
457 2669 597 2697 ordinabo.
608 2669 676 2695 Cum
689 2676 753 2701 ergo
760 2676 820 2694 cum
835 2676 932 2703 magno
941 2678 990 2696 au-

203 2714 267 2740 xilio
277 2713 426 2740 ivissentad
435 2721 494 2739 etilli
504 2711 801 2746 cotnprchendendum,
812 2710 834 2737 is
842 2718 991 2738 conversus

202 2759 243 2781 est
254 2755 280 2782 in
293 2755 392 2790 fugam.
408 2755 477 2782 Cum
501 2753 612 2780 vidisset
623 2757 712 2779 autem
734 2759 762 2778 se
774 2752 829 2786 jam
840 2761 899 2779 esse
915 2761 991 2780 com-

203 2797 378 2830 prehensum,
387 2801 462 2824 stans
471 2803 518 2822 eos
534 2795 654 2829 rogabat.
665 2794 732 2820 Cum
744 2794 760 2820 ii
775 2799 866 2821 autem
878 2803 933 2822 non
945 2803 993 2830 pa-

203 2842 306 2869 rcrcnt,
318 2837 418 2872 iuravit
433 2845 514 2864 senex
534 2844 564 2864 se
589 2843 644 2863 rem
663 2843 717 2863 non
740 2835 888 2870 suscipere,
904 2845 991 2871 neque

1039 2255 1153 2282 diversis
1170 2255 1292 2283 febribus
1303 2255 1468 2282 laborantes.
1489 2255 1530 2282 Ex
1546 2256 1694 2290 Heraclide,
1710 2266 1769 2293 cap.
1782 2258 1825 2294 2.]

1331 2310 1446 2339 CAPUT
1460 2311 1533 2338 Xlll.

1227 2363 1285 2390 Vita
1302 2363 1404 2390 abbatis
1422 2362 1562 2397 Benjamin
1579 2363 1647 2398 (5i).

1075 2419 1105 2446 ln
1119 2420 1170 2447 hoc
1185 2424 1277 2448 monte
1292 2419 1385 2446 Nitriae
1401 2420 1451 2447 fuit
1464 2419 1504 2446 vir
1520 2419 1698 2453 admirabilis,
1715 2420 1762 2455 qui
1776 2427 1826 2448 vo-

1040 2463 1153 2490 cabatur
1167 2462 1319 2496 Benjamin,
1337 2461 1382 2495 qui
1394 2466 1467 2488 recte
1478 2465 1504 2488 et
1514 2469 1548 2488 ex
1565 2462 1665 2488 virtute
1679 2462 1763 2488 vitam
1772 2463 1828 2496 egit

1040 2504 1120 2531 annis
1135 2503 1282 2538 octoginta.
1299 2503 1418 2536 Quicum
1433 2511 1538 2530 sumine
1549 2504 1676 2531 virtutem
1685 2505 1828 2531 exercuis-

1041 2550 1090 2577 set,
1101 2545 1226 2580 dignatus
1237 2545 1286 2572 fuit
1301 2545 1385 2580 gratia
1401 2545 1582 2577 curationum,
1595 2545 1662 2573 adeo
1673 2552 1701 2572 ut
1713 2546 1828 2572 cuicun-

1040 2596 1092 2623 quc
1108 2587 1454 2621 manusimposuisset,aut
1468 2587 1539 2622 quod
1549 2588 1727 2615 henedixerat
1738 2588 1827 2614 oleum

1041 2629 1170 2658 dedisset,
1187 2628 1232 2662 qui
1248 2627 1387 2655 laborabat
1401 2628 1562 2656 liberaretur
1579 2629 1612 2656 ab
1631 2629 1705 2656 omni
1718 2629 1828 2664 aegritu-

1041 2671 1114 2697 dine.
1125 2669 1175 2696 Hic
1183 2669 1228 2703 qui
1245 2674 1317 2695 tanta
1327 2669 1411 2703 gratia
1425 2669 1523 2705 dignus
1535 2669 1623 2697 fuerat
1632 2671 1751 2702 habitus,
1764 2674 1828 2697 octo

1042 2712 1183 2739 mensibus
1201 2715 1264 2738 ante
1276 2711 1379 2737 obitum
1396 2711 1447 2738 fuit
1461 2712 1636 2746 hydropicus,
1651 2717 1678 2739 et
1693 2713 1753 2747 ejus
1765 2719 1828 2739 cor-

1043 2762 1094 2789 pus
1105 2761 1192 2787 usque
1200 2753 1267 2780 adeo
1279 2753 1417 2785 intumuit,
1429 2758 1461 2780 ut
1475 2758 1587 2788 propter
1601 2753 1709 2781 dolores
1718 2753 1829 2781 inveni-

1044 2802 1118 2824 retur
1133 2796 1203 2823 alius
1214 2795 1266 2822 Job
1278 2796 1363 2822 nostri
1383 2795 1522 2830 temporis.
1537 2795 1605 2822 Cum
1617 2803 1666 2823 nos
1675 2799 1766 2823 autem
1784 2803 1830 2822 as-

1045 2839 1207 2873 sumpsissct
1225 2837 1369 2865 Dioscorus
1381 2837 1535 2872 episcopus,
1546 2837 1591 2871 qui
1603 2841 1667 2864 tunc
1679 2842 1738 2864 erat
1752 2843 1829 2872 pres-
