2079 3157
239 178 307 206 1057

864 177 1022 206 HISTORIA
1041 177 1215 206 LAUSIACA.

1777 186 1846 216 1058

234 235 311 270 byler
332 235 429 263 montis
450 236 547 269 Nilrim,
568 244 611 264 me
638 236 744 271 inquam
764 241 792 264 et
818 236 922 264 beatum
944 237 1010 264 Eva-
1027 235 1138 272 Aergo,
1150 238 1243 271 frater,
1257 239 1338 266 vitam
1353 240 1539 274 aggrediamur
1560 242 1749 274 monasticam,
1769 245 1797 268 ut
1821 246 1850 269 et

234 281 342 316 grintn,
377 281 445 309 dicit
479 281 559 309 nobis
587 289 595 308 :
622 282 729 315 Adeste,
748 283 836 310 videte
856 290 953 310 novum
963 282 1014 311 Job

234 325 279 358 qui
292 326 319 352 in
335 329 407 352 tanto
418 326 537 360 corporis
550 327 643 354 morbo
656 331 684 354 et
697 331 770 355 tanto
785 332 887 355 tumore
901 328 1014 355 immen-

234 377 291 397 sam
307 371 386 398 habet
399 371 550 404 patientiam
564 379 623 399 cum
639 373 781 408 gratiarum
796 373 910 400 actione.
930 373 1014 400 Acce—

233 415 327 442 deutes
341 422 405 449 ergo
418 415 529 443 vidimus
544 420 643 443 tantam
659 418 755 444 molem
768 417 826 452 ejus
840 417 969 451 corporis,
985 421 1015 444 ut

234 467 343 494 parvum
358 459 415 495 eius
429 460 538 496 digitum
556 470 609 489 non
624 469 760 496 possemus
772 463 913 497 complecti
925 463 1014 498 digitis

232 505 342 531 duarum
355 512 491 532 manuum.
508 506 574 533 Cum
589 511 677 534 autem
693 508 777 535 morbi
791 508 948 542 gravitatem
961 515 1014 535 non

232 556 372 583 possemus
384 550 444 578 fixis
466 551 550 579 oculis
564 552 669 584 intueri,
686 557 791 580 nostros
805 554 895 581 oculos
909 558 1014 582 averte-

232 596 336 622 bamus.
364 595 440 624 'I‘unc
454 596 517 624 dicit
559 598 638 626 nobis
669 598 764 627 beatus
787 599 831 628 ille
855 600 1013 635 Benjamin:

231 640 321 673 Orate,
337 640 394 674 filii,
412 648 445 669 ne
468 649 544 669 meus
565 643 684 671 internus
700 644 779 671 homo
794 645 829 672 sit
842 644 1013 682 hydropicus.

232 684 287 712 Iloc
300 685 370 713 enim
396 692 492 719 corpus
505 695 591 722 neque
602 696 662 715 cum
683 689 750 717 bene
773 697 802 717 se
816 690 936 722 haberet,
951 690 1015 717 mihi

231 729 375 764 quidquam
392 731 500 765 profuit,
517 739 602 766 neque
624 740 684 760 cum
712 734 789 767 male,
813 742 855 762 me
868 735 944 762 Iresit.
963 735 1015 762 Illis

231 781 295 810 ergo
311 779 371 803 octo
385 776 520 804 mensibus
538 778 605 805 facta
617 783 660 806 est
673 779 709 806 illi
722 780 787 807 sella
802 780 929 808 latissima
946 780 1014 816 (55),

232 818 259 846 in
275 827 326 854 qua
349 821 458 848 sedebat
472 821 588 856 assidue,
612 828 640 850 ut
660 823 703 858 qui
726 832 779 852 non
796 831 883 858 posset
905 825 931 853 in
946 826 1015 854 lecto

230 865 399 897 accumbere.
422 872 530 901 propter
541 876 571 895 ea
588 876 648 902 quae
662 874 722 896 sunt
733 871 837 904 corpori
851 872 1012 899 necessaria.

1066 283 1148 317 patris
1163 283 1245 310 nostri
1260 283 1392 311 lucremur
1406 284 1555 318 facultates,
1577 290 1604 313 et
1618 291 1723 313 nostras
1744 285 1850 314 animas

1066 334 1118 355 non
1135 328 1286 362 perdamus.
1302 328 1404 356 Placuit
1421 337 1484 364 ergo
1496 331 1613 365 utrisque
1623 338 1720 365 scopus
1735 330 1795 358 vitae
1804 338 1848 358 so-

1066 373 1171 406 litariae,
1187 374 1233 401 sed
1249 374 1351 401 inventi
1364 379 1425 402 sunt
1446 374 1514 402 alius
1529 375 1555 402 in
1581 375 1633 402 alio
1656 375 1850 410 discrepantes.

1065 416 1131 445 Cum
1149 418 1236 453 itaque
1256 419 1384 454 pecunias
1398 419 1560 453 divisissent,
1586 424 1613 447 et
1633 420 1734 454 reliqua
1749 422 1848 453 omnia,

1066 461 1137 489 hunc
1151 462 1258 497 quidem
1269 463 1319 490 sibi
1338 470 1447 497 scopum
1462 470 1668 502 proposuerunt,
1679 468 1709 492 ut
1724 465 1778 492 Deo
1793 465 1850 499 pla-

1066 512 1167 539 cerent,
1188 507 1234 534 sed
1250 507 1356 535 diverso
1371 507 1431 535 vitte
1443 509 1573 536 instituto.
1590 509 1664 536 Unus
1675 509 1745 536 enim
1760 509 1848 536 omnia

1066 550 1232 586 dispergens,
1254 552 1327 580 dedit
1339 554 1517 587 monasteriis,
1527 558 1553 580 et
1577 554 1710 585 ccclesiis,
1723 558 1750 581 et
1761 560 1849 581 custo-

1066 596 1127 629 diis,
1142 602 1242 624 etcum
1257 602 1341 625 artem
1362 597 1507 630 didicisset,
1521 606 1554 626 ex
1567 607 1615 633 qua
1628 599 1678 627 sibi
1693 607 1787 633 panem
1803 605 1850 633 pa-

1067 646 1148 674 raret,
1169 642 1477 677 exercitationi'operam
1498 643 1578 670 dabat
1590 649 1616 670 et
1632 643 1758 671 Orationi.
1777 644 1850 671 Alter

1066 690 1153 713 autem
1167 686 1225 721 ejus
1234 687 1300 714 nihil
1311 688 1446 722 dispersit,
1461 689 1506 716 sed
1523 688 1594 715 facto
1608 689 1658 716 sibi
1677 689 1850 719 monasterio,

1066 735 1093 757 et
1114 730 1204 764 paucis
1216 733 1359 765 assumptis
1384 733 1517 766 fratribus,
1532 733 1678 768 quemlibet
1703 734 1851 768 excipiebat

1066 776 1208 811 hospitem,
1223 778 1368 812 quemlibet
1391 778 1501 806 curabat
1515 784 1653 814 :egrotum,
1674 780 1796 815 quemvis
1808 787 1850 808 se-

1066 829 1127 849 nem
1154 822 1299 854 retinebat,
1316 824 1400 851 cuivis
1421 824 1530 859 pauperi
1552 824 1652 857 dabat;
1682 825 1799 852 Sabbato
1821 829 1850 853 et

1067 866 1212 899 Dominica,
1226 870 1281 895 tres
1300 872 1345 895 aut
1359 873 1472 903 quatuor
1483 877 1590 897 mensas
1600 874 1730 904 statuens,
1744 878 1791 898 eos
1803 871 1850 906 qui

230 908 296 937 Cum
310 914 400 938 autem
416 911 550 940 laboraret
572 913 622 941 hoc
643 914 737 941 morbo
752 915 948 949 immedicabili,
963 924 1015 945 me-
1029 915 1054 945 B
1067 916 1144 939 erant
1164 913 1243 947 εκεηί
1258 913 1417 947 emiI’iebi‘t-
1434 914 1490 941 H00
1504 915 1583 942 m0d0
1596 916 1677 942 Vitam
1697 922 1772 943 ³11³1ιὶ
1786 923 1851 943 οοη·

232 955 345 984 debatur
357 956 417 985 ali-is
431 958 475 992 qui
487 959 645 987 tenebantur
657 961 793 995 quibusvis
803 962 1012 998 mgritudinibus;

230 1001 414 1031 Necessarium
427 1004 517 1039 itaque
524 1004 598 1040 duxi,
611 1006 731 1034 morbum
742 1006 820 1042 hujus
833 1009 917 1036 sancti
933 1016 1015 1044 expo-

231 1055 306 1080 nere,
321 1056 356 1076 ne
374 1049 450 1076 nobis
465 1049 581 1077 alienum
595 1051 725 1085 videatur,
749 1053 771 1080 si
789 1053 853 1081 viris
865 1053 943 1088 justis
963 1055 1013 1082 ali-

230 1094 290 1127 quis
306 1101 384 1122 casus
406 1094 521 1122 accidat.
544 1096 658 1131 Egregie
681 1104 744 1132 ergo
758 1097 804 1124 illo
817 1097 875 1125 viro
898 1102 1011 1132 mortuo,

230 1139 365 1167 sublatum
377 1145 419 1167 est
438 1140 518 1168 limen
539 1141 600 1169 ostii
617 1146 644 1169 et
659 1147 759 1177 postes,
775 1148 803 1170 ut
815 1148 905 1178 posset
918 1151 1014 1178 corpus

232 1183 322 1212 efferri
336 1192 368 1212 ex
383 1186 462 1213 cella.
478 1186 562 1214 Tanta
587 1191 646 1215 erat
659 1188 743 1216 moles
760 1188 881 1224 corporis
903 1189 972 1217 beati
988 1195 1015 1217 et

231 1228 323 1265 inclyti
338 1230 420 1264 patris
437 1230 585 1265 Benjamin.

523 1297 635 1325 CAPUT
653 1298 722 1326 XIV.

234 1351 293 1379 Vita
305 1352 436 1388 Apollonii
447 1353 503 1388 (56)
519 1354 563 1393 qui
584 1356 810 1393 cognominabatur
824 1357 875 1384 ἀπὸ
892 1366 1014 1393 πραγμα-

400 1393 503 1417 τευτῶν.
516 1390 542 1415 id
557 1395 594 1417 est
609 1399 624 1416 α
646 1391 853 1426 negotiatoribus.

265 1457 377 1492 Quidam
405 1459 561 1494 Apollouius
582 1460 690 1489 nomine
718 1461 768 1489 ἀπὸ
801 1467 1014 1499 πραγματιυτῶν,

232 1503 259 1534 id
276 1508 327 1537 est,
352 1512 365 1530 a
382 1506 598 1539 negotiatoribus,
622 1514 682 1534 cum
702 1508 802 1535 mundo
827 1509 1014 1541 renuntiasset,

232 1555 258 1576 et
274 1555 389 1578 montem
412 1550 503 1578 Nitria:
523 1552 685 1585 habitasset,
701 1558 727 1580 et
750 1561 799 1581 nec
813 1560 897 1582 artem
911 1555 1016 1583 discere

1065 958 1189 992 sumpsit.
1210 958 1348 986 Ambobus
1365 963 1453 987 autem
1468 961 1591 994 mortuis,
1607 961 1719 989 diversa:
1735 963 1850 990 beatitu-

1065 1003 1141 1031 dines
1155 1005 1275 1038 utrisque
1288 1005 1421 1033 dabantur
1434 1013 1449 1033 a
1463 1006 1604 1039 fratribus.
1617 1012 1710 1042 utpote
1721 1008 1791 1043 quod
1805 1014 1850 1035 es-

1065 1052 1124 1075 sent
1144 1048 1243 1075 inventi
1259 1050 1337 1076 ambo
1359 1050 1455 1078 virtute
1482 1051 1591 1085 perfecti
1610 1057 1660 1080 :et
1673 1052 1732 1080 aliis
1742 1053 1848 1088 quidem

1065 1094 1187 1128 placebat
1201 1094 1255 1122 vita
1268 1095 1335 1129 ejus,
1352 1095 1396 1130 qui
1417 1096 1632 1129 renuntiaverat;
1655 1097 1714 1125 aliis
1734 1106 1796 1125 vero
1818 1106 1848 1124 ea

1065 1146 1123 1172 quae
1145 1139 1357 1166 communicabat
1380 1141 1503 1169 omnibus
1527 1142 1677 1176 egentibus.
1703 1141 1768 1168 Cum
1784 1150 1849 1177 ergo

1065 1183 1135 1210 inter
1163 1183 1259 1211 fratres
1292 1184 1428 1212 incidisset
1452 1186 1598 1219 contentio,
1624 1191 1735 1220 propter
1755 1186 1848 1213 horum

1065 1229 1202 1256 beatorum
1223 1229 1357 1257 diversum
1391 1229 1452 1257 vita:
1485 1231 1633 1262 institutum
1649 1252 1656 1263 ,
1683 1236 1708 1258 et
1733 1231 1850 1259 maxime

1066 1280 1174 1309 propter
1185 1276 1279 1303 Iaudes
1299 1276 1429 1308 diversas,
1447 1277 1548 1304 vadunt
1564 1278 1597 1304 ad
1616 1278 1721 1305 beatum
1737 1276 1848 1309 Pambo,

1065 1325 1092 1347 et
1118 1321 1149 1347 ad
1173 1328 1234 1347 eum
1256 1321 1391 1353 referunt,
1425 1327 1453 1348 ut
1478 1322 1511 1348 de
1533 1321 1581 1348 hac
1610 1329 1638 1349 re
1670 1321 1848 1356 respondeat,

1066 1367 1183 1394 volentes
1199 1367 1268 1394 seire
1282 1371 1401 1394 utranam
1423 1368 1457 1394 sit
1479 1367 1574 1395 melior
1594 1368 1654 1395 vitm
1670 1368 1747 1394 ratio.
1764 1366 1787 1394 Is
1802 1375 1850 1393 an-

1067 1416 1119 1439 tem
1137 1412 1175 1439 eis
1187 1411 1252 1439 dicit
1264 1421 1271 1438 :
1289 1411 1399 1446 Utrique
1412 1416 1475 1440 sunt
1488 1412 1597 1447 perfecti
1612 1412 1681 1446 apud
1700 1412 1793 1439 Deum.
1806 1411 1850 1439 AI-

1067 1461 1107 1485 ter
1117 1457 1224 1493 quidem
1248 1458 1353 1486 functus
1369 1463 1531 1486 estmnnere
1554 1459 1678 1490 Abrahae,
1701 1459 1744 1493 qui
1758 1465 1852 1485 omnes

1067 1503 1235 1539 excipiebat;
1248 1503 1316 1531 alter
1336 1512 1398 1531 vero
1414 1505 1532 1538 suscepit
1554 1503 1733 1531 firmissimum
1749 1507 1777 1531 et
1790 1510 1850 1531 con-

1067 1548 1261 1576 stantissimum
1273 1549 1358 1575 zelum
1376 1548 1439 1576 Eliae
1454 1549 1602 1583 prophetas,
1615 1553 1644 1576 ut
1661 1549 1714 1576 Deo
1725 1549 1852 1583 placeret.

232 1600 332 1628 posset,
348 1603 397 1623 nec
408 1596 519 1630 litteras,
535 1598 604 1632 quod
619 1603 696 1626 aetate
711 1604 783 1627 esset
802 1606 954 1634 provectus,
978 1602 1014 1629 vi-

1070 1593 1101 1621 Et
1115 1601 1173 1620 eum
1189 1593 1233 1620 alii
1249 1594 1355 1628 quidem
1371 1595 1394 1621 ei
1410 1594 1531 1622 dicerent
1546 1604 1552 1620 :
1568 1594 1706 1628 Quomodo
1722 1594 1780 1622 ﬁeri
1804 1602 1854 1628 μοι

231 1640 295 1674 ginli
309 1640 386 1667 annis
400 1641 496 1676 quibus
511 1642 576 1669 vixit
596 1642 621 1670 in
637 1648 736 1677 monte,
753 1644 820 1672 hunc
835 1645 1016 1674 habuitexer-

232 1685 395 1714 citationem.
410 1687 471 1714 Suis
496 1689 615 1721 pecuniis
635 1695 662 1717 et
684 1690 740 1718 Suis
763 1690 897 1718 laboribus
923 1700 1016 1720 cmens

233 1731 398 1758 Alexandria:
413 1739 474 1759 vasa
491 1733 591 1759 medica
607 1740 685 1760 omne
697 1742 781 1767 genus
803 1735 871 1770 (37),
885 1737 1016 1763 universae

232 1775 390 1803 fraternitati
417 1783 449 1803 ea
475 1777 659 1811 suppeditabat
685 1778 717 1804 ad
732 1779 840 1806 morbos
855 1787 862 1806 :
879 1784 904 1806 et
920 1780 1016 1807 licebat

231 1827 292 1847 eutn
305 1820 397 1848 videre
407 1828 422 1847 a
438 1820 523 1853 prima
537 1821 596 1847 luce
610 1829 692 1855 usque
705 1822 737 1848 ad
753 1822 845 1850 horam
862 1831 957 1851 nonam
972 1825 1016 1852 di-

231 1869 397 1892 scurrentem
416 1865 539 1892 obeundo
563 1868 734 1900 monasteria,
757 1872 785 1895 et
809 1869 905 1896 ostium
929 1870 1016 1904 ingre—

232 1909 360 1943 dientem,
375 1914 402 1938 et
414 1910 544 1938 visentem
554 1919 616 1938 num
629 1912 687 1946 quis
697 1912 879 1940 decumberet.
892 1914 1017 1942 Portabat

231 1958 321 1981 autem
336 1962 412 1982 uvam
429 1962 545 1990 passam,
562 1956 631 1983 mala
644 1956 747 1991 punica,
763 1965 823 1990 ova,
849 1965 943 1992 panem
961 1960 1016 1986 sili—

231 1999 350 2034 glneum,
366 2004 393 2027 et
407 2008 439 2028 ea
452 2000 547 2035 quibus
563 2007 630 2035 opus
641 2001 740 2029 habent
757 2004 860 2037 aegroti.
875 2004 948 2031 Hanc
965 2004 1016 2032 sibi

232 2045 413 2075 conferentem
431 2048 532 2074 invenlt
546 2047 606 2074 vita;
621 2049 751 2076 rationem
767 2057 851 2084 usque
863 2051 895 2077 ad
913 2051 1015 2078 senium

231 2090 329 2118 Christi
354 2099 456 2119 servus.
472 2093 521 2125 Qui
536 2101 595 2121 Cum
611 2098 683 2121 esset
706 2095 859 2128 moriturus,
877 2095 953 2123 alteri
967 2096 1015 2123 sibi

231 2135 311 2162 simili
324 2142 370 2163 sua
382 2137 490 2172 reliquit
504 2137 607 2171 frivola,
621 2146 717 2170 rogans
731 2147 790 2166 eum
804 2145 830 2166 ut
844 2140 915 2168 idem
931 2141 1018 2168 obiret

232 2181 417 2209 ministerium.
436 2183 500 2209 Nam
513 2191 571 2210 cum
585 2184 704 2218 quinque
726 2184 809 2211 millia
824 2186 1014 2212 monachorum

232 2227 306 2254 illum
334 2235 451 2256 montem
473 2229 603 2263 habitent,
626 2231 671 2258 tali
685 2239 790 2266 quoque
805 2239 872 2266 opus
884 2237 924 2260 est
939 2240 1016 2260 cura.

232 2273 315 2306 t-ione,
326 2274 396 2310 quod
410 2275 446 2303 sit
459 2275 533 2303 locos
548 2275 680 2303 desertus.

464 2331 586 2359 CAPITA
600 2332 646 2359 XV
664 2332 706 2359 ΕΤ
719 2332 789 2360 XVI.

440 2387 498 2415 Vita
510 2387 601 2415 Pteesii
616 2393 638 2414 ct
658 2387 737 2416 Isaia:
752 2388 822 2422 (38).

268 2454 318 2481 Alii
331 2453 448 2482 Pteesius
462 2459 489 2481 et
503 2453 586 2481 Isaias
601 2455 710 2482 nomine
725 2454 830 2482 fuerunt
847 2456 955 2489 fratres,
972 2464 1019 2490 pa-

232 2503 272 2526 tre
284 2503 433 2527 mercatore
448 2499 588 2534 IIispanico
601 2500 674 2534 (59),
689 2500 732 2533 qui
745 2500 851 2534 quidem
872 2508 931 2527 cum
943 2505 1018 2535 pater

231 2551 324 2571 eorum
339 2549 409 2571 esset
421 2548 551 2576 mortuus,
575 2544 722 2572 diviserunt
736 2544 874 2572 facultates
889 2553 955 2580 quas
970 2546 1018 2573 ha-

233 2589 331 2616 bebant
360 2589 386 2616 in
410 2589 569 2617 mobilibus:
587 2590 613 2616 in
636 2590 753 2618 nummis
772 2592 880 2625 quidem
901 2592 1016 2625 quinque

231 2635 327 2668 millia,
343 2635 368 2662 io
380 2635 496 2662 vestibus
509 2641 597 2662 autem
612 2639 640 2662 et
653 2637 736 2663 servis
750 2644 809 2670 qum
832 2636 938 2663 inventa
960 2636 1017 2663 fne-

233 2686 301 2709 runt.
326 2681 345 2708 Ii
362 2681 431 2708 inter
452 2687 482 2708 se
501 2680 696 2714 deliberarunt,
713 2686 739 2708 et
757 2681 806 2708 sibi
832 2682 1012 2713 consulentes,

231 2726 353 2753 dicebant
368 2726 523 2759 :Quodnam
540 2724 604 2754 vita!
615 2727 665 2753 iter
678 2726 867 2761 ingredicmur,
882 2735 898 2754 ο
913 2727 1015 2754 frater?

230 2771 257 2798 Si
276 2779 448 2800 exerceamus
461 2778 638 2800 mercaturam
652 2780 729 2807 quam
745 2777 821 2807 pater
833 2777 923 2800 noster
934 2780 1011 2800 exer-

232 2818 295 2850 ruit,
313 2825 362 2845 nos
373 2818 553 2853 relinquemus
567 2818 628 2846 aliis
647 2822 752 2845 nostros
768 2818 883 2851 labores,
898 2823 924 2846 et
946 2818 1016 2845 forte

232 2862 378 2892 incidemus
400 2863 425 2891 iu
447 2863 563 2899 pericula
585 2864 628 2892 ch
644 2864 776 2893 latronum
793 2864 833 2892 vel
854 2864 944 2892 tuaris.
959 2865 1014 2899 Age

1069 1645 1135 1672 test,
1152 1641 1205 1672 die,
1222 1647 1385 1674 quaesumus,
1402 1639 1479 1667 nobis
1494 1640 1574 1674 pedes
1591 1644 1650 1666 tuos
1662 1639 1854 1674 attingentibus

1069 1684 1137 1720 (40),
1154 1689 1181 1712 ut
1197 1684 1223 1711 hi
1239 1685 1292 1711 sint
1305 1685 1430 1719 aequales.
1449 1684 1568 1719 Cumque
1584 1685 1628 1711 alii
1649 1685 1853 1712 exercitatorem

1069 1730 1224 1762 praeferrent
1236 1735 1263 1757 et
1275 1730 1394 1757 dicerent
1406 1739 1412 1756 :
1426 1730 1591 1763 Prteceptum
1606 1731 1722 1764 implevit
1737 1738 1852 1766 evange-

1070 1773 1161 1806 licum,
1171 1777 1200 1801 ut
1207 1774 1251 1808 qui
1263 1775 1351 1801 omnia
1366 1774 1513 1801 \cndiderit
1529 1779 1555 1801 et
1565 1774 1669 1802 dederit
1683 1775 1852 1809 pauperibus.

1070 1824 1149 1845 noctu
1168 1823 1195 1846 et
1209 1819 1254 1845 diu
1271 1826 1443 1853 perseverans
1457 1819 1483 1845 in
1502 1820 1677 1852 orationibus,
1698 1828 1803 1847 crucem
1816 1820 1853 1847 fe-

1068 1871 1138 1895 rens,
1157 1868 1185 1890 et
1196 1871 1310 1897 sequens
1324 1864 1509 1897 Servatorem;
1524 1870 1616 1891 contra
1638 1869 1724 1891 autem
1750 1865 1794 1892 alii
1818 1865 1852 1892 de

1068 1909 1151 1935 altero
1164 1909 1364 1941 contenderent,
1387 1910 1505 1936 dicentes
1521 1917 1528 1936 :
1544 1909 1600 1941 llic,
1616 1909 1787 1936 obsecramus
1813 1915 1849 1941 te,

1069 1957 1107 1979 tot
1122 1957 1148 1979 et
1163 1953 1224 1980 talia
1247 1953 1349 1980 viscera
1365 1953 1483 1980 ostendit
1509 1953 1535 1980 in
1561 1960 1653 1980 omnes
1678 1959 1797 1988 egentes,
1827 1958 1853 1979 ut

1068 1997 1154 2024 exiret
1175 2003 1202 2025 et
1222 1997 1327 2025 sederet
1343 1999 1368 2024 in
1393 1998 1440 2024 viis
1455 1998 1544 2032 regiis,
1571 2002 1598 2025 et
1614 1999 1658 2033 qui
1673 2004 1749 2025 erant
1763 1998 1854 2025 afﬂiCIi

1068 2043 1220 2078 colligeret,
1249 2039 1284 2070 et
1319 2051 1399 2079 opem
1435 2042 1539 2076 ferret;
1577 2051 1662 2078 neque
1678 2044 1762 2071 solum
1775 2051 1849 2070 suam

1068 2088 1200 2116 recreavit
1216 2087 1342 2120 animam,
1357 2088 1403 2114 sed
1420 2087 1499 2114 etiam
1523 2087 1646 2122 aliorum,
1670 2094 1782 2123 aegrotos
1808 2097 1854 2116 cu-

1069 2141 1142 2165 rans,
1156 2137 1180 2159 et
1193 2132 1232 2159 eis
1254 2133 1321 2158 dans
1335 2131 1474 2159 auxilium.
1491 2132 1522 2158 Et
1543 2132 1607 2159 dicit
1623 2133 1715 2162 beatus
1736 2133 1852 2161 I’ambo:

1069 2178 1172 2205 Rursus
1187 2178 1262 2205 vobis
1281 2177 1386 2204 dicam:
1403 2177 1482 2204 ambo
1502 2182 1564 2204 sunt
1589 2185 1665 2212 pares
1680 2179 1747 2212 apud
1765 2179 1854 2206 Domi-

1070 2232 1144 2255 num,
1172 2223 1312 2258 unicuique
1328 2228 1416 2250 autem
1439 2227 1555 2249 vestrum
1579 2223 1613 2250 de
1633 2223 1663 2250 iis
1681 2223 1852 2260 satisfaciam.

1032 2278 1057 2308 D
1072 2269 1118 2296 llic
1132 2268 1154 2296 si
1179 2276 1230 2296 non
1247 2276 1332 2303 usque
1349 2269 1415 2295 adeo
1430 2275 1459 2295 se
1484 2268 1664 2301 exercuisset,
1692 2277 1744 2296 non
1763 2268 1856 2296 fuisset

1071 2315 1165 2349 dignus
1178 2318 1207 2341 ut
1217 2315 1289 2341 illum
1306 2314 1416 2340 bonitati
1432 2314 1502 2340 illius
1522 2321 1716 2348 compararem.
1733 2315 1777 2342 Iile
1791 2322 1853 2341 rur-

1070 2367 1115 2387 sus
1127 2359 1171 2394 qui
1184 2359 1324 2387 recreabat
1347 2366 1378 2385 ae
1405 2358 1540 2385 reﬁciebat
1567 2358 1697 2392 hospites,
1717 2363 1744 2385 et
1765 2359 1856 2392 egenis

1072 2404 1250 2436 ministrabat,
1264 2408 1388 2431 ostensus
1403 2408 1445 2430 est
1466 2403 1577 2430 Domino
1590 2411 1638 2437 pro
1654 2404 1755 2432 viribus
1764 2413 1853 2440 requa-

1072 2451 1114 2477 Iis.
1128 2450 1185 2484 Ipse
1203 2450 1273 2477 enim
1288 2449 1354 2476 dixit
1370 2458 1376 2475 2
1395 2449 1449 2483 Ego
1475 2457 1527 2476 non
1553 2450 1611 2476 veni
1637 2450 1793 2484 tninistrari,
1808 2453 1855 2478 sed

1071 2497 1224 2524 ministrare
1236 2494 1346 2529 (Matth.
1363 2496 1421 2530 xx).
1439 2495 1486 2522 Ilic
1499 2503 1562 2530 ergo
1582 2496 1700 2523 minister
1719 2497 1768 2524 etsi
1784 2497 1856 2525 vitle-

1071 2543 1148 2569 batur
1163 2542 1262 2568 habere
1282 2548 1350 2567 onus
1372 2548 1404 2567 ex
1420 2541 1518 2572 labore‘,
1535 2545 1651 2567 attamen
1663 2548 1697 2568 ex
1715 2541 1774 2575 ipso
1789 2550 1855 2576 quo-

1069 2595 1122 2622 que
1138 2587 1232 2614 habuit
1259 2586 1460 2613 rccreationem.
1475 2585 1631 2618 Exspectate
1655 2590 1742 2613 autent
1764 2587 1856 2620 paulu-

1071 2634 1136 2666 lum,
1152 2638 1180 2660 ut
1192 2639 1206 2659 a
1221 2633 1275 2660 Deo
1289 2640 1394 2666 quoque
1410 2632 1443 2658 dc
1466 2632 1505 2658 his
1519 2631 1630 2658 habeam
1654 2632 1856 2666 revelationem,

1070 2684 1096 2706 et
1112 2683 1202 2712 postea
1217 2677 1307 2704 scietis
1320 2684 1379 2703 cum
1395 2676 1531 2703 veneritis.
1551 2676 1709 2703 lntermissis
1725 2684 1788 2712 ergo
1802 2677 1854 2703 ali—

1070 2729 1134 2758 quot
1146 2725 1194 2751 die!
1208 2731 1238 2750 us
1249 2723 1396 2753 redierunt,
1408 2723 1441 2748 de
1453 2723 1493 2749 his
1504 2722 1624 2756 Magnum
1635 2722 1707 2749 illum
1720 2727 1855 2757 rogantes.

1070 2771 1157 2798 Senex
1173 2774 1261 2796 autem
1275 2768 1412 2802 respondit
1425 2767 1489 2799 illis,
1501 2768 1592 2795 dicens
1605 2777 1612 2794 :
1625 2769 1693 2795 Ante
1704 2769 1784 2795 Deum
1798 2768 1856 2804 (41)

1070 2816 1145 2843 vobis
1165 2817 1272 2851 loquor;
1299 2814 1349 2842 vidi
1381 2818 1506 2848 utrosque
1533 2814 1612 2842 simul
1638 2819 1738 2843 stantes
1760 2815 1786 2843 in
1811 2824 1856 2850 pa-

1071 2862 1169 2890 radiso.
