2077 3154
252 177 320 209 1059

538 241 650 269 CAPUT
676 241 754 269 XVII.

456 296 514 324 Vita
530 296 638 324 Macarii
647 298 759 333 junioria
775 296 842 332 με).

294 354 404 388 Quidam
416 358 492 381 actate
515 354 614 389 iunior,
627 354 733 381 nomine
744 353 889 385 Macarius,
904 352 996 380 decem
1009 357 1037 379 et

228 409 230 412 ν
258 406 319 428 octo
331 407 414 427 annos
425 405 512 432 natus,
525 407 586 428 cum
599 399 700 427 luderet
711 407 770 426 cum
783 400 837 426 suis
847 398 990 433 aequalibus
1003 398 1036 424 ad

260 447 344 473 lacum
359 446 403 480 qui
419 445 516 472 dicitur
529 445 620 477 Maria,
635 452 745 479 pascens
755 452 851 478 pecora
862 444 961 471 caedem
975 444 1038 471 iecit

260 491 473 518 involuntariam.
487 490 510 517 Is
524 497 584 517 cum
600 490 698 517 nemini
715 490 765 516 hoc
778 489 898 521 dixisset,
922 489 996 515 venit
1010 488 1035 515 in

259 535 439 567 solitudinem,
451 539 479 563 et
490 542 524 562 .eo
536 535 665 568 processit
675 539 744 561 metu
759 539 785 561 et
797 534 842 560 Dei
852 538 878 560 et
889 533 1036 565 hominum,

257 585 288 607 nt
303 588 354 607 non
368 579 483 607 senserit
496 587 526 606 se
541 580 624 606 tribus
649 579 725 606 annis
740 578 868 605 mansisse
885 578 942 604 sine
967 582 1037 604 tecto

259 626 283 650 in
310 625 460 652 solitudine.
492 625 537 651 Est
561 629 648 652 autem
673 625 716 651 illa
741 629 811 652 terra
838 624 929 656 arida,
956 624 1034 657 idque

259 670 345 697 sciunt
358 677 462 702 omnes,
477 673 530 696 tam
552 670 595 704 qui
609 669 744 697 auditione
768 673 936 702 acceperunt,
958 675 1035 703 quam

257 714 302 747 qui
312 721 343 740 ex
359 715 414 748 ipsa
428 718 526 740 norunt
537 713 710 746 experientia.
724 713 771 740 llic
781 713 835 747 ipse
847 712 974 739 Macarius
986 712 1036 739 sibi

257 764 348 793 postea
363 759 503 786 ardilicavit
514 759 633 785 cellulam
645 766 652 790 ;
666 762 760 785 etcum
772 758 797 784 in
810 765 839 785 ea
854 757 1037 785 vixissetalios

234 817 238 822 ›
257 804 348 838 viginti
364 808 391 831 et
403 804 517 838 quinque
530 811 624 835 annos,
643 807 712 829 tanta
727 803 809 837 gratia
825 802 919 836 dignus
937 802 1035 829 estha-

257 849 340 880 bitus,
361 852 390 875 ut
412 848 554 875 solitudine
569 847 626 883 (45)
642 847 789 875 delectatus
812 847 959 881 despiceret
979 847 1036 875 dae-

257 901 357 921 mones.
374 893 428 928 Ego
442 901 501 920 cum
515 901 547 920 eo
564 898 682 920 versatus
706 893 784 925 longo
799 897 928 926 tempore,
950 893 984 919 ab
1002 900 1035 919 eo

257 941 336 968 didici
350 941 483 973 quomodo
503 940 595 967 alfecta
610 944 681 967 esset
695 940 752 973 ejus
764 939 831 966 ratio
844 939 878 966 ob
899 943 1035 973 peccatum

255 986 346 1013 crdis.
363 985 470 1012 Diceb-t
480 990 577 1016 autem,
595 990 695 1011 tantum
719 985 812 1011 abesse
836 988 864 1010 ut
879 984 994 1015 doleret,
1009 988 1037 1010 nt

254 1031 333 1057 etiam
353 1030 450 1064 gratias
477 1033 567 1062 ageret
591 1027 623 1054 de
638 1027 749 1055 Crimine
763 1027 855 1053 caedis.
882 1026 941 1053 Fuit
963 1025 1034 1052 enim

255 1075 341 1102 caedes
357 1072 531 1101 involuntaria
543 1072 608 1099 milti
619 1079 696 1098 causa
703 1071 804 1098 salutis.
815 1070 922 1097 Dicebat
933 1075 1034 1103 autctn,

255 1127 287 1147 ex
310 1119 452 1153 Scripturis
477 1118 589 1144 alferens
613 1117 792 1144 testimonium
813 1116 909 1148 credis,
933 1124 993 1151 qtne
1021 1123 1035 1142 a

255 1172 350 1200 magno
361 1165 406 1191 Dei
423 1171 502 1190 servo
516 1163 605 1197 Moyse
628 1161 694 1188 facta
709 1163 757 1188 fuit
778 1161 803 1188 in
824 1161 948 1196 Aﬂgypto,
965 1161 1034 1194 quod

255 1210 304 1236 nisi
318 1213 426 1244 propter
438 1209 547 1239 czedem,
564 1214 588 1235 et
603 1212 700 1234 metum
708 1206 862 1240 Pharaonis,
877 1214 929 1234 non
940 1206 1036 1240 dignus

256 1255 361 1282 habitus
376 1255 469 1282 fuisset
485 1254 588 1287 Moyses
609 1253 711 1280 visione
727 1252 840 1283 Domini,
860 1257 887 1279 et
902 1256 973 1279 tanto
987 1252 1035 1279 do-

254 1309 298 1333 no,
315 1306 341 1329 et
355 1301 552 1333 conseriptione
565 1304 717 1327 sanctorum
732 1300 898 1334 eloquiorum
909 1299 1032 1333 Spiritus.

252 1346 317 1374 Nam
333 1354 392 1373 cum
408 1345 542 1381 effugisset
552 1353 584 1373 ex
598 1345 724 1380 Aigypto,
741 1345 861 1379 pervenit
875 1345 900 1371 in
917 1350 1034 1372 montem

251 1393 324 1420 Sina.
343 1393 404 1419 llatc
414 1397 501 1419 autem
517 1392 576 1418 dico
598 1398 651 1418 non
666 1391 786 1418 muniens
800 1391 871 1418 viam
883 1391 915 1418 ad
928 1391 1030 1418 caedem

251 1437 382 1472 aliquam;
407 1437 453 1463 sed
470 1436 558 1470 potius
577 1436 719 1462 ostendens
744 1443 803 1463 esse
822 1436 901 1462 etiam
924 1436 1033 1462 virtutes

251 1489 310 1516 quin
333 1482 454 1508 oriuntur
478 1489 513 1508 ex
529 1489 604 1514 casu,
626 1481 731 1514 quando
756 1489 808 1508 non
833 1481 887 1507 vult
913 1482 971 1514 quis
986 1487 1032 1507 sna

251 1531 346 1560 sponte
358 1527 389 1553 ad
406 1527 503 1554 bonunt
519 1526 655 1553 aeccdere.
678 1526 717 1553 Ex
734 1526 873 1553 virtutibus
888 1526 958 1553 enim
974 1526 1033 1552 alia:

976 173 1137 201 PALLADII

1051 242 1074 272 A

1053 913 1073 941 ll

251 1574 356 1608 quidem
386 1571 447 1600 sunt
469 1580 529 1607 qua:
552 1580 586 1600 ex
608 1573 744 1599 voluntate
770 1577 797 1599 et
819 1581 851 1599 ex
872 1579 962 1599 nomo
976 1572 1032 1598 ani-
1046 1588 1068 1618 ρ

249 1619 285 1646 mi
307 1619 426 1645 instituto
450 1617 667 1652 proﬁciscuntur;
692 1617 751 1645 aliae
760 1625 824 1644 vero
842 1625 901 1652 quae
915 1625 947 1644 ex
969 1623 1032 1644 casu

251 1669 404 1693 nascuntur.

534 1720 646 1748 CAPUT
657 1719 748 1747 XVIII.

473 1775 530 1802 Vita
545 1775 641 1802 abbatis
656 1775 811 1804 Nalltanael.

285 1831 324 1860 Ex
353 1831 487 1859 Veteribus
506 1831 604 1858 sanctis
619 1831 667 1857 fuit.
686 1831 792 1866 quidam
812 1831 889 1862 alius,
918 1831 1031 1865 optitnue

249 1873 347 1904 Christi
360 1877 470 1909 athleta,
487 1877 594 1904 nomine
609 1877 765 1904 Nathanael.
782 1877 849 1903 Eum
863 1884 913 1911 ego
928 1885 980 1903 non
993 1877 1033 1903 of-

249 1923 320 1950 fendi
334 1923 361 1950 in
371 1930 465 1955 carne;
478 1923 622 1950 dormierat
635 1923 706 1949 enim
718 1922 867 1954 quindecim
880 1921 958 1949 annis
971 1926 1031 1949 ante

248 1976 335 1997 meum
351 1969 493 2002 adventum
509 1969 535 1996 in
550 1973 679 1996 montem.
702 1967 767 1995 Cum
783 1973 871 1994 autem
888 1968 913 1994 in
928 1975 976 1995 eos
991 1968 1030 1994 in-

247 2014 371 2041 cidissem
387 2015 430 2048 qui
446 2021 505 2041 cum
522 2014 572 2041 hoc
587 2018 680 2040 sancto
695 2020 725 2040 se
738 2017 922 2046 exercuerant,
938 2017 964 2040 et
980 2012 1033 2041 fue-

248 2064 308 2087 rant
320 2060 344 2087 ei
356 2064 474 2094 tempore
486 2059 611 2093 aequales,
626 2059 660 2086 de
670 2058 717 2085 viri
733 2058 830 2086 virtute
845 2059 965 2086 lubenter
973 2066 1032 2085 sum

247 2111 295 2131 eos
309 2105 470 2132 sciscitatus.
479 2105 542 2131 Mihi
558 2109 643 2131 autem
650 2104 708 2137 ejus
718 2111 823 2138 quoque
837 2104 930 2131 cellam
943 2108 1033 2130 osten-

248 2151 361 2183 derunt,
377 2151 402 2177 in
425 2158 474 2184 qua
489 2151 576 2177 nullus
594 2148 680 2177 adhuc
695 2149 807 2182 habitat,
822 2149 891 2183 quod
906 2150 940 2177 sit
953 2153 1032 2176 terrae

249 2197 374 2223 habitata:
386 2195 568 2230 propinquior.
584 2195 630 2221 ille
641 2195 712 2222 enim
727 2194 819 2221 beatus
831 2199 892 2221 tunc
902 2201 961 2221 eam
973 2201 1033 2221 con-

248 2243 324 2272 didit,
338 2241 443 2276 quando
456 2242 506 2267 ruri
524 2240 629 2268 fuerant
651 2240 828 2268 anachoretae.
843 2239 964 2266 Narravit
984 2247 1030 2266 au-

249 2292 301 2315 tem
314 2286 376 2313 mihi
390 2285 522 2320 egregiam
534 2285 590 2319 ejus
601 2285 833 2316 exercitationem;
856 2291 951 2317 nempe
961 2284 1029 2318 quod

252 2335 354 2359 tantam
374 2331 496 2358 habuerit
521 2330 546 2357 in
573 2330 638 2356 cella
659 2329 841 2361 tolerantiam,
856 2332 884 2356 ut
898 2336 1031 2362 nunquam

249 2380 367 2408 dimotus
380 2379 415 2406 sit
428 2386 444 2406 a
457 2379 601 2413 proposito.
614 2378 680 2405 Cum
696 2378 728 2404 ab
742 2377 817 2404 initio
832 2376 925 2404 luisset
939 2377 1033 2404 illusus

251 2433 265 2451 a
281 2425 413 2458 daemone,
426 2424 470 2458 qui
479 2431 572 2451 omttes
588 2423 684 2456 illudit,
699 2423 743 2456 qui
755 2430 814 2449 cum
826 2422 878 2449 labi
895 2422 992 2450 fecerat
1006 2421 1032 2449 in

250 2471 402 2497 socordiam
417 2473 444 2496 et
456 2469 537 2495 animi
552 2475 706 2500 maerorem,
719 2473 745 2495 et
756 2476 816 2496 eum
827 2475 842 2495 e
856 2468 922 2495 cella
936 2475 1032 2501 exege-

249 2520 290 2542 rat
303 2515 388 2549 (visus
401 2519 442 2541 est
456 2514 525 2542 enim
540 2520 599 2540 esse
614 2513 697 2540 tristis
713 2519 739 2540 et
755 2513 845 2540 animo
859 2513 918 2547 angi
933 2513 960 2539 in
975 2513 1032 2547 pri-

249 2569 292 2590 ma
300 2560 389 2596 cella),
400 2560 472 2590 illinc
482 2560 570 2594 itaque
582 2560 720 2592 recedens,
733 2559 872 2587 aediﬁcavit
885 2559 963 2585 aliatn
973 2567 1033 2593 pro-

250 2607 415 2641 pinquiorem
431 2613 508 2640 pago.
533 2605 673 2640 Postquam
688 2612 751 2640 ergo
766 2605 876 2639 perfecit
890 2604 994 2637 cellam,
1007 2609 1033 2630 et

250 2653 276 2679 in
289 2660 320 2679 ea
334 2652 461 2679 habitavit
471 2656 524 2678 tres
538 2650 578 2677 vel
589 2655 702 2684 quatuor
714 2657 829 2681 menses,
838 2649 938 2676 accediI
953 2653 1033 2677 noctu

249 2698 354 2725 daemon
370 2702 489 2727 lauream
506 2701 599 2723 tencns
619 2696 687 2722 sicut
703 2696 818 2725 lictores.
837 2703 889 2729 prae
902 2702 931 2722 se
946 2695 1033 2722 ferens

249 2743 364 2776 speciem
388 2743 479 2770 militis
504 2743 598 2778 pannis
613 2741 707 2773 induti,
723 2745 750 2768 et
764 2745 854 2767 taurea
878 2740 933 2776 (Μ)
950 2740 1034 2767 edens

250 2789 388 2822 strepitus.
410 2789 457 2816 Cui
479 2795 643 2820 succensus,
665 2787 731 2814 dixit
755 2786 847 2814 beatus
862 2786 1008 2813 Nathanael
1027 2795 1033 2813 :

250 2833 315 2866 Quis
330 2839 357 2860 tu
379 2840 408 2861 es
431 2834 475 2868 qui
491 2833 547 2860 haec
571 2832 634 2859 facis
650 2833 676 2859 in
695 2839 754 2859 meo
779 2831 911 2865 hospitio?
927 2832 1033 2858 Daemon

252 2881 340 2907 autem
353 2876 488 2912 reSpondit
503 2887 508 2903 :
523 2878 576 2912 Ego
587 2884 645 2904 sum
659 2876 703 2911 qui
725 2881 750 2904 te
763 2883 794 2903 ex
812 2880 855 2903 tua
870 2876 953 2911 prima
969 2875 1035 2904 cella

1805 176 1874 206 1060

1088 251 1176 286 exegi,
1189 255 1215 278 et
1230 258 1299 278 nunc
1313 250 1375 278 veni
1388 254 1415 278 ut
1430 255 1455 277 te
1469 258 1502 278 ex
1513 250 1563 277 hac
1573 256 1677 285 quoque
1692 249 1788 283 fugem.
1802 248 1868 277 Cum

1087 303 1151 330 ergo
1166 296 1335 330 cognovisset
1344 295 1436 322 beatus
1449 294 1593 322 Nathanael
1608 301 1637 320 se
1652 293 1734 321 fuisse
1748 293 1867 326 illusum,

1087 348 1210 368 reversus
1230 346 1270 369 est
1285 342 1318 368 ad
1331 342 1442 375 primam
1467 340 1579 372 cellam;
1604 344 1630 366 et
1653 338 1738 372 spatio
1761 339 1869 373 triginta

1086 392 1188 421 septem
1210 394 1339 414 annorum
1359 394 1411 413 non
1424 390 1464 413 est
1478 393 1602 421 egressus
1615 391 1689 413 extra
1706 385 1787 418 fores,
1801 393 1868 413 con-

1088 432 1198 459 tendens
1212 439 1271 459 cum
1285 431 1417 464 daemone,
1433 431 1478 466 qui
1491 436 1529 458 tot
1547 435 1575 458 et
1598 435 1668 457 tanta
1679 431 1705 457 ei
1726 430 1825 457 fecerat
1839 435 1868 457 ut

1088 485 1150 504 eum
1164 481 1270 511 cogeret
1277 484 1308 503 ex
1321 476 1387 503 cella
1402 476 1501 510 egredi,
1515 480 1583 503 utne
1594 483 1625 503 ea
1641 482 1749 502 narrare
1761 475 1868 509 quidem

1087 522 1175 550 liceat.
1189 522 1274 555 Atque
1288 521 1357 548 inter
1370 524 1466 548 caetera
1476 520 1581 554 quidem
1595 519 1644 546 hoc
1651 519 1815 546 machinatus
1828 523 1869 546 est

1087 567 1216 594 bonorum
1241 565 1374 596 inimicus,
1394 573 1489 598 nempe
1511 569 1540 592 ut
1553 572 1615 591 eum
1635 564 1732 599 probro
1743 571 1774 591 ac
1788 563 1870 592 dedo-

1087 619 1148 639 core
1157 611 1287 643 alliceret,
1301 610 1333 637 ad
1346 610 1403 644 ejus
1416 609 1622 644 abrumpendurn
1638 610 1794 636 institutum.

1121 656 1187 683 Cum
1200 660 1302 690 septem
1328 656 1411 683 sancti
1427 655 1542 689 episcopi
1557 660 1678 682 sanctum
1694 655 1862 688 invisissent,

1087 706 1173 728 autex
1188 702 1232 729 Dei
1251 701 1426 735 prondentia,
1441 706 1487 728 aut
1499 709 1529 728 ex
1546 701 1712 735 suggestione
1728 700 1797 727 illius
1812 705 1870 727 ten-

1087 747 1206 778 tationis,
1222 754 1282 774 cum
1305 746 1496 780 propemodum
1519 746 1671 774 deturbavit
1684 753 1699 773 a
1721 747 1870 781 proposito.

1087 793 1153 820 Cum
1166 794 1237 819 enim
1252 792 1367 826 episcopi
1389 796 1527 826 postquam
1541 799 1602 819 eum
1618 792 1779 825 invisissent,
1794 799 1869 818 oras-

1088 843 1159 870 sent,
1174 843 1202 865 et
1215 841 1274 871 post
1295 836 1442 864 orationem
1456 836 1570 868 exirent,
1587 844 1620 863 ne
1630 843 1748 870 gressum
1763 835 1869 869 quidem

1088 891 1169 910 unum
1186 883 1259 916 pedis
1274 889 1321 909 eos
1344 882 1484 909 comitatus
1499 886 1539 908 est
1553 880 1593 908 vir
1603 882 1733 914 egregius.
1748 888 1781 908 ne
1796 881 1870 908 daret

1089 929 1173 954 locum
1195 927 1302 954 inimico
1321 926 1462 953 bonorum.
1477 926 1506 953 Ei
1519 933 1582 960 ergo
1596 926 1688 952 dicunt
1698 926 1800 953 diacotti
1813 926 1870 960 epi-

1087 979 1228 1007 scoporum
1243 979 1252 998 :
1266 971 1383 1006 Superbe
1399 976 1423 999 te
1434 971 1514 1005 geris,
1528 978 1543 996 o
1557 970 1649 1002 abbas,
1661 971 1705 1005 qui
1718 977 1770 997 non
1785 970 1869 997 dedu-

1087 1019 1126 1045 cis
1151 1018 1300 1052 episcopos.
1321 1017 1344 1044 is
1370 1024 1433 1043 vero
1451 1016 1515 1044 dicit
1538 1016 1598 1043 eis:
1616 1016 1671 1050 Ego
1691 1020 1717 1043 et
1747 1015 1870 1042 dominos

1087 1072 1162 1091 meos
1172 1065 1313 1099 episcopos
1324 1064 1395 1095 colo,
1403 1067 1429 1089 et
1442 1070 1547 1089 omnem
1557 1062 1657 1089 clerum
1665 1062 1782 1094 honoro;
1797 1068 1869 1088 sum-

1086 1118 1138 1144 que
1152 1117 1200 1144 ego
1219 1115 1341 1142 peccator
1353 1109 1470 1135 omnium
1493 1108 1629 1135 hominum
1645 1108 1811 1142 peripsema:
1828 1106 1869 1134 his

1086 1162 1174 1183 autem
1191 1155 1315 1182 omnibus
1329 1159 1358 1181 et
1372 1155 1419 1181 toti
1435 1153 1511 1186 vita,
1525 1153 1596 1188 quod
1611 1153 1638 1180 in
1655 1161 1696 1180 me
1707 1157 1758 1186 est,
1772 1160 1868 1188 propo-

1085 1200 1138 1227 sito
1167 1206 1228 1226 sum
1263 1201 1400 1226 murinus.
1431 1198 1490 1234 Ego
1520 1197 1590 1226 enim
1603 1197 1691 1225 habeo.
1701 1205 1867 1233 scopumoc-

1086 1244 1196 1276 cultum,
1210 1251 1289 1279 queat
1299 1243 1350 1270 scit
1361 1243 1488 1270 Dominus
1496 1243 1539 1276 qui
1551 1243 1624 1270 novit
1637 1243 1741 1270 occulta
1751 1243 1803 1270 mei
1813 1250 1868 1270 cor<

1087 1291 1139 1324 dis,
1153 1298 1200 1318 cur
1215 1298 1262 1318 eos
1277 1298 1329 1316 non
1343 1297 1401 1317 sum
1414 1291 1566 1318 comitatus.

1119 1336 1185 1364 Cum
1200 1343 1263 1370 ergo
1277 1335 1319 1363 hic
1332 1343 1437 1370 quoque
1451 1341 1525 1362 actus
1543 1343 1595 1362 non
1616 1335 1789 1363 successisset
1809 1335 1868 1363 dte-

1084 1382 1169 1412 moni,
1180 1388 1272 1408 rursus
1282 1381 1360 1408 talem
1372 1381 1482 1415 suscipit
1495 1380 1613 1415 figuram.
1623 1380 1722 1408 Novem
1734 1381 1867 1408 mensibus

1084 1432 1145 1454 ante
1159 1428 1346 1454 dormitionem
1361 1428 1467 1454 athletae
1480 1427 1681 1453 transformatus
1695 1432 1735 1454 est
1753 1426 1780 1454 in
1801 1434 1867 1461 pue-

1085 1480 1142 1499 rum
1164 1472 1304 1499 duodecim
1320 1479 1403 1499 annos
1418 1477 1522 1504 natum,
1541 1475 1663 1506 tanquam
1678 1476 1798 1507 agentem
1813 1471 1868 1499 asi-

1084 1525 1146 1544 num
1165 1525 1258 1551 panem
1273 1517 1299 1544 in
1312 1522 1401 1551 sporta
1418 1517 1556 1543 ferentem.
1572 1516 1622 1549 Qui
1646 1524 1711 1551 puer
1725 1524 1784 1544 cum
1807 1525 1868 1545 sero

1084 1569 1194 1596 vespere
1208 1566 1278 1588 esset
1293 1568 1374 1595 prope
1389 1561 1496 1594 cellam,
1513 1561 1652 1588 simulabat
1666 1561 1794 1590 cecidisse
1814 1562 1867 1589 asi-

1084 1615 1157 1639 num,
1173 1612 1200 1634 et
1214 1615 1242 1634 se
1253 1607 1368 1633 clamare
1382 1614 1389 1632 :
1402 1606 1476 1633 Abba
1492 1605 1648 1638 Nathanacl,
1663 1607 1790 1634 miserere
1802 1607 1865 1640 mei,

1085 1656 1111 1678 et
1124 1651 1228 1686 porrige
1242 1651 1305 1678 mihi
1318 1658 1436 1678 manum.
1453 1651 1499 1678 llie
1507 1656 1594 1678 autem
1606 1651 1706 1678 audivit
1720 1651 1808 1686 utique
1822 1659 1867 1679 vo-

1084 1703 1141 1723 cem
1155 1696 1245 1730 pueri;
1261 1700 1287 1723 et
1300 1701 1393 1730 aperto
1404 1695 1472 1722 ostio
1486 1695 1572 1729 cellae,
1588 1701 1660 1723 stans
1674 1697 1745 1723 intus
1758 1697 1781 1724 ei
1796 1697 1868 1724 dice-

1085 1743 1128 1770 bat
1145 1752 1151 1768 :
1169 1743 1233 1776 Quis
1248 1750 1276 1770 es
1289 1764 1296 1775 ,
1312 1748 1338 1770 et
1361 1742 1423 1776 quid
1447 1743 1487 1770 vis
1511 1743 1556 1770 tibi
1580 1742 1693 1769 iaciam?
1716 1742 1868 1777 Respondet

1083 1787 1187 1814 daemon
1204 1795 1210 1814 :
1229 1788 1284 1822 ligo
1297 1795 1356 1814 sum
1379 1787 1456 1822 hujus
1481 1788 1602 1815 monachi
1618 1787 1749 1822 minister,
1762 1793 1790 1815 et
1813 1788 1869 1816 fero

1085 1840 1180 1866 panes,
1197 1833 1322 1866 quoniam
1335 1837 1377 1860 est
1390 1840 1472 1867 agape
1487 1834 1522 1860 tui
1538 1834 1591 1861 noti
1607 1833 1710 1866 fratris;
1725 1839 1752 1862 et
1763 1841 1822 1861 cras
1835 1834 1867 1861 il-

1083 1878 1233 1905 lucesccute
1248 1878 1365 1905 Sabbato
1380 1885 1446 1912 opus
1461 1882 1501 1905 est
1513 1879 1700 1906 oblationibus.
1717 1879 1790 1913 Rogo
1804 1887 1867 1914 ergo

1084 1928 1109 1950 te
1121 1931 1154 1950 ne
1166 1931 1208 1950 me
1220 1923 1360 1956 despicias,
1378 1930 1410 1949 ne
1424 1923 1535 1950 devorer
1549 1924 1583 1950 ab
1595 1924 1703 1962 hymnis.
1719 1925 1785 1952 Sunt
1795 1926 1866 1952 enim

1083 1968 1184 2002 hyeme
1198 1968 1224 1995 in
1241 1968 1281 1995 his
1295 1968 1371 1995 locis.
1387 1968 1466 1996 Stans
1479 1976 1543 2005 ergo
1558 1975 1644 1996 mutus
1660 1970 1751 1998 beatus
1766 1970 1867 1997 Natha-

1084 2014 1153 2044 nael,
1169 2021 1222 2046 prie
1239 2013 1337 2047 ingenti
1351 2013 1409 2047 ejus
1422 2014 1601 2042 misericordia
1616 2015 1867 2051 caligabatrcontnn

1084 2060 1159 2086 batus
1173 2058 1327 2092 visceribus,
1351 2064 1377 2085 et
1393 2059 1531 2092 reputabat
1546 2060 1613 2094 apud
1635 2067 1664 2087 se
1678 2060 1741 2094 quiti
1756 2059 1866 2095 faceret,

1083 2104 1174 2132 dicens
1189 2112 1196 2130 :
1213 2105 1265 2131 Aut
1281 2104 1395 2131 futurum
1410 2111 1449 2131 est
1464 2110 1490 2131 ut
1506 2106 1685 2140 transgrediar
1699 2106 1866 2137 mandatum,

1082 2154 1127 2175 aut
1140 2156 1154 2174 a
1170 2148 1304 2183 proposito
1315 2149 1445 2176 excidam.
1461 2150 1553 2176 Postea
1567 2150 1607 2183 pia
1619 2150 1686 2183 apud
1701 2157 1730 2176 se
1741 2157 1867 2183 reputans

1082 2196 1242 2230 cognitione,
1257 2195 1323 2222 dixit
1338 2204 1345 2222 :
1359 2195 1450 2222 Melius
1465 2200 1504 2222 est
1519 2204 1552 2222 ne
1566 2196 1720 2223 labefactent
1735 2200 1773 2222 tot
1784 2203 1867 2224 anuo-

1083 2248 1141 2267 rum
1157 2242 1319 2274 propositum
1334 2241 1366 2267 ad
1379 2241 1520 2276 ignominia
1536 2241 1704 2270 afﬁciendum
1716 2247 1742 2269 et
1758 2243 1867 2270 vincen-

1084 2287 1146 2314 dutn
1160 2287 1302 2313 diabolum.
1316 2286 1383 2313 Cum
1403 2287 1491 2321 itaque
1506 2287 1644 2314 Dominum
1660 2291 1789 2320 rogasset,
1804 2287 1868 2314 dicit

1085 2338 1167 2365 puero
1180 2331 1224 2365 qui
1240 2339 1299 2358 cum
1319 2339 1353 2358 eo
1368 2331 1524 2365 loquebatur
1538 2340 1545 2358 :
1560 2332 1638 2363 Audi,
1657 2340 1731 2366 puer,
1747 2338 1792 2360 aut
1807 2334 1867 2367 qui—

1084 2383 1188 2410 cunque
1197 2376 1244 2402 sis.
1256 2375 1343 2403 Credo
1354 2376 1379 2403 itt
1393 2377 1473 2403 Deunt
1490 2385 1566 2410 quem
1578 2379 1647 2410 colo,
1661 2378 1704 2412 qui
1718 2378 1869 2406 dominatur

1083 2421 1168 2448 cuivis
1182 2421 1294 2455 spiritui,
1311 2421 1381 2455 quod
1403 2421 1426 2448 si
1448 2422 1547 2448 auxilio
1569 2430 1663 2449 revera
1686 2430 1775 2458 egeas,
1800 2423 1869 2450 Deus

1085 2466 1133 2492 tibi
1147 2466 1232 2493 mittet
1247 2466 1389 2498 auxilium;
1402 2471 1429 2493 et
1443 2474 1529 2500 neque
1542 2467 1654 2502 hyaenae,
1671 2476 1755 2502 neque
1769 2469 1868 2502 aliquid

1085 2510 1155 2538 aliud
1169 2510 1215 2537 tibi
1228 2510 1297 2537 male
1310 2510 1401 2543 faciet;
1417 2511 1457 2538 sin
1468 2515 1555 2538 autem
1570 2519 1598 2538 es
1609 2513 1728 2544 tentatio,
1743 2513 1793 2539 ltoc
1803 2521 1869 2546 quo-

1085 2563 1137 2589 qtte
1153 2555 1222 2582 Deus
1238 2555 1301 2582 mihi
1315 2555 1410 2582 exhinc
1422 2556 1476 2589 jam
1492 2556 1633 2588 revelabit,
1647 2561 1674 2584 et
1687 2557 1778 2584 clauso
1790 2557 1867 2585 cellae

1085 2601 1153 2627 ostio
1170 2605 1210 2627 est
1223 2601 1366 2634 ingressus.
1394 2599 1498 2628 Pudore
1521 2606 1607 2628 autem
1632 2602 1741 2629 allectus
1762 2603 1866 2630 damon

1084 2647 1154 2680 qttod
1169 2647 1208 2672 sic
1222 2654 1326 2681 quoque
1345 2651 1415 2674 esset
1424 2648 1519 2679 victus,
1535 2648 1664 2675 resolutus
1679 2652 1719 2675 est
1741 2648 1766 2675 in
1781 2648 1867 2675 turbi-

1086 2698 1157 2723 nem,
1171 2691 1328 2725 onagrisque
1340 2691 1532 2719 exsultantibus
1547 2699 1577 2718 ac
1592 2692 1750 2726 fugientibus
1760 2697 1786 2720 et
1798 2698 1867 2721 stre-

1085 2737 1169 2771 pitum
1181 2737 1320 2764 edentibus
1333 2737 1508 2771 assimilatus,
1524 2739 1561 2765 sic
1573 2739 1689 2765 evanuit.

1122 2781 1177 2808 lloc
1191 2782 1237 2808 fuit
1250 2786 1384 2809 certamen
1398 2782 1467 2809 beati
1482 2783 1637 2814 Nathanael,
1650 2789 1675 2811 et
1688 2783 1729 2811 ita;
1741 2788 1802 2811 sunt
1815 2784 1869 2810 vir—

1087 2833 1156 2856 tutes
1171 2828 1227 2861 ejus
1248 2828 1460 2861 exercitationis,
1485 2833 1512 2856 et
1531 2837 1616 2863 pugna
1633 2829 1727 2857 invicta
1742 2831 1869 2861 adversus

1087 2874 1282 2907 adversarium;
1297 2879 1324 2902 et
1338 2873 1383 2901 hic
1397 2874 1454 2908 ejus
1467 2875 1579 2903 celebris
1592 2876 1653 2903 vita:
1669 2875 1738 2904 linis.
