2077 3154
195 187 261 222 1041

497 241 623 270 ΚΕΦΛΔ.
644 241 693 269 lZ'.

191 281 262 320 "sp!
281 285 434 319 Μακαρίου
447 284 500 311 τοῦ
516 283 663 311 ἀκούσιον
675 283 773 317 φόνον
785 282 984 317 ποιήσαντος,

229 327 371 362 Νεώτερός
392 335 435 358 τις
453 327 487 360 τῇ
503 325 597 361 ἡλικίᾳ
625 325 738 360 ὀνόματι
770 325 924 360 Μακάριος,
947 326 985 358 ὡς

193 368 263 396 ἐτῶν
274 367 426 401 δεκαοκτὼ,
444 368 473 394 ἐν
485 367 524 402 τῷ
538 367 646 399 παίζειν
660 366 742 393 αὑτὸν
756 366 826 401 μετὰ
837 367 891 393 τῶν
906 376 987 403 συνη-

192 410 277 438 λίκων
305 409 381 445 παρά
405 410 456 445 τὴν
480 409 580 444 λίμνην
604 409 655 444 τὴν
681 409 832 445 λεγομένην
863 409 985 445 Μαρίαν,

192 452 347 487 τετράποδα
358 451 460 486 νέμων,
480 451 608 478 ἀκούσιον
623 450 772 486 εἰργάσατο
785 451 876 485 φόνον.
901 448 986 483 Οὗτος

195 494 292 530 μηδενὶ
317 493 401 529 μηδὲν
425 491 545 527 εἰρηκὼς
569 492 774 526 καταλαμϐάνει
799 491 849 528 τὴν
871 492 985 527 ἔρημον,

193 536 242 564 καὶ
255 536 296 568 είς
310 534 439 562 τοσοῦτον
455 534 555 569 ἦλασεν
571 534 654 568 φόϐον
669 533 740 560 θεῖόν
757 542 787 560 τε
814 535 861 560 καὶ
879 533 985 570 ἀνθρώ-

195 586 282 609 πινον,
296 577 333 608 ὡς
344 576 544 611 ἀναισθητῆσαι
560 575 642 602 αὺτδν
653 575 774 610 τριετίαν
794 576 910 610 ἀστεγον
925 576 985 610 μεί-

193 628 278 647 ναντα
290 620 319 646 ἐν
332 619 364 653 τῇ
377 618 484 653 ἐρήμῳ.
500 617 634 652 ’Λϐροχος
647 617 701 652 δὲή
721 619 756 652 γῆ
780 617 872 652 ἐκείνη
898 617 986 652 ὑπάρ-

193 671 238 698 χει
251 671 257 678 ·
273 660 412 688 καὶτοῦτο
428 660 502 687 ῐσασι
518 661 629 691 πάντες,
644 660 692 687 καὶ
706 660 729 686 οἱ
740 660 784 687 διὰ
805 660 892 695 λόγων
908 661 986 695 γενό-

196 711 283 738 μενοι,
301 702 349 729 καὶ
363 703 387 728 οι
402 702 446 727 διὰ
461 702 512 736 τῆς
527 701 625 736 πείρας
638 702 733 736 αὐτῆς.
757 702 786 728 '0
803 702 885 733 αὐτὸς
908 699 985 734 οὗτος

194 744 338 780 Μακάριος
354 743 468 778 ὕστερον
486 742 662 778 ᾠκοδόμησεν
683 743 772 778 ἐαυτῷ
795 743 914 770 κελλίον·
938 743 987 770 καὶ

197 787 284 822 ζήσας
299 787 329 813 ἐν
341 784 415 820 αύτῷ
425 785 493 812 ἀλλα
512 785 683 811 εἰκοσιπέντε
706 786 766 820 ἐτη,
785 785 908 812 τοιούτου
936 794 986 821 χα-

199 829 331 863 ρίσματος
347 825 463 862 ἠξιώθη,
479 825 518 858 ὡς
532 826 700 853 καταπτύειν
714 827 863 862 δαιμόνων,
887 828 986 861 ἐντρυ-

197 869 255 905 φῶν
276 870 310 904 τῇ
334 869 472 904 μονότητι,
493 868 589 903 Τούτῳ
616 868 703 895 πολλὰ
730 869 910 904 συγχρονίσας
932 868 988 902 ἐγὼ

851 184 1035 216 HISTORIA
1054 185 1248 216 LAUSIACA.

1008 242 1031 272 Α
1050 241 1209 276 ἐνεπαίχθη,
1223 240 1387 276 ὑποστρέφει
1401 238 1478 273 αὖθις
1503 241 1542 272 είς
1561 240 1611 276 τὴν
1631 240 1745 276 πρώτην
1767 240 1830 269 σκι-

1763 185 1834 220 1M2

1040 292 1103 319 πην.
1124 284 1180 311 Καὶ
1201 284 1348 320 πληρώσας
1367 284 1514 320 τριάκοντα
1545 283 1593 310 καὶ
1614 283 1683 310 ἐπτά
1704 283 1763 319 ἐτη,
1781 284 1831 320 οὐχ

1041 326 1162 362 ὑπερέϐη
1185 325 1232 353 τὸν
1254 325 1345 358 οὐδὸν,
1373 325 1566 361 φιλονεικήσας
1590 326 1630 360 τῷ
1655 325 1777 361 δαίμονι·
1801 326 1832 358 6;

1041 366 1160 394 τοσαῦτα
1175 367 1250 402 αὑτῷ
1268 366 1431 400 ἐνεδείξατο,
1451 367 1494 393 ῐνα
1506 366 1588 394 αὑτὸν
1602 367 1745 404 ἀναγκάσῃ
1759 367 1832 400 ἐξιλ-

1040 407 1098 435 θείν
1111 410 1143 436 ἐκ
1157 409 1206 443 τῆς
1220 409 1330 444 κέλλης,
1346 410 1397 436 ὅσα
1414 408 1476 436 οὔτε
1491 409 1550 436 ἐστι
1570 410 1762 446 διηγήσασθαι.
1785 411 1832 438 Ἑν

1039 447 1081 482 οἷς
1094 451 1141 477 καὶ
1155 451 1245 477 τοῦτο·
1268 451 1455 486 Ἐπιτηρήσας
1474 452 1488 478 6
1512 451 1657 486 μισόκαλος
1677 452 1831 487 ἐπηρεάσαι

1039 492 1134 519 τοῦτον
1161 493 1327 519 ἐσπούδασεν
1355 494 1395 533 είς
1425 493 1548 528 ἐγκοπὴν
1579 493 1630 529 τῆς
1663 494 1830 529 προθέσεως.

1046 534 1133 561 Ἐπτά
1147 535 1304 562 ἐπισκόπων
1321 535 1407 569 ἁγίων
1422 534 1654 570 ἐπισκεψαμένων
1673 536 1718 563 τὸν
1742 536 1830 570 ἆγιον,

1040 576 1056 612 ἢ
1074 577 1106 603 ἐκ
1122 576 1190 603 Θεοῦ
1202 562 1375 612 προνοίαςίῆ
1387 577 1418 609 ἐξ
1428 562 1583 609 ὑποθέσεως
1594 577 1642 603 τοῦ
1664 562 1831 612 πειρασμοῦ,

1040 619 1070 651 ἐξ
1080 618 1186 645 ἐκείνου
1203 619 1267 653 παρ’
1286 619 1377 653 ὀλίγον
1394 619 1476 646 αὐτὸν
1499 618 1643 652 ἐξώκειλεν
1655 619 1705 654 τῆς
1733 619 1831 653 προθέ-

1042 668 1121 691 σεως,
1138 660 1199 686 Τὼν
1209 661 1264 696 γὰρ
1284 661 1442 687 ἐπισκόπων
1459 661 1529 697 μετὰ
1545 661 1596 696 τὴν
1621 661 1766 696 ἐπίσκεψιν
1784 661 1831 688 εὑ-

1041 701 1176 736 ξαμένων.
1189 702 1237 728 καὶ
1251 702 1320 737 μετά
1336 702 1385 737 τὴν
1395 702 1478 737 εὐχὴν
1496 702 1634 735 ἐξιόντων,
1646 703 1677 729 ού
1693 702 1832 738 προέπεμ-

1040 742 1090 777 ψεν
1103 743 1203 775 αὐτοὺς
1218 743 1233 770 6
1259 744 1384 778 γενναῖος
1399 744 1460 770 οὐδὲ
1479 744 1554 779 βῆμα
1578 743 1667 776 ποδὸς,
1684 744 1728 770 ἵνα
1742 744 1780 780 μὴ
1794 744 1833 779 δῷ

1040 784 1131 820 χώραν
1143 785 1183 819 τῷ
1202 785 1352 820 μισοκάλῳ.
1368 786 1502 820 Λέγουσιν
1516 785 1591 820 αὒτῷ
1605 786 1630 811 οἱ
1649 785 1768 812 διάκονοι
1778 786 1833 813 τῶν

1041 827 1209 859 ἐπισκόπων,
1234 827 1424 862 Ὑπερήφανον
1440 829 1556 862 πρᾶγμα
1567 827 1683 863 ἐργάζῃ,
1695 827 1778 858 άϐϐᾶ,
1794 827 1833 863 μὴ

1042 868 1215 902 προπέμπων
1231 869 1295 901 τοὺς
1320 869 1499 900 ἐπισκόπους.
1527 869 1556 895 '0
1582 869 1610 895 δέ
1630 869 1706 903 λέγει
1729 869 1831 899 αὐτοῖς’

195 911 348 946 ἐμάνθανον
375 911 440 946 παρ’
465 910 548 937 αὑτοῦ
575 910 633 942 πῶς
662 910 747 937 αὑτοῦ
772 911 786 937 6
812 911 987 946 διαλογισμὸς
1007 927 1027 956 Β
1041 909 1112 944 Ἐγὼ
1127 911 1175 938 καὶ
1196 911 1259 942 τοὺς
1276 910 1387 945 κυρίους
1410 919 1461 956 μου
1483 911 1547 942 τοὺς
1569 911 1736 942 ἐπισκόπους
1749 909 1832 956 σέϐω,

195 953 330 981 διάκειται
345 953 392 980 ἐπὶ
408 954 441 988 τῇ
457 952 505 979 τοῦ
521 953 603 988 φόνου
629 953 763 989 ἁμαρτίᾳ.
789 953 837 984 Ὃς
864 953 990 980 τοσοῦτον

196 996 290 1030 ἔλεγεν
304 995 419 1030 ἀπέχειν
446 994 547 1030 λύπης,
565 994 603 1026 ὡς
625 994 673 1021 καὶ
691 995 934 1030 προσευχαριστεῖν
955 996 988 1030 τῇ

193 1037 242 1064 τοῦ
258 1037 340 1072 φόνου
354 1036 441 1072 αἰτίᾳ.
468 1036 619 1071 Γεγένηται
639 1037 694 1071 γάρ
726 1039 783 1070 μοι,
810 1037 904 1071 φησιν,
925 1036 991 1062 ὑπό-

196 1078 272 1110 θεσις
293 1078 433 1113 σωτηρίας
456 1078 470 1104 6
487 1077 615 1106 ἀκούσιος
633 1077 724 1111 φόνος.
751 1078 866 1111 Ἔλεγεν
879 1078 907 1104 δὲ
936 1078 991 1104 ἀπὸ

194 1120 310 1156 Γραφῶν
327 1120 418 1155 φέρων
433 1120 484 1155 τὴν
501 1120 657 1155 μαρτυρίαν
674 1119 721 1146 τοῦ
745 1120 815 1146 κατὰ
829 1120 876 1146 τον
901 1120 988 1155 μέγαν

195 1163 350 1198 θεράποντα
363 1162 411 1189 τοῦ
425 1161 496 1188 Θεοῦ
513 1162 654 1194 Μωῦσέως
682 1162 729 1188 τοῦ
745 1162 815 1189 κατὰ
831 1162 886 1198 τὴν
906 1162 991 1196 Αἴγυ-

195 1212 261 1231 πτον
273 1204 365 1238 φόνου,
380 1204 422 1230 ὅτι
434 1204 466 1231 Ei
479 1205 518 1239 μὴ
527 1203 572 1231 διὰ
578 1204 624 1230 τὸν
638 1204 720 1238 φόϐον
728 1204 776 1230 τοῦ
788 1205 880 1239 φόνου,
895 1205 945 1231 οὐκ
957 1205 991 1231 ἂν

195 1246 316 1280 Μωῡσῆς
339 1244 442 1280 nemo“
459 1245 510 1280 τῆς
527 1246 696 1281 Δεσποτικῆς
715 1245 853 1278 θεοπτίας,
874 1247 921 1273 καὶ
941 1246 991 1280 τῆς

195 1286 330 1321 τοσαύτης
351 1287 466 1322 δωρεᾶς,
494 1287 541 1314 καὶ
569 1287 620 1323 τῆς
644 1288 808 1323 συγγραφῆς
826 1288 881 1314 τῶν
904 1287 991 1322 ἁγίων

195 1328 282 1362 λόγων
295 1328 342 1355 τοῦ
356 1328 525 1363 Πνεύματος,
543 1329 567 1354 εί
587 1328 625 1364 μὴ
639 1328 677 1363 τῷ
693 1328 748 1355 δέει
763 1329 809 1355 τοῦ
819 1329 920 1363 Φαραώ
931 1337 938 1345 ·
954 1329 989 1357 δι’

194 1369 210 1396 ὂ
220 1369 333 1405 ἔδρασεν
346 1369 375 1403 ἐξ
389 1369 539 1404 Αἰγύπτου,
553 1370 600 1396 καί
611 1370 777 1405 κατείληφεν
787 1370 817 1396 τὺ
828 1370 891 1406 ὅρος
913 1371 989 1398 Σινᾶ.

195 1411 289 1439 Ταῦτα
313 1411 343 1438 δέ
358 1411 432 1445 λέγω
462 1410 518 1445 ἐγὼ
539 1411 588 1446 οὑχ
606 1411 737 1438 ὁδοποιῶν
752 1413 793 1443 είς
811 1411 890 1446 φόνον
917 1412 989 1446 τινὰ,

195 1453 264 1479 ἀλλά
277 1452 377 1487 μᾶλλον
388 1452 585 1485 ὑποδεικνύων,
609 1453 652 1480 ὅτι
667 1453 722 1480 εἰσὶ
736 1454 785 1480 καὶ
798 1454 992 1488 περιστατικαὶ

196 1494 305 1529 ἀρεταὶ,
322 1494 387 1521 ὅταν
416 1495 454 1530 μὴ
482 1494 598 1530 ἑκουσίᾳ
621 1495 720 1532 γνώμῃ
756 1495 797 1530 τῷ
830 1495 925 1531 ἀγαθῷ
949 1504 992 1527 τις

197 1535 358 1571 προσελθεῖν
384 1535 511 1572 βουληθῇ.
531 1536 592 1563 Τῶν
615 1535 670 1571 γὰρ
693 1537 800 1574 ἀρετῶν
824 1538 853 1565 αι
869 1537 923 1573 μέν
939 1538 992 1564 εισι

200 1578 405 1615 προαιρετικαὶ,
421 1578 450 1606 αἱ
463 1577 492 1605 δὲ
506 1578 711 1614 περιστατικαί.

495 1658 621 1686 ΚΕΦΑΛ.
642 1659 697 1687 1Η’.

462 1713 532 1748 Περὶ
548 1713 725 1748 Ναθαναήλ.

231 1785 345 1820 Ἕτερός
367 1793 410 1816 τις
427 1784 480 1811 τῶν
500 1785 585 1817 ἁγίων
598 1785 709 1818 γέγονεν
723 1785 777 1810 τῶν
799 1784 923 1811 παλαιῶν
936 1784 993 1818 ἄρι-

199 1835 261 1858 στος
274 1826 393 1862 ἀθλητὴς
406 1825 454 1852 τοῦ
469 1826 600 1860 Χριστοῦ,
618 1826 730 1861 ὀνόματι
746 1826 904 1860 Ναθαναήλ.
919 1825 987 1852 Τοῦ-

197 1877 243 1895 τον
270 1867 325 1902 ἐγὼ
350 1869 380 1894 ἐν
402 1867 484 1902 σαρκὶ
508 1867 538 1893 οὺ
562 1867 734 1902 κατείληφα”
761 1867 913 1902 κεκοίμητο
935 1867 989 1903 γὰρ

198 1909 253 1945 πρὺ
266 1909 314 1944 τῆς
329 1910 399 1944 ἐμῆς
425 1909 529 1935 εἰσόδου
551 1909 580 1935 ἐν
602 1909 641 1943 τῷ
662 1909 721 1941 όρει
750 1909 803 1944 πρὸ
821 1908 888 1936 ἐτῶν
915 1909 991 1935 δεκα-

197 1951 289 1978 πέντε.
321 1951 385 1981 Τοῖς
410 1950 439 1976 δὲ
460 1951 649 1985 συνασκήσασι
669 1951 709 1986 τῷ
737 1951 809 1986 ἁγίῳ
828 1950 914 1986 τούτῳ
945 1951 992 1977 καὶ

199 1991 392 2028 συγχρονίσασι
406 1991 571 2027 περιτυχὼν,
594 1992 767 2027 φιλοφρόνως
788 1992 904 2028 ἠρώτων
926 1992 991 2028 περὶ

196 2034 247 2069 τῆς
257 2033 306 2060 τοῦ
321 2033 417 2069 ἀνδρὸς
433 2034 518 2068 ἀρετῆ
526 2043 545 2063 ς.
563 2033 688 2066 Ἔδειξαν
696 2033 724 2060 δέ
734 2043 780 2068 μοι
791 2033 869 2061 αὐτοὶ
880 2034 927 2061 καὶ
938 2034 988 2068 τὴν

199 2075 309 2108 κέλλαν,
325 2076 364 2107 εις
378 2075 412 2110 ἦν
424 2075 491 2110 ῷκει
508 2084 556 2111 μέν
567 2076 660 2103 οὐκέτι
682 2076 770 2107 οὐδεὶς
795 2075 840 2102 διὰ
854 2076 886 2103 τὸ
906 2076 990 2109 ἐγγυ-

197 2118 270 2153 τέρω
283 2115 353 2144 εἶναι
369 2119 418 2152 τῆς
430 2118 604 2154 οἰκουμένης.
624 2119 743 2150 Ἐκεῖνος
755 2117 809 2152 γὰρ
826 2119 840 2144 6
854 2118 990 2152 μακάριος

197 2159 259 2185 τότε
270 2158 355 2194 αὑτὴν
363 2158 471 2186 ἔκτισεν
488 2160 533 2186 ὅτε
547 2161 656 2187 σπάνιοι
670 2158 742 2195 ἦσαν
759 2160 784 2186 nl
802 2159 988 2195 ἀναχωρηταί.

198 2200 348 2236 Διηγοῦντο
364 2201 393 2227 δέ
417 2210 461 2236 μοι
485 2201 564 2228 τοῦτο
585 2202 650 2238 περὶ
670 2200 753 2228 αὑτοῦ
781 2201 920 2236 ὲξαῖρετον
941 2202 991 2236 τῆς

199 2244 353 2278 ἀσκήσεως·
365 2244 546 2279 ὃτιτοσαύτην
555 2245 633 2280 ἔσχεν
642 2244 782 2279 ὑπομονὴν
792 2246 821 2270 ἐν
832 2244 870 2277 τῷ
880 2243 988 2278 κελλίῳ,

198 2285 237 2316 ὼς
253 2285 291 2320 μὴ
310 2285 476 2320 σαλευθῆναί
493 2294 559 2312 ποτε
573 2287 669 2314 τοῦτον
680 2286 735 2314 ἀπὸ
751 2286 801 2321 τῆς
819 2286 990 2321 προθέσεως·

197 2327 228 2353 ἐν
243 2324 283 2358 οἷς
294 2327 456 2363 ἐμπαιχθεὶς
467 2329 529 2354 κατ’
541 2328 628 2363 ἀρχὰς
639 2329 716 2363 παρὰ
726 2327 775 2354 τοῦ
789 2328 874 2354 πᾶσιν
889 2327 992 2362 ἐμπαί-

198 2368 290 2400 ζοντος
296 2369 344 2395 καὶ¹
353 2369 512 2400 ἀπατῶντος
524 2369 662 2404 δαίμονος,
669 2369 716 2396 τοῦ
724 2370 771 2396 καὶ
778 2369 871 2396 τοῦτον
881 2370 914 2404 τῇ
924 2370 992 2404 ἀκη-

197 2410 243 2445 δίᾳ
255 2410 459 2446 περιϐαλόντος,
474 2412 520 2438 καὶ
528 2412 578 2447 τῆς
593 2412 692 2447 κέλλης
709 2412 790 2439 αὑτὸν
803 2411 991 2444 ἐξελάσαντος.

203 2452 314 2484 Ἔδοξεν
330 2453 384 2488 γὰρ
396 2453 513 2489 ἀκηδιᾷν
525 2454 564 2485 είς
589 2454 639 2490 τὴν
659 2453 771 2489 πρώτην
784 2453 893 2480 κέλλαν.
915 2453 993 2480 Ἀνα-

200 2494 327 2528 χωρήσας
342 2494 450 2530 ἐκείνης
468 2495 595 2522 ἀπελθὼν
618 2496 703 2530 ἄλλην
716 2497 824 2522 ἔκτισεν
839 2494 992 2530 πλησιώτε-

201 2543 245 2570 ρον
263 2535 370 2572 κώμης.
384 2537 462 2564 Μετὰ
475 2535 522 2564 οὖν
535 2538 568 2565 τὸ
582 2538 691 2565 τελέσαι
708 2537 758 2574 τὴν
770 2537 878 2568 κέλλαν,
897 2538 945 2564 καὶ
963 2537 993 2563 ἐν

199 2579 268 2613 αὐτῇ
285 2578 407 2613 οίκῆσαι,
423 2579 493 2614 μετά
504 2581 580 2614 τρεῖς
593 2579 680 2615 μῆνας
697 2579 714 2614 ἢ
738 2579 886 2614 τέσσαρας,
903 2587 993 2614 παρα-

198 2620 302 2654 γίνεται
316 2622 330 2647 6
340 2621 446 2657 δαίμων
462 2623 491 2648 ἐν
519 2623 608 2656 νυκτὶ,
629 2623 748 2657 ταυρέαν
760 2622 881 2657 κατέχων
899 2621 992 2657 ὥσπερ

198 2663 224 2688 οι
243 2663 346 2698 δήμιοι,
370 2664 462 2699 σχῆμα
481 2664 551 2700 ἔχων
571 2664 737 2701 στρατιώτου
761 2664 990 2699 ρακοδυτοῦντος,

199 2703 302 2739 ψόφους
315 2706 547 2742 ἐργαζόμενος“τῆ
564 2708 678 2743 ταυρέᾳ.
697 2707 767 2743 Πρὸς
787 2707 817 2733 ὃν
843 2706 994 2742 ἀχθόμενος

201 2745 292 2780 ἐλεγεν
307 2749 321 2773 6
334 2749 469 2782 μακάριος
489 2748 647 2784 Ναθαναὴλ,
671 2749 759 2782 λέγων
784 2749 859 2784 αὐτῷ
873 2756 879 2764 ·
895 2750 943 2781 Τίς
969 2747 994 2776 εί

202 2787 245 2819 σὺ,
258 2788 300 2814 ὅτι
317 2789 404 2816 ταῦτα
420 2791 486 2826 δρᾷς
502 2791 531 2817 ἐν
546 2792 578 2826 τῇ
594 2792 648 2827 ἐμῇ
669 2791 761 2826 ξενίᾳ;
789 2791 818 2818 '0
843 2791 871 2818 δὲ
889 2791 994 2826 δαίμων

202 2829 368 2864 ἀπεκρίνετο
378 2839 385 2846 ·
407 2832 478 2866 Ἐγώ
493 2841 539 2868 εμι
556 2834 570 2860 6
587 2835 635 2860 καὶ
656 2833 689 2859 ἐκ
703 2833 753 2866 τῆς
767 2832 879 2868 πρώτης
893 2833 993 2868 κέλλης

201 2871 301 2903 ἐλάσας
316 2879 362 2904 σε,
379 2873 426 2899 καὶ
446 2874 494 2900 νῦν
507 2873 590 2909 ἦλθον
606 2875 654 2901 καὶ
679 2876 712 2901 ἐκ
737 2874 840 2910 ταύτης
861 2875 995 2909 φυγαδεῦ-

204 2913 299 2942 σαίσε.
329 2913 473 2949 Ἑγνωκὼς
492 2916 538 2944 οὖν
560 2917 575 2944 6
603 2916 739 2953 μακάριος
765 2916 923 2952 Ναθαναὴλ,
952 2917 992 2944 ὅτι

1041 953 1089 979 καὶ
1106 953 1194 979 πάντα
1204 952 1249 978 τὸν
1264 952 1366 987 κλῆρον
1380 951 1464 987 τιμῶ,
1484 952 1533 978 καὶ
1552 952 1662 979 πάντων
1681 951 1834 987 ἀνθρώπων

1041 993 1097 1028 ἐγὼ
1115 995 1129 1020 6
1150 993 1312 1029 ἁμαρτωλὸς
1333 993 1489 1028 περίψημα.
1521 994 1591 1020 Πᾶσι
1609 994 1638 1020 δὲ
1661 994 1767 1024 τούτοις
1786 994 1834 1020 καὶ

1041 1035 1095 1070 ὅλῳ
1108 1036 1147 1070 τῷ
1169 1035 1218 1070 βίῳ
1233 1036 1295 1062 ὅσον
1309 1035 1340 1061 1:6
1357 1035 1401 1061 ἐπ’
1417 1035 1480 1069 ἐμοὶ
1490 1035 1522 1070 τῇ
1544 1035 1673 1069 προθέσει
1686 1035 1833 1062 ἀπέθανον.

1043 1079 1118 1113 Ἔχω
1133 1079 1188 1112 γὰρ
1205 1077 1397 1112 κεκρυμμένον
1420 1077 1531 1108 σκοπδν,
1548 1077 1578 1104 δν
1597 1075 1668 1104 οἶδεν
1690 1078 1704 1104 6
1723 1078 1834 1114 Κύριος,

1041 1121 1055 1146 6
1069 1120 1116 1146 καὶ
1128 1121 1161 1146 τὰ
1177 1120 1287 1155 κρυπτὰ
1304 1120 1352 1155 τῆς
1363 1118 1435 1154 ἐμῆς
1448 1119 1563 1154 καρδίας
1584 1120 1673 1153 εἰδὼς,
1692 1120 1736 1147 διὰ
1755 1121 1782 1147 τί
1803 1121 1834 1147 ού

1041 1162 1220 1197 προέπεμψα.

1084 1218 1251 1253 Ἀστοχήσας
1263 1217 1291 1244 δέ
1305 1218 1319 1244 6
1330 1218 1435 1253 δαίμων
1450 1218 1496 1245 καὶ
1511 1218 1541 1245 ἐν
1554 1219 1643 1254 τούτῳ
1653 1218 1692 1253 τῷ
1704 1218 1834 1254 δράματι,
1886 1238 1925 1253 μ

1043 1261 1135 1295 σχῆμα
1157 1259 1238 1286 πάλιν
1253 1259 1373 1287 τοιοῦτον
1391 1260 1550 1296 ὑπέρχεται·
1570 1261 1626 1296 Πρὸ
1642 1261 1719 1288 ἐννέα
1738 1261 1834 1296 μηνῶν

1041 1302 1093 1336 τῆς
1108 1302 1263 1337 κοιμήσεως
1275 1302 1322 1328 τοῦ
1338 1301 1457 1336 ἀθλητοῦ
1472 1301 1695 1338 μεταμορφοῦται
1712 1303 1752 1334 είς
1769 1310 1835 1329 παι-

1042 1343 1134 1378 δάριον
1147 1343 1285 1376 δεκαετὲς,
1299 1344 1337 1376 ὡς
1348 1343 1460 1372 ἐλαῦνον
1475 1345 1535 1372 ὑνον
1550 1345 1649 1379 ἄρτους
1663 1346 1692 1371 ἐν
1710 1345 1835 1380 σαργάνῃ

1043 1385 1223 1420 βαστάζοντα.
1235 1386 1289 1412 Καὶ
1302 1386 1446 1421 γενόμενος
1464 1386 1585 1422 ἑσπέρας
1599 1386 1711 1422 βαθείας
1721 1381 1835 1422 πλησίον

1042 1427 1092 1462 τῆς
1117 1427 1213 1454 τούτου
1239 1427 1354 1463 κέλλης,
1381 1428 1584 1463 ἐσχηματίσατο
1600 1429 1638 1460 ὡς
1661 1430 1836 1456 πεπτωκέναι

1042 1469 1086 1495 τὸν
1104 1469 1173 1501 δνον,
1191 1470 1238 1496 καὶ
1252 1470 1353 1505 κράζον
1374 1470 1405 1496 τὸ
1423 1470 1544 1502 παιδίον,
1567 1470 1653 1497 ’Λϐϐᾶ
1670 1470 1836 1507 Ναθαναὴλ,

1043 1510 1153 1545 ἐλέησόν
1176 1519 1220 1546 με,
1237 1512 1284 1538 καὶ
1303 1512 1347 1543 δός
1365 1519 1410 1546 μοι
1425 1513 1514 1548 χεῖρα.
1533 1513 1670 1538 Ἤκουσεν
1690 1512 1717 1539 δέ
1733 1513 1836 1545 ἐκεῖνος

1043 1552 1092 1587 τῆς
1108 1552 1201 1587 φωνῆς
1216 1553 1263 1579 τοῦ
1277 1553 1383 1580 παιδίου
1397 1553 1488 1589 δῆθεν,
1502 1554 1549 1580 καὶ
1564 1554 1673 1586 ἀνοίξας
1687 1554 1738 1589 τὴν
1751 1554 1837 1590 θύραν

1006 1600 1028 1629 c
1044 1596 1093 1630 τῆς
1109 1595 1218 1631 κέλ).ης,
1242 1595 1296 1622 ἔσω
1315 1595 1402 1627 ἑστὼς
1417 1595 1506 1623 ἐλάλει
1526 1596 1617 1630 αὐτῷ·
1631 1596 1680 1628 Τίς
1695 1595 1731 1628 εί,
1747 1597 1794 1624 καὶ
1810 1597 1837 1624 τί

1045 1636 1132 1669 θέλεις
1149 1638 1253 1673 ποιήσω
1268 1646 1327 1670 σοις
1346 1637 1539 1673 ’Δποκρίνεται
1554 1639 1568 1665 6
1582 1637 1700 1674 δαίμωνε
1722 1637 1791 1672 Ἐγὼ
1807 1637 1838 1666 δι

1044 1679 1101 1714 εξμι
1119 1679 1194 1706 τοῦδε
1212 1679 1260 1706 τοῦ
1281 1679 1399 1715 μονοιχοῦ
1426 1680 1457 1707 τὸ
1483 1679 1644 1716 μελλάκιον,
1668 1681 1715 1706 καὶ
1736 1680 1838 1715 ἄρτους

1043 1722 1184 1757 ἀποφέροι.
1217 1722 1327 1757 Ἐπειδὴ
1353 1723 1448 1756 ἀγάπη
1469 1723 1543 1749 ἐστὶν
1557 1722 1605 1749 τοῦ
1627 1722 1675 1749 σοῦ
1697 1723 1836 1758 γνωρίμου

1043 1764 1120 1791 τοῦδε
1134 1764 1182 1791 τοῦ
1195 1764 1324 1799 ἀδελφοῦ,
1339 1764 1386 1790 καὶ
1399 1763 1492 1799 αὕριον
1503 1763 1643 1791 Σαϐϐάτου
1658 1763 1837 1799 διαφαύοντος

1043 1807 1122 1842 χρεία
1135 1806 1189 1832 τῶν
1203 1806 1375 1842 προσφορῶν.
1394 1806 1494 1840 Δέομαι
1508 1805 1555 1833 οὖν
1581 1815 1627 1832 σου
1647 1807 1684 1842 μή
1707 1815 1741 1842 με
1763 1815 1835 1842 παρ-

1045 1849 1112 1884 ίδῃς,
1133 1849 1170 1884 μή
1191 1857 1253 1875 ποτε
1278 1849 1325 1875 καὶ
1341 1848 1393 1875 ὑπὸ
1416 1848 1515 1875 ὑαινῶν
1533 1848 1639 1884 βρωθῶ.
1661 1848 1762 1875 Πολλαὶ
1781 1849 1836 1884 γὰρ

1044 1890 1135 1917 ὑαιναί
1154 1890 1223 1916 είσιν
1244 1891 1273 1916 ἐν
1290 1891 1346 1922 τοῖς
1369 1889 1472 1922 τόποις.
1504 1889 1594 1921 Ἐνεὸς
1614 1889 1661 1916 οὖν
1684 1889 1807 1925 ἑστηκὼς
1821 1891 1836 1917 6

1044 1932 1179 1967 μακάριος
1195 1931 1356 1966 Ναθαναὴλ,
1383 1931 1436 1958 ὑπὸ
1452 1931 1553 1967 πολλῆς
1580 1931 1752 1966 συμπαθείας
1770 1931 1836 1966 σφό-

1042 1974 1093 2009 δρα
1123 1972 1242 2007 ίλιγγία,
1268 1972 1470 2009 ταραττόμενος
1494 1974 1551 2004 τοῖς
1579 1973 1759 2008 σπλάγχνοις,
1789 1973 1836 2000 καὶ

1043 2007 1182 2048 ἐλογίζετο
1204 2014 1230 2041 τί
1248 2007 1372 2049 ποιήσει,
1392 2007 1494 2048 λέγων,
1518 2014 1553 2040 Ἢ
1574 2013 1626 2049 τῆς
1647 2007 1758 2049 ἐντολῆς
1782 2015 1836 2050 ἔχω

1043 2057 1181 2088 ἐκπεσεῖν,
1199 2056 1215 2091 ἢ
1235 2057 1285 2091 τῆς
1311 2055 1467 2092 προθέσεως
1490 2056 1674 2090 ἐξολισθῆσαι.
1701 2056 1836 2091 ’Ὕστερον

1043 2098 1271 2133 ἐπιλογισάμενος
1283 2098 1322 2133 τῷ
1333 2096 1440 2124 εὐσεϐεῖ
1451 2097 1587 2134 λογισμῷ,
1601 2096 1678 2124 εἶπεν
1693 2098 1722 2124 ἐν
1734 2098 1834 2133 ἐαυτῷ·

1045 2140 1173 2175 Ἀμεινόν
1189 2141 1249 2166 ἐστι
1275 2140 1305 2166 τὸ
1323 2140 1361 2175 μὴ
1379 2140 1511 2167 σαλεῦσαι
1528 2140 1662 2167 τοσούτων
1678 2140 1747 2167 ἐτῶν
1766 2140 1835 2176 πρό-

1043 2182 1128 2214 θεσιν,
1143 2182 1182 2213 εἰς
1206 2181 1336 2217 αἰσχύνην
1354 2181 1402 2208 καὶ
1418 2179 1503 2217 ἧτταν
1526 2181 1573 2208 τοῦ
1594 2181 1727 2209 διαϐόλου.
1748 2183 1838 2218 Προσ-

1044 2224 1192 2259 ευξάμενος
1204 2224 1294 2251 τοίνυν
1305 2223 1344 2259 τῷ
1360 2224 1466 2260 Κυρίῳ,
1477 2224 1551 2258 λέγει
1576 2224 1644 2259 πρὸς
1658 2225 1696 2258 τῷ
1708 2224 1834 2252 λαλοῦντι

1005 2273 1032 2303 D
1044 2267 1124 2302 δῆθεν
1143 2266 1252 2301 παιδίῳ·
1271 2266 1415 2299 Ἄκουσον,
1431 2266 1572 2301 παιδίον,ὴ
1588 2267 1661 2298 ὅστις
1672 2267 1704 2302 δή
1719 2275 1784 2293 ποτε
1799 2264 1836 2300 εῐ,

1045 2308 1167 2336 πιστεύω
1183 2308 1223 2339 είς
1238 2308 1283 2334 τὸν
1301 2307 1330 2333 ὲν
1341 2304 1364 2342 ᾧ
1381 2307 1504 2343 λατρεύω
1518 2308 1558 2344 τῷ
1574 2308 1731 2340 δεσπόζοντι
1746 2308 1837 2344 πάσης

1043 2350 1127 2384 πνοῆς
1137 2358 1143 2363 ·
1164 2350 1205 2376 ὅτι
1217 2349 1242 2375 εί
1257 2348 1368 2384 χρῄζεις
1383 2349 1468 2381 ὅντως
1488 2349 1625 2385 βοηθείας,
1646 2350 1749 2384 πέμπει
1765 2358 1807 2376 σοι
1822 2351 1838 2376 6

1043 2391 1110 2423 Θεός
1127 2400 1177 2426 μου
1200 2390 1337 2426 βοήθειαν,
1353 2391 1400 2417 καὶ
1413 2390 1474 2417 οὒτε
1491 2399 1520 2417 σε
1540 2390 1641 2424 ὕαιναι,
1657 2390 1719 2417 οὔτε
1732 2399 1759 2417 τι
1772 2391 1837 2418 ἄλλο

1043 2433 1178 2468 ἀδικήσει.
1203 2432 1235 2459 El
1254 2433 1283 2458 δὲ
1301 2432 1455 2467 πειρασμός
1470 2441 1512 2464 τις
1528 2429 1562 2464 εἷ,
1583 2432 1724 2459 καὶτοῦτο
1736 2433 1751 2459 6
1769 2432 1836 2464 Θεός

1045 2484 1097 2510 μου
1123 2473 1248 2501 ἐντεῦθεν
1272 2474 1322 2509 ἤδη
1339 2474 1369 2500 τὸ
1391 2474 1485 2509 δρᾶμα
1508 2474 1680 2508 ἀποκαλύψει
1706 2482 1770 2509 μοι’
1789 2474 1837 2501 καὶ

1044 2518 1155 2548 κλείσας
1180 2517 1230 2552 τὴν
1255 2515 1339 2550 θύραν
1363 2516 1412 2549 τῆς
1429 2516 1527 2551 χελλης
1545 2516 1679 2552 ἐνδοτέρω
1702 2516 1834 2551 ἀπῆλθεν.

1044 2559 1202 2595 Δίσχυνθεὶς
1227 2558 1256 2584 δὲ
1273 2559 1287 2583 ό
1303 2557 1410 2592 δαίμων
1429 2557 1477 2584 καὶ
1492 2558 1539 2584 ἐπὶ
1553 2558 1641 2595 ταύτῃ
1653 2559 1687 2594 τῇ
1702 2559 1772 2594 ἧττα
1787 2559 1837 2585 αὺ-

1043 2602 1104 2634 τοῦ,
1128 2602 1169 2632 είς
1188 2600 1308 2627 λαίλαπα
1329 2599 1447 2635 ἀνελύθη
1459 2620 1466 2633 ,
1483 2601 1531 2627 καὶ
1545 2602 1584 2632 εις
1606 2601 1739 2637 όνάγρους
1756 2609 1836 2637 σκιρ-

1044 2646 1148 2675 τῶντας
1181 2642 1228 2669 καὶ
1255 2641 1416 2675 φεύγοντας,
1445 2643 1493 2668 καὶ
1521 2642 1625 2677 ψόφους
1653 2644 1700 2677 ἀφ’
1731 2643 1836 2670 ἑαυτῶν

1043 2685 1212 2714 ἀπολύοντας
1252 2682 1446 2718 ὲξημοιωθεὶς,
1490 2683 1576 2717 οὓτως
1619 2685 1738 2720 ἄφαντος
1773 2685 1836 2720 ἐγέ-

1044 2737 1114 2755 νετο.

1080 2789 1165 2816 Τοῦτο
1178 2788 1208 2815 τδ
1221 2786 1302 2815 ἆθλον
1310 2787 1357 2814 τοῦ
1372 2787 1511 2824 μακαρίου
1523 2786 1684 2824 Ναθαναὴλ,
1698 2787 1745 2816 καὶ
1756 2785 1837 2816 αὗται

1045 2831 1128 2858 αὑτοῦ
1155 2831 1184 2856 αἱ
1211 2829 1309 2866 ἀρεταὶ
1327 2830 1376 2864 τῆς
1399 2830 1563 2866 ἀσκήσεως,
1588 2830 1636 2856 καὶ
1663 2831 1680 2866 ἡ
1703 2831 1837 2866 ἀήττητος

1048 2875 1122 2909 μάχη
1150 2872 1219 2908 πρὸς
1237 2872 1283 2899 τὸν
1302 2871 1467 2905 ἀντίπαλον,
1492 2871 1540 2898 καὶ
1565 2870 1636 2908 αὕτη
1656 2872 1738 2899 αὑτοῦ
1758 2873 1776 2908 ἡ
1795 2873 1836 2899 δι-

1047 2915 1153 2950 αγωγὴ,
1170 2914 1215 2942 καὶ
1229 2913 1259 2941 τὸ
1274 2922 1305 2940 πε
1312 2913 1338 2949 ρὶ
1354 2914 1436 2941 αὑτὸν
1449 2912 1495 2940 τοῦ
1507 2912 1630 2949 ἀοιδίμου
1649 2913 1707 2949 βίου
1723 2914 1809 2946 τέλος.
