2077 3154
251 181 322 213 1043

517 237 643 265 ΚΕΦΑΛ.
666 236 718 269 ΙΘ’,
732 238 775 264 κ’.

396 279 466 314 Περὶ
480 280 634 314 Μακαρίου
651 278 703 305 τοῦ
720 278 894 312 Αἰγυπτίου.

284 321 325 348 Τὰ
341 321 410 348 κατά
426 321 489 352 τοὺς
501 321 598 355 ἁγίους
611 322 658 347 καὶ
675 320 826 352 ἀθανάτους
841 319 967 354 Πατέρας
980 319 1042 346 Ma-

249 363 344 399 κάριον
364 363 409 390 τὸν
423 362 585 397 Αίγύπτιον,
609 363 658 389 καὶ
677 362 821 398 Μακάριον
841 361 887 388 τὸν
916 361 1043 395 Ἀλεξαν-

249 406 332 441 δρέα,
350 405 415 437 τοὺς
438 405 582 438 γενναίους
607 405 708 441 ἀνδρας
730 405 779 431 καὶ
804 403 1044 437 ἀκαταγωνίστους

249 447 385 482 ἀθλητὰς,
415 446 463 473 τοῦ
479 447 608 483 ἐναρέτου
629 447 688 481 βίου
716 444 785 474 ἆθλα
803 445 889 472 πολλά
907 445 972 472 ὄντα
996 446 1044 473 καὶ

251 489 374 524 μεγάλα,
402 488 451 515 καὶ
477 488 576 524 μικροῦ
599 488 654 516 δεῖν
667 487 804 515 δύσπιστα
821 488 879 519 τοῖς
901 487 1042 520 ὸπίστοις,

249 530 320 557 ὑκνῶ
332 529 530 565 διηγήσασθαι,
545 530 592 556 καὶ
607 531 699 565 γραφῇ
717 528 896 565 παραδοῦναι,
921 528 957 564 μή
977 537 1043 555 ποτε

249 572 297 598 καὶ
312 571 429 607 ψεύστου
444 572 524 605 δόξαν
547 571 758 606 ἀπενέγκωμαι.
785 570 846 597 Ὀτι
863 569 892 596 δὲ
914 570 1043 598 ἀπολλύει

250 613 353 648 Κύριος
377 614 482 645 πάντας
505 613 570 645 τοὺς
592 613 741 645 λαλοῦντας
764 612 796 639 τὸ
815 612 932 647 ψεῦδος,
949 611 1043 647 σαφῶς

250 655 324 682 ἔστιν
337 655 400 682 ἰδεῖν
414 655 628 690 ἀποφηνάμενον
643 654 673 681 τὸ
686 654 799 689 Πνεῦμα
812 653 843 680 τὸ
857 653 945 688 ἀγιον.

292 696 376 732 Ἐμοῦ
398 697 489 723 τοίνυν
513 697 549 732 μὴ
573 695 740 732 ψευδομένου
763 696 807 723 διὰ
830 696 881 732 τὴν
898 696 978 731 χάριν
994 694 1043 722 τοῦ

251 738 367 774 Κυρίου,
390 738 535 764 πιστὸτατε
562 738 617 764 τῶν
637 737 742 773 ἀνδρῶν
767 737 871 768 Λαῦσε,
896 738 944 764 καὶ
962 736 1044 768 αὐτὸς

253 781 290 816 μὴ
312 780 421 807 ἀπίστει
444 781 499 811 τοῖς
516 779 570 806 τῶν
591 779 677 814 ἀγίων
700 780 830 815 Πατέρων
848 778 951 812 ἀθλοις,
976 778 1044 805 ἀλλά

253 821 355 856 μᾶλλον
379 820 585 856 ὲγκαλλωπίζου
609 821 713 848 τούτων
739 821 793 847 τῶν
822 820 971 855 ἀοιδίμων,
996 819 1044 846 καὶ

251 863 336 894 ὅντως
351 862 512 898 μακαρίων,
532 863 587 888 τῶν
608 862 668 889 κατ’
686 862 767 896 ἀξίαν
781 861 836 888 τῶν
851 861 934 888 ὁσίων
955 860 1043 888 ἄθλων

251 905 341 931 αὐτῶν
354 905 404 939 τῆς
415 904 558 938 ἀσκήσεως
574 904 621 931 καὶ
632 904 668 931 τά
681 904 802 939 ὀνόματα
816 903 1007 938 κεκτημένων.

294 946 323 973 Ὁ
344 948 394 982 μὶν
409 945 517 981 πρῶτος
535 945 656 980 ἀθλητὴς
671 944 719 972 τοῦ
740 945 859 979 Χριστοῦ
870 965 878 976 .
899 945 1043 981 Μακάριος

251 987 375 1022 ὀνόματι,
387 986 536 1021 Αἰγύπτιος
553 987 592 1022 τῷ
606 987 680 1020 γένει
691 986 815 1022 ὑπῆρχεν
825 994 832 1001 ⁸
848 987 862 1013 6
875 986 904 1013 δὲ
917 985 1043 1022 δεύτερος

251 1030 285 1064 τῇ
298 1028 391 1064 ἡλικία
401 1047 409 1060 ,
424 1027 532 1063 πρῶτος
546 1028 575 1054 δὲ
598 1028 655 1060 τοῖς
673 1028 864 1063 προτερήμασι
886 1027 940 1054 τῶν
961 1036 1043 1063 μονα-

251 1069 320 1106 χῶν,
343 1070 392 1096 καὶ
408 1069 489 1100 αὐτὸς
511 1069 656 1104 Μακάριος
676 1068 844 1104 καλούμενος
859 1068 898 1104 τῷ
917 1068 1041 1103 ὀνόματι,

259 1111 458 1147 Ἀλεξανδρέων
472 1110 585 1145 πολίτης
605 1110 733 1145 γέγονεν,
753 1111 921 1146 τραγήματα
939 1111 1044 1146 πιπρά-

253 1159 337 1180 σκων.

289 1193 345 1220 Καὶ
368 1193 403 1220 τά
429 1193 482 1229 μὲν
506 1192 603 1229 πρῶτα
628 1194 797 1230 διηγήσομαι
819 1192 868 1220 τοῦ
895 1193 1045 1228 Αἰγυπτίου

252 1235 398 1272 Μακαρίου
411 1235 460 1266 τὰς
482 1235 596 1271 ἀρετὰς,
614 1235 644 1267 ὃς
659 1236 758 1267 ἔζησεν
772 1235 806 1262 τά
828 1235 976 1271 σύμπαντα
996 1235 1044 1271 ἐτη

253 1277 426 1312 ἐνενήκοντα.
458 1277 525 1304 Ἀπὸ
543 1277 649 1305 τούτων
674 1278 704 1304 ὲν
720 1279 754 1312 τῇ
783 1277 877 1313 ἐρήμῳ
894 1277 1045 1312 πεποίηκεν

253 1318 385 1354 ἑξήκοντα
408 1318 466 1354 Ετη.
482 1319 703 1355 Τριακονταετὴς
725 1318 845 1346 ἀνελθὼν
864 1319 996 1355 νεώτερος
1011 1319 1045 1355 τῇ

252 1361 348 1397 ἡλικίᾳ
367 1361 501 1396 σφριγῶν.
523 1361 644 1397 τοσαύτῃ
665 1358 742 1392 οὗτος
757 1362 894 1396 ἐχρήσατο
911 1361 1046 1396 καρτερίᾳ

253 1403 343 1430 πόνων
363 1402 524 1438 ἀσκητικῶν
539 1404 568 1429 ὲν
583 1403 653 1434 ὅλοις
673 1402 739 1429 δέκα
758 1402 860 1435 ἐτεσιν,
884 1402 923 1434 ὼς
945 1402 1046 1439 πολλῆς

253 1444 301 1470 καὶ
326 1440 448 1479 μεγάλης
472 1443 568 1471 τοῦτον
589 1443 740 1479 ἀξιωθῆναι
761 1443 945 1479 διακρίσεως·
974 1443 1045 1470 ὥστε

254 1486 396 1513 καλεῖσθαι
428 1486 509 1513 αὺτδν
537 1486 800 1522 παιδαριογέροντα.
828 1485 921 1521 ἐπειδὴ
949 1486 1046 1513 θᾶττον

254 1527 304 1562 τῆς
326 1527 436 1561 ἡλικίας
456 1527 609 1562 προέκοψεν
629 1528 689 1558 ταῖς
704 1528 825 1563 ἀρεταῖς.
853 1527 1044 1563 Τεσσαρακον-

992 176 1168 212 PALLADII

1058 238 1081 267 Α
1095 238 1151 268 τοῖς
1168 235 1365 273 ῥᾳθυμοτέροις
1392 235 1448 263 τῶν
1467 236 1520 268 ἔξω
1537 235 1664 271 μοναχῶν
1685 235 1759 263 ἔστιν
1775 237 1889 272 εὐρεθῆ-

1818 179 1890 211 1044

1093 287 1138 305 ναι
1161 277 1335 313 ἀδηφαγίαν,
1360 277 1377 313 ἢ
1399 277 1476 313 παρά
1500 279 1557 309 τοῖς
1580 275 1656 304 οὖσιν
1672 277 1702 304 ὲν
1722 278 1779 313 τοῖς
1794 278 1888 310 τόποις

1094 320 1220 351 ἐκείνοις,
1236 320 1283 347 καὶ
1295 319 1339 347 διὰ
1351 320 1400 355 τὴν
1415 320 1515 347 σπάνιν
1530 319 1584 346 τῶν
1596 319 1708 356 χρειῶν,
1726 319 1773 346 καὶ
1786 320 1831 346 διὰ
1842 320 1889 347 τὸν

1093 361 1163 388 κατά
1185 361 1252 388 Θεὸν
1273 361 1355 396 ζῆλον
1372 361 1427 388 τῶν
1443 360 1642 387 κατοικούντων
1656 361 1715 387 ἐκεῖ
1728 381 1735 392 ,
1756 361 1801 388 ιΞιε)⁸
1820 362 1888 397 πρὸς

1093 403 1227 439 ἀλλήλους
1245 404 1369 432 ἑκάστων
1392 403 1618 438 φιλονεικούντων
1643 403 1820 439 ὑπερϐαίνειν
1842 404 1888 431 τὸν

1093 446 1210 481 πλησίον
1225 447 1287 478 ταῖς
1303 446 1444 481 διαφόροις
1459 446 1620 477 πολιτείαις.

1130 489 1198 524 Περὶ
1214 488 1242 515 δὲ
1262 489 1312 524 τῆς
1328 488 1413 523 ἄλλης
1426 488 1571 523 ἀσκήσεως
1582 486 1678 514 τούτου
1693 486 1740 512 τοῦ
1760 486 1888 522 οὐρανίου

1094 530 1201 566 ἀνδρὸς,
1215 530 1362 566 Μακαρίου
1375 530 1458 564 λέγω,
1475 529 1585 563 ἐλέγετο
1598 525 1678 561 οὗτος
1690 529 1705 555 ὁ
1720 528 1799 562 ἅγιος
1811 529 1889 555 ἀδια-

1093 572 1213 605 λείπτως
1236 572 1408 605 ἐξίστασθαι,
1433 571 1482 598 καὶ
1505 571 1606 607 μᾶλλον
1619 569 1659 605 τῷ
1681 570 1785 597 πλείονι
1800 571 1889 605 χρόνῳ

1094 614 1316 650 προσδιατρίὸειν
1330 614 1400 650 Θεῷ,
1415 614 1432 650 ἢ
1447 615 1505 646 τοῖς
1525 613 1572 639 ὑπ’
1586 612 1701 647 οὐρανὸν
1715 612 1887 648 πράγμασιν.

1094 654 1132 683 Ob
1146 656 1194 684 καὶ
1203 656 1321 692 διάφορα
1335 657 1465 691 φέρονται
1481 654 1621 690 Θαύματα.

1136 698 1218 733 ’Λνήρ
1243 706 1285 730 τις
1315 697 1465 732 Αἰγύπτιος
1486 697 1593 728 ἄσωτος
1611 695 1738 731 ἐρασθεὶς
1759 694 1889 729 γυναικὸς

1095 739 1241 774 ἐλευθέρας
1255 739 1405 774 ὑπάνδρου,
1419 738 1468 765 καὶ
1484 739 1523 774 μὴ
1535 738 1685 772 δυνάμενος
1700 737 1785 773 αὐτὴν
1797 736 1890 763 δελεάο

1095 789 1140 808 σαι
1151 800 1159 812 ,
1183 780 1228 807 διὰ
1243 780 1292 816 τὴν
1310 779 1490 816 σωφροσύνην
1510 778 1614 813 ταύτης
1631 778 1700 814 πρὸς
1723 778 1770 804 τὸν
1785 778 1890 812 παρθε-

1094 822 1168 849 νικον
1180 822 1265 857 αὐτῆς
1277 821 1372 856 ἀνδρα,
1387 821 1599 856 προσωμίλησεν
1613 820 1691 854 γόητι
1713 820 1728 845 6
1754 819 1889 854 κακόσχοο

1093 864 1150 895 λος,
1168 863 1258 897 λέγων
1277 862 1363 898 αὐτῷ,
1385 863 1419 889 Ἢ
1443 863 1503 889 ἔλον
1524 862 1628 897 ταύτην
1641 862 1682 893 είς
1702 861 1733 888 τὺ
1746 860 1888 896 ἀγαπῆσαί

1059 907 1079 935 Β
1095 914 1140 941 με,
1161 905 1178 942 ἢ
1202 905 1318 940 ἐργασαί
1340 913 1365 931 τι
1387 905 1420 937 τῇ
1444 905 1527 939 τέχνῃ
1551 912 1610 935 σου,
1628 904 1672 929 ἵνα
1686 902 1754 938 ῥίψῃ
1772 903 1859 937 αὐτὴν
1876 903 1891 929 ὁ

1095 948 1165 984 ἀνὴρ
1180 947 1276 982 αὐτῆς.
1291 946 1389 974 Λαΰὼν
1402 943 1448 973 οὖν
1458 946 1472 972 6
1483 947 1549 981 γόης
1559 945 1589 972 τὸ
1603 945 1695 972 ἱκανὸν
1711 944 1776 980 παρ’
1789 943 1887 978 αὐτοῦ,

1095 990 1232 1025 ἐχρήσατο
1255 990 1316 1020 ταῖς
1338 987 1438 1015 ἑαυτοῦ
1461 987 1602 1022 γοητείαις
1625 986 1674 1013 καὶ
1697 986 1889 1021 μαγγανείαις.

1095 1031 1152 1058 Καὶ
1181 1031 1219 1066 μὴ
1236 1031 1362 1066 δυνηθεὶς
1392 1030 1478 1065 αὐτῆς
1496 1029 1629 1064 ἐκστῆσαι
1645 1028 1692 1055 τὸν
1716 1028 1778 1055 νοῦν
1805 1028 1845 1059 είς
1859 1028 1891 1054 τὺ

1094 1073 1183 1108 τούτῳ
1207 1072 1370 1104 συνθέσθαι,
1388 1070 1597 1107 παρασκευάζει
1611 1071 1697 1105 αὐτὴν
1721 1070 1760 1101 ὼς
1785 1069 1891 1105 φοράδα

1095 1115 1214 1149 φανῆναι
1227 1115 1284 1146 τοῖς
1298 1113 1385 1150 αὐτὴν
1398 1113 1557 1148 θεωμένοις.
1571 1112 1691 1145 Ἐξωθεν
1701 1112 1792 1139 τοίνυν
1804 1111 1891 1138 ἐλθὼν

1095 1157 1110 1184 6
1133 1156 1204 1192 ἀνὴρ
1225 1156 1322 1191 αὐτῆς,
1337 1157 1367 1182 ὲν
1391 1155 1512 1191 σχήματι
1532 1154 1648 1190 φοράδος
1666 1154 1716 1190 τὴν
1731 1152 1891 1187 ἐαυτοῦ-γυ-

1095 1200 1178 1225 νιῖκσ.
1198 1197 1312 1225 ἔϐλεπεν
1322 1206 1329 1214 ·
1344 1198 1392 1225 καὶ
1408 1197 1456 1224 ἐπὶ
1469 1197 1518 1232 τῆς
1536 1196 1634 1223 ἑαυτοῦ
1648 1196 1743 1230 κοίτης
1760 1195 1892 1223 κατακλι-

1099 1239 1168 1272 θεὶς,
1194 1239 1332 1272 ἐξενίζετο
1356 1239 1398 1266 ὅτι
1417 1240 1458 1270 είς
1481 1240 1529 1265 τδν
1541 1237 1679 1274 κράϐατον
1695 1237 1779 1264 αὑτοῦ
1803 1237 1892 1272 φορὰς

1097 1281 1230 1309 ἀνέκειτο.
1256 1280 1354 1308 Κλαίει
1381 1278 1428 1308 οὖν
1447 1281 1461 1307 ὀ
1477 1280 1548 1316 ἀνὴρ
1563 1279 1664 1315 αὐτῆς,
1684 1278 1733 1306 καὶ
1746 1277 1890 1314 ὀδύρεται,

1099 1323 1137 1358 μὴ
1148 1324 1283 1359 εὑρίσκων
1293 1323 1324 1349 τὸ
1336 1323 1454 1358 πρᾶγμα
1463 1330 1471 1338 ’
1486 1322 1533 1349 καὶ
1547 1323 1584 1353 ὠς
1598 1321 1716 1356 νομίζων
1731 1321 1793 1356 ζὼῳ
1805 1330 1892 1357 προσ-

1095 1365 1220 1400 ομιλεῖν,
1240 1365 1414 1402 ἀποκρίσεως
1439 1364 1490 1391 ούκ
1521 1363 1668 1399 ἐτύγχανεν
1682 1383 1689 1394 .
1710 1362 1892 1399 ὀργιζομένης

1098 1407 1149 1442 τῆς
1171 1406 1311 1441 γυναικός.
1334 1406 1396 1433 Ἐπὶ
1408 1406 1514 1438 τούτοις
1533 1404 1729 1440 παρακαλέσας
1743 1405 1807 1437 τοὺς
1821 1414 1891 1440 πρε-

1100 1448 1248 1484 σὸυτέρους
1270 1448 1319 1483 τῆς
1335 1448 1452 1483 κώμης,
1474 1448 1515 1479 είς
1537 1447 1582 1473 τὸν
1606 1444 1681 1473 οἷκον
1702 1447 1825 1480 εἰσάγει,
1843 1447 1893 1474 καὶ

1097 1490 1218 1517 δείκνυσι
1230 1489 1336 1525 ταύτην
1346 1490 1450 1521 αὐτοῖς.
1462 1489 1494 1516 Ol
1508 1488 1536 1515 δὲ
1547 1488 1602 1515 οὐδ’
1616 1487 1693 1515 αὐτοὶ
1707 1489 1828 1524 συνῆκαν
1840 1488 1892 1524 τὴν

1099 1532 1241 1567 συμφορὰν
1267 1531 1317 1567 τὴν
1341 1530 1550 1558 καταλαδοῦσαν
1579 1529 1690 1561 αὐτούς.
1726 1529 1788 1556 Ἐπὶ
1816 1531 1892 1565 τρεῖς

254 1568 354 1605 ταετὴς
370 1568 426 1604 γὰρ
440 1569 587 1603 γενόμενος
603 1568 674 1595 κατά
690 1569 853 1604 πνευμάτων
863 1568 958 1596 ἔλασεν
971 1569 1046 1601 ἐξου-
1060 1572 1084 1605 C
1097 1574 1187 1599 τοίνυν
1205 1573 1313 1608 ἡμέρας
1325 1572 1388 1599 οὔτε
1402 1572 1499 1608 χόρτου
1519 1571 1726 1607 μετελάμϐανεν
1741 1571 1778 1602 ὡς
1793 1571 1891 1606 φορὰς,

255 1610 400 1647 σιαστικὴν
432 1610 563 1645 δύναμιν,
598 1610 647 1637 καὶ
671 1610 795 1646 χάρισμα
823 1611 964 1646 ίαμάτων,
998 1611 1045 1638 καὶ

256 1652 367 1688 πνεῦμα
382 1652 575 1688 προρρήσεων.
592 1651 759 1688 Κατηξιώθη
770 1652 799 1679 δὲ
813 1653 859 1679 καὶ
871 1652 920 1687 τῆς
935 1652 1045 1688 ἐντίμου

257 1695 417 1731 ἱερωσύνης.
431 1694 526 1730 Τούτῳ
541 1695 660 1729 συνῆσαν
673 1693 719 1721 δύο
732 1694 850 1730 μαθηταὶ
865 1695 904 1726 είς
919 1694 968 1730 τὴν
983 1694 1047 1730 ἐρη-

258 1745 309 1772 μον
324 1737 374 1771 τὴν
398 1735 531 1763 ἐνδοτάτω
542 1755 549 1768 ,
576 1736 626 1770 τὴν
643 1735 814 1771 καλουμένην
836 1737 936 1771 Σκῆτιν
947 1744 953 1750 “
979 1734 1016 1763 ῶν
1032 1736 1047 1762 ὁ

258 1778 309 1813 μὲν
323 1775 363 1809 εἷς
377 1776 467 1804 αὐτῶν
479 1775 513 1812 ἦν
524 1777 599 1812 αὐτῷ
610 1777 762 1812 ὑπηρέτης,
777 1777 891 1813 πλησίον
906 1778 989 1805 αὑτοῦ
1003 1778 1048 1805 διὰ

258 1819 360 1850 παντὸς
388 1819 584 1854 εὑρισκόμενος
609 1819 653 1846 διὰ
678 1819 709 1846 τὺ
739 1820 804 1851 τοὺς
840 1821 1047 1856 εἰσερχομένους

258 1860 475 1898 θεραπεύεσθαι·
505 1861 520 1888 6
545 1862 574 1889 δὲ
600 1859 641 1894 εἷς
667 1861 801 1898 ἀνεχώρει
831 1862 893 1888 κατ’
919 1863 987 1890 ἰδίαν
1007 1863 1052 1895 είς

257 1905 364 1934 κέλλαν.

293 1948 396 1984 Χρόνου
419 1947 449 1974 δὲ
464 1945 668 1982 προκόψαντος,
684 1945 832 1982 διορατικῷ
852 1946 956 1982 ὄμματι
979 1954 1048 1982 προ-

259 1989 361 2024 σλέψας
375 1990 390 2016 6
405 1989 482 2024 ἀγιος
495 1988 573 2022 λέγει
592 1987 631 2023 τῷ
649 1988 831 2024 ὑπηρετοῦντι
846 1988 922 2024 αὑτῷ
937 1989 1048 2023 ὀνόματι

263 2032 387 2068 Ἰωάννῃ,
409 2031 449 2064 είς
465 2030 580 2066 ὕστερον
601 2031 630 2057 δὲ
652 2031 793 2067 γενομένῳ
809 2031 987 2067 πρεσϐυτέρῳ
1008 2031 1050 2062 είς

257 2073 305 2100 τὸν
327 2074 410 2101 τόπον
429 2073 478 2100 τοῦ
495 2073 573 2107 ἁγίου
589 2072 734 2108 Μακαρίου
758 2073 975 2108 (πρεσϐυτερίου
994 2071 1050 2108 γὰρ

257 2115 363 2150 ἠξιώθη
391 2116 406 2141 6
431 2115 519 2150 μέγας
543 2114 728 2150 Μακάριος),
756 2115 797 2141 ὅτι
824 2115 958 2141 ’Δκουσόν
980 2123 1049 2150 μου,

260 2157 361 2192 ἀδελφέ.
380 2157 504 2190 Ἰωάννη,
517 2156 565 2183 καὶ
575 2156 694 2190 ἀνάσχου
710 2164 761 2191 μου
772 2155 822 2191 τῆς
833 2156 986 2188 νουθεσίας,
1003 2155 1051 2182 καὶ

262 2198 422 2232 συνενέγκαι
435 2205 476 2223 σοι
487 2197 555 2232 ἔχει.
567 2197 690 2233 Πειράζῃ
699 2197 764 2232 γὰρ,
777 2197 855 2232 φησὶ,
869 2197 914 2223 καὶ
925 2197 1050 2232 πειράζει

1098 1614 1159 1641 οὔτε
1186 1614 1269 1647 ἄρτου
1291 1614 1329 1645 ὡς
1350 1613 1512 1649 ἄνθρωπος,
1537 1612 1701 1648 ἀμφοτέρων
1721 1612 1891 1649 ἑστερημένη

1097 1659 1152 1683 τῶν
1173 1656 1293 1691 τροφῶν.
1311 1655 1394 1687 Τέλος
1407 1677 1414 1687 ,
1431 1655 1475 1682 ἵνα
1490 1655 1605 1690 δοξασθῃ
1621 1655 1635 1680 6
1650 1654 1716 1685 Θεὸς
1727 1674 1734 1686 ,
1757 1655 1804 1681 καὶ
1818 1656 1890 1690 φανῇ

1098 1700 1115 1734 ή
1127 1699 1212 1734 ἀρετὴ
1223 1698 1270 1725 τοῦ
1284 1698 1362 1732 ἀγίου
1380 1698 1538 1733 Μακαρίου,
1553 1697 1637 1732 ἀνέὃη
1652 1697 1698 1724 ἐπὶ
1709 1696 1760 1732 τὴν
1776 1696 1892 1731 καρδίαν

1097 1740 1145 1768 τοῦ
1159 1740 1254 1775 ἀνδρὸς
1268 1740 1354 1774 αὐτῆς
1369 1739 1484 1773 ἀγαγεῖν
1495 1739 1579 1774 αὐτὴν
1591 1740 1631 1771 εἰς
1641 1739 1691 1774 τὴν
1703 1738 1807 1773 ἔρημον
1822 1737 1892 1773 πρὸς

1099 1782 1145 1809 τὸν
1171 1781 1245 1808 ὅσιον
1262 1781 1364 1816 ἄνδρα·
1391 1781 1441 1807 καὶ
1464 1782 1614 1816 φορτιάσας
1631 1780 1715 1814 αὐτὴν
1731 1779 1769 1811 ὡς
1791 1780 1891 1812 ῐππον,

1099 1823 1186 1855 οὕτως
1198 1823 1282 1858 αὐτὴν
1298 1823 1402 1858 ήγαγεν
1414 1824 1455 1855 είς
1469 1823 1520 1858 τὴν
1536 1822 1639 1858 ἔρημον
1657 1822 1722 1849 ἔνθα
1737 1821 1804 1857 ᾤκει
1818 1822 1833 1848 6
1844 1821 1891 1848 τοῦ

1099 1865 1167 1892 Θεοῦ
1192 1865 1347 1901 ἄνθρωπος.
1374 1865 1418 1892 Ἐν
1434 1865 1462 1891 δὲ
1481 1864 1521 1899 τῷ
1545 1864 1654 1898 ἐγγίσαι
1669 1864 1767 1896 αὐτοὺς
1779 1883 1787 1894 ,
1802 1864 1892 1898 είστή-

1099 1915 1194 1934 κεισαν
1205 1908 1230 1934 οί
1244 1907 1356 1942 ἀδελφοὶ
1370 1907 1484 1942 πλησίον
1495 1906 1546 1941 τῆς
1561 1905 1658 1940 κὲλλης
1670 1905 1717 1931 τοῦ
1733 1905 1812 1939 ἁγίου
1830 1905 1890 1932 Μα-

1099 1948 1209 1984 καρίου,
1223 1949 1431 1984 ἀπομαχόμενοι
1445 1948 1484 1984 τῷ
1498 1948 1576 1984 ἀνδρὶ
1587 1947 1684 1981 αὐτῆς,
1696 1948 1743 1974 καὶ
1754 1947 1889 1981 λέγοντες,

1101 1991 1135 2018 Τί
1156 1991 1260 2026 ἤγαγες
1288 1987 1339 2018 ὧδε
1363 1990 1413 2026 τήν
1432 1991 1537 2025 φοράδα
1557 1989 1678 2025 ταύτην;
1701 1989 1891 2024 Ἀποκρίνεται

1086 2033 1187 2068 ⁸λέγων
1204 2033 1295 2065 αὐτοῖς
1313 2034 1426 2066 ἐκεῖνος,
1444 2033 1504 2059 Ἴνα
1519 2032 1615 2068 ὲλεηθῇ
1632 2034 1665 2068 τῇ
1686 2033 1823 2068 προσευχῇ
1842 2032 1891 2058 τοῦ

1100 2076 1217 2103 δικαίου.
1230 2076 1261 2101 Οί
1278 2075 1307 2102 δὲ
1320 2075 1389 2110 προς
1402 2073 1493 2101 αὐτόν·
1508 2074 1541 2101 Τί
1555 2075 1609 2109 γὰρ
1621 2075 1678 2109 ἔχει
1694 2074 1796 2107 κακόν;
1808 2073 1891 2108 Λέγει

1100 2117 1191 2149 αὑτοῖς
1208 2118 1322 2148 ἐκεῖνος,
1343 2117 1395 2143 Ἦν
1409 2117 1491 2151 ὁρᾶτε
1507 2116 1613 2152 φοράδα
1624 2116 1738 2150 ταύτην,
1754 2116 1822 2151 γυνή
1837 2123 1892 2150 μου

1099 2156 1134 2194 ἦν
1150 2159 1246 2190 ἀθλία,
1263 2159 1308 2185 καὶ
1329 2158 1380 2185 οὐκ
1395 2156 1455 2185 οἴδα
1478 2158 1536 2189 πῶς
1559 2157 1712 2193 μετεϐλήθη
1728 2157 1768 2188 εἰς
1785 2157 1870 2184 ἵππον
1881 2165 1889 2173 ·

1101 2200 1149 2226 καὶ
1165 2200 1284 2235 σήμερον
1300 2200 1357 2235 ἔχει
1371 2201 1446 2236 τρεῖς
1460 2200 1566 2236 ἡμέρας
1587 2199 1700 2235 μηδενὸς
1719 2197 1889 2234 γευσαμένη.

263 2248 294 2266 σε
320 2239 351 2266 τδ
381 2239 490 2274 πνεῦμα
518 2239 567 2274 τῆς
595 2239 790 2274 φιλαργυρίας.
818 2238 897 2266 Οὕτω
920 2239 974 2275 γὰρ
994 2239 1050 2273 ἐγὼ
1067 2241 1088 2268 D
1103 2243 1134 2268 Ol
1153 2242 1182 2268 δὲ
1204 2242 1371 2272 ἀκούσαντες
1387 2241 1474 2268 ταῦτα
1494 2242 1662 2276 ἀναφέρουσι
1683 2240 1722 2276 τῷ
1745 2240 1893 2275 θεράποντι

262 2282 384 2318 ἑώρακα.
406 2281 462 2308 Καὶ
475 2278 543 2312 οῖδα.
571 2282 612 2308 ὅτι
626 2281 673 2308 ἐάν
692 2290 742 2318 μου
758 2281 879 2318 ἀνάσχῃς
897 2281 947 2317 τῆς
962 2291 1051 2318 παρα-

262 2325 402 2360 κλήσεως,
422 2323 590 2359 τελειωθὴσῃ
616 2324 645 2351 ὲν
664 2323 702 2359 τῷ
718 2324 792 2360 ἔργῳ
810 2324 857 2351 τοῦ
875 2324 942 2351 θεοῦ
960 2325 989 2351 ὲν
1013 2324 1052 2360 τῷ

262 2367 338 2402 τὸπῳ
352 2365 450 2401 τούτῳ,
469 2365 516 2392 καὶ
530 2364 694 2400 δοξασθὴσῃ,
714 2367 761 2392 καὶ
782 2365 880 2401 μάστιξ
895 2367 945 2392 οὐκ
964 2367 1053 2401 ἐγγιεῖ

263 2408 302 2445 τῷ
317 2406 475 2442 σκηνώματι
502 2415 560 2432 σου.
583 2407 646 2433 Ἐὰν
665 2406 694 2433 δέ
719 2415 769 2442 μου
789 2407 986 2444 παρακούσῃς,
1003 2407 1051 2434 τοῦ

264 2450 346 2485 Γιεζῆ
359 2450 419 2485 ἥξει
434 2450 480 2475 ἐπὶ
494 2449 524 2476 σὲ
541 2449 576 2475 τά
594 2448 670 2484 τέλη,
686 2445 717 2475 οὖ
731 2450 778 2476 καὶ
793 2450 843 2485 τὴν
859 2450 937 2476 νόσον
951 2451 1050 2482 νοσεῖς.

263 2492 365 2529 Συνέϐη
381 2493 411 2519 δὲ
434 2493 515 2519 αὑτὸν
536 2491 583 2519 τοῦ
607 2492 655 2527 μὲν
671 2491 748 2526 ἁγίου
762 2491 858 2518 τούτου
878 2492 1052 2527 παρακοῦσαι

265 2534 335 2570 μετά
362 2535 413 2569 τὴν
435 2535 564 2570 κοίμησιν
586 2533 634 2560 τοῦ
656 2533 791 2561 ἀθανάτου
808 2535 972 2570 Μακαρίου,
999 2535 1052 2563 ύπ-

263 2575 379 2603 ακοῦσαι
403 2576 432 2602 δὲ
446 2576 527 2602 αὑτὸν
541 2577 579 2610 τῷ
594 2576 639 2602 τὸν
661 2575 762 2602 Ἰούδαν
774 2577 806 2610 τῇ
825 2575 994 2612 φιλαργυρίᾳ
1017 2577 1050 2612 τῇ

264 2617 368 2653 ἀγχόνῃ
382 2617 553 2652 προσάψαντι
565 2624 573 2632 ·
589 2617 637 2643 καὶ
663 2616 731 2652 μετά
744 2617 812 2644 ἀλλα
831 2617 978 2644 δεκαπέντε
991 2617 1052 2653 ἔτη,

264 2661 349 2695 ἤγουν
363 2659 460 2691 εἴκοσι,
479 2658 564 2690 οὕτως
580 2657 660 2684 αὐτὴν
676 2658 868 2692 ὲλεφαντιάσαι
884 2659 1053 2694 νοσφισάμε-

265 2711 311 2728 νον
327 2701 362 2728 τά
375 2701 430 2727 τῶν
443 2699 570 2735 πτωχῶν,
586 2699 623 2731 ὡς
641 2699 679 2734 μὴ
693 2699 836 2735 εὑρεθῆναι
850 2702 878 2728 ὲν
889 2701 928 2735 τῷ
945 2701 1052 2736 σώματι

266 2744 394 2779 ἀκέραιον
409 2742 490 2769 τόπον
506 2743 534 2769 ὲν
555 2738 577 2776 ᾧ
591 2750 633 2773 τις
651 2741 781 2768 δάκτυλον
797 2742 890 2778 πήξοι.
911 2743 967 2770 Κα)⁸
981 2742 1051 2777 αὓτη

263 2786 354 2814 τοίνυν
368 2786 442 2812 ἐστὶν
455 2787 473 2821 ἡ
489 2784 642 2820 προφητεία
654 2783 701 2810 τοῦ
718 2783 795 2818 ἁγίου
811 2784 963 2821 Μακαρίου.

301 2828 369 2863 Περὶ
394 2829 443 2863 μὲν
456 2827 502 2855 οὖν
519 2826 648 2862 βρώσεως
663 2825 712 2852 καὶ
723 2825 829 2858 πόσεως
849 2826 976 2862 περιττόν
992 2827 1051 2854 ἐστι

265 2868 314 2896 Iul
331 2868 361 2895 τὸ
375 2868 556 2906 διηγήσασθαι
573 2867 639 2903 περὶ
661 2866 773 2900 τούτων,
791 2869 872 2896 όπίίτε
894 2868 954 2896 οὐδὲ
973 2869 1050 2905 παρά

1102 2283 1149 2310 τοῦ
1166 2284 1285 2319 Χριστοῦ
1302 2283 1448 2320 Μακαρίῳ,
1465 2283 1530 2319 περὶ
1544 2284 1630 2318 αὐτῆς
1648 2283 1722 2310 ἔνδον
1737 2290 1890 2317 προσευχο-

1104 2325 1177 2360 μένῳ
1188 2334 1194 2340 ·
1212 2325 1392 2360 ἀπεκαλύφθη
1412 2325 1466 2361 γὰρ
1482 2325 1556 2361 αύτῷ
1573 2325 1627 2352 ἀπὸ
1641 2324 1722 2355 Θεοῦ,
1737 2322 1893 2358 ἀπερχομέ-

1101 2376 1154 2395 νων
1176 2367 1266 2394 αὐτῶν
1282 2367 1350 2402 πρὸς
1365 2367 1457 2394 αὐτόν.
1478 2368 1533 2394 Καὶ
1556 2367 1600 2394 διὰ
1619 2367 1700 2394 τοῦτο
1721 2365 1894 2401 προσηύχετο

1103 2409 1296 2445 φανερωθῆναι
1311 2408 1385 2444 αύτῷ
1399 2409 1449 2444 τὴν
1466 2409 1556 2436 αἰτίαν
1573 2409 1608 2436 δι’
1626 2409 1659 2445 ἢν
1678 2408 1756 2435 τοῦτο
1771 2406 1893 2441 ἐγένετο,

1103 2451 1176 2487 ἀπερ
1200 2451 1250 2478 καὶ
1270 2451 1387 2486 ἤκουσεν
1412 2451 1440 2477 ὲν
1466 2452 1499 2486 τῇ
1521 2451 1660 2487 προσευχῇ
1678 2450 1767 2476 πάντα
1784 2449 1823 2480 ὡς
1843 2448 1891 2475 καὶ

1102 2493 1222 2527 ἐγένετο.
1258 2492 1438 2528 ’Δπεκρίνατο
1461 2493 1490 2520 δὲ
1514 2494 1528 2520 6
1557 2493 1635 2527 ἀγιος
1665 2491 1808 2527 Μακάριος
1833 2491 1891 2521 τοῖς

1103 2535 1301 2568 ἀπαγγείλασιν
1322 2534 1397 2569 αὑτῷ
1418 2534 1543 2569 ἀδελφοῖς
1554 2554 1562 2566 ,
1577 2534 1618 2561 ὅτι
1633 2533 1738 2569 φοράδα
1756 2533 1798 2564 τίς
1824 2541 1890 2559 ποτε

1103 2577 1221 2604 ἐνταῦθα
1237 2577 1356 2612 ἢγαγεν,
1374 2577 1461 2611 λέγων
1478 2577 1587 2608 αὐτοῖς·
1609 2576 1704 2611 Ὑμεῖς
1727 2576 1806 2602 ῐπποι
1828 2574 1891 2601 ἐστὶ

1103 2619 1128 2645 οι
1143 2618 1196 2645 τῶν
1223 2618 1313 2645 ἵππων
1337 2618 1443 2653 ἔχοντες
1462 2617 1526 2650 τοὺς
1549 2618 1725 2653 ὀφθαλμούς’
1749 2616 1841 2652 ἐκείνη
1863 2616 1893 2644 δδ

1103 2661 1172 2696 γυνή
1193 2661 1282 2693 ὲστιν,
1310 2661 1348 2693 ὡς
1381 2661 1428 2687 καὶ
1461 2660 1591 2696 ἐκτίσθη,
1622 2661 1660 2696 μή
1687 2667 1894 2694 μετασχηματι-

1105 2703 1211 2737 σθεῖσα,
1224 2703 1292 2731 ἀλλά
1313 2704 1392 2739 μόνον
1410 2703 1489 2730 τοῦτο
1508 2704 1658 2738 φαινομένη
1673 2705 1730 2735 τοῖς
1743 2702 1893 2737 ὀφθαλμοῖς

1104 2744 1158 2770 τῶν
1174 2745 1367 2780 ἠπατημένων.
1392 2746 1445 2772 Καὶ
1457 2745 1660 2781 προσαχθείσης
1679 2744 1753 2779 αὺτῷ
1777 2743 1893 2777 ταύτης,

1104 2786 1255 2821 εὐλογήσας
1285 2786 1370 2821 ὕδωρ,
1399 2787 1446 2814 καὶ
1472 2787 1526 2813 ἀπὸ
1553 2787 1675 2822 κορυφῆς
1701 2785 1800 2820 ἐκχέας
1821 2784 1892 2819 αὐτῇ

1104 2829 1205 2862 γυμνῇ.
1215 2827 1353 2862 ἐπηύξατο
1366 2829 1399 2862 τῇ
1412 2827 1515 2863 ταύτης
1525 2828 1641 2863 κεφαλῇ.
1657 2827 1713 2854 Καὶ
1721 2826 1893 2862 παραχρῆμα

1105 2869 1231 2905 ἐποίησεν
1252 2869 1337 2905 αὐτὴν
1359 2870 1423 2896 πᾶσι
1445 2870 1502 2900 τοῖς
1524 2869 1607 2904 ὁρῶσι
1623 2869 1740 2904 γυναῖκα
1762 2869 1890 2904 φανῆναι.
