2079 3157
176 203 245 244 ιοιρ

391 261 514 291 CAPITA
534 259 595 288 XIX
615 257 660 285 ET
679 255 726 283 XX

176 335 237 363 Vita
265 330 362 358 abbatis
387 325 645 367 Marariilﬁggny‘i,
663 329 687 351 et
710 321 820 349 Macarii
845 321 958 348 Alexan-

495 361 561 388 drini
574 361 641 395 (45).

210 431 368 459 Sanctorum
383 433 409 456 et
424 427 611 455 immortalium
626 426 744 457 Patrum,
758 422 865 451 Macarii
877 420 961 456 Egy-

175 477 222 510 ptii
238 479 267 504 et
290 475 394 502 Macarii
411 472 585 500 Alexandrini
602 470 698 505 (Ruﬂ'.,
713 469 732 496 ι.
748 476 782 502 ιι,
798 476 823 494 c.
839 467 885 499 28,
902 465 951 500 29)

175 519 340 555 egregiorum
355 523 382 546 et
402 518 560 545 invictorum
575 517 733 543 athletarum
743 534 750 546 ,
768 513 887 540 honestat
901 512 962 539 vitae

175 564 332 597 certamina,
355 571 415 598 qua:
429 567 491 591 sunt
504 562 587 590 multa
600 566 627 589 et
649 567 755 594 magna,
770 564 796 586 et
819 557 963 585 incredulis

176 618 259 646 prope
272 608 446 641 incredibilia,
460 612 488 636 et
501 614 611 634 narrare
625 613 718 633 vereor
729 609 755 632 et
765 603 872 637 scriptis
887 609 963 630 man-

177 657 258 688 dare,
280 662 314 682 ne
330 654 398 681 forte
412 654 464 680 mei
480 657 604 686 tanquam
626 649 762 677 mendacis
786 648 833 675 fiat
851 647 963 674 mentio.

178 700 253 735 Quod
268 705 355 727 autem
371 699 440 726 Deus
454 698 546 733 perdat
566 704 659 724 omnes
675 696 718 730 qui
732 696 875 730 loquuntur
889 700 965 720 men-

178 747 283 775 dacium
299 745 385 781 (Paul.
404 744 448 778 v),
464 744 526 771 licet
544 746 636 777 aperte
650 741 740 768 videre
751 744 843 768 sancto
865 737 966 772 Spiritu

179 792 376 828 pronuntiante.

214 849 280 877 Cum
294 855 343 884 ego
356 854 420 882 ergo
434 853 482 881 per
495 845 539 874 Dei
551 843 660 879 gratiam
675 850 727 870 non
739 841 863 873 mentiar,
879 839 967 868 homi-

179 902 242 922 num
256 893 407 921 fidelissime
421 892 516 923 Lause,
532 897 565 917 ne
575 889 612 916 sis
626 895 729 923 quoque
743 888 799 921 ipse
812 885 965 914 incredulus

805 193 964 223 HISTORIA
983 188 1165 219 LAUSIACA.

971 253 993 280 Α
1010 254 1099 284 posset
1114 248 1194 283 ﬁgere
1215 245 1336 280 digitum.
1353 243 1414 270 ilan
1427 243 1468 269 est
1483 235 1620 274 prophetia
1633 230 1716 260 sancti
1737 229 1790 256 Ma-

1724 180 1790 207 10w

1010 303 1086 322 cant.

1047 343 1085 368 Ac
1096 340 1129 367 de
1142 339 1203 367 cibo
1222 337 1328 373 quidem
1343 339 1371 362 et
1383 332 1490 369 potione
1512 329 1734 362 superVacaneum
1752 324 1793 373 est

1011 386 1112 417 dicere,
1127 392 1185 410 cum
1205 364 1254 410 nec.
1267 380 1335 412 apud
1351 385 1397 405 ens
1409 375 1576 404 socordiores
1592 368 1735 397 monachos
1748 364 1794 398 qui

1012 434 1075 458 εει-ιι
1105 410 1204 455 ἐχιι-ει
1240 421 1355 451 inveniri
1389 419 1476 456 possit
1519 416 1660 452 ingluvies,
1675 417 1720 439 aut
1741 410 1795 458 ulla

1013 476 1036 503 ci
1052 483 1079 502 ra
1095 475 1225 502 delectum
1240 476 1266 498 et
1281 469 1421 498 discrimen
1438 463 1543 493 vivendi
1558 461 1625 489 ratio
1643 459 1693 486 alia
1716 456 1750 483 ab
1763 454 1796 482 iis

1014 521 1057 554 qtii
1073 524 1135 546 sunt
1147 518 1174 545 in
1190 517 1242 544 illis
1265 515 1340 546 locis,
1355 520 1415 540 cum
1436 513 1545 545 propter
1569 507 1685 553 inopiam
1706 506 1796 549 rerum
1812 525 1814 527 .

1015 544 1238 595 necessariarum,
1255 566 1310 588 tum
1321 559 1400 587 etiam
1413 559 1520 590 propter
1533 551 1618 580 zelum
1642 547 1686 583 qui
1706 549 1747 573 est
1770 544 1796 570 in

1017 614 1114 643 Deum,
1140 594 1298 643 unoquoque
1320 603 1497 633 contendente
1519 599 1628 628 vincere
1650 594 1798 631 proximum

1014 656 1127 683 diversis
1141 655 1201 682 vita:
1217 652 1352 680 institutis.

1052 701 1088 728 De
1102 700 1154 728 alia
1173 705 1261 726 autem
1282 695 1470 725 exercitatione
1491 689 1607 720 caelestis
1631 686 1711 722 hujus
1731 681 1800 714 viri,

1017 747 1122 774 Macarii
1146 746 1263 780 inquam,
1280 742 1416 770 dicebatur
1430 740 1473 767 hic
1486 741 1596 766 sanctus
1615 740 1676 761 esse
1696 729 1802 758 assidue

1017 793 1042 820 in
1057 791 1168 824 exstasi,
1179 777 1208 818 et
1222 789 1316 823 majori
1330 792 1449 820 tempore
1463 792 1524 812 cum
1539 782 1593 809 Deo
1606 777 1801 824 versari-quain

1017 838 1095 871 hujus
1107 820 1198 863 mundi
1212 820 1290 862 rebus
1304 830 1426 866 occupari
1443 830 1517 866 (Mi);
1527 827 1602 862 cujus
1616 824 1696 853 etiam
1709 820 1802 849 ferun-

1018 887 1061 909 tur
1074 882 1178 909 diverSa
1193 879 1329 908 miracula.

180 910 242 922 Ιιιηιι
256 910 407 921 numnam-nu.
421 910 516 923 μιιυειν,
532 910 565 917 ι-Ιν
575 910 612 916 --ιι
626 910 729 923 “mur——
743 910 798 921 .r_v
813 910 964 914 ._V.-___,s

180 940 214 968 de
224 939 331 966 Patroni
342 935 548 968 certaminibus;
559 933 605 961 sed
616 932 730 968 gloriare
742 931 831 966 potius
843 930 870 957 in
884 937 966 957 temn-

1055 927 1194 962 Aigyptius
1215 924 1321 960 quidam
1341 921 1498 950 libidinosus
1512 916 1596 953 (Ruf.
1619 915 1639 942 ι.
1660 921 1688 946 ιι,
1704 920 1729 939 ε.
1743 910 1801 962 ἓξ),

181 985 280 1013 latione
298 981 496 1011 exercitationis
509 986 602 1007 eorum
616 978 661 1014 qui
683 984 746 1005 vere
764 980 828 1004 sunt
849 974 966 1010 Macarii,

182 1030 233 1057 hoc
244 1033 286 1056 est
298 1028 379 1056 beati.

216 1087 303 1120 Atque
316 1083 417 1119 primus
429 1081 534 1117 quidem
547 1079 645 1108 Christi
660 1078 775 1112 athleta,
794 1077 902 1105 nomine
917 1077 970 1104 Ma-

182 1131 282 1163 carius,
297 1134 355 1158 erat
368 1136 465 1164 genere
481 1128 638 1163 Egyptius;
653 1126 785 1154 secundus
798 1129 888 1153 autem
902 1131 969 1152 teta-

183 1180 219 1207 te,
231 1174 277 1202 sed
291 1175 318 1202 in
329 1173 361 1200 iis
372 1180 431 1207 quae
441 1177 502 1199 sunt
514 1171 704 1199 monachorum
717 1170 858 1204 praecipua,
870 1170 970 1204 primas

184 1224 271 1255 partes
285 1218 419 1249 obtinens,
434 1217 478 1252 qui
491 1217 548 1250 ipse
558 1222 662 1250 quoque
674 1214 818 1242 vocabatur
829 1214 968 1248 Macarius,

182 1268 240 1292 erat
252 1262 456 1296 Alexandrinus,
472 1261 516 1296 qui
530 1261 660 1288 vendebat
673 1259 792 1287 bellaria.

219 1329 253 1356 Et
266 1329 379 1363 primum
392 1328 500 1362 quidem
515 1327 629 1354 narrabo
643 1327 756 1354 virtutes
767 1325 874 1353 Macarii
890 1325 973 1360 Egy-

184 1376 245 1412 ptii,
258 1375 382 1410 quivixit
403 1373 546 1409 nonaginta
560 1379 646 1400 annos
665 1373 793 1406 integros.
819 1371 859 1398 Ex
881 1370 923 1398 his
947 1371 973 1398 in

184 1421 329 1449 solitudine
339 1427 424 1447 annos
435 1419 585 1453 sexaginta.
599 1417 665 1446 Cum
677 1417 783 1453 triginta
797 1424 881 1444 annos
895 1422 974 1444 natus

185 1466 361 1497 ascendisset,
377 1469 499 1498 essetque
523 1469 601 1491 aetate
620 1463 727 1498 junior,
753 1468 805 1489 Iam
830 1463 975 1490 toleranter

186 1511 246 1538 tulit
260 1510 366 1538 labores
380 1509 581 1538 exercitatiOnis
593 1513 675 1536 totum
689 1508 859 1541 decennium,
876 1513 904 1535 Iit
918 1516 974 1535 ma-

185 1564 237 1592 gna
252 1556 365 1591 quadam
380 1560 407 1583 et
419 1555 515 1590 insigni
530 1555 626 1589 dignus
641 1554 784 1582 haberetur
796 1554 973 1590 discretione,

186 1591 253 1630 adeo
278 1606 306 1629 ut
331 1607 470 1629 vocaretur
497 1600 708 1639 παιδαριογέρων,
725 1599 749 1626 id
765 1605 816 1633 est,
833 1601 859 1627 in
881 1600 974 1635 puerili
989 1591 1012 1622 Ο

187 1652 265 1675 actate
279 1655 378 1680 senex,
392 1647 517 1681 quoniam
531 1647 609 1674 citius
624 1653 702 1680 quam
718 1653 765 1680 pro
785 1649 862 1673 :etate
890 1646 978 1680 profe-

186 1695 263 1719 cerat
275 1692 424 1719 virtutibus.
446 1692 510 1719 Cum
534 1692 604 1718 enim
619 1696 691 1719 esset
704 1691 877 1727 quadraginta
893 1699 978 1719 annos

189 1742 274 1770 mtas,
290 1742 316 1765 et
331 1742 487 1772 potestatem
503 1736 606 1771 accepit
627 1741 719 1765 contra
734 1737 842 1771 spiritus
853 1757 861 1769 ,
879 1742 905 1764 et
918 1745 979 1772 gra-

189 1783 252 1811 tiam
264 1784 441 1816 curationum,
453 1787 480 1809 et
491 1783 612 1816 spiritum
621 1783 768 1809 futurorum
781 1782 977 1816 praedictionis:

189 1829 284 1864 dignus
309 1835 415 1863 quoque
440 1832 482 1855 cst
506 1827 613 1854 habitus
638 1827 795 1854 honorando
817 1827 978 1854 sacerdotio.

189 1874 255 1900 Cum
271 1881 303 1901 eo
317 1873 469 1900 habitarunt
482 1871 534 1899 duo
547 1871 669 1905 discipuli
684 1871 710 1898 in
722 1871 812 1898 intima
825 1872 978 1904 solitudine,

191 1927 249 1954 quae
265 1923 373 1945 vocatur
386 1918 465 1946 Scete
479 1925 487 1943 :
503 1924 537 1944 ex
557 1917 652 1951 quibus
667 1925 733 1944 unus
748 1917 854 1950 quidem
879 1922 937 1943 erat
954 1918 979 1944 ei

193 1965 323 1997 minister,
336 1963 379 1999 qui
394 1969 500 1996 semper
515 1970 597 1998 prope
612 1962 697 1997 ipsum
710 1963 902 1994 inveniebatur,
919 1971 979 1996 pro-

193 2014 252 2044 pter
272 2017 319 2037 eos
340 2010 386 2045 qui
406 2010 547 2037 veniebant
562 2013 590 2036 ut
609 2014 781 2042 curarentur;
801 2009 868 2036 alter
892 2015 980 2037 autem

192 2064 313 2084 seorsum
327 2055 436 2084 sedebat
451 2056 477 2082 in
492 2055 572 2083 cella.

231 2113 394 2142 Procedente
405 2117 491 2139 autem
504 2116 635 2146 tempore,
646 2118 706 2139 cum
717 2116 825 2138 sanctus
836 2110 982 2144 perSpicaci

195 2159 272 2185 oculo
284 2157 460 2193 prtevidisset,
474 2157 538 2184 dicit
547 2164 596 2184 suo
609 2156 739 2187 ministro,
754 2155 849 2183 Joanni
861 2155 982 2188 nomine,

195 2204 239 2239 qui
256 2208 348 2238 postea
364 2204 447 2230 factus
462 2206 503 2229 est
516 2201 654 2235 presbyter
667 2201 693 2228 in
709 2201 767 2227 loco
779 2201 863 2227 sancti
875 2200 984 2227 Macarii

198 2249 391 2284 (presbyteratu
406 2248 475 2275 enim
486 2247 582 2282 dignus
592 2246 677 2274 fuerat
689 2246 793 2273 habitus
806 2253 917 2281 magnus
929 2246 983 2273 Ma-
996 2248 1005 2284 ξ

1019 957 1367 1008 captu-s'amore—cujusdam
1388 966 1507 994 mulieris
1521 965 1653 998 ingenua,
1667 965 1726 994 qua:
1747 957 1805 983 viro

1018 1023 1154 1053 nupserat,
1170 1024 1230 1044 cum
1246 1024 1298 1043 non
1317 1018 1407 1049 p05xet
1422 1019 1481 1040 eam
1496 1011 1617 1037 inescare
1633 1009 1745 1053 propter.

1019 1043 1135 1092 dicritiam
1147 1068 1173 1090 et
1184 1043 1334 1090 castitatem
1344 1066 1407 1093 erga
1418 1056 1558 1091 conjugem
1569 1049 1725 1087 virginitatis
1736 1043 1807 1083 (47),

1020 1109 1145 1137 convertit
1161 1107 1296 1141 improbus
1307 1103 1537 1139 prmstigiatorem,
1550 1099 1641 1126 dicens
1655 1104 1662 1122 :
1680 1095 1732 1121 Ant
1745 1099 1804 1141 eam

1021 1155 1100 1183 incita
1118 1158 1145 1180 ut
1160 1137 1297 1184 mc-amet,
1308 1137 1358 1176 aut
1371 1137 1427 1174 arte
1439 1152 1482 1174 tua
1497 1144 1574 1172 efﬁce
1587 1147 1614 1170 ut
1625 1141 1682 1175 ejus
1697 1137 1808 1165 maritus

1021 1208 1081 1229 eam
1092 1199 1218 1227 dimittat.
1231 1197 1297 1225 Cum
1307 1203 1371 1231 ergo
1384 1193 1560 1230 prmstigiator
1570 1189 1634 1216 satis
1647 1186 1680 1213 ab
1692 1192 1724 1212 eo
1737 1189 1809 1210 acce-

1023 1247 1115 1281 pisset,
1132 1252 1194 1272 usus
1208 1248 1249 1271 est
1260 1243 1316 1270 suis
1329 1239 1469 1276 praestigiis
1481 1243 1508 1266 et
1530 1231 1769 1280 incantationibus
1783 1232 1810 1255 et

1022 1274 1083 1318 cum
1098 1297 1151 1317 non
1167 1294 1254 1323 passet
1267 1274 1456 1322 ejusvanimum
1470 1288 1579 1310 movere
1590 1283 1619 1306 ut
1632 1278 1657 1306 ei
1669 1274 1811 1303 assentire-

1024 1340 1077 1368 tur,
1093 1321 1174 1361 elficit
1186 1337 1215 1360 ut
1228 1321 1364 1359 videretur
1377 1337 1445 1364 equa
1459 1328 1492 1356 iis
1505 1326 1548 1360 qui
1561 1332 1619 1352 eam
1631 1321 1810 1350 intuebantur.

1024 1376 1089 1409 Cum
1103 1387 1167 1415 ergo
1180 1378 1244 1406 foris
1256 1378 1373 1405 venisset
1384 1376 1442 1410 ejus
1454 1372 1574 1403 maritus,
1588 1368 1689 1403 aspexit
1701 1370 1810 1392 uxorem

1024 1435 1100 1454 suam
1115 1428 1139 1453 in
1154 1425 1237 1452 forma
1252 1431 1343 1459 equm;
1359 1427 1474 1456 cumque
1486 1419 1511 1446 in
1523 1425 1571 1445 suo
1586 1415 1655 1443 lecto
1669 1411 1811 1440 cubuisset,

1024 1473 1140 1499 alienum
1156 1470 1179 1498 ei
1194 1470 1333 1498 videbatur
1347 1467 1417 1502 quod
1429 1468 1455 1493 in
1470 1471 1518 1492 suo
1531 1461 1611 1490 cubili
1623 1467 1689 1495 equa
1699 1458 1811 1492 jaceret.

1027 1518 1085 1546 Flet
1100 1524 1163 1552 ergo
1177 1516 1237 1550 ejus
1252 1515 1370 1545 maritus,
1386 1517 1413 1540 et
1429 1512 1588 1538 lamentatur
1602 1505 1671 1541 quod
1687 1510 1744 1530 rem
1760 1508 1813 1528 non

1027 1549 1165 1595 inveniat;
1181 1549 1289 1595 etquod
1310 1558 1466 1586 existimans
1479 1562 1510 1582 se
1523 1552 1619 1586 alloqui
1635 1549 1756 1579 bestiam,
1769 1553 1814 1572 τε-

1027 1616 1154 1644 sponsum
1177 1615 1229 1634 non
1245 1609 1411 1639 assequatur,
1435 1605 1611 1637 pmterquam
1626 1595 1696 1631 quod
1714 1592 1815 1644 solum-

1028 1638 1108 1682 modo
1132 1661 1192 1681 eam
1216 1638 1325 1679 videbat
1346 1649 1435 1677 irasci.
1459 1645 1535 1675 Unde
1558 1643 1642 1677 magis
1668 1638 1815 1675 angebatur

1027 1701 1128 1732 animo,
1142 1706 1202 1726 cum
1218 1697 1377 1731 intelligeret
1389 1701 1447 1721 eam
1463 1699 1522 1720 esse
1537 1697 1611 1718 suam
1627 1694 1752 1718 uxorem,
1768 1692 1816 1712 cu-

1029 1745 1107 1772 riosis
1134 1749 1222 1771 autem
1246 1730 1384 1770 hominum
1412 1739 1514 1766 artibus
1539 1743 1600 1764 esse
1631 1739 1758 1762 mutatam
1789 1730 1817 1757 in

1028 1797 1135 1824 equam.
1152 1789 1199 1815 llis
1218 1788 1252 1815 de
1266 1785 1355 1814 causis
1377 1783 1491 1812 accersit
1511 1781 1565 1809 vici
1585 1780 1768 1816 presbyteros,
1791 1780 1819 1804 et

1029 1835 1138 1861 domum
1152 1833 1269 1864 adducit,
1286 1836 1313 1859 et
1325 1830 1366 1858 eis
1376 1837 1435 1857 eam
1450 1827 1587 1859 ostendit;
1603 1825 1650 1854 sed
1665 1832 1715 1852 nec
1730 1824 1748 1851 ii
1773 1830 1819 1850 co-

1029 1884 1179 1916 gnoverunt
1189 1879 1365 1907 calamitatem
1379 1884 1439 1911 qua:
1452 1876 1477 1905 ei
1490 1875 1631 1903 acciderat.
1645 1873 1741 1900 Tribus
1754 1879 1819 1905 ergo

1031 1926 1126 1954 diebus
1149 1932 1235 1960 neque
1249 1924 1337 1952 fenum
1351 1922 1468 1950 comedit
1482 1925 1508 1948 ut
1528 1928 1607 1954 equa,
1625 1925 1709 1951 neque
1724 1923 1818 1952 panem

1033 1976 1061 1998 ut
1074 1971 1164 2002 immo,
1177 1974 1290 2004 utroque
1304 1968 1432 1994 alimento
1447 1966 1559 2001 privata.
1573 1963 1691 1991 Tandem
1706 1965 1735 1989 ut
1749 1961 1820 1988 Deus

1031 2015 1247 2050 gloriticaretur,
1272 2016 1302 2041 et
1326 2012 1462 2040 videretur
1482 2011 1565 2037 virtus
1586 2008 1669 2035 sancti
1693 2006 1820 2039 Macarii,

1033 2060 1154 2088 ascendit
1167 2060 1192 2087 in
1206 2067 1253 2086 cor
1267 2058 1353 2086 mariti
1364 2057 1421 2092 ejus
1432 2056 1528 2083 ducere
1538 2062 1596 2082 eam
1611 2055 1636 2081 in
1648 2052 1818 2079 solitudinem

1033 2106 1067 2133 ad
1083 2110 1204 2133 sanctum
1219 2105 1324 2136 virum;
1340 2107 1438 2130 etcum
1453 2108 1512 2128 eam
1526 2100 1641 2134 capistro
1663 2098 1770 2133 ligasset
1793 2101 1822 2124 ut

1034 2159 1140 2187 equam,
1162 2151 1238 2178 duxit
1252 2150 1278 2177 in
1294 2149 1473 2177 solitudinem.
1490 2147 1557 2174 Dum
1576 2150 1663 2173 autem
1678 2144 1822 2180 appropin-

1035 2201 1171 2233 quassent,
1185 2200 1315 2224 steterunt
1327 2194 1422 2222 fratres
1437 2201 1519 2229 prope
1529 2192 1623 2220 cellam
1638 2191 1723 2219 sancti
1735 2190 1822 2218 Maca-

1036 2244 1068 2271 rii
1089 2250 1149 2270 cum
1165 2242 1222 2277 ejus
1237 2243 1333 2269 marito
1346 2239 1546 2271 contendentes,
1561 2243 1588 2265 et
1611 2237 1731 2264 dicentes
1747 2245 1753 2262 :
1768 2235 1822 2263 Cnr

195 2295 314 2329 curius):
328 2295 394 2321 Audi
410 2301 463 2327 me,
477 2280 559 2321 frater
568 2291 695 2325 Joannes,
712 2296 738 2319 et
754 2292 792 2319 fer
804 2280 879 2326 teque
892 2291 982 2318 animo
1000 2280 1023 2310 Ι)
1037 2289 1088 2316 huc
1099 2287 1232 2316 adduxisti
1247 2287 1316 2314 hanc
1329 2284 1443 2320 equam?
1457 2284 1481 2311 Is
1494 2288 1582 2310 autem
1597 2281 1661 2309 dicit
1677 2290 1683 2308 :
1698 2280 1731 2309 Ut
1742 2281 1822 2307 inise-

197 2347 283 2368 meam
297 2340 516 2372 admonitionem,
539 2345 623 2372 eaque
645 2337 691 2364 tibi
711 2336 840 2372 proderit.
861 2336 984 2363 Tentaris

196 2386 280 2420 enim,
295 2385 393 2420 inquit,
409 2389 436 2412 et
451 2389 476 2411 te
491 2388 575 2412 tentat
589 2383 696 2417 spiritus
710 2383 838 2410 avaritiae.
854 2381 898 2409 Sic
912 2381 983 2408 enint

198 2431 251 2458 vidi
264 2440 271 2458 :
284 2437 310 2459 et
322 2431 378 2458 scio
389 2430 459 2463 quod
471 2430 493 2456 si
506 2437 590 2456 meam
602 2436 677 2460 :equo
687 2429 776 2455 animo
786 2427 878 2455 tuleris
888 2427 986 2455 adhor—

199 2476 325 2503 tationem
337 2495 345 2508 ,
360 2475 386 2502 in
402 2474 448 2502 Dei
465 2475 558 2502 timore
580 2473 810 2500 consummaberis
829 2477 855 2499 et
879 2473 904 2498 in
927 2472 987 2507 ejus

199 2529 290 2557 opere,
306 2526 334 2549 et
347 2520 373 2547 in
387 2522 438 2547 isto
454 2520 521 2552 loco,
535 2523 562 2546 et
576 2518 734 2551 landaberis,
750 2524 777 2545 et
797 2517 830 2544 ad
847 2521 920 2544 tuum
942 2522 982 2543 ta-

200 2567 372 2597 bernaculum
395 2574 447 2593 non
471 2564 691 2600 appropinquabit
711 2563 854 2598 ﬂagellum.
872 2563 946 2595 Quod
961 2562 985 2589 si

200 2622 253 2641 non
274 2612 407 2644 audieris,
424 2613 450 2639 in
472 2617 498 2639 te
513 2612 600 2638 vcnict
622 2609 680 2636 linis
706 2609 778 2636 Gir‘li
800 2607 852 2643 (IV
869 2607 933 2642 Reg.
948 2606 984 2641 v),

199 2660 275 2695 cujus
288 2660 353 2687 vitio
367 2659 483 2686 laboras.
499 2657 615 2691 Contigit
629 2661 716 2683 autem
730 2661 757 2682 ut
774 2659 868 2682 sancto
880 2654 986 2688 quidem

202 2713 253 2731 non
268 2705 397 2732 obedierit
410 2709 469 2737 post
482 2703 539 2738 ejus
553 2706 682 2734 mortem,
697 2700 743 2728 sed
757 2699 887 2727 obedicrit
902 2699 925 2725 ci
941 2698 986 2732 qui

202 2750 278 2777 indm
292 2750 408 2784 alligavit
431 2749 554 2783 laqueum
570 2752 678 2782 propter
699 2746 847 2773 avaritiam.
872 2745 903 2772 Et
927 2748 988 2778 post

202 2795 267 2822 alios
281 2796 429 2829 quindecim
450 2799 495 2821 aut
510 2794 598 2828 viginti
613 2799 705 2824 annos,
722 2799 781 2818 cum
798 2793 864 2817 bona
890 2797 988 2824 paupe-

204 2847 262 2866 rum
277 2841 326 2867 sibi
340 2845 503 2874 usurpasset,
518 2841 554 2867 ita
569 2839 696 2867 laboravit
709 2837 877 2871 elephantis,
893 2840 921 2863 ut
934 2843 986 2862 non

204 2885 367 2915 inveniretur
381 2886 483 2922 integer
493 2884 566 2912 locus
581 2884 606 2912 in
618 2883 675 2921 cjus
689 2889 811 2919 corpore,
827 2882 916 2919 inquo
929 2881 987 2916 quis

1036 2333 1177 2361 ricordiam
1192 2336 1369 2367 consequatur
1383 2330 1467 2357 sancti
1489 2329 1618 2357 oratione.
1635 2327 1673 2355 Illi
1697 2334 1760 2353 vero
1782 2326 1822 2352 di-

1037 2384 1101 2408 cunt
1111 2379 1144 2406 ad
1159 2386 1220 2406 eum
1237 2386 1244 2404 :
1259 2378 1326 2410 Quid
1338 2377 1399 2404 mali
1417 2376 1516 2403 habet?
1531 2375 1577 2404 ille
1588 2375 1627 2403 eis
1640 2374 1721 2402 dicit:
1736 2372 1821 2405 Quam

1038 2424 1134 2452 videtis
1148 2431 1254 2458 equam,
1269 2430 1299 2450 ea
1315 2422 1410 2450 misera
1427 2427 1484 2449 erat
1500 2429 1566 2447 uxor
1580 2428 1654 2451 mea;
1670 2425 1754 2453 neque
1767 2416 1823 2444 scio

1039 2468 1259 2502 quemadmodum
1276 2471 1373 2494 mutata
1389 2467 1424 2494 sit
1440 2466 1464 2494 in
1476 2472 1582 2499 equam,
1598 2468 1685 2497 etjam
1698 2466 1758 2488 Sunt
1769 2465 1823 2487 tres

1039 2515 1097 2542 dies
1108 2521 1141 2540 ex
1152 2520 1205 2547 quo
1221 2512 1284 2539 nihil
1301 2511 1426 2538 comedit.
1444 2511 1461 2538 ll
1477 2514 1563 2536 autem
1580 2515 1641 2534 cum
1657 2507 1713 2533 haec
1727 2505 1820 2533 audiis-

1038 2564 1108 2592 sent,
1124 2560 1242 2586 referunt
1253 2558 1285 2585 ad
1298 2565 1403 2585 servum
1420 2556 1466 2584 Dei
1482 2555 1623 2583 Macariunt
1638 2561 1672 2581 eo
1683 2552 1737 2588 jain
1754 2552 1824 2579 intus

1040 2613 1087 2640 pro
1101 2605 1145 2632 illa
1166 2609 1278 2636 orante;
1296 2603 1319 2630 ei
1335 2602 1405 2629 enim
1422 2601 1490 2628 Dens
1507 2600 1683 2630 revelaverat,
1704 2597 1769 2631 ipsis
1789 2598 1822 2623 ad

1040 2657 1101 2677 eum
1115 2649 1298 2678 venientibus;
1314 2653 1340 2674 et
1355 2647 1414 2674 ideo
1427 2645 1518 2673 orabat
1532 2649 1560 2671 ut
1573 2644 1623 2671 sibi
1643 2644 1824 2670 declararetur

1040 2703 1120 2723 causa
1141 2700 1249 2728 propter
1264 2700 1342 2728 quam
1356 2691 1407 2719 hoc
1421 2695 1554 2719 evenerat.
1573 2687 1717 2724 Respondit
1735 2691 1823 2715 autem

1039 2745 1145 2768 sanctus
1169 2739 1299 2766 Macarius
1323 2737 1447 2764 fratribus
1477 2736 1521 2769 qni
1548 2735 1572 2762 ei
1603 2732 1824 2761 renuntiaverunt

1039 2786 1181 2823 quemdam
1206 2785 1267 2811 illuc
1281 2792 1377 2818 equum
1393 2782 1544 2814 adduxisse,
1559 2780 1650 2808 dicens
1666 2787 1672 2806 :
1690 2778 1754 2814 Equi
1777 2785 1824 2805 vos

1040 2832 1115 2863 estis,
1129 2831 1172 2866 qui
1189 2830 1291 2857 habetis
1312 2836 1438 2863 equ0rum
1452 2827 1559 2859 oculos;
1574 2825 1618 2853 illa
1633 2825 1702 2853 enim
1725 2828 1766 2852 est
1786 2825 1825 2850 to-

1041 2879 1111 2908 ntina
1126 2878 1160 2907 ita
1177 2882 1203 2904 ut
1217 2881 1256 2907 est
1270 2881 1370 2909 creata,
1387 2882 1438 2902 non
1453 2873 1649 2905 transformata,
1666 2871 1712 2899 sed
1728 2871 1764 2898 sic
1780 2877 1825 2898 βυ-
