2077 3154
284 180 354 209 ΙΟΠ

1007 179 1169 209 PALLADll

1838 185 1908 215 {0&8

289 245 343 271 lum
363 252 492 279 apparens
513 244 597 272 oculis
611 250 703 271 eorum
722 244 766 278 qui
786 248 848 271 sunt
871 243 985 278 decepti.
1009 243 1073 276 ρυω
1087 242 1112 271 Α
1160 241 1224 268 Dico
1234 247 1321 268 autem
1335 246 1455 269 sanctum
1470 242 1612 269 Macarium
1623 237 1841 278 Alexandrinum,
1855 244 1901 279 qui

287 298 348 318 cum
358 296 429 318 esset
441 291 563 324 adducta,
573 298 720 325 aquamque
730 290 921 322 benedixisset,
936 295 963 317 et
973 290 999 316 in
1010 290 1068 322 ejus

287 335 365 362 nudze
378 340 455 370 caput
468 336 615 368 infudisset,
628 343 708 369 super
717 335 774 369 ejus
786 339 863 368 caput
874 339 915 362 est
930 339 1065 368 precatus;

287 382 429 416 statimque
454 381 540 408 ed‘ecit
563 386 592 407 ut
615 382 738 408 omnibus
760 381 909 408 videntibus
934 380 1066 407 videretur

286 426 393 454 femina.
415 426 481 453 Cum
500 431 587 453 autem
600 426 721 460 jussisset
736 427 758 453 ei
774 427 860 452 cibum
883 426 982 457 all‘erri,
1005 425 1068 452 fecit

285 475 315 499 ut
328 471 491 504 comederet,
509 475 536 498 et
547 479 605 498 eam
628 472 666 498 sic
679 476 796 498 curatam
818 471 918 498 dimisit
936 478 997 497 eum
1018 477 1067 497 suo

284 518 390 551 marito,
411 517 465 544 Deo
477 521 585 552 agentes
598 517 707 551 gratias.
730 516 793 543 Eam
818 520 904 543 autem
928 515 1066 542 admonuit

284 563 324 590 vir
347 562 405 596 Dei,
429 563 468 590 sic
491 563 581 590 dicens
597 571 604 589 :
618 562 754 596 Nunquam
778 561 917 588 ecclesiam
942 561 1064 593 deseras,

283 615 417 641 nunquam
430 607 566 634 abstineas
579 614 593 633 a
607 607 792 634 communione
805 606 902 633 Christi
913 613 1065 634 sacramen-

251 683 255 688 .
283 657 380 679 torum.
395 652 456 679 Htec
470 653 540 679 enim
557 653 602 679 tibi
617 653 783 684 acciderunt,
799 652 867 686 quod
879 651 934 686 jam
949 651 1064 686 quinque

284 697 457 724 hebdomadis
470 705 521 724 non
533 698 668 724 accessisti
682 697 714 724 ad
728 697 883 724 intetnerata
898 697 981 724 nostri
1001 697 1064 725 Ser-

284 745 383 770 vatoris
394 749 570 770 sacramenta.

317 790 374 816 Alia
389 794 428 816 est
447 789 516 816 actio
538 796 640 823 magna:
662 788 720 823 ejus
744 787 952 816 exercitationis.
968 787 1063 824 Magno

281 835 342 861 vita:
356 842 410 861 sure
425 840 542 869 tempere
556 841 570 861 a
583 834 649 861 cella
664 841 709 860 sua
725 833 751 860 in
767 833 902 860 dimidium
914 841 996 868 usque
1009 839 1062 861 sta-

280 879 353 905 dium
369 879 469 905 fotliens
480 878 640 910 cuniculum,
653 885 782 904 summam
794 877 879 904 effecit
890 878 1040 911 speluncam
1053 888 1060 911 ;

1121 289 1178 312 erat
1190 286 1328 321 presbyter
1338 294 1428 314 earum
1441 294 1499 321 qua:
1515 287 1638 314 dicuntur
1651 286 1791 314 Cellarum.
1804 288 1832 315 ln
1845 289 1903 323 qui-

1121 332 1170 357 bus
1182 330 1263 358 Cellis
1277 339 1327 365 ego
1339 339 1434 359 novem
1448 339 1532 358 annos
1547 331 1677 365 habitans,
1694 340 1726 360 ex
1741 332 1835 366 quibus
1846 338 1901 361 tres

1121 382 1204 402 annos
1218 383 1320 403 mecum
1335 376 1400 403 vixit
1418 376 1462 403 ille
1476 376 1622 408 Macarius,
1638 377 1663 403 in
1678 377 1766 411 quiete
1780 377 1877 404 sedens
1889 400 1897 411 ,

1117 421 1175 454 ejus
1194 421 1300 455 quidem
1324 422 1431 455 optima:
1455 421 1559 448 vivendi
1583 422 1694 448 rationis
1714 421 1765 448 alia
1787 422 1894 456 quidem

1116 466 1168 492 vidi
1183 473 1262 500 opera
1276 471 1304 494 et
1322 468 1395 501 signa
1407 487 1414 500 ,
1429 467 1479 494 alia
1494 475 1559 495 vero
1572 466 1652 495 didici
1677 467 1711 494 ab
1725 467 1758 494 iis
1771 469 1815 502 qui
1836 475 1896 495 cum

1116 517 1149 536 eo
1162 511 1297 537 vixerunt.

1151 554 1175 581 ls
1190 563 1250 582 cum
1265 556 1333 589 apud
1348 563 1471 590 magnum
1494 557 1578 584 virum
1593 561 1620 584 et
1633 557 1737 585 Patrem
1752 557 1896 585 Antonium

1114 600 1215 627 electos
1231 601 1324 634 palmte
1335 609 1423 628 ramos
1437 601 1557 635 vidisset,
1571 609 1638 637 quos
1651 603 1707 637 ipse
1721 603 1896 635 laboraverat,

1114 647 1189 679 petiit
1201 647 1235 673 ab
1248 654 1280 674 eo
1295 655 1376 674 unum
1390 648 1552 681 manipulum
1563 655 1698 675 ramorum
1710 648 1814 682 palmae.
1828 649 1898 676 Dixit

1112 695 1200 718 autem
1212 692 1236 718 ei
1252 692 1400 719 Antonius:
1416 692 1547 726 Scriptum
1570 692 1698 719 est:Non
1724 692 1897 726 concupisces

1113 744 1156 764 res
1171 737 1281 771 proximi
1299 739 1334 765 tui
1351 738 1438 774 (Deut.
1454 738 1512 772 vtt).
1531 738 1563 765 Et
1584 745 1643 765 cum
1658 738 1684 764 id
1699 739 1785 765 solum
1809 738 1895 765 dixis-

1112 787 1152 809 aet
1164 805 1171 816 ,
1196 784 1261 811 rami
1276 791 1368 811 omnes
1383 786 1471 811 statim
1487 789 1608 818 tanquam
1627 784 1660 811 ab
1679 784 1740 819 igne
1762 784 1893 811 torrelactl

1111 834 1183 855 sunt.
1196 829 1271 862 Quod
1283 829 1389 863 quidem
1405 837 1464 856 cum
1480 829 1588 856 vidisset
1602 830 1746 862 Antonius,
1757 829 1823 856 dixit
1837 829 1893 856 Ma-

1111 875 1182 901 cario
1205 883 1212 901 :
1237 875 1305 902 Ecce
1336 876 1451 908 Spiritus
1475 880 1582 902 sanctus
1603 875 1732 909 requievit
1754 879 1898 910 superis,

280 928 306 950 et
319 924 340 950 si
365 924 470 957 quando
484 923 634 957 complures
648 924 672 950 ei
693 928 781 950 essent
798 922 915 953 molesti.
931 923 1031 950 occulte
1046 931 1061 950 e
1077 921 1100 950 Β
1113 920 1217 953 erisque
1243 920 1307 946 mihi
1323 921 1447 954 deinceps
1462 921 1547 947 haeres
1563 927 1681 947 mearum
1699 921 1835 948 virtutum.

280 977 328 996 sua
341 970 405 996 cella
423 969 561 1003 egrediens
572 990 578 1000 ,
595 969 651 995 ibat
672 969 698 994 in
714 968 877 1001 speluncam,
893 975 978 1002 neque
992 969 1064 1001 quis-

280 1022 358 1048 quam
374 1022 434 1041 eutn
449 1015 610 1041 inveniebat.
626 1013 749 1040 Narravit
763 1017 850 1039 autem
865 1013 941 1040 nobis
957 1013 1062 1046 quidam

279 1067 310 1087 ex
327 1060 451 1086 studiosis
466 1059 522 1093 ejus
539 1058 684 1091 discipulis,
706 1058 775 1093 quod
791 1058 918 1085 recedens
932 1065 1014 1092 usque
1028 1059 1061 1085 ad

279 1104 432 1138 speluncam
458 1112 504 1138 per
524 1103 685 1135 cuniculum,
708 1102 815 1129 dicebat
837 1103 926 1137 viginti
951 1108 1063 1137 quatuor

278 1151 431 1182 orationes;
447 1155 472 1177 et
488 1150 603 1183 rediens,
621 1148 740 1175 totidem.

314 1196 352 1223 De
364 1203 397 1224 eo
409 1196 472 1223 exiit
491 1196 569 1227 fama,
584 1196 654 1230 quod
668 1201 800 1222 tnortuum
814 1195 950 1224 suscitavit
962 1196 1059 1230 (lium,

277 1240 296 1267 Ι.
315 1249 343 1274 tt,
356 1249 378 1268 ε.
393 1240 456 1275 28);
473 1245 500 1267 ut
521 1241 692 1275 persuaderet
706 1240 831 1267 hmrctico
846 1241 889 1275 qui
905 1249 957 1268 non
977 1243 1060 1268 confl-

278 1288 380 1313 tcbatur
393 1294 452 1314 esse
467 1287 686 1313 resurrectionem
702 1294 853 1320 corporum.
880 1286 912 1313 Et
927 1285 975 1314 fuit
995 1295 1059 1315 con-

277 1337 351 1360 stans
366 1331 422 1359 lttec
437 1332 504 1358 fama
520 1332 545 1359 in
556 1332 708 1359 solitudine.

312 1387 351 1413 Ad
370 1386 440 1414 bnnc
452 1393 572 1414 sanctutn
586 1387 715 1414 adductus
738 1392 777 1414 est
792 1387 930 1422 aliquando
944 1396 958 1415 a
974 1393 1058 1417 matre

276 1434 381 1469 propria
398 1434 557 1460 lamentante
571 1434 727 1461 adolescem
745 1435 788 1468 qui
801 1435 944 1461 vexabatur
966 1443 980 1461 a
1004 1435 1058 1462 da:-

277 1486 366 1510 nt0ne,
391 1487 405 1505 a
427 1479 529 1505 duobus
553 1479 766 1506 adolescentibus
791 1488 823 1507 cx
849 1485 960 1515 utraque
984 1485 1058 1515 parte

276 1525 446 1552 Constrictus.
463 1524 537 1551 llunc
555 1530 643 1552 autem
657 1525 693 1551 ita
709 1525 820 1552 vexabat
834 1525 949 1552 daemon.
966 1526 1055 1553 Trium

276 1570 424 1597 modiorum
438 1576 518 1604 panes
534 1576 671 1604 postquam
687 1570 862 1603 comedisset,
877 1574 905 1597 et
920 1570 1054 1604 amphoras

1151 964 1217 990 Hinc
1232 972 1322 991 rursus
1336 972 1397 991 eum
1422 965 1523 992 invenit
1545 965 1665 992 diabolus
1688 966 1713 992 in
1727 965 1869 993 solitudine
1879 986 1890 999 ,

1114 1015 1224 1042 oorpore
1239 1009 1315 1036 valde
1329 1010 1482 1045 defatigato,
1497 1015 1524 1037 et
1537 1011 1602 1037 dicit
1623 1010 1655 1037 ad
1671 1018 1730 1038 eum
1744 1019 1752 1038 :
1765 1011 1833 1038 Ecce
1846 1017 1894 1038 ac-

1113 1054 1203 1088 cepisti
1218 1055 1327 1090 gratiam
1349 1055 1470 1086 Antonii;
1486 1063 1532 1082 cur
1555 1063 1606 1082 non
1623 1056 1703 1082 uteris
1715 1055 1888 1088 auctoritate,

1112 1103 1138 1125 et
1152 1107 1164 1125 a
1181 1099 1234 1126 lico
1248 1101 1314 1134 petis
1325 1100 1411 1127 cibum
1427 1104 1455 1127 et
1469 1101 1538 1128 vires
1552 1101 1584 1127 ad
1600 1101 1651 1127 iter
1667 1101 1865 1135 ingrediendum
1876 1100 1889 1126 τ

1112 1143 1138 1170 ls
1151 1150 1239 1171 autem
1256 1146 1318 1172 dicit
1331 1146 1364 1172 ad
1381 1154 1441 1173 cum
1454 1156 1459 1174 :
1476 1148 1565 1174 Virtus
1578 1154 1636 1174 mea
1651 1151 1678 1174 et
1690 1147 1747 1174 laus
1762 1155 1820 1174 mea
1836 1147 1889 1174 Do-

1111 1190 1208 1221 minus,
1225 1195 1252 1217 tu
1276 1195 1363 1218 autem
1387 1199 1420 1219 ne
1439 1193 1583 1220 tentaveris
1606 1199 1711 1220 servum
1737 1192 1792 1220 Dei.
1816 1192 1890 1220 Facit

1110 1240 1174 1267 ergo
1198 1233 1318 1262 diabolus
1341 1240 1368 1262 ttt
1392 1237 1415 1263 ei
1432 1237 1586 1270 phantasma
1600 1242 1747 1271 appareat,
1771 1238 1888 1265 camelus

1110 1285 1189 1305 onera
1211 1279 1331 1313 bajulans
1355 1285 1380 1307 et
1401 1288 1493 1308 errans
1515 1289 1563 1316 per
1583 1281 1763 1314 solitudinem,
1790 1282 1889 1309 habens

1109 1324 1197 1350 omnia
1213 1324 1245 1351 ad
1261 1333 1335 1352 usum
1349 1326 1510 1354 necessaria.
1527 1326 1576 1360 Qtti
1598 1333 1658 1354 cum
1679 1327 1788 1354 vidisset
1803 1327 1887 1354 llaca-

1109 1368 1187 1400 rium,
1205 1377 1286 1403 prope
1300 1378 1360 1397 eum
1377 1371 1485 1398 assedit.
1503 1372 1526 1398 ls
1548 1378 1635 1398 autem
1659 1372 1806 1406 suspicatus
1829 1379 1890 1399 esse

1109 1414 1274 1447 phantasma,
1290 1416 1358 1442 sicut
1377 1422 1444 1449 erat,
1456 1417 1572 1444 constitit
1584 1417 1618 1444 ad
1631 1417 1776 1450 orandum;
1791 1417 1813 1444 is
1826 1424 1889 1444 vero

1108 1461 1228 1494 protinus
1240 1468 1255 1488 a
1271 1466 1340 1488 terra
1362 1461 1410 1488 fttit
1423 1462 1571 1496 absorptus.

1141 1517 1289 1551 Aliquando
1304 1525 1395 1545 rursus
1409 1518 1480 1545 venit
1499 1519 1542 1546 hic
1552 1519 1680 1547 Macarius
1696 1520 1889 1548 Alexandrinus

1107 1561 1140 1588 ad
1154 1569 1276 1596 magnum
1289 1562 1430 1590 Macarium
1442 1564 1554 1599 quierat
1566 1565 1591 1592 in
1602 1565 1689 1592 Scete.
1701 1565 1801 1593 Etcum
1810 1565 1888 1592 ambo

276 1616 354 1644 unius
368 1615 506 1643 Uticensis
530 1615 588 1651 (ιδ)
602 1623 695 1649 aquam
718 1615 843 1648 bibisse“
865 1620 977 1649 umque
997 1624 1057 1643 em-
1069 1607 1091 1637 C
1108 1611 1199 1634 essent
1213 1607 1299 1634 Nilum
1315 1608 1497 1636 transmissuri
1508 1628 1515 1641 ,
1533 1609 1630 1636 accidit
1641 1614 1671 1636 ut
1683 1610 1732 1644 ipsi
1746 1609 1887 1636 maximum

275 1665 360 1694 (trans,
375 1662 449 1689 cibos
465 1661 612 1688 resolvebat
626 1662 651 1688 in
664 1668 797 1695 vaporem.
810 1661 850 1688 Ab
863 1669 895 1688 eo
906 1661 987 1694 enim,
1002 1669 1054 1689 non

273 1713 350 1733 secus
363 1713 394 1733 ac
409 1706 469 1741 igne
482 1705 706 1733 consumebantur
720 1714 779 1740 quae
798 1707 949 1733 comederat
961 1710 988 1734 et
1013 1707 1053 1735 bi-

274 1752 358 1779 berat.
381 1751 428 1779 Est
442 1751 513 1779 enim
529 1751 594 1778 ordo
608 1759 711 1786 qttoque
725 1751 873 1778 daemonum
892 1753 935 1786 qui
960 1753 1055 1780 dicitur

274 1797 374 1830 lgneus.
390 1796 457 1823 Sunt
470 1797 539 1824 enim
554 1797 703 1824 dzvtnouum
719 1804 824 1831 quoque
836 1798 903 1824 sicut
918 1797 1054 1825 hominum

273 1842 446 1875 differentiae,
463 1850 514 1869 non
536 1847 633 1869 mutata
656 1843 782 1876 essentia,
807 1850 898 1870 verum
919 1844 1055 1871 voluntate

272 1889 407 1915 distincta.
424 1889 470 1915 llic
481 1896 544 1922 ergo
555 1889 710 1916 adolescens
720 1896 779 1916 cum
794 1889 817 1916 ei
833 1894 918 1916 mater
929 1897 980 1916 non
993 1897 1055 1923 sup-

272 1934 411 1967 peditaret,
426 1940 496 1969 saepe
507 1941 553 1960 sua
566 1934 718 1961 comedebat
732 1941 910 1969 excrementa,
924 1941 951 1963 et
962 1936 1053 1962 lotium

271 1979 385 2006 bibebat.
404 1979 496 2006 Fleute
511 1987 574 2014 ergo
598 1979 655 2013 ejus
671 1984 763 2012 matre,
779 1984 806 2007 et
819 1980 931 2008 alienam
952 1982 992 2008 sui
1008 1981 1054 2008 lilii

271 2029 402 2052 mmrente
423 2025 611 2057 calamitatem,
626 2029 651 2051 et
666 2030 785 2052 sanctum
808 2026 884 2053 valde
906 2027 1054 2054 obtestante

269 2075 296 2097 et
311 2075 429 2104 rogante.
445 2070 519 2098 illum
542 2071 673 2105 accipiens
697 2072 812 2098 invictus
834 2071 932 2100 Christi
955 2074 1052 2101 athleta

270 2114 408 2147 Macarius,
423 2115 533 2148 supplex
553 2122 600 2149 pro
614 2122 647 2142 eo
670 2115 753 2142 Deum
767 2117 860 2144 oravit.
885 2118 947 2145 Post
971 2127 1051 2146 unum

270 2165 359 2187 autem
374 2165 420 2187 aut
430 2161 541 2188 alterum
552 2162 633 2194 diem,
644 2162 746 2190 remisit
756 2163 860 2190 dazmon
872 2165 1051 2192 vexationem.

269 2204 343 2232 Tunc
356 2211 420 2239 ergo
436 2204 584 2233 dicitmatri
600 2205 775 2233 adolescentis
816 2212 927 2236 sattctus
962 2209 1049 2237 Maca-

270 2251 347 2279 rius:
361 2250 494 2283 Quantum
506 2251 544 2278 vis
556 2255 584 2278 ut
597 2251 666 2279 ﬁlius
681 2256 740 2278 tuus
753 2252 893 2278 comedat?
908 2252 952 2279 Illa
963 2257 1051 2280 autem

1110 1656 1255 1685 pontonem
1273 1653 1490 1687 ingrederentur;
1506 1654 1531 1681 in
1545 1662 1622 1689 quem
1638 1655 1748 1689 ingressi
1763 1659 1824 1682 sunt
1837 1654 1889 1682 duo

1108 1698 1205 1725 tribuni
1230 1705 1291 1725 cum
1313 1707 1408 1734 magno
1430 1699 1498 1727 fastu
1513 1704 1540 1728 et
1554 1705 1679 1735 apparatu
1692 1721 1699 1733 ,
1715 1705 1745 1728 ut
1759 1701 1803 1736 qui
1819 1701 1892 1728 intus

1108 1743 1236 1771 h.-hcrent
1249 1744 1359 1772 rhedam
1382 1750 1464 1772 totam
1480 1753 1593 1780 teneam,
1609 1751 1634 1773 et
1648 1753 1729 1780 equos
1749 1746 1830 1773 frenis
1843 1753 1888 1773 au-

1106 1789 1168 1819 reis.
1184 1793 1212 1816 et
1225 1790 1354 1824 qttosdant
1368 1798 1414 1818 eos
1429 1792 1558 1825 stipantcs
1574 1792 1687 1824 milites,
1703 1792 1841 1823 satellites.
1858 1795 1887 1819 et

1107 1840 1203 1865 pueros
1219 1835 1356 1869 torquibus
1371 1840 1398 1862 et
1413 1837 1502 1863 aureis
1523 1837 1596 1864 zonis
1611 1841 1728 1864 ornatos.
1745 1837 1886 1871 Postquam

1106 1885 1169 1913 ergo
1181 1879 1277 1906 lrib'tni
1292 1881 1414 1908 viderunt
1428 1882 1499 1916 ipsos
1511 1883 1644 1909 veteribus
1658 1883 1753 1917 pannis
1769 1883 1887 1916 indutos,

1105 1929 1132 1951 et
1147 1925 1270 1952 sedentes
1285 1926 1310 1952 in
1325 1927 1421 1960 angulo
1434 1949 1442 1960 ,
1459 1929 1583 1956 humilem
1599 1929 1670 1956 illam
1684 1933 1711 1956 et
1725 1934 1830 1956 tenuem
1846 1930 1887 1956 vi-

1110 1970 1187 1996 vendi
1202 1971 1331 1998 rationem
1351 1972 1454 1999 beatam
1474 1973 1643 2008 judicabant;
1660 1982 1728 2002 unus
1749 1978 1835 2002 autem
1854 1983 1887 2002 ex

1105 2014 1170 2047 ipsis
1186 2016 1298 2042 tribunis
1310 2017 1375 2043 dixit
1389 2017 1420 2044 ad
1437 2018 1507 2051 ipsos
1521 2027 1528 2044 :
1541 2019 1614 2046 Beati
1626 2020 1690 2047 estis
1701 2027 1746 2047 vos
1756 2020 1800 2054 qui
1811 2027 1887 2046 mun.

1107 2059 1170 2086 dum
1187 2060 1308 2087 illuditis.
1325 2062 1497 2097 Respondeas
1511 2070 1597 2092 autem
1613 2065 1752 2100 Macarius,
1768 2066 1812 2100 qui
1828 2071 1886 2093 erat

1104 2105 1230 2138 urbanus,
1245 2106 1312 2134 dixit
1334 2107 1391 2134 eis:
1405 2108 1458 2135 Nos
1472 2109 1577 2142 quidem
1593 2110 1719 2136 mundum
1734 2110 1864 2137 illusimus
1875 2130 1885 2143 ,

1104 2158 1152 2179 vos
1166 2157 1254 2180 autem
1278 2154 1359 2181 illusit
1381 2155 1504 2183 mundtts.
1521 2156 1594 2184 Scias
1616 2162 1704 2184 autem
1729 2161 1754 2183 te
1773 2164 1825 2184 non
1841 2161 1885 2183 tua

1104 2202 1198 2231 sponte
1212 2199 1262 2227 hoc
1274 2200 1383 2233 dixisse,
1395 2201 1441 2229 sed
1456 2202 1627 2235 prophetiae:
1640 2203 1717 2230 ambo
1728 2202 1797 2230 enim
1809 2210 1887 2229 voca-

1104 2250 1163 2270 mur
1180 2245 1298 2279 Macarii,
1316 2247 1366 2274 hoc
1379 2252 1430 2280 est,
1447 2248 1527 2276 beati.
1542 2249 1566 2276 ls
1585 2253 1673 2277 autem
1689 2248 1747 2283 ejus
1759 2256 1886 2276 sermone

269 2295 417 2328 respondit,
432 2295 523 2323 dicens
540 2304 546 2323 :
564 2295 637 2330 Rogo
653 2301 693 2330 te,
707 2296 771 2331 jube
785 2304 845 2324 eum
858 2296 944 2324 solum
964 2304 1052 2324 come-
1067 2288 1091 2318 ι)
1105 2295 1290 2325 compulimus.
1307 2299 1367 2320 cum
1381 2294 1489 2321 dOmUm
1503 2295 1635 2328 venisset,
1652 2299 1741 2322 πεῖθε
1763 2302 1863 2322 exuens
1876 2313 1886 2326 ν

268 2339 331 2368 dere
344 2340 436 2368 decem
451 2340 532 2368 libras
547 2342 632 2375 panis.
648 2342 713 2369 Eam
737 2347 825 2369 autem
847 2342 1001 2376 increpans,
1023 2347 1053 2370 ut

267 2389 326 2421 qua!
344 2386 453 2413 nimium
469 2386 584 2419 dixerat,
606 2387 674 2414 dixit
690 2396 696 2414 :
713 2387 734 2415 0
749 2388 857 2421 mulier,
873 2396 920 2415 cur
936 2388 986 2415 hoc
1009 2387 1052 2415 di-

267 2432 347 2459 )tisli‘.l
361 2432 479 2468 Cumque
492 2438 593 2467 septem
607 2433 665 2461 dies
680 2438 784 2461 orasset
798 2441 858 2460 cum
868 2433 981 2468 jejunio,
1002 2441 1051 2461 ex-

267 2478 343 2512 pulso
364 2478 398 2506 ab
411 2486 444 2506 eo
465 2478 615 2513 pernicioso
629 2479 751 2506 daemone
764 2479 900 2513 ingluviei,
916 2478 1052 2506 constituit

267 2525 290 2551 ei
308 2524 433 2551 vescendi
448 2525 576 2552 rationem
588 2524 620 2551 ad
633 2529 687 2552 tres
698 2531 781 2558 usque
794 2524 874 2551 libras
887 2526 971 2558 panis,
984 2531 1050 2559 quas

267 2570 376 2597 deberet
387 2570 442 2604 ipse
457 2570 597 2598 comedere
611 2571 632 2598 si
646 2575 810 2604 operaretur.
824 2571 889 2598 Cum
905 2571 956 2598 hoc
971 2571 1050 2600 modo

266 2614 312 2642 Dei
327 2615 410 2649 gratia
427 2622 535 2648 puerum
551 2615 730 2648 emundasset,
747 2623 807 2642 eum
831 2616 908 2643 matri
923 2616 1047 2644 reddidit.

299 2658 351 2686 Has
376 2666 419 2686 res
443 2659 611 2687 admirabiles
633 2665 660 2686 et
683 2666 779 2694 praeter
801 2661 953 2694 opinionem
982 2661 1048 2689 fecit

265 2703 335 2732 Deus
351 2712 398 2740 per
408 2709 527 2733 sanctum
544 2705 696 2737 Macarium,
708 2707 781 2740 cujus
792 2706 950 2735 immortalis
961 2707 1048 2736 anima

264 2757 333 2777 nunc
346 2754 388 2777 est
401 2758 461 2778 cum
476 2751 586 2785 angelis.
599 2751 665 2777 Eum
677 2758 727 2786 ego
741 2759 792 2779 non
803 2752 913 2780 eonveni
922 2773 930 2785 ,
946 2753 1048 2781 obierat

264 2796 333 2821 cnim
348 2802 418 2822 anno
431 2801 571 2830 antequam
586 2804 636 2831 ego
651 2797 805 2831 ingrederer
820 2798 846 2825 in
862 2799 1046 2826 solitudinem.

264 2839 382 2867 Conveni
395 2847 482 2868 autem
496 2849 557 2869 eum
571 2842 615 2875 qui
631 2847 687 2869 erat
700 2843 757 2877 ejus
767 2844 854 2870 socius
865 2844 892 2871 in
909 2845 969 2872 fidei
985 2852 1048 2878 ope-

265 2884 347 2916 ribus.
363 2889 390 2912 et
404 2885 473 2913 idem
488 2887 638 2914 venerabile
653 2894 748 2915 nomen
764 2888 834 2921 quod
851 2890 906 2921 ipse
922 2889 1045 2917 habebat.

1103 2334 1201 2370 delegit
1214 2336 1294 2364 vitam
1318 2344 1397 2372 agere
1409 2339 1556 2367 solitariam
1566 2359 1574 2373 ,
1589 2339 1684 2367 multas
1700 2339 1798 2367 faciens
1812 2339 1884 2367 elec-

1104 2389 1240 2417 mosynas.

1139 2427 1242 2455 Burrus
1259 2436 1318 2456 cum
1333 2430 1476 2464 aliquando
1489 2432 1615 2467 cupiisset
1628 2432 1699 2460 vesci
1711 2432 1770 2460 uvis
1786 2439 1886 2460 recen-

1104 2471 1173 2499 tibus
1187 2474 1363 2509 perbellisqtte
1377 2475 1409 2502 ad
1427 2483 1457 2503 se
1472 2477 1571 2509 missis,
1587 2477 1730 2505 ostendens
1744 2477 1884 2505 continen-

1104 2517 1177 2550 tiam,
1198 2526 1244 2545 eas
1267 2520 1338 2547 misit
1359 2521 1392 2548 ad
1417 2521 1495 2548 alittm
1518 2521 1625 2549 fratrem
1641 2523 1822 2554 laborantem,
1836 2521 1883 2556 qui

1103 2562 1160 2597 ipse
1175 2571 1278 2599 quoque
1291 2573 1356 2592 uvas
1370 2566 1548 2594 desiderabat.
1564 2568 1612 2601 Qui
1628 2575 1687 2594 cum
1702 2573 1749 2594 cas
1762 2567 1884 2599 accepis-

1102 2613 1153 2642 set,
1167 2614 1194 2637 et
1207 2618 1300 2644 magna
1316 2611 1425 2638 allectus
1440 2617 1509 2639 esset
1523 2613 1626 2644 laetitia,
1640 2619 1714 2640 suam
1734 2612 1822 2638 celare
1836 2618 1882 2638 vo-

1101 2653 1159 2682 lens
1175 2656 1371 2688 continentiam,
1387 2661 1433 2684 eas
1452 2657 1524 2684 misit
1537 2658 1570 2684 ad
1593 2658 1672 2684 alium
1689 2657 1794 2684 fratrem
1810 2656 1884 2683 labo-

1101 2704 1215 2732 rantem,
1232 2700 1277 2734 qui
1291 2702 1347 2734 ipse
1361 2709 1465 2737 quoque
1476 2710 1536 2730 eum
1548 2703 1636 2730 cibum
1651 2705 1801 2736 appeteret.
1813 2701 1881 2728 Cum

1102 2745 1147 2773 ille
1159 2753 1265 2780 quoque
1286 2748 1431 2781 accepisset
1444 2769 1452 2781 ,
1469 2755 1561 2775 rursus
1576 2748 1626 2776 hoc
1641 2748 1726 2782 ipsum
1740 2746 1818 2778 fecit,
1831 2745 1884 2773 etsi

1101 2792 1158 2825 ipse
1173 2793 1248 2820 valde
1263 2794 1333 2821 vesci
1347 2799 1465 2828 cuperet.
1480 2794 1623 2829 Postquam
1638 2798 1725 2820 autem
1736 2793 1769 2819 ad
1785 2791 1886 2819 mullos

1101 2838 1196 2867 fratres
1210 2839 1306 2867 deinde
1319 2845 1449 2867 venerunt
1468 2848 1527 2867 uva:
1540 2861 1548 2873 ,
1564 2847 1622 2868 cum
1646 2839 1734 2866 nullus
1749 2838 1787 2866 eis
1810 2837 1887 2865 vesci

1101 2885 1240 2920 voluisset,
1257 2891 1407 2921 postremus
1421 2887 1464 2922 qui
1481 2894 1525 2914 eas
1551 2889 1709 2920 acceperat,
1723 2891 1768 2912 eas
1789 2890 1887 2911 rursus
