2077 3154
144 157 215 193 1049

769 154 956 188 HISTORIA
975 153 1170 186 LAUSIACA.

1708 152 1779 188 1050

143 214 286 248 Κελεύσας
306 215 336 243 δέ
349 215 419 252 αῡτῇ
435 215 651 251 προσενεχθῆναι
673 215 792 251 τροφὰς,
809 215 937 250 ἐποίησεν
951 214 976 243 Δ
1024 213 1070 250 Τῷ
1085 213 1259 250 δὲομοζύγῳ
1274 214 1370 242 τούτου
1396 216 1453 247 τοῖς
1475 215 1566 252 ἔργοις
1578 215 1628 251 τῆς
1646 214 1774 250 πίστεως,

143 257 229 292 αὐτὴν
243 258 342 292 φαγεῖν
354 265 361 273 '
379 258 428 285 καὶ
440 257 529 290 οὕτως
542 259 688 294 ἰασάμενος
700 258 785 294 αὐτὴν
799 258 935 285 ἀπέλυσεν

144 298 215 335 μετά
240 299 287 325 τοῦ
316 299 382 326 ἰδίου
408 300 522 335 ἀνδρὸς,
548 300 776 335 εὐχαριστοῦντας
799 300 838 336 τῷ
862 299 933 335 Θεῷ.

150 341 283 368 Ὑπέθετο
303 341 331 368 δὲ
356 341 427 377 αὐτῇ
442 342 456 368 ὁ
474 341 524 370 ποῦ
539 341 658 377 Χριστοῦ
674 341 827 377 ἄνθρωπος,
849 341 935 368 εἰπὼν

143 384 225 420 αὐτῇ·
241 384 384 419 Μηδέποτε
398 384 566 419 άπολειφθῇς
580 385 630 416 τῆς
655 385 830 420 Ἐκκλησίας,
852 384 935 420 μηδέ-

144 435 212 454 ποτε
237 427 362 463 ἀπόσχῃς
390 427 441 462 τῆς
459 427 603 459 κοινωνίας
626 427 681 454 τῶν
704 427 863 463 μυστηρίων
886 426 934 453 τοῦ

142 469 274 505 Χριστοῦ.
293 469 387 496 Ταῦτα
403 469 459 505 γάρ
477 478 517 497 τοι
533 469 646 504 συνέϐη,
660 469 690 496 τὸ
704 470 749 496 ἐπὶ
764 469 845 496 πέντε
861 468 935 495 ἑϐδο-

144 511 232 547 μάδας
251 511 290 547 μὴ
304 511 536 547 προσεληλυθέναι
552 521 582 539 σε
601 513 656 544 τοῖς
670 512 814 548 ἀκράντοις
830 520 934 547 μυστη-

145 554 215 588 ρίοις
228 553 277 580 τοῦ
292 554 420 590 Σωτῆρος
436 554 526 590 ἡμῶν.

182 621 266 657 Ἄλλη
283 622 365 649 πάλιν
378 621 477 657 πρᾶξις
488 623 538 657 τῆς
555 622 677 657 μεγάλης
685 621 768 649 αὐτοῦ
778 622 932 657 ἀσκήσεως·

150 663 196 690 Ἕν
209 664 249 700 τῷ
279 664 377 699 μακρῷ
394 664 445 700 τῆς
461 663 534 699 ζωῆς
550 665 633 691 αὐτοῦ
646 665 734 700 χρόνῳ
751 664 804 690 ὑπὸ
822 665 871 699 τὴν
883 665 934 698 γῆν

145 705 261 740 ποιήσας
276 705 394 741 σύριγγα
406 706 562 741 ὀρύγματος
577 706 631 733 ἀπὸ
649 707 698 741 τῆς
712 706 812 741 κέλλης
837 706 934 733 ἑαυτοῦ

146 746 244 782 μέχρις
255 747 416 782 ἡμισταδίου
432 748 471 780 είς
494 748 525 774 τὸ
541 748 626 784 ἄκρον
643 747 776 782 σπήλαιον
803 748 934 774 ἀπετέλε-

145 797 201 816 σεν,
220 789 276 815 Καὶ
303 789 331 815 εἴ
347 797 412 816 ποτε
442 789 565 821 πλείονες
579 789 654 825 αὐτῷ
678 789 790 824 ῶχλουν,
807 789 935 824 κρυπτῶς

145 831 178 858 ἐκ
190 832 240 866 τῆς
255 831 352 867 κέλλης
379 831 461 858 αὐτοῦ
484 832 565 866 ἐξιὼν
580 832 656 860 ἀπίει
676 833 716 864 εἱς
739 832 770 858 τδ
791 832 933 867 σπήλαιον,

144 873 193 917 καὶ
207 874 294 917 οὐδεὶς
316 873 398 917 αὑτὸν
408 915 415 917 _
426 873 568 917 ηῦρισκεν.
585 875 724 917 ,Διηγεῖτο
747 871 792 917 οῦν
807 874 873 917 ἡμῖν
892 883 933 917 τις
949 889 971 917 Β

143 914 200 942 τῶν
214 915 366 942 σπουδαίων
385 915 467 942 αὐτοῦ
489 915 617 951 μαθητῶν
643 915 746 949 λέγων,
769 916 811 942 δτι
833 915 934 942 ’Δπιὼν

144 955 197 988 Eu);
219 955 266 983 τοῦ
285 957 418 992 σπηλαίου
434 957 477 983 διὰ
493 957 543 992 τῆς
564 957 694 992 σύριγγος
709 957 934 991 εἰκοσιτέσσαρας

124 998 127 1001 ’
144 997 232 1024 ἐποίει
251 997 419 1033 προσευχὰς,
439 999 488 1025 καὶ
514 999 663 1034 ἐρχόμενος
682 998 763 1026 πάλιν
778 998 828 1030 τὰς
837 998 933 1030 αὑτάς.

180 1039 217 1066 [Ie
223 1040 249 1075 pl
261 1040 356 1067 τούτου
369 1039 480 1076 ἐξῆλθεν
494 1041 584 1076 φήμη,
596 1041 637 1067 ὅτι
649 1041 695 1067 καὶ
705 1040 801 1075 νεκρὸν
812 1040 933 1076 ἤγειρεν,

145 1080 191 1107 ἵνα
205 1081 345 1116 αἱρετικὸν
361 1082 443 1117 πείσῃ
460 1082 506 1109 τὸν
525 1082 562 1118 μὴ
577 1081 763 1116 ὁμολογοῦντα
786 1081 934 1109 ἀνάστασιν

146 1118 215 1149 εἶναι
229 1123 374 1158 σωμάτων.
397 1124 452 1151 Kal
472 1124 542 1159 αὕτη
557 1124 573 1159 ἡ
589 1124 668 1160 φήμη
683 1123 794 1158 ἐκράτει
812 1123 877 1160 περὶ
886 1124 934 1150 αὺ-

143 1163 192 1190 τοῦ
207 1164 238 1191 ἐν
250 1166 282 1200 τῇ
298 1165 406 1201 ἐρήμῳ.

186 1240 280 1276 Τούτῳ
293 1241 332 1276 τῷ
342 1241 412 1277 ἁγίῳ
428 1242 503 1278 ἀνδρὶ
515 1242 688 1278 προσηνέχθη
700 1242 742 1274 τίς
757 1252 823 1270 ποτε
845 1243 933 1270 νεανί-

146 1291 211 1314 σκος
225 1282 385 1317 δαιμονιῶν,
406 1284 483 1319 παρὰ
499 1284 549 1319 τῆς
572 1285 640 1316 ἰδίας
659 1285 762 1320 μητρὸς
772 1285 934 1321 ὀλοφυρομέ-

143 1333 193 1360 νης
209 1324 274 1359 περὶ
297 1324 388 1358 αὑτὸν,
415 1326 475 1352 δυσὶ
503 1326 654 1358 νεανίσκοις
685 1326 876 1361 συνδεδεμένος
903 1327 933 1361 ἐξ

143 1366 283 1401 ἑκατέρων
305 1366 359 1392 τῶν
383 1368 484 1402 μερῶν.
516 1368 564 1398 Ὃς
586 1367 689 1403 ταύτην
710 1368 759 1403 τὴν
792 1368 934 1404 ἐνέργειαν

101 1436 113 1444 κ
145 1405 240 1442 εἶχενό
249 1407 366 1443 δαίμων,
381 1408 449 1443 μετά
461 1408 491 1435 τὺ
504 1409 602 1443 φαγεῖν
615 1409 700 1443 τριῶν
712 1409 810 1444 μοδίων
823 1410 932 1444 ἄρτους,

146 1448 194 1476 καὶ
211 1451 283 1477 πιεῖν
298 1449 426 1485 ἀμφορέα
435 1450 588 1477 Κιλικίσιον
610 1450 716 1483 ὓδατος,
733 1451 805 1486 άπερ
819 1451 933 1487 ἐρευγό-

146 1499 227 1524 μενος
241 1491 282 1522 είς
296 1491 384 1526 ἀτμὸν
412 1491 524 1518 ἀνέλυεν
547 1492 581 1518 τὰ
605 1490 748 1528 βρώματα,
771 1492 864 1524 Οὕτως
880 1493 934 1529 γὰρ

145 1532 321 1568 ἀνηλίσκοντο
335 1532 370 1560 τά
385 1532 525 1567 βρωθέντα
537 1533 602 1569 παρ’
623 1533 705 1560 αὑτοῦ
734 1534 782 1561 καὶ
805 1534 933 1567 ποθέντα,

145 1564 251 1606 ὡς’ύπὸ
264 1574 360 1610 πυρός.
378 1564 458 1600 Ἔστι
481 1574 535 1610 γάρ
562 1564 609 1602 καὶ
629 1575 724 1610 τάγμα
747 1576 893 1611 δαιμονίων
904 1564 934 1603 τό
947 1564 969 1594 C

145 1614 291 1650 λεγόμενον
300 1616 423 1651 πύρινον.
438 1616 570 1651 Διαφοραὶ
582 1617 636 1653 γάρ
647 1618 700 1643 εἰσι
711 1616 766 1643 τῶν
776 1617 931 1652 δαιμονίων,

146 1655 241 1692 ὥσπερ
253 1657 299 1684 καὶ
310 1657 364 1684 τῶν
374 1657 537 1693 ἀνθρώπων,
548 1658 598 1685 οὐκ
611 1658 706 1689 οὐσίας
718 1659 933 1694 ἀλλασσομένης,

145 1696 215 1724 ἀλλά
247 1698 297 1733 τῆς
316 1698 429 1734 γνώμης
459 1699 664 1734 ἀλλοιουμένης.
695 1696 780 1732 Οὗτος
803 1700 892 1727 τοίνυν
920 1701 935 1727 6

145 1739 287 1771 νεανίσκος
303 1740 340 1775 μὴ
355 1740 564 1776 ἐπαρκούμενος
572 1741 650 1776 παρά
660 1741 711 1776 τῆς
733 1742 802 1774 ἰδίας
818 1742 933 1777 μητρὸς,

145 1780 276 1812 πολλάκις
294 1782 344 1815 τὴν
359 1782 428 1808 ἰδίαν
454 1782 548 1818 ἤσθιεν
571 1783 683 1818 κόπρον,
703 1784 750 1811 καὶ
775 1784 821 1810 τὸν
838 1784 934 1811 ἑαυτοῦ

145 1821 238 1848 ἔπινεν
256 1822 346 1857 οῦρον.
361 1823 515 1859 κλαιούσης
530 1822 576 1851 οῦν
596 1825 645 1859 τῆς
659 1825 762 1861 μητρὸς
778 1826 872 1860 αὑτοῦ,
888 1826 935 1853 καὶ

147 1864 249 1898 σφόδρα
266 1864 422 1900 άνιωμένης
448 1865 494 1891 ἐπὶ
514 1867 548 1901 τῇ
568 1868 696 1902 συμφορᾷ
723 1867 872 1903 ἀπορρήτῳ
887 1867 933 1894 τοῦ

146 1904 205 1931 υἱοῦ
221 1905 317 1940 αὐτῆς,
331 1905 379 1932 καὶ
395 1906 481 1933 πολλὰ
494 1907 707 1942 παρακαλούσης
720 1908 767 1935 τὸν
779 1909 869 1942 ἆγιον,
886 1909 934 1935 καὶ

145 1945 287 1981 δεομένης,
310 1946 400 1974 λαϐὼν
428 1949 532 1975 ἐκεῖνον
550 1950 565 1975 ὁ
591 1949 725 1984 ἀήττητος
750 1950 871 1985 ἀθλητὴς
887 1951 934 1977 τοῦ

145 1987 265 2022 Χριστοῦ
285 1989 439 2025 Μακάριος.
460 1990 597 2025 ἐπηύξατο
623 1991 700 2026 αὐτῷ
719 1992 766 2018 τὸν
791 1992 859 2019 Θεὸν
879 1993 935 2019 ῑκε-

145 2028 243 2056 τεύων.
257 2029 312 2056 Kal
331 2032 399 2065 μετὰ
416 2031 479 2066 μίαν
502 2033 548 2059 καὶ
560 2032 692 2068 δευτέραν
704 2034 810 2068 ἡμέραν
828 2033 934 2060 ὐπελώ-

146 2078 233 2112 φησεν
247 2069 292 2096 τοῦ
310 2071 397 2098 δεινοῦ
412 2073 515 2105 πάθους
526 2075 539 2100 6
550 2074 664 2109 δαίμων.
677 2074 759 2109 Λέγει
771 2073 818 2102 οὖν
828 2075 888 2102 τότε
899 2077 932 2112 τῇ

144 2111 192 2137 τοῦ
212 2112 354 2138 νεανίσκου
369 2114 468 2149 μητέρι
479 2116 493 2141 6
507 2115 583 2149 ᾶγιος
598 2116 754 2150 Μακάριος,
773 2117 858 2144 Πόσον
872 2111 932 2145 ὲθέέ

145 2151 203 2184 λεις
213 2152 313 2180 ἐσθίειν
331 2162 380 2181 σου
392 2155 437 2182 τὸν
450 2156 521 2189 υζόν;
540 2158 570 2183 ’Π
581 2157 609 2184 δὲ
621 2158 790 2194 ἀπεκρίνατο
804 2159 932 2193 λέγουσα·

148 2194 251 2229 Δέομαί
266 2204 323 2228 σου,
340 2196 498 2232 δεκάλιτρον
515 2198 644 2226 κέλευσον
669 2201 763 2235 ἄρτου.
788 2201 933 2236 Ἐπιτιμή-

986 255 1034 281 καὶ
1061 255 1099 291 τῷ
1123 256 1261 292 ὁμωνύμῳ
1286 256 1334 283 τοῦ
1361 257 1509 292 σεϐασμίου
1537 257 1678 292 ὀνόματος,
1703 257 1776 291 λέγω

985 297 1017 332 δὴ
1045 298 1084 333 τῷ
1105 299 1176 334 ἁγίῳ
1198 300 1334 335 Μακαρίῳ
1357 300 1397 335 τῷ
1423 300 1596 334 Ἀλεξανδρεῖ
1612 320 1620 332 ,
1648 300 1776 327 συντετύ-

985 346 1059 373 χηκα
1094 341 1272 376 πρεσϐυτέρῳ
1301 341 1359 368 ὄντι
1390 341 1444 368 τῶν
1469 342 1625 376 λεγομένων
1648 342 1773 368 κελλίων.

989 380 1037 412 Εἰς
1051 380 1069 408 ἃ
1083 382 1177 409 κελλία
1198 383 1353 419 παρῴκησα
1372 384 1427 418 ἐγὼ
1442 384 1581 410 ἐνναετίαν
1592 392 1599 398 ·
1614 384 1642 410 ἐν
1657 381 1698 416 οἷς
1710 384 1775 420 τρία

986 421 1033 457 ἔτη
1055 432 1100 458 μοι
1114 424 1249 460 ἐπέζησεν
1265 426 1280 452 6
1307 426 1442 461 μακάριος
1454 422 1532 457 οὗτος
1547 425 1730 461 καθεζόμενος
1745 427 1774 452 ἐν

984 464 1096 501 ἡσυχίᾳ.
1115 466 1170 493 Kal
1181 466 1216 493 τὰ
1233 466 1284 502 μὲν
1298 465 1367 494 εῖδον
1383 467 1438 502 ἐγὼ
1461 468 1526 504 παρ’
1544 467 1627 495 αὐτοῦ
1643 470 1692 501 τῆς
1711 467 1773 504 ἀρί-

986 517 1054 544 στης
1066 508 1149 535 αὑτοῦ
1165 509 1302 541 πολιτείας
1319 510 1387 545 ἔργα
1403 510 1450 536 καὶ
1467 511 1579 545 σημεῖα,
1597 509 1632 536 τὰ
1652 510 1681 536 δέ
1698 510 1775 545 παρὰ

986 552 1038 578 τῶν
1052 550 1139 586 τούτῳ
1153 551 1367 587 συμϐιωσάντων
1378 552 1538 588 μεμάθηκα,
1551 551 1585 578 τά
1601 551 1629 578 δέ
1646 553 1693 579 καὶ
1709 551 1774 587 παρ’

985 593 1029 620 ἑτέ
1033 602 1087 629 ρων
1103 593 1233 620 πλειόνων
1248 593 1365 628 ἀκήκοα.

1021 653 1106 688 υῧτος
1131 657 1296 692 θεασάμενός
1313 665 1380 683 ποτε
1401 656 1478 692 παρὰ
1494 655 1533 692 τῷ
1551 656 1660 692 μεγάλῳ
1686 656 1774 691 Πατρὶ

991 697 1127 733 Ἀντωνίῳ
1150 698 1214 733 βαΐα
1238 699 1366 731 ὲκλεκτὰ,
1387 699 1468 725 αὑτὸν
1492 699 1675 734 ἐργαζόμενον
1689 698 1773 734 ᾔτησε

985 739 1051 774 παρ’
1074 740 1157 766 αὑτοῦ
1177 741 1240 775 μίαν
1266 741 1369 776 δέσμην
1389 741 1443 766 τῶν
1458 740 1554 775 βάτων.
1570 739 1637 766 Εἷπε
1654 740 1682 766 δὲ
1705 738 1774 774 πρὸς

985 781 1068 809 αὐτὸν
1089 783 1103 808 6
1126 782 1288 814 Ἀντὼνιος”
1308 783 1483 818 Γέγραπται,
1513 783 1570 809 υὺκ
1591 782 1773 818 ἐπιθυμήσεις

984 824 1019 849 τὰ
1033 822 1080 849 τοῦ
1096 823 1210 859 πλησίον
1228 825 1293 859 σουι·
1310 824 1358 851 καὶ
1374 823 1455 859 μόνον
1470 824 1605 857 εἰπόντος,
1620 823 1722 855 εὐθέως
1738 823 1774 851 τὰ

987 865 1049 900 βαΐα
1073 866 1172 900 πάντα,
1188 867 1225 899 ὡς
1245 867 1296 894 ὑπὸ
1313 867 1398 902 πυρὸς
1422 867 1541 903 ἐφρύγη.
1565 867 1655 903 Ὅπερ
1682 866 1743 894 ἰδὼν
1759 867 1774 893 ὁ

992 907 1143 941 Ἀντώνιος,
1159 908 1211 944 ἔφη
1224 908 1263 944 τῷ
1279 909 1425 943 Μακαρίῳ,
1447 909 1512 936 Ἰδοὺ
1529 909 1722 936 ἀναπέπαυται
1742 908 1774 935 τὸ

985 949 1097 985 Πνεῦμα
1110 951 1156 976 ἐπὶ
1170 951 1209 984 σὲ,
1227 952 1274 978 καὶ
1287 952 1338 988 ὲσῃ
1353 960 1399 987 μοι
1413 952 1507 979 λοιπδν
1519 951 1573 979 τῶν
1582 951 1657 987 ἐμῶν
1667 951 1773 987 ἀρετῶν

985 991 1162 1028 κληρονόμος.

1026 1064 1146 1092 Ἐκεῖθεν
1165 1065 1247 1093 πάλιν
1275 1066 1357 1094 αὑτὸν
1380 1066 1395 1093 6
1421 1065 1545 1098 διάϐολος
1574 1062 1656 1101 εὗρεν
1678 1067 1708 1094 ἐν
1739 1067 1773 1102 τῇ

985 1107 1081 1143 ἐρήμῳ
1093 1108 1155 1134 λίαν
1178 1110 1339 1144 κεκμηκότα
1352 1108 1391 1144 τῷ
1417 1108 1535 1143 σώματι,
1554 1109 1602 1135 καί
1623 1117 1689 1144 φησι
1707 1108 1776 1143 πρὸς

985 1149 1075 1175 αὐτόν·
1095 1149 1161 1176 Ἰδοὺ
1176 1150 1225 1186 τὴν
1243 1151 1323 1186 χάριν
1336 1150 1450 1185 εἴληφας
1476 1150 1631 1177 Ἀντωνίου.
1652 1151 1684 1176 Τί
1707 1151 1775 1186 δῆτα

988 1189 1026 1226 μὴ
1040 1191 1174 1227 κέχρησαι
1187 1191 1226 1227 τῷ
1248 1191 1404 1227 ἀξιώματι;
1426 1191 1473 1218 καὶ¹
1499 1192 1585 1223 αἰτεῖς
1604 1192 1681 1227 παρὰ
1704 1192 1773 1219 Θεοῦ

985 1232 1117 1268 βρώματα
1145 1235 1191 1260 καὶ
1211 1234 1288 1269 ίσχὺν
1317 1234 1385 1270 πρὸς
1413 1233 1462 1270 τήν
1488 1233 1663 1270 ὁδοιπορίανς
1690 1234 1719 1261 ’0
1745 1234 1774 1261 δέ

984 1284 1051 1310 φησι
1066 1276 1133 1311 πρὸς
1148 1276 1246 1303 αὐτόν’
1277 1277 1365 1311 Ὶσχύς
1384 1286 1434 1312 μου
1461 1277 1509 1303 καὶ
1534 1275 1666 1313 ῦμνησίς·
1683 1285 1734 1312 μου
1758 1277 1773 1303 ὁ

984 1318 1086 1353 Κύριός
1105 1319 1179 1344 ἐστιν
1195 1326 1201 1334 ·
1216 1319 1247 1345 σὺ
1264 1319 1293 1345 δέ
1308 1319 1357 1346 οὐκ
1369 1320 1545 1354 ἐκπειράσεις
1561 1319 1606 1347 τὸν
1618 1319 1711 1346 δοῦλον
1725 1319 1772 1346 τοῦ

984 1360 1064 1387 Θεοῦ.
1079 1361 1154 1387 Ποιεῖ
1167 1358 1214 1388 οὖν
1228 1361 1365 1396 φαντασία
1381 1362 1395 1387 6
1411 1361 1533 1393 διάϐολος
1551 1361 1674 1397 κάμηλον
1690 1361 1773 1395 ἀχθο-

985 1402 1067 1437 φόρον
1085 1402 1129 1428 διὰ
1151 1402 1200 1438 τῆς
1224 1402 1328 1438 ἐρήμου
1350 1401 1536 1438 πλαζομένην,
1552 1403 1666 1438 ἔχουσαν
1684 1404 1773 1429 πάντα

984 1444 1020 1471 τὰ
1038 1444 1106 1479 τιρὺς
1125 1444 1173 1479 τὴν
1191 1444 1286 1480 χρείαν
1299 1445 1441 1479 ἐπιτήδεια
1451 1453 1458 1460 ·
1470 1445 1530 1480 ἥτις
1545 1444 1637 1471 ἰδοῦσα
1650 1445 1695 1472 τὸν
1710 1446 1772 1472 Μα-

984 1486 1081 1520 κάριον
1099 1485 1253 1521 ἔμπροσθεν
1273 1486 1355 1512 αὑτοῦ
1375 1486 1514 1513 ἐκάθισεν.
1538 1486 1567 1513 '0
1584 1486 1613 1513 δὲ
1626 1486 1770 1513 ὑπολαϐὼν

985 1527 1049 1554 αὐτὸ
1065 1527 1210 1562 φάντασμα
1224 1525 1305 1560 εἶναι,
1319 1528 1387 1563 ὅπερ
1404 1528 1451 1555 καὶ
1460 1525 1505 1563 ἦν,
1519 1528 1583 1564 ἔστη
1598 1529 1638 1561 είς
1656 1537 1775 1565 προσευ-

986 1573 1052 1607 χήν⁶
1069 1572 1086 1607 ἡ
1099 1571 1127 1598 δὲ
1144 1572 1225 1603 εὐθὺς
1243 1573 1282 1603 εἱς
1297 1572 1346 1607 τὴν
1365 1573 1417 1607 γῆν
1432 1573 1582 1608 κατεπόθη.
1617 1597 1620 1599 .

1020 1611 1106 1644 Οὗτος
1125 1613 1194 1648 ἀνὴρ
1205 1614 1346 1648 Μακάριος
1357 1614 1493 1646 πολιτικὸς
1504 1614 1635 1650 ὑπάρχων
1646 1616 1771 1652 συνήφθη

985 1654 1050 1681 ποτὲ
1063 1654 1101 1689 τῷ
1121 1654 1230 1690 μεγάλῳ
1242 1655 1388 1691 Μακαρίῳ,
1405 1656 1452 1683 καὶ.
1467 1655 1505 1688 ὡς
1529 1656 1642 1691 ἔμελλον
1661 1657 1773 1692 διαπορ-

985 1697 1096 1732 θμεύειν
1108 1696 1153 1723 τὸν
1167 1697 1273 1728 Νεῖλον,
1288 1697 1386 1732 συνέϐη
1396 1697 1527 1724 εἰσελθεῖν
1538 1698 1636 1730 αὐτοὺς
1653 1701 1693 1730 εις
1707 1709 1775 1735 πορ-

985 1740 1078 1774 θμεῖον
1096 1740 1234 1774 μέγιστον,
1252 1740 1281 1765 ἐν
1297 1736 1319 1773 ᾧ
1332 1739 1469 1774 τριϐοῦνοί
1492 1749 1564 1771 τινες
1578 1740 1648 1776 μετά
1674 1741 1774 1769 πολλοῦ

985 1781 1091 1816 κόμπου
1103 1781 1325 1817 είσεληλύθησαν,
1340 1781 1426 1816 ρέδιον
1437 1781 1546 1816 ἔχοντες
1559 1782 1715 1817 όλόχαλκον,
1726 1784 1774 1810 καὶ

984 1823 1195 1859 χρυσοχαλίνους
1220 1823 1330 1856 ἵππους,
1349 1823 1396 1849 καὶ
1411 1822 1577 1858 δορυφόρους
1592 1825 1668 1856 τινὰς
1690 1833 1774 1860 στρα-

983 1867 1094 1899 τιώτας,
1110 1868 1154 1894 καὶ
1171 1867 1345 1903 κλοιοφόρους
1369 1867 1466 1899 παῖδας
1480 1867 1669 1902 γρυσοζώνους
1685 1868 1771 1900 τινάς.

991 1909 1033 1941 '0;
1048 1907 1095 1936 οὖν
1110 1909 1163 1936 ῐδον
1190 1910 1253 1941 τοὺς
1271 1909 1405 1945 μοναχοὺς
1427 1909 1452 1935 οί
1468 1909 1603 1943 τριϐοῦνοι
1622 1909 1693 1944 ῥάκη
1719 1918 1773 1936 πα-

983 1950 1048 1977 λαιὰ
1062 1950 1261 1986 ἐνδεδυμένους,
1278 1951 1327 1978 καὶ
1337 1950 1510 1986 καθημένους
1532 1951 1572 1982 εἰς
1587 1950 1639 1986 τὴν
1659 1951 1772 1984 γωνίαν,

983 1992 1152 2028 ἐμακάριζον
1170 1994 1261 2020 αὐτῶν
1285 1993 1333 2028 τὴν
1348 1992 1497 2019 εὐτέλειαν.
1525 1990 1572 2024 Εἷς
1586 1993 1615 2018 δέ
1637 1992 1667 2024 ἐξ
1681 1993 1771 2019 αὐτῶν

983 2034 1037 2060 τῶν
1061 2034 1209 2071 τριϐούνων
1236 2035 1288 2070 ἐφη
1311 2034 1380 2070 πρὸς
1401 2034 1519 2065 αὐτοὺς,
1546 2033 1687 2067 Μακάριοί
1708 2033 1771 2060 ἐστε

984 2078 1063 2113 ὑμεῖς
1078 2077 1102 2103 οἱ
1119 2076 1159 2111 τῷ
1181 2077 1277 2112 κόσμῳ
1301 2076 1494 2112 ἐμπαίξαντες.
1517 2075 1689 2111 Ἀποκριθεὶς
1710 2076 1738 2103 δὲ
1756 2077 1772 2103 6

984 2118 1121 2150 πολιτικὸς
1137 2119 1290 2153 Μακάριος,
1308 2115 1368 2144 εἷπε
1386 2118 1454 2154 πρὸς
1472 2117 1580 2149 αὐτούς·
1607 2117 1704 2152 Ἡμεῖς
1722 2118 1772 2153 μὲν

983 2160 1022 2196 τῷ
1040 2161 1136 2196 κόσμῳ
1147 2160 1341 2195 ἐνεπαίξαμεν,
1354 2160 1419 2195 ὑμῖν
1433 2159 1462 2186 δέ
1473 2161 1486 2186 6
1501 2160 1602 2195 κόσμος
1617 2159 1771 2193 ἐνέπαιξεν.

985 2203 1104 2230 Γίνωσκε
1116 2203 1144 2229 δέ
1158 2203 1200 2229 ὅτι
1222 2202 1272 2237 οὐχ
1291 2201 1374 2235 ἐκὼν,
1400 2200 1469 2228 ἀλλὰ
1497 2201 1678 2237 προφητεύων
1693 2202 1773 2230 τοῦτο

146 2244 195 2281 σας
210 2236 239 2262 δὲ
253 2237 322 2281 αύτῇ
340 2238 464 2281 σφοδρῶς
480 2240 518 2271 ὡς
533 2240 601 2267 πολὺ
616 2241 760 2276 εἰρηκυίας
772 2262 779 2272 .
794 2240 880 2274 εἶπεν,
898 2241 933 2270 Ὦ
947 2236 972 2265 Ῐ)
986 2246 1112 2281 εἴρηκας.
1139 2236 1302 2280 Ἀμφότεροι
1324 2243 1378 2279 γὰρ
1396 2236 1529 2280 μακάριοι
1545 2236 1712 2280 καλούμεθα.
1742 2245 1773 2272 ’0

144 2277 237 2311 γύναι,
259 2278 285 2304 τί
325 2279 404 2306 τοῦτο
430 2280 580 2315 ἐλάλησας;
608 2283 664 2309 Καὶ
680 2283 866 2318 ἐπευξάμενος
894 2285 932 2320 τῷ

145 2319 280 2355 νεανίσκῳ
297 2320 367 2348 ἑπτὰ
378 2321 498 2357 ἡμέραις
516 2323 585 2357 μετὰ
597 2324 734 2358 νηστείας,
747 2325 794 2351 καὶ
803 2325 933 2358 ἐξελάσας

145 2360 189 2387 ἐπ’
203 2361 288 2388 αὑτοῦ
313 2362 359 2392 τὸν
376 2362 514 2399 ἀλάστορα
536 2363 652 2398 δαίμονα
680 2365 730 2400 τῆς
748 2366 931 2401 πολυφαγίας,

147 2402 261 2444 ἐστησεν
277 2403 352 2438 αὺτῷ
369 2404 418 2439 τὴν
433 2404 538 2432 δίαιταν
554 2405 604 2440 τῆς
619 2407 724 2441 τροφῆς
738 2408 778 2439 είς
794 2409 933 2444 τρίλιτρον

145 2443 239 2479 ἄρτου,
255 2444 293 2475 ὡς
304 2444 421 2478 ὀφείλειν
433 2446 515 2472 αὐτὸν
531 2446 715 2481 ἐργαζόμενον
729 2449 808 2476 τοῦτο
821 2443 932 2478 ἐσθίειν.

145 2485 200 2512 Kal
213 2485 300 2519 τούτῳ
315 2485 354 2520 τῷ
375 2485 469 2521 τρόπῳ
492 2489 525 2522 τῇ
551 2487 598 2514 τοῦ
624 2488 692 2515 Θεοῦ
715 2490 807 2525 χάριτι
831 2492 878 2518 καὶ
899 2493 932 2527 τῇ

145 2526 304 2574 θεοφορήτιρ
313 2527 395 2574 αὑτοῦ
407 2528 530 2574 πολιτείᾳ
541 2530 770 2574 ἀποθεραπεύσας
780 2532 825 2558 τὸν
837 2526 931 2567 παῖδα,

145 2568 333 2610 ἀπέδωκεν“τῇ
351 2569 454 2605 μητέρι
474 2571 489 2596 ό
514 2571 604 2606 πάσης
617 2572 778 2608 δαιμονικῆς
791 2575 933 2610 ἐνεργείας

144 2609 381 2652 ἀνανταγῴνιστος
406 2610 460 2652 ,τοῦ
485 2612 604 2647 Χριστοῦ
632 2613 752 2650 ἀθλητὴς
778 2609 931 2652 Μακάριος.

145 2649 237 2677 Ταῦτα
249 2651 284 2677 τὰ
295 2651 435 2686 παράδοξα
444 2652 570 2687 θαύματα
585 2655 732 2690 πεποίηκεν
740 2657 753 2683 6
761 2656 828 2688 Θεὸς
835 2649 878 2684 διά
885 2658 932 2684 τοῦ

146 2689 361 2734 ἑαυτοῦγνησίου
377 2693 454 2727 φίλου
468 2694 622 2730 Μακαρίου,
640 2689 698 2732 οὗή
713 2697 845 2730 ἀθάνατος
860 2698 932 2734 ψυχὴ

146 2730 194 2773 νῦν
209 2732 267 2766 μετ’
281 2733 404 2768 ἀγγέλων
420 2735 487 2763 ἐστί.
499 2736 544 2771 Τῷ
556 2737 626 2773 ἁγίῳ
636 2730 723 2773 τούτῳ
738 2738 792 2772 ἐγὼ
802 2740 832 2766 οὐ
844 2730 933 2766 συντελ

145 2771 255 2816 τύχηκιξ
272 2781 280 2789 ·
293 2774 346 2810 πρὸ
367 2777 492 2804 ἐνιαυτοῦ
515 2778 569 2814 γάρ
582 2771 628 2814 τῆς
652 2780 692 2811 είς
709 2771 812 2816 ἔρημον
830 2782 932 2808 εἰσόδου

146 2813 216 2848 ἐμῆς
226 2811 304 2847 οὗτος
316 2815 331 2842 6
350 2811 584 2855 πολεμιστὴςντῶν
598 2811 704 2856 άλόγων
718 2811 812 2850 παθῶν
829 2824 932 2851 ἐκεκοί-

149 2863 228 2890 μητο.

983 2287 1011 2314 δὲ
1026 2286 1205 2322 κατανυχθεὶς
1232 2285 1330 2321 ἐπὶτῷ
1346 2285 1419 2321 λόγῳ
1436 2286 1561 2313 ἀπελθὼν
1585 2288 1655 2314 οἴκοι
1669 2286 1772 2312 ἀπεδύ-

984 2337 1049 2356 σατο
1060 2329 1094 2356 τὰ
1105 2329 1210 2364 ἱμάτια,
1223 2329 1271 2356 καὶ
1284 2328 1412 2364 μονάζειν
1425 2329 1562 2364 ᾑρήσατο,
1574 2329 1691 2364 ποιήσας
1706 2328 1772 2354 πολ-

982 2371 1032 2404 λάς
1045 2371 1240 2408 ἐλεημοσύνας.

1020 2444 1132 2472 Ἀλλοτε
1157 2444 1186 2471 δέ
1216 2444 1354 2479 σταφυλῆς
1377 2444 1551 2479 πεμφθείσης
1572 2443 1647 2479 αὒτῷ
1671 2452 1771 2480 νεαρας

983 2487 1185 2523 ἐπιθυμήσαντι
1199 2487 1373 2522 μεταλαϐεῖν,
1388 2486 1593 2520 ἐνδεικνύμενος
1602 2486 1652 2521 τὴν
1666 2487 1770 2522 ἐγκρά-

984 2537 1073 2562 τειαν,
1104 2528 1268 2556 ἀπέστειλεν
1297 2528 1382 2564 αὐτὴν
1407 2527 1475 2562 πρὸς
1499 2527 1613 2562 ἀδελφόν
1640 2537 1701 2554 τινα
1723 2529 1771 2555 κά-

986 2579 1096 2606 μνοντα,
1115 2571 1164 2598 καὶ
1178 2571 1259 2597 αὑτὸν
1276 2569 1415 2604 σταφυλὴν
1429 2568 1631 2604 ἐπιθυμοῦντα·
1648 2569 1676 2601 6;
1690 2569 1770 2602 δεξά‹

985 2622 1064 2648 μενος
1092 2613 1139 2640 καὶ
1166 2612 1227 2639 λίαν
1259 2611 1414 2647 περιχαρὴς
1441 2612 1606 2646 γενόμενος,
1637 2612 1770 2647 κρύπτειν

983 2654 1080 2682 ἑαυτοῦ
1095 2654 1144 2689 τὴν
1166 2653 1331 2689 ἐγκράτειαν
1349 2652 1521 2687 βουλόμενος,
1538 2653 1606 2687 πρὸς
1626 2653 1705 2679 ἄλλον
1720 2654 1770 2680 αύ-

982 2698 1031 2732 τὴν
1043 2696 1157 2730 ἀδελφὸν
1169 2694 1372 2727 ἐξαπέστειλεν,
1382 2690 1420 2725 ὥς
1434 2695 1516 2726 αὐτὸς
1530 2695 1684 2730 ἀνορέκτως
1700 2694 1769 2729 ἔχων

982 2739 1048 2775 περὶ
1062 2739 1092 2765 τὸ
1107 2737 1213 2773 βρῶμα.
1229 2736 1381 2771 Δεξάμενος
1393 2736 1420 2762 δὲ
1436 2737 1518 2763 πάλιν
1531 2737 1656 2766 κακεῖνος
1666 2737 1696 2763 τὺ
1704 2737 1770 2763 αὐτὸ

982 2779 1127 2815 πεποίηκε,
1148 2779 1208 2805 λίαν
1224 2778 1315 2805 ποθῶν
1336 2779 1382 2804 καὶ
1402 2779 1483 2810 αὐτὸς
1509 2779 1680 2814 μεταλαϐεῖν.
1725 2779 1770 2812 Ὠς

982 2823 1010 2850 δὲ
1025 2822 1118 2849 λοιπὸν
1134 2821 1173 2852 είς
1187 2820 1302 2852 πολλοὺς
1319 2820 1450 2855 ἀδελφοὺς
1465 2818 1546 2856 ἦλθον
1561 2821 1589 2848 al
1614 2822 1748 2856 σταφυλαὶ
1760 2841 1768 2853 .

985 2864 1097 2900 μηδενὸς
1113 2862 1288 2899 βουληθέντος
1301 2862 1390 2890 αὐτῶν
1403 2863 1575 2898 μεταλαϐεῖν,
1590 2863 1605 2890 ὁ
1614 2864 1769 2897 τελευταῖος
