2077 3154
299 151 365 184 1051

1026 145 1205 176 PALLADII

1860 142 1928 175 1052

297 205 400 242 λαϐὼν,
419 208 488 244 πρὸς
501 208 644 243 Μαίἱριον
664 207 744 235 πάλιν
770 207 941 239 ἀπέστειλεν,
961 205 998 242 ᾡς
1015 205 1085 240 μέγα
1102 207 1124 235 Α
1139 203 1293 239 ὑπερϐολὴν
1313 202 1361 238 τῆς
1384 202 1482 237 ἀτίμου
1513 202 1612 238 τέχνης
1632 202 1730 230 αὐτῶν.
1746 201 1833 229 Τοῦτο
1858 202 1886 229 δὲ
1898 205 1929 230 τὸ

297 257 386 292 δῶρον
399 255 472 290 αὐτῷ
487 255 678 291 χαριζόμενος.
700 254 844 288 Ἐπιγνοὺς
856 254 884 280 δὲ
899 253 985 284 αὐτὰς
1000 254 1014 279 6
1027 253 1088 279 Μα-

299 302 394 338 κάριος
403 303 450 328 καὶ
460 302 740 336 πολυπραγμονήσας,
752 300 908 336 ἐθαύμασεν
919 299 1088 335 εὐχαριστῶν

299 349 338 383 τῷ
355 348 450 383 Κυρίῳ
478 347 525 373 ἐπὶ
552 349 584 382 τῇ
606 347 719 382 τοιαύτῃ
742 347 832 374 αὐτῶν
859 345 1020 381 ἐγκρατείᾳ,
1041 345 1088 371 καὶ

298 393 359 420 οὐδὲ
377 393 458 425 αὐτὸς
473 393 563 420 αὐτῶν
581 394 651 424 τέως
667 393 844 428 μετείληφεν.

348 439 380 465 'H
401 439 451 474 μέν
464 437 511 465 οὖν
527 439 643 474 ἄσκησις
669 439 717 465 τοῦ
747 438 866 473 μεγάλου
880 437 1036 473 Μακαρίου,
1054 437 1088 472 ἢν

299 483 356 518 ἐγὼ
366 484 412 511 καὶ
430 484 522 511 πολλοὶ
544 485 609 520 παρ’
625 484 699 519 αὐτῷ
720 484 926 520 ήκριῦώσαμεν,
947 481 982 518 ἦν
1007 483 1087 517 αῦτη.

300 530 334 557 EI
343 539 369 557 τι
385 531 503 565 ἀκήκοεν
519 530 629 557 πώποτέ
645 539 706 556 τινα
723 530 893 564 πεποιηκότα
907 529 986 564 ἔργον
999 529 1089 564 ἀσκή-

300 586 380 608 σεως,
392 577 532 612 διαπύρως
543 576 651 608 πάντως
665 576 744 603 τοῦτο
758 575 952 610 κατώρθωσεν.

342 622 473 653 Ἀκούσας
489 621 536 648 οὖν
562 622 637 656 παρά
652 630 733 648 τινων
750 622 791 648 δτι
815 621 840 647 οἱ
866 620 1088 655 Ταόεννησιῶται

301 668 345 700 διὰ
368 668 460 703 πάσης
485 668 536 701 τῆς
559 668 788 704 Τεσσαρακοστῆς
813 668 948 694 ἐσθίουσιν
972 668 1087 702 ἄπυρον,

301 713 408 748 ἔκρινεν
422 711 500 745 οὗτος
515 714 529 739 6
541 713 619 747 ἅγιος
634 714 679 740 ἐπὶ
693 714 839 741 ἑπταετίαν
852 714 896 740 διὰ
915 713 1001 749 πυρὸς
1013 714 1087 748 διερο

301 758 416 793 νόμενον
434 758 472 793 μὴ
489 759 587 792 φαγεῖν
597 765 605 772 ·
622 758 692 793 πλὴν
704 757 828 793 λαχάνων
840 758 934 793 ὠμῶν,
947 758 974 784 εί
983 766 1048 784 ποτε
1061 757 1089 784 δέ

301 804 349 831 καὶ
365 804 513 840 παρεῦρεν,
531 804 547 839 ἢ
560 804 707 840 ὀσπριόίων
724 804 858 840 βρεκτῶν,
879 803 993 840 μηδενὸς
1007 803 1088 831 ἄλλου

302 850 472 884 γευσάμενος
487 851 516 876 ἐν
533 850 648 882 ἐκείνοις
670 851 727 881 τοῖς
741 850 811 876 ἑπτὰ
823 850 921 876 ἐτεσιν.
943 848 1089 885 Κατορθω-

1141 249 1313 284 κηποτάφιον
1337 249 1450 282 γέγονεν
1475 249 1541 284 παρ’
1570 248 1652 275 αὑτοῦ
1680 249 1727 275 τοῦ
1752 249 1854 276 Ὶαννοῦ
1882 251 1930 276 καὶ

1145 294 1274 330 Ἰαμδροῦ
1291 294 1347 321 τῶν
1369 294 1502 329 ἀδελφῶν,
1521 293 1555 321 δι’
1566 294 1720 330 ὑπερὸολὴν
1734 295 1783 330 τῆς
1807 295 1928 330 μαγικῆς

1138 341 1238 376 τέχνης
1256 340 1290 367 τὰ
1304 341 1399 374 πρῶτα
1417 340 1532 375 ἐχόντων
1554 340 1615 367 κατ’
1636 341 1726 367 ἐκεῖνο
1741 341 1838 376 καιροῦ
1853 341 1929 376 παρὰ

1139 387 1178 422 τῷ
1192 387 1302 422 Φαραώ.
1326 387 1370 418 Ὠς
1386 385 1432 413 οὖν
1457 386 1557 422 πολλὴν
1587 388 1750 422 κεκτημένοι
1774 387 1825 423 τὴν
1847 388 1928 415 δυνα-

1140 441 1185 459 στε
1190 432 1232 459 ίαν
1239 433 1289 467 τὴν
1298 433 1326 459 ἐν
1334 432 1464 467 Αἰγύπτῳ
1472 433 1502 460 ἐν
1509 433 1548 468 τῷ
1555 433 1606 468 τῆς
1613 433 1686 468 ζωῆς
1694 433 1784 461 αὐτῶν
1790 434 1888 470 χρόνῳ,
1896 434 1930 461 ἐκ

1139 479 1313 513 τετραπέδων
1327 479 1408 505 λίθων
1419 478 1531 506 ἔκτισαν
1553 480 1584 506 τὺ
1596 480 1678 515 ἔργον
1699 481 1798 512 ἐκεῖνο,
1812 481 1843 507 ἐν
1853 481 1929 516 αὐτῷ

1141 525 1237 560 μνῆμα
1256 525 1448 560 πεποιηκότες,
1464 526 1510 552 καὶ
1521 525 1622 561 χρυσὸν
1647 526 1730 554 πολὺν
1751 526 1927 562 ἀποθόμενοι.

1145 570 1314 605 Ἑφύτευσαν
1326 571 1353 597 δὲ
1371 571 1419 597 καὶ
1437 571 1534 606 δένδρα
1551 572 1676 604 παντοῖα,
1692 573 1739 599 καὶ
1753 573 1843 609 φρέαρ
1863 573 1929 600 ὕδα-

1139 626 1184 648 τος
1199 617 1330 651 μέγιστον
1344 616 1470 652 ὥρυξανο
1487 617 1608 652 ὕπικμος
1623 618 1678 654 γάρ
1702 618 1777 645 ἐστιν
1795 619 1811 644 6
1835 618 1928 650 τόπος.

1140 662 1232 690 Ταῦτα
1244 662 1272 690 δὲ
1286 663 1376 690 πάντα
1389 663 1532 698 ἐποίησαν.
1552 663 1709 696 ἐλπίζοντες
1730 665 1800 698 μετά
1819 664 1869 700 τὴν
1884 665 1929 691 ἐνυ

1141 709 1237 736 τεῦθεν
1249 711 1338 737 ἐκεῖσε
1351 710 1445 745 άφιξιν
1458 711 1486 737 ἐν
1498 711 1585 746 τούτῳ
1597 711 1636 746 τῷ
1645 710 1802 746 παραδείσῳ
1811 711 1927 746 τρυφᾷν.

1140 755 1223 787 Τέλος
1235 756 1282 783 οὖν
1295 757 1399 790 ἀγνοῶν
1412 756 1460 792 τὴν
1480 757 1539 783 ὁδὸν
1558 757 1678 790 ἄγουσαν
1710 756 1757 784 ἐπὶ
1775 756 1870 783 τοῦτον
1883 755 1930 782 τδν

1139 801 1222 828 τόπον
1245 802 1260 827 6
1283 801 1331 828 τοῦ
1354 801 1473 837 Χριστοῦ
1499 802 1593 834 δοῦλος
1609 802 1763 838 Μακάριος,
1781 802 1930 838 στοχασμῷ

1143 846 1223 882 μόνον
1235 846 1380 882 ἠκολούθει
1394 849 1451 879 τοῖς
1469 848 1598 884 ἀστροις”
1622 848 1749 882 καθάπερ
1769 849 1795 875 οι
1807 849 1930 875 ναυτικοὶ

303 903 352 926 σας
366 892 413 922 οὖν
435 894 515 921 τοῦτο
537 895 708 922 κατέπτυσεν
730 894 832 929 ταύτης
859 894 910 929 τῆς
940 894 1088 924 πολιτείας.
1106 890 1126 917 Β
1140 892 1327 925 διαὸαίνοντες
1343 894 1378 920 τὰ
1399 894 1517 929 πελάγη.
1533 894 1627 927 Οὕτως
1647 892 1726 926 οὕτος
1752 895 1767 921 6
1788 895 1865 929 ἅγιος
1879 896 1930 929 τὴν

795 918 815 950 4)

304 940 439 967 Ἤκουσεν
452 940 480 966 δὲ
495 940 559 975 περί
586 949 660 972 τινος
686 939 767 966 ἄλλου
780 939 857 971 οὗτος
881 940 895 965 6
908 939 1018 976 ἄριστος
1035 939 1090 966 τῶν

304 986 429 1021 μοναχῶν
440 986 481 1012 ὃτι
492 986 575 1021 ἄρτου
590 986 686 1021 λίτραν
700 985 794 1018 ἐσθίει,
815 985 864 1012 καὶ
888 984 983 1012 τοῦτον
999 984 1089 1020 ζηλὼ-

305 1042 365 1065 σας,
382 1033 486 1064 κλάσας
500 1033 531 1059 τὸ
546 1033 734 1068 βουκελλάτον,
747 1032 761 1058 6
777 1030 858 1067 εἶχεν,
877 1032 1034 1068 κατήγαγεν
1051 1032 1091 1064 είς

304 1079 438 1114 κεράμια,
470 1078 568 1113 κρίνας
595 1078 723 1105 τοσοῦτον
737 1079 817 1113 μόνον
836 1079 936 1105 ἐσθίειν
948 1079 1010 1106 ὅσον
1023 1079 1056 1106 άν
1073 1079 1091 1114 ἡ

303 1125 363 1159 χεὶρ
379 1124 523 1159 ἀνενέγκῃ.
536 1123 650 1158 Μεγάλη
665 1123 694 1151 δέ
709 1124 757 1150 καὶ
767 1123 838 1159 αὕτη
853 1123 978 1158 σώματος
991 1124 1092 1160 σκληρ-

303 1169 422 1204 αγωγία.
452 1171 578 1204 Διηγεῖτο
602 1169 658 1204 γὰρ
689 1170 755 1204 ἡμῖν
780 1170 1027 1205 χαριεντιζόμενος,
1051 1170 1092 1196 ὅτι

303 1215 543 1251 Περιεδρασσόμην
561 1215 611 1250 μὲν
635 1215 767 1242 πλειόνων
786 1215 960 1250 κλασμάτων,
977 1215 1008 1242 οὐ
1029 1224 1092 1242 συνο

303 1262 465 1297 σχωρούμην
480 1260 509 1287 δέ
534 1260 688 1296 ἐξενεγκεῖν
705 1261 757 1288 ὑπὸ
774 1261 822 1288 τοῦ
841 1262 934 1288 στενοῦ
947 1262 996 1297 τῆς
1011 1262 1090 1297 ὀπῆς.

309 1306 339 1334 Ὀ
355 1305 473 1342 τελώνης
489 1307 543 1341 γάρ
557 1315 608 1341 μου
625 1308 656 1334 οὐ
670 1307 827 1342 συνεχώρει,
845 1308 938 1342 φησὶν,
951 1307 982 1334 τὸ
992 1315 1092 1334 παντε-

303 1352 358 1384 λῶς
373 1361 408 1386 με
421 1351 533 1381 ἐσθίειν.
553 1352 614 1379 Ἐπὶ
633 1353 681 1379 ὂλα
691 1351 738 1380 οὖν
754 1353 818 1389 τρία
827 1353 875 1388 ἐτη
889 1353 991 1389 ταύτην
1007 1354 1093 1389 ἠσκη-

304 1406 349 1424 σεν
356 1398 406 1431 τὴν
416 1398 589 1433 ἐγκράτειαν,
600 1399 735 1435 τέσσαρας
743 1399 760 1434 ἢ
772 1399 853 1426 πέντε
861 1400 974 1432 οὐγκίας
983 1399 1091 1432 ἐσθίων,

302 1441 351 1475 καὶ
361 1444 393 1470 τὸ
411 1443 575 1479 ἀντίρροπον
602 1443 706 1471 τούτων
729 1444 814 1471 πίνων
832 1444 914 1480 ὕδωρ.
937 1444 1040 1480 Ξέστην
1064 1444 1094 1472 δὲ

305 1485 398 1513 ἐλαίου
416 1488 456 1519 είς
471 1488 517 1515 τὸν
528 1488 652 1515 ἐνιαυτὸν
661 1489 754 1524 ἀνήλω
767 1490 807 1521 είς
818 1490 934 1524 τροφήν.

343 1532 427 1568 ’Δλλη
454 1532 573 1568 ἄσκησις
599 1532 647 1559 τοῦ
663 1533 793 1568 ἀθλητοῦ.
815 1533 943 1568 Ἐκρινεν
973 1530 1052 1565 οὕτος
1078 1534 1093 1560 6

303 1578 412 1614 ἀδάμας
425 1577 512 1606 ὕπνου
531 1578 736 1614 περιγενέσθαι.
754 1579 810 1606 Καὶ
830 1579 910 1606 τοῦτο
932 1579 1091 1615 διηγήσατο,

303 1625 345 1652 ὅτι
359 1625 416 1651 Οὐκ
440 1624 567 1660 εἰσῆλθον
585 1624 637 1652 ὑπὸ
653 1625 752 1660 στέγην
777 1626 806 1651 ἐν
820 1625 890 1657 ὅλοις
914 1626 999 1652 εῐκοσι
1013 1625 1093 1660 νυχθ-

303 1670 430 1706 ημέροις,
447 1670 491 1697 ῐνα
505 1670 610 1706 νικήσω
618 1670 701 1697 ὕπνον
710 1679 716 1685 ·
733 1672 790 1702 τοῖς
803 1671 853 1705 μὲν
866 1671 988 1706 καύμασι
996 1670 1094 1705 φλεγό-

305 1725 386 1751 μενος
393 1717 442 1752 τὴν
452 1717 569 1753 ἡμέραν,
578 1718 611 1753 τῇ
625 1717 652 1743 δὲ
661 1719 804 1752 νυκτερινῇ
817 1717 983 1752 στυφόμενος
989 1716 1092 1753 ψυχρό-

304 1771 376 1799 τητι.
385 1763 482 1795 Καὶὼς
488 1763 582 1798 ἔλεγεν
591 1761 679 1796 οὗτος,
690 1764 731 1791 ὅτι
740 1764 771 1790 EE
781 1765 819 1800 μὴ
828 1764 923 1800 τάχιον
932 1764 984 1791 ὑπὸ
994 1764 1093 1798 στέγην

303 1809 440 1844 εἰσῆλθον,
451 1810 664 1846 καὶὲχρησάμην
673 1809 853 1846 ὖπνῳ,οὕτως
864 1809 1001 1845 ἐξηράνθη
1016 1817 1067 1845 μου
1079 1810 1093 1836 6

303 1855 465 1890 ἐγκέφαλος,
479 1856 517 1887 ὡς
531 1856 572 1888 είς
587 1855 717 1883 ἔκστασιν
732 1865 766 1892 με
776 1855 981 1884 ἐλάσαιλοιπόν.
998 1854 1052 1882 Καὶ
1063 1856 1094 1881 τδ

303 1901 366 1928 ὅσον
375 1902 405 1928 ἐν
413 1902 482 1937 ἐμοὶ,
491 1902 584 1936 φησὶν,
591 1902 688 1930 ἐνίκων
697 1902 743 1929 τὸν
753 1902 846 1929 ὕπνον·
859 1901 889 1928 τὸ
895 1901 924 1928 δὲ
933 1902 995 1928 ὅσον
1005 1901 1050 1927 ἐπὶ
1061 1902 1092 1936 τῇ

303 1947 384 1982 φύσει
391 1948 424 1984 τῇ
432 1948 526 1984 χρείαν
532 1947 631 1984 ἐχούσῃ
638 1948 687 1975 τοῦ
699 1948 794 1981 ὕπνου,
805 1946 1091 1984 παρεχώρησαταύτῃ.

339 1994 395 2021 Τοῦ
418 1995 498 2030 ἁγίου
515 1995 614 2022 τούτου
640 1994 823 2031 καθεζομένου
836 1995 889 2021 ὑπὸ
913 1994 985 2030 πρωῒ
1007 1995 1037 2020 ἐν
1054 1993 1093 2028 τῷ

304 2040 414 2074 κελλίῳ,
429 2041 530 2076 κώνωψ
540 2041 606 2072 στάς
619 2042 665 2068 ἐπὶ
679 2041 727 2067 τοῦ
744 2041 824 2072 ποδὸς
840 2040 923 2067 αὑτοῦ
935 2040 1092 2074 ἐκέντησεν.

311 2087 446 2123 ’Δλγήσας
462 2087 492 2114 δέ
503 2088 638 2120 κατέαξεν
660 2087 754 2114 τοῦτον
767 2089 800 2123 τῇ
825 2088 898 2123 χειρὶ
913 2087 982 2122 μετὰ
994 2086 1025 2113 τδ
1047 2095 1094 2112 κο-

306 2132 438 2168 ρεσθῆναι
461 2134 508 2159 τοῦ
536 2132 664 2168 αἳματος.
687 2131 878 2164 Κατεγνωκὼς
907 2131 953 2158 οὖν
980 2131 1094 2166 ὕστερον

307 2178 408 2206 ἑαυτοῦ
425 2178 462 2210 ὡς
477 2179 573 2205 ἐαυτὸν
585 2178 785 2214 ἐκδικήσαντος,
799 2177 974 2210 καταδικάζει
986 2177 1092 2210 ἑαυτὸν,

1140 937 1244 972 ἔρημον
1260 939 1351 964 πᾶσαν
1363 938 1518 972 διώδευσεν,
1532 940 1579 966 καὶ
1594 938 1686 967 λαϐὼν
1699 939 1768 975 δέμα
1787 939 1929 974 καλάμων,

1140 983 1189 1011 ἕνα
1215 984 1285 1012 κατά
1313 985 1401 1020 μίλιον
1421 985 1484 1012 ἴστα
1502 985 1584 1021 χάριν
1605 985 1732 1021 σημείου,
1755 986 1800 1013 ἴνα
1812 985 1882 1022 εὕρῃ
1896 986 1931 1014 δι’

1141 1030 1227 1066 αὐτῆς
1243 1031 1421 1066 ὑποστρέψαι.
1445 1031 1588 1064 Διοδεύσας
1606 1031 1653 1058 οῦν
1669 1031 1777 1068 ἐκείνην
1791 1031 1841 1068 τὴν
1864 1032 1931 1068 ιρη-

1143 1085 1194 1111 μον
1212 1077 1302 1104 πᾶσαν
1315 1077 1390 1108 ἐντὸς
1407 1077 1518 1112 ἡμερῶν
1536 1077 1625 1109 ἐννέα,
1636 1077 1684 1104 καὶ
1700 1077 1847 1113 γενόμενος
1860 1078 1931 1113 ⁸ιιλη-

1144 1121 1202 1148 σίον
1221 1122 1268 1148 τοῦ
1292 1123 1381 1156 κήπου
1403 1122 1519 1155 ἐκείνου,
1544 1123 1802 1159 ἐπικαταλασοὺσης
1818 1123 1869 1159 τῆς
1885 1132 1931 1151 νυ·

1142 1167 1206 1199 κτὺς
1219 1167 1316 1202 μικρὸν
1342 1168 1536 1203 ἐκαθεύδησεν.
1553 1169 1582 1195 '0
1603 1166 1650 1195 οὖν
1670 1169 1767 1204 ἄγριος
1782 1169 1899 1205 δαίμων,
1916 1169 1933 1196 6

1142 1213 1187 1240 ἀεὶ
1214 1215 1270 1245 τοῖς
1285 1214 1416 1248 ἀθληταῖς
1441 1215 1488 1242 τοῦ
1505 1213 1625 1249 Χριστοῦ
1648 1215 1849 1252 ἀντιπράττων,
1871 1224 1934 1243 συν-

1144 1259 1257 1294 αγαγὼν
1274 1260 1352 1292 ὅλους
1368 1261 1430 1292 τοὺς
1443 1260 1583 1296 καλάμους
1597 1261 1719 1293 ἐκείνους
1730 1262 1778 1289 τοῦ
1788 1258 1932 1298 Μακάριόν

1142 1304 1319 1337 καθεύδοντος
1342 1306 1380 1337 ὡς
1395 1306 1450 1333 ἀπὸ
1473 1306 1588 1342 σημείου
1615 1306 1676 1339 ἐνὸς
1689 1306 1738 1334 τοῦ
1759 1308 1932 1344 κηποταφίου

1142 1350 1211 1385 πρὸς
1223 1351 1256 1385 τῇ
1269 1351 1372 1387 κεφαλῇ
1387 1351 1470 1378 αὐτοῦ
1483 1351 1613 1384 τεθεικὼς
1627 1352 1783 1389 ἀπηλλάγη.
1800 1353 1934 1386 ’Δναστάς

1142 1392 1189 1421 οὖν
1205 1392 1285 1431 εὗρεν
1301 1396 1365 1428 τοὺς
1385 1396 1527 1432 καλάμους
1554 1397 1773 1432 συνδεδεμένους,
1788 1396 1837 1430 οὓς
1851 1397 1935 1431 αὐτὸς

1142 1440 1223 1476 χάριν
1242 1443 1357 1476 σημείου
1383 1442 1550 1477 κατέπηξεν.
1574 1442 1692 1478 Τάχα.δέ
1706 1443 1754 1470 καὶ
1776 1443 1858 1471 τοῦτο
1884 1443 1934 1470 τοῦ

1143 1486 1211 1513 Θεοῦ
1226 1488 1454 1523 συγχωρήσαντος
1464 1490 1506 1520 είς
1521 1488 1635 1524 μείζονα
1649 1489 1744 1516 τούτου
1763 1489 1932 1525 γυμνασίαν,

1144 1533 1187 1559 ἵνα
1205 1533 1242 1569 μὴ
1267 1533 1402 1569 καλάμοις
1422 1535 1559 1572 ἐπελπίζῃ
1582 1534 1712 1571 ὁδηγοῦσι
1736 1535 1842 1569 τοῦτον,
1863 1535 1934 1562 ἀλλὰ

1143 1580 1176 1614 τῇ
1190 1579 1282 1615 χάριτι
1297 1580 1346 1607 τοῦ
1362 1580 1430 1608 Θεοῦ
1445 1581 1493 1608 τοῦ
1511 1581 1555 1609 διὰ
1580 1581 1678 1608 στύλου
1697 1581 1813 1618 νεφέλης
1830 1581 1933 1617 ὁδηγήο

1144 1633 1240 1657 σαντος
1253 1626 1301 1653 τδν
1328 1626 1435 1661 Ἰσραὴλ
1451 1628 1658 1664 τεσσαράκοντα
1677 1629 1724 1665 ἐτη
1737 1629 1766 1656 ἐν
1777 1630 1810 1665 τῇ
1826 1628 1934 1665 φοϐερᾷ

1143 1671 1239 1706 ἐρήμῳ
1255 1672 1358 1708 ἐκείνῃ.
1377 1673 1490 1708 Ἔλεγεν
1501 1673 1531 1701 δὲ
1548 1675 1563 1701 6
1579 1674 1668 1709 άγιος,
1690 1675 1732 1702 ὅτι
1757 1675 1932 1710 Ἐγγίσαντός

1145 1725 1196 1752 μου
1221 1717 1301 1752 μόνον
1323 1718 1362 1754 τῷ
1380 1720 1555 1756 κηποταφίῳ,
1581 1720 1629 1747 ἀπ’
1648 1720 1732 1747 αὑτοῦ
1754 1720 1867 1756 ἐξῆλθον
1891 1722 1933 1754 είς

1143 1762 1305 1798 συνάντησιν
1324 1772 1375 1798 μου
1405 1763 1591 1800 ἐϐδομήκοντα
1609 1764 1737 1800 δαίμονες
1758 1765 1878 1802 παντοίῳ
1891 1766 1930 1799 τῷ

1144 1809 1274 1843 σχήματι,
1287 1808 1312 1835 οἱ
1328 1809 1377 1844 μὲν
1389 1808 1514 1844 βοῶντες,
1529 1810 1555 1837 οί
1569 1811 1598 1838 δέ
1616 1810 1767 1847 πηδῶντες,
1783 1811 1809 1838 οί
1820 1811 1849 1838 δέ
1862 1811 1930 1847 μετὰ

1145 1853 1264 1889 μεγάλου
1279 1854 1404 1890 βρυγμοῦ
1416 1855 1556 1890 τρίζοντες
1571 1856 1631 1884 κατ’
1647 1856 1716 1892 ἐμοῦ
1737 1857 1798 1890 τοὺς
1810 1856 1929 1888 ὀδόντας.

1145 1900 1293 1936 ’Ἑτεροιδέ
1307 1901 1345 1934 ὡς
1364 1902 1481 1936 κόρακες
1496 1903 1711 1938 πτερυσσόμενοι
1723 1903 1844 1938 ἐτόλμων
1859 1903 1932 1930 κατά

1143 1947 1191 1981 τῆς
1202 1947 1290 1982 δψεώς
1303 1956 1365 1983 μου,
1391 1948 1527 1983 λέγοντες⁹
1545 1949 1579 1976 Τί
1601 1949 1698 1983 θέλεις,
1716 1950 1857 1985 Μακάριο,
1870 1958 1931 1976 πει-

1144 1993 1232 2028 ρασμὲ
1246 1993 1299 2019 τῶν
1314 1994 1456 2029 μοναχῶν;
1476 1994 1503 2021 τί
1525 1995 1594 2031 πρὸς
1615 1996 1690 2031 ἡμᾶς
1705 1995 1872 2031 παρεγένους
1893 1995 1932 2032 μὴ

1145 2039 1192 2065 καὶ
1208 2039 1290 2073 ἡμεῖς
1301 2039 1341 2071 είς
1355 2048 1434 2072 τινας
1447 2040 1501 2067 τῶν
1526 2041 1653 2077 μοναχῶν
1671 2041 1878 2077 ἐνεργήσαμενς
1891 2041 1933 2068 Τὰ

1144 2083 1269 2118 ἡμέτερα
1283 2084 1356 2119 ἔχεις
1372 2085 1431 2112 ἐκεῖ
1449 2086 1518 2121 μετὰ
1536 2087 1590 2114 τῶν
1608 2096 1649 2114 σοι
1663 2087 1774 2123 ὁμοίων,
1799 2087 1849 2124 τὴν
1869 2087 1934 2124 ἐρη-

1145 2137 1215 2164 μον·
1233 2130 1361 2158 κακεῖθεν
1385 2132 1451 2164 τοὺς
1480 2134 1622 2167 συγγενεῖς
1655 2133 1733 2169 ἡμῶν
1760 2133 1932 2167 ἐξιδιὼξατε.

1145 2175 1229 2202 Οὐδὲν
1245 2176 1334 2203 κοινὸν
1347 2178 1426 2212 ἡμεῖς
1446 2177 1545 2214 ἔχομεν
1560 2177 1630 2214 μετὰ
1652 2179 1711 2206 σοῦ.
1729 2179 1762 2206 Τί
1781 2179 1934 2212 ἐπιϐαίνεις

306 2224 377 2251 ὥστε
392 2225 432 2253 εἰς
446 2224 477 2250 τὸ
493 2224 552 2255 ἕλος
567 2224 616 2258 τῆς
644 2224 780 2259 Σκήτεως,
797 2224 812 2250 δ
833 2224 906 2250 ἐστιν
919 2224 947 2250 ἐν
966 2225 999 2259 τῇ
1026 2231 1094 2250 παν·
1110 2227 1132 2254 D
1146 2223 1225 2258 ἡμῶν
1251 2225 1308 2255 τοῖς
1327 2224 1438 2257 τόποις;
1465 2224 1504 2256 ὡς
1525 2224 1706 2261 ἀναχωρητὴς
1734 2223 1886 2262 ἀρκόσθητι
1899 2226 1933 2261 τῇ

306 2271 413 2306 ερήμῳ,
431 2270 599 2305 καθεσθῆναι
615 2270 718 2305 γυμνὸν
734 2270 780 2296 ἐπὶ
801 2270 889 2305 μῆνας
911 2269 951 2303 ἐξ.
972 2270 1056 2297 Ἔνθα
1068 2270 1093 2296 οί

306 2318 438 2348 κώνωπες
449 2316 577 2342 δύνανται
595 2316 644 2342 καὶ
663 2317 790 2351 συάγρων
801 2315 923 2352 δέρματα
934 2316 1040 2351 τιτρᾷν,
1055 2316 1093 2348 ὼς

309 2363 414 2399 σφῆκες
431 2363 507 2395 ὄντες
526 2362 650 2398 μεγάλοι.
674 2361 767 2394 Οὕτως
786 2362 845 2395 ὅλος
863 2362 909 2389 ὑπ’
921 2362 1012 2388 αὐτῶν
1028 2371 1094 2389 κατ-

306 2409 426 2446 ετρώθη,
443 2410 480 2442 ὡς
494 2410 542 2436 καὶ
567 2409 731 2441 σπονδύλους
752 2409 904 2444 ἐξενεγκεῖν
920 2408 954 2435 δι’
967 2408 1028 2435 ὅλου
1046 2409 1093 2436 τοῦ

306 2457 444 2492 σώματος,
457 2456 497 2488 ὡς
512 2455 558 2482 καί
575 2464 650 2487 τινας
666 2455 776 2490 νομίσαι
789 2455 829 2482 ὅτι
849 2454 995 2488 ἐλεφαντία
1008 2454 1092 2482 ἐστίν.

311 2502 483 2529 Ἐπανελθὼν
498 2502 545 2529 οὖν
560 2502 601 2534 είς
614 2502 645 2529 τὸ
663 2501 768 2528 κελλίον
785 2501 882 2528 ἑαυτοῦ
900 2500 969 2536 μετὰ
984 2501 1046 2532 τοὺς
1064 2501 1094 2533 ἒξ

308 2548 395 2584 μῆνας
422 2547 477 2574 ἀπὺ
502 2548 553 2582 τῆς
574 2548 665 2583 φωνῆς
677 2546 841 2583 ἐγνωρίζετο
859 2547 940 2582 μόνον
957 2546 997 2572 ὅτι
1013 2545 1095 2578 αὑτός

305 2594 380 2621 ἐστιν
397 2594 411 2620 6
427 2594 520 2630 κύριος
535 2594 687 2629 Μακάριος.

349 2639 537 2675 Ἐπεθύμησέν
553 2648 618 2666 ποτε
633 2637 710 2672 οὕτος
731 2640 745 2666 6
759 2640 851 2673 αὐτὸς,
875 2640 912 2672 ὡς
931 2640 1012 2672 αὐτὸς
1029 2639 1094 2675 ἡμῖν

306 2687 469 2723 διηγήσατο,
489 2688 530 2718 είς
551 2686 579 2713 τὸ
594 2687 763 2722 κηποτάφιον
783 2686 915 2714 εἰσελθεῖν
931 2686 978 2713 τοῦ
995 2685 1094 2713 Ἰαννοῦ

308 2733 356 2760 καὶ
373 2732 502 2769 ἰαμϐροῦ
519 2733 575 2759 τῶν
592 2733 687 2768 μάγων
698 2733 753 2760 τῶν
765 2734 812 2760 ἐπὶ
821 2733 869 2760 τοῦ
889 2732 998 2768 Φαραὼ,
1014 2732 1094 2768 χάριν

309 2779 429 2813 ἱστορίας
442 2779 458 2814 ἢ
475 2779 523 2806 καὶ
536 2779 682 2814 συντυχίας
691 2779 745 2806 τῶν
759 2780 848 2806 ἐκεῖσε
859 2779 1004 2813 δαιμόνων.
1022 2778 1095 2805 Ἐλέ-

308 2832 372 2857 γετο
382 2825 436 2860 γὰρ
452 2825 628 2860 παμπόλλους
642 2825 688 2852 καὶ
701 2825 835 2860 χαλεποὺς
847 2823 1094 2859 ἀποκεκληρῶσθαι

309 2868 373 2903 παρ’
398 2870 486 2897 αὐτῶν
513 2870 625 2909 ἐκείνων
642 2869 682 2905 τῷ
697 2870 772 2905 τόπῳ
794 2870 891 2904 ἐκείνῳ
913 2870 1044 2905 δαίμονας
1060 2870 1094 2897 δι’

1144 2270 1250 2305 ἐρήμῳ.
1267 2270 1348 2305 Ἡμῖν
1359 2270 1454 2297 τοῦτον
1466 2270 1512 2297 τὸν
1524 2270 1607 2297 τόπον
1619 2271 1644 2297 οί
1656 2271 1798 2303 κτίσαντες
1812 2271 1935 2307 ἀπεκλή-

1145 2324 1245 2350 ρωσαν.
1260 2316 1297 2343 Οὺ
1308 2315 1507 2348 δύνασαιαὺτὺς
1519 2319 1609 2352 μεῖναι
1621 2317 1724 2344 ἐνθάδε.
1735 2317 1868 2352 Τίςητεῖς
1876 2318 1935 2343 είσ-

1145 2362 1232 2389 ελθεῖν
1246 2364 1287 2394 είς
1311 2363 1389 2390 τοῦτο
1402 2363 1432 2390 τὸ
1446 2363 1549 2398 κτῆμα,
1564 2364 1604 2395 εἰς
1619 2363 1633 2390 6
1649 2363 1738 2395 οὐδεὶς
1751 2363 1805 2390 τῶν
1824 2362 1934 2399 ἀνθρώ-

1145 2417 1205 2436 πων
1215 2408 1270 2435 τῶν
1281 2409 1391 2442 ζώντων
1415 2409 1541 2444 εἰσῆλθεν
1563 2410 1611 2444 ἀφ’
1626 2405 1713 2444 οὕπερ
1731 2410 1757 2436 οἱ
1770 2408 1852 2436 τοῦτο
1871 2409 1934 2436 κτί-

1145 2462 1243 2486 σαντες
1264 2454 1373 2489 άδελφοὶ
1387 2455 1432 2490 ὑφ’
1457 2455 1537 2490 ἡμῶν
1552 2455 1648 2482 ἐνθάδε
1670 2454 1932 2492 κατεκηδιύθησανς

1145 2500 1193 2526 καὶ
1203 2500 1243 2526 ἐτι
1256 2499 1342 2527 πολλὰ
1352 2501 1563 2536 ταραττομένων
1577 2501 1632 2528 τῶν
1645 2500 1783 2536 δαιμόνων
1807 2501 1855 2528 καὶ
1875 2500 1934 2527 ὁλο-

1145 2545 1318 2580 φυρομένων,
1336 2543 1413 2572 εἷπον
1425 2546 1528 2578 αὐτοῖς,
1552 2547 1636 2581 φησὶν
1663 2545 1678 2572 6
1702 2546 1866 2582 Μακάριος,
1891 2546 1933 2573 ὅτι

1145 2590 1266 2618 Εἱσέλθω
1293 2591 1383 2627 μόνον,
1401 2592 1447 2618 καὶ
1469 2591 1620 2627 ἱστορήσω,
1640 2591 1688 2618 καὶ
1712 2590 1872 2627 ἀπέρχομαι
1890 2592 1934 2618 ἐνο

1145 2635 1252 2663 τεῦθεν.
1269 2636 1302 2663 Οί
1325 2636 1354 2662 δὲ
1370 2637 1512 2672 δαίμονες·
1529 2635 1614 2663 Τοῦτο
1628 2637 1694 2672 ἡμῖν
1705 2637 1875 2671 ὁμολόγησον
1886 2637 1934 2664 ἐπὶ

1144 2680 1195 2714 τῆς
1207 2680 1257 2715 σῆς
1271 2681 1452 2715 συνειδήσεώς
1469 2689 1527 2708 σου,
1548 2680 1577 2707 '0
1589 2680 1618 2707 δέ
1629 2679 1678 2707 τοῦ
1690 2680 1811 2716 Χριστοῦ
1823 2680 1933 2712 δούλοςο

1145 2723 1230 2750 Τοῦτο
1246 2724 1363 2760 ποιήσω.
1379 2725 1410 2751 Οἱ
1424 2725 1452 2751 δὲ
1467 2724 1596 2760 δαίμονες
1605 2725 1722 2760 ἄφαντοι
1733 2725 1875 2760 γεγόνασι.
1886 2726 1897 2736 ‘
1907 2727 1916 2736 ⁶
1926 2727 1935 2736 ⁸

1146 2769 1282 2798 Εἰσελθὼν
1290 2769 1348 2805 οὗν,
1361 2772 1455 2807 φησὶν,
1465 2771 1622 2807 ἐθεασάμην
1635 2771 1671 2798 τά
1683 2771 1783 2805 πάντα,
1795 2772 1825 2798 ἐν
1835 2770 1878 2803 οἷς
1887 2767 1934 2798 εὕ-

1148 2828 1193 2855 ρον
1213 2820 1262 2847 καὶ
1283 2820 1364 2847 κάδον
1387 2819 1503 2856 χαλκοῦν
1515 2819 1610 2847 ἁλύσει
1641 2821 1740 2857 σιδηρᾷ
1760 2809 1936 2856 κρεμάμενον

1147 2870 1218 2897 κατὰ
1233 2870 1280 2897 τοῦ
1295 2870 1413 2907 φρέατος
1425 2869 1518 2897 λοιπον
1533 2869 1572 2904 τῷ
1581 2868 1669 2905 χρόνῳ
1681 2868 1856 2897 άναλωθέντα
1867 2877 1875 2886 “
1887 2869 1934 2896 καὶ
