2079 3157
192 151 259 180 I053

821 149 977 179 HISTORIA
998 150 1177 180 LAUSIACA.

1741 157 1810 185 1055

189 208 260 234 misit
274 207 306 234 nd
321 206 472 239 Macarium,
490 211 613 241 tanquam
627 215 749 241 magn-tm
764 208 788 234 ci
802 207 901 234 donum
917 207 970 233 lar-
985 207 1010 235 A
1023 208 1092 242 apttd
1107 208 1283 237 Pharaonem.
1302 209 1335 237 Ut
1350 210 1393 245 qui
1410 218 1474 246 ergo
1489 211 1534 238 illo
1548 212 1610 240 vita:
1623 219 1679 241 stlte
1689 217 1810 248 tempore

189 253 274 288 glens.
290 252 411 286 Quicum
426 260 481 280 rem
500 253 604 280 curiose
620 253 800 286 inquisiisset,
817 253 972 285 admiratus,
1020 254 1167 281 maximam
1181 255 1207 282 in
1222 255 1336 290 Egypto
1352 256 1476 284 haberent
1492 262 1662 292 potestatem,
1679 265 1806 287 constru-

188 303 216 326 et
231 298 286 326 Deo
306 298 371 325 actis
387 299 477 333 gratiis
492 299 527 326 ob
549 302 648 325 tantam
663 306 755 326 eorum
771 299 971 332 continentiam,

190 352 223 372 ne
236 345 292 380 ipse
307 345 414 379 quidem
429 352 461 371 ex
476 344 509 372 iis
521 345 627 372 tandem
639 346 763 372 comedit.

224 400 311 434 Atque
324 399 381 426 bare
394 399 499 434 quidem
515 405 555 428 est
572 401 657 434 magni
674 401 779 428 Macarii
801 401 970 433 exercitatio,

189 452 266 478 quam
280 452 330 480 ego
344 449 370 471 et
386 445 459 472 multi
482 450 604 473 accurate
628 446 696 479 apttd
715 446 799 481 ipsum
816 446 969 474 didicimus.

188 490 216 518 Si
231 490 299 525 quod
315 498 381 524 opus
395 491 592 519 exercitationis
610 491 726 526 aliquem
741 500 856 527 unquam
878 492 973 520 fecisse

187 537 280 569 audiit,
295 537 405 564 omnino
421 537 446 564 id
459 537 584 565 ardenter
597 538 693 565 effecit.

222 582 288 609 Cum
304 582 338 610 ab
352 583 481 618 aliquibus
492 583 630 616 audiisset,
646 584 855 611 Tabennesiotas
868 591 915 618 per
927 590 968 612 lo-

187 631 239 653 tant
263 627 491 662 quadragesimum
506 628 576 655 nttlla
601 635 631 656 re
645 629 714 656 vesci
739 637 799 663 qua:
824 629 876 664 igni
900 634 972 657 esset

186 673 303 706 admota,
319 673 410 700 statuit
434 673 476 700 hic
497 678 605 700 sanctus
629 677 731 708 septem
753 675 829 701 annis
844 675 908 701 nihil
923 682 971 701 co-

187 717 293 746 medere
307 719 377 753 quod
390 726 438 752 per
459 719 546 753 ignem
569 720 725 752 transisset,
742 725 768 747 et
791 724 846 747 toto
868 720 913 747 illo
926 727 970 747 se-

188 764 296 797 ptennio
311 764 374 791 nihil
389 765 506 799 gustavit
526 769 622 798 prtetcr
634 765 715 792 cruda
727 766 801 793 olera
817 766 857 792 vel
871 766 893 793 si
908 773 968 801 quc

187 809 256 836 forte
271 809 417 837 inuenisset
430 810 561 844 legumina
585 811 745 838 humectata.
759 812 823 839 Cum
840 812 890 839 hoc
905 819 970 846 ergo

187 859 263 882 recte
274 855 394 887 vixisset,
407 860 563 889 aspernatus
576 860 617 883 est
632 856 699 884 hanc
712 856 817 883 vivendi
828 856 968 884 rationem.

1024 303 1121 325 xerunt
1145 299 1209 326 illud
1233 307 1299 334 opus
1324 308 1355 328 ex
1381 301 1512 336 lapidibus
1526 303 1660 338 quadratis
1677 305 1755 339 (51η,
1783 310 1809 332 et

1023 351 1100 371 suum
1113 344 1166 372 illic
1181 345 1301 373 fecerunt
1316 347 1526 381 monimentum;
1541 352 1639 376 etcum
1655 350 1744 377 ntultis
1755 350 1810 377 illic

1024 390 1080 417 auri
1095 390 1300 425 deposuissent,
1317 396 1343 419 et
1363 400 1441 420 ontne
1456 401 1539 427 genus
1560 394 1670 421 arbores
1693 395 1810 429 plautas-

1024 440 1095 467 sent,
1113 436 1260 464 maximum
1276 445 1382 471 quoqttc
1401 443 1509 472 puteum
1524 446 1600 472 aqua:
1615 438 1755 470 foderunt;
1769 443 1810 466 est

1024 481 1096 508 enim
1112 481 1184 508 locus
1199 481 1322 510 humidus
1339 482 1406 517 (5|).
1432 483 1495 510 llaec
1518 488 1605 510 autem
1628 484 1716 511 omnia
1739 484 1811 511 fece-

1023 531 1096 560 runt,
1112 533 1251 562 sperantes
1265 535 1323 562 post
1338 537 1414 556 suum
1431 530 1491 557 Itiuc
1505 530 1651 557 discessum
1675 530 1724 557 frui
1740 530 1809 557 deli-

1022 573 1072 600 ciis
1088 574 1113 599 in
1126 573 1171 600 illu
1186 574 1318 608 paradiso.
1333 574 1450 602 Tandem
1462 583 1525 610 ergo
1536 577 1659 610 quoniam
1674 575 1810 603 nesciebat

1022 619 1092 645 viam
1107 626 1166 652 qua:
1174 620 1206 646 ad
1221 628 1280 647 etim
1295 621 1367 648 ducit
1378 621 1496 654 hortum,
1508 621 1553 648 Dei
1565 629 1658 649 servus
1669 621 1808 652 Macarius.

1022 664 1174 699 conjectura
1190 666 1303 699 quadam
1318 667 1478 701 sequebatur
1498 671 1586 700 astra,
1602 673 1631 694 et
1642 666 1710 694 sicut
1722 671 1810 694 nautas

1021 710 1066 744 qui
1082 711 1262 738 transmittunt
1278 713 1370 743 maria,
1387 716 1468 739 totam
1485 713 1600 746 pervasit
1615 717 1722 740 sanctus
1736 713 1802 740 soli-

1024 755 1159 788 tudinem;
1176 760 1273 783 etcum
1285 757 1384 791 aliquot
1398 757 1477 784 etiam
1491 757 1640 791 accepisset
1652 757 1808 789 arundines,

1023 808 1100 828 unam
1121 802 1214 828 statuit
1229 802 1254 828 in
1271 809 1429 837 unoquoque
1447 802 1571 832 milliari.
1588 807 1616 829 ut
1630 809 1677 836 per
1689 809 1722 829 ea
1734 801 1808 837 signa

1024 852 1165 874 remearet.
1181 846 1246 874 Cum
1268 855 1332 882 ergo
1347 848 1415 874 intra
1430 855 1525 875 novem
1548 847 1605 874 dios
1630 852 1712 874 totam
1737 847 1809 874 illaut

403 879 617 934 gg’;i,;;},';,};'
985 879 1010 909 Β
1026 892 1187 927 pervasisset
1201 879 1381 926 solitudinem,
1395 898 1422 920 et
1431 898 1502 921 esset
1513 899 1594 927 prope
1606 893 1679 920 illuni
1691 893 1808 926 hortum.

188 952 258 977 mus,
274 946 343 978 qttod
358 946 465 980 quidam
481 948 628 974 monachus
643 947 798 974 comedebat
813 947 908 974 libram
923 955 972 982 pa-

187 991 239 1018 nis.
257 991 338 1024 Quem
353 993 492 1019 aemulatus
504 1013 511 1024 ,
528 993 604 1026 fregit
619 993 690 1027 quod
711 993 824 1021 habebat
839 993 974 1021 buccella-

188 1042 254 1069 tum,
276 1041 304 1063 et
328 1036 438 1064 immisit
459 1038 485 1065 in
508 1038 640 1073 lagonam,
663 1043 782 1066 statuens
805 1038 973 1066 solummodo

189 1085 293 1107 tantum
308 1081 459 1114 comedere,
475 1087 602 1117 quantum
617 1090 710 1110 manus
723 1083 782 1118 ejus
796 1091 901 1111 sursum
918 1083 972 1109 fer-

187 1128 240 1152 ret.
252 1124 345 1156 Magna
356 1130 396 1153 est
409 1129 498 1154 autem
510 1127 566 1154 lucc
580 1128 606 1155 in
622 1128 761 1156 tractando
773 1136 887 1163 corpore
896 1135 973 1162 aspc-

187 1167 262 1194 ritas.
287 1169 392 1197 Festive
414 1171 485 1198 enim
501 1172 578 1199 nobis
602 1173 746 1200 narrabat:
763 1172 842 1200 Plura
865 1174 973 1207 quidem

188 1213 269 1239 frusta
280 1214 535 1249 apprehendebam;
573 1215 620 1243 sed
651 1224 706 1243 non
739 1218 844 1245 sinebat
877 1217 973 1245 elfen'e

186 1258 222 1287 ob
232 1262 378 1293 angustiam
391 1262 536 1289 foraminis.
550 1263 708 1290 Publicanus
719 1264 790 1291 enim
810 1272 886 1291 meus
904 1264 970 1291 mihi

187 1312 240 1331 non
255 1306 423 1339 permittebat
446 1308 555 1334 omnino
573 1308 655 1336 vesci.
671 1309 753 1336 'I‘otos
771 1317 836 1343 ergo
852 1315 906 1336 tres
920 1317 968 1336 an-

190 1357 239 1377 uos
254 1351 320 1378 hanc
334 1353 452 1379 exercuit
465 1353 664 1385 continentiam,
675 1359 789 1388 quatuor
800 1354 840 1381 vel
856 1355 972 1388 quinque

186 1395 279 1422 uncias
297 1396 440 1424 comedens
451 1417 459 1428 ,
475 1401 502 1424 et
523 1405 618 1432 aquam
633 1406 692 1433 que
715 1399 754 1426 eis
777 1399 970 1433 responderet;

185 1441 238 1469 olei
254 1447 342 1469 autem
366 1443 510 1470 sextarium
527 1447 584 1470 toto
599 1451 670 1471 anno
690 1443 865 1472 consumebat
879 1445 905 1471 in
924 1445 973 1472 ali-

185 1491 314 1513 utentum.

221 1532 278 1558 Alia
294 1532 402 1560 athletae
415 1534 579 1561 exercitatio.
594 1534 691 1561 Statuit
709 1534 853 1562 indomitus
868 1535 912 1563 hic
926 1535 968 1562 vir

185 1584 310 1604 somnum
331 1585 468 1611 superare.
486 1578 589 1606 Etenim
610 1579 730 1607 utilitatis
747 1580 830 1614 gratia
847 1579 898 1609 hoc
913 1581 970 1614 ipse

186 1623 407 1652 narravitz'l‘otis
422 1624 514 1660 viginti
539 1625 633 1653 diebus
647 1630 674 1653 et
694 1626 816 1654 noctibus
839 1635 890 1654 non
911 1635 970 1656 sunt

185 1673 283 1696 tectum
299 1669 448 1705 ingressus,
464 1675 492 1698 ut
516 1678 639 1698 somnum
654 1672 799 1706 vincerem,
813 1680 873 1700 cum
889 1674 972 1701 inter-

185 1713 230 1741 diu
244 1715 353 1749 quidem
376 1721 443 1743 :cstu
465 1717 599 1747 arderem.
619 1722 698 1744 noctu
713 1725 776 1745 vero
790 1718 880 1751 algore
902 1719 970 1753 rige-

185 1765 254 1786 rem.
270 1759 344 1793 Quod
360 1760 410 1787 nisi
421 1780 430 1794 ,
445 1760 589 1794 inquiebat.
606 1766 704 1788 tectum
719 1769 805 1789 essem
820 1763 969 1798 ingressus,

184 1806 212 1830 ct
225 1811 321 1831 somno
335 1811 400 1831 usus
413 1812 513 1836 essem,
528 1806 563 1832 ita
580 1806 644 1832 mihi
658 1812 716 1833 erat
735 1807 879 1834 arefactum
895 1815 971 1835 cere-

187 1847 275 1882 brum,
293 1852 321 1876 ut
343 1849 471 1882 deinceps
496 1854 587 1884 ageret
610 1851 636 1877 in
652 1852 776 1878 exstasim
790 1860 796 1884 ;
812 1857 839 1878 et
852 1853 920 1886 quod
936 1853 969 1880 ad

187 1900 230 1920 me
244 1893 350 1928 quidem
373 1895 487 1928 attinet,
504 1895 552 1922 vici
576 1903 698 1923 somnum
711 1904 718 1928 ;
733 1897 802 1931 quod
826 1902 915 1924 autent
936 1898 968 1925 ad

183 1943 304 1966 naturam
319 1946 386 1974 opus
401 1941 554 1973 habentem,
571 1942 595 1969 ei
613 1943 681 1969 cessi
695 1943 714 1970 '.

218 1982 249 2010 Ei
263 1983 406 2018 aliquando
413 1985 561 2013 molestiam
576 1986 694 2014 exhibuit
701 1987 808 2021 spiritus
818 1987 967 2017 fornicatio-

182 2028 226 2056 nis
236 2028 311 2064 (49);
323 2033 350 2056 et
361 2034 424 2058 tunc
437 2031 624 2059 condemnavit
633 2033 749 2065 seipsum
761 2034 856 2061 sedere
869 2034 968 2063 nudum

182 2081 228 2101 sex
245 2081 350 2102 menses
366 2075 391 2102 iu
414 2076 510 2110 palude
524 2076 628 2109 Sceles,
644 2085 702 2112 quae
717 2082 758 2105 est
773 2079 797 2105 in
812 2083 884 2106 vasta
905 2080 970 2106 soli-

184 2119 284 2151 tudine,
309 2120 334 2147 in
358 2128 408 2154 qua
430 2125 540 2155 possunt
563 2123 662 2150 culices
683 2123 724 2150 vel
740 2124 861 2152 sauciare
885 2125 968 2159 pelles

184 2171 319 2198 aprorum.
334 2169 363 2192 ut
377 2166 420 2200 qui
435 2166 488 2193 sint
504 2175 579 2201 teque
594 2168 680 2202 magni
698 2172 726 2194 ut
740 2175 839 2202 vespm,
856 2169 923 2196 adeo
940 2174 969 2197 ttt

183 2209 209 2235 itt
223 2213 279 2236 toto
294 2209 352 2243 ejus
375 2218 487 2243 corpore
503 2211 636 2239 inﬂxerint
658 2213 779 2246 aculeos;
795 2218 824 2240 ut
847 2215 966 2242 nonnulli
982 2233 1008 2262 Ι)

182 2254 398 2282 existimaveriut
411 2264 470 2283 eum
485 2264 546 2284 esse
561 2257 705 2292 leprosum.
721 2259 851 2286 Reversus
864 2267 928 2295 ergo
941 2261 966 2288 in

181 2307 257 2328 luant
271 2302 395 2329 cellulam
411 2307 470 2337 post
492 2311 537 2331 sex
554 2312 660 2332 menses
671 2327 679 2338 ,
694 2313 729 2332 ex
754 2313 819 2334 voce
833 2307 967 2342 cognitum

181 2349 222 2372 est
235 2353 296 2372 cum
310 2354 370 2374 esse
385 2347 521 2375 dominutn
536 2347 694 2377 Macarium.

218 2390 242 2418 Is
254 2393 337 2425 cupiit
350 2393 503 2428 aliquando,
521 2399 549 2421 ut
564 2395 621 2429 ipse
645 2396 721 2423 nobis
744 2397 881 2429 narravit,
897 2398 966 2431 qttod

183 2435 210 2463 in
230 2436 315 2465 hortis
328 2443 405 2470 erat,
428 2439 530 2473 ingredi
553 2442 743 2468 monimentum
756 2461 764 2474 ,
786 2443 855 2476 qttod
871 2444 968 2471 dicitur

180 2482 334 2516 νηποτὸῳιον
356 2481 441 2510 Janne
464 2488 491 2510 et
515 2483 651 2518 Ilamhre,
675 2493 810 2520 magorum
823 2487 868 2522 qui
892 2492 968 2516 erant

181 2532 302 2562 tempore
319 2528 475 2562 Pharaonis,
492 2535 521 2557 ut
541 2530 566 2558 id
581 2531 690 2563 videret,
708 2533 749 2559 vel
768 2533 846 2560 etiam
861 2538 889 2561 ut
902 2542 958 2562 con»

180 2574 284 2601 veniret
297 2581 345 2601 eos
364 2575 407 2608 qui
433 2575 487 2602 illic
502 2580 563 2603 sunt
577 2576 722 2604 datntones.
742 2577 882 2605 Dicebatur
894 2580 965 2608 enim

180 2619 307 2652 plurimos
319 2639 327 2652 ,
341 2626 442 2654 eosque
466 2621 661 2653 Ietocissitnos,
679 2621 704 2648 in
718 2629 750 2649 eo
771 2623 831 2650 loco
852 2624 886 2650 ab
911 2625 963 2653 illis

179 2664 323 2692 colocatos
342 2672 406 2692 esse
429 2665 566 2693 daemones
589 2674 638 2701 per
659 2667 763 2694 infamis
786 2669 851 2695 artis
870 2676 963 2697 eorum

179 2710 374 2738 excellentiam.
391 2711 446 2738 lloc
461 2716 549 2738 autem
565 2705 755 2739 monimentum
777 2712 875 2740 factum
896 2718 937 2741 cst
949 2722 963 2741 a

179 2752 263 2782 Janno
277 2760 304 2781 et
316 2754 435 2783 lambre
448 2755 585 2788 fratribus,
597 2756 641 2790 qui
657 2762 763 2791 propter
777 2758 886 2792 magica:
898 2761 964 2786 artis

180 2798 366 2826 excellentiam
380 2800 480 2834 primas
504 2806 592 2834 partes
618 2800 749 2829 habebant
773 2801 820 2829 illo
842 2807 960 2837 tempore

1022 937 1183 965 succedente
1199 941 1277 965 nocte
1291 945 1383 972 parum
1397 938 1516 965 dormiit.
1533 937 1660 965 Immanis
1674 945 1738 966 vero
1752 938 1810 965 dae-

1023 992 1084 1012 mon
1109 985 1153 1019 qui
1179 991 1284 1019 semper
1298 985 1456 1012 adversatur
1479 985 1576 1012 Christi
1600 984 1727 1017 athletis.
1748 991 1810 1012 cum

1023 1029 1175 1064 collegisset
1198 1037 1292 1057 omnes
1319 1029 1379 1057 illas
1402 1030 1561 1063 arundines,
1586 1030 1734 1057 dormiente
1755 1029 1812 1057 la-

1023 1074 1117 1108 cario,
1141 1078 1168 1101 et
1185 1074 1293 1102 circiter
1317 1073 1349 1101 ad
1373 1081 1454 1101 unum
1479 1074 1593 1108 lapidem
1607 1081 1622 1101 a
1645 1074 1811 1101 monimento

1023 1120 1055 1148 ad
1076 1120 1133 1154 ejus
1158 1126 1237 1153 caput
1259 1120 1408 1154 posuisset,
1432 1121 1561 1150 recessit;
1585 1124 1724 1155 postquam
1746 1127 1811 1154 ergo

1023 1166 1157 1197 surrexit,
1193 1166 1296 1192 invenit
1325 1165 1462 1200 colligatus
1487 1166 1630 1193 arundines
1660 1173 1725 1199 quas
1753 1166 1811 1200 ipse

1024 1211 1117 1238 fixerat
1132 1210 1200 1244 signi
1216 1218 1307 1238 causa.
1322 1210 1447 1237 Fortasse
1461 1215 1549 1237 autent
1569 1210 1620 1237 hoc
1634 1217 1739 1245 quoque
1761 1209 1811 1237 fuit

1024 1256 1069 1283 Dei
1086 1256 1226 1290 permissio
1249 1256 1283 1283 ad
1307 1256 1435 1290 majorem
1450 1256 1507 1290 ejus
1527 1256 1745 1284 exercitationem
1756 1276 1764 1289 ,
1780 1261 1811 1285 ut

1024 1310 1076 1330 non
1091 1308 1213 1337 speraret
1226 1303 1253 1331 in
1265 1304 1452 1336 arundinibus,
1467 1304 1513 1330 sed
1529 1304 1555 1331 in
1570 1303 1616 1331 Dei
1636 1303 1732 1338 gratia,
1747 1310 1807 1338 qum

1025 1355 1073 1382 per
1087 1349 1238 1376 columnam
1263 1349 1341 1378 nubis
1356 1349 1466 1377 deduxit
1480 1349 1559 1377 Israel
1573 1349 1747 1384 quadraginta
1761 1357 1810 1377 an-

1024 1395 1065 1422 nis
1080 1396 1105 1423 in
1121 1395 1234 1423 terribili
1250 1396 1293 1423 illa
1308 1396 1463 1424 solitudine.
1487 1395 1595 1423 Dicebat
1606 1400 1694 1422 autem
1717 1395 1803 1422 Maca-

1024 1441 1078 1469 rius
1092 1442 1177 1469 :Cuut
1193 1442 1302 1476 propius
1315 1443 1415 1470 accessi
1431 1442 1463 1468 ad
1476 1442 1541 1469 illud
1554 1442 1758 1474 monimentum,
1774 1449 1808 1469 ex

1022 1493 1056 1514 eo
1068 1487 1171 1521 egressi
1183 1486 1246 1514 mihi
1260 1492 1433 1515 occurrerunt
1445 1487 1476 1514 ad
1489 1487 1655 1522 septuaginta
1670 1487 1808 1515 daemones

1023 1533 1102 1560 variis
1121 1533 1214 1560 formis
1237 1534 1366 1568 praediti;
1388 1533 1432 1561 alii
1453 1533 1559 1568 quidem
1577 1533 1742 1566 clamantes,
1764 1534 1809 1562 alii

1023 1586 1087 1606 vero
1102 1579 1273 1612 exsilientes,
1287 1579 1332 1606 alii
1345 1586 1410 1606 vero
1423 1587 1483 1607 cum
1496 1586 1593 1614 magno
1604 1579 1710 1606 fremitu
1725 1579 1750 1606 in
1765 1586 1810 1606 me

1021 1623 1165 1652 stridentes
1179 1624 1314 1656 dentibus,
1332 1624 1375 1651 alii
1390 1631 1454 1652 vero
1467 1628 1594 1659 tanquam
1617 1624 1689 1651 corvi
1714 1623 1807 1651 volan-

1022 1674 1074 1702 tes,
1100 1669 1232 1697 audebant
1254 1677 1315 1697 meo
1333 1669 1417 1696 vultui
1431 1669 1576 1702 insultare,
1591 1668 1808 1703 dicenteszouid

1020 1716 1070 1748 vis,
1085 1715 1197 1748 Macari,
1212 1715 1322 1742 tentatio
1334 1714 1544 1742 monachorum?
1558 1714 1621 1749 quid
1637 1714 1670 1742 ad
1690 1721 1739 1741 nos
1762 1721 1807 1742 ac-

1021 1761 1146 1788 cessisti?
1159 1768 1192 1787 an
1216 1767 1268 1786 non
1291 1767 1339 1787 nos
1361 1767 1468 1795 quoqtte
1482 1759 1595 1793 aliquem
1609 1767 1642 1786 ex
1666 1759 1806 1787 monachis

1022 1805 1197 1832 vexavimus‘l
1211 1805 1276 1838 Qua:
1289 1809 1379 1832 nostra
1399 1808 1470 1837 sunt,
1494 1809 1521 1831 tu
1534 1812 1594 1831 tum
1608 1804 1663 1831 tuis
1676 1804 1808 1832 similibus

1022 1851 1075 1878 illic
1091 1851 1184 1883 babes,
1202 1857 1298 1884 nempe
1312 1850 1494 1882 solitudinem,
1509 1855 1536 1877 et
1551 1850 1625 1877 illinc
1636 1854 1743 1877 nostros
1755 1856 1805 1876 co-

1020 1900 1114 1929 gnatos
1126 1894 1271 1929 fugavistis.
1295 1894 1366 1922 Nihil
1389 1900 1431 1922 est
1451 1895 1528 1921 nobis
1549 1899 1636 1922 tecum
1651 1901 1805 1922 commune.

1019 1941 1087 1975 Quid
1100 1941 1156 1968 loca
1171 1944 1260 1967 nostra
1273 1940 1394 1968 invadisf
1407 1940 1542 1975 Tanquam
1557 1941 1727 1972 anachoreta,
1740 1946 1807 1967 con-

1020 1992 1108 2015 tentos
1126 1991 1185 2014 esto
1197 1986 1352 2014 solitudine.
1366 1986 1416 2020 Qui
1432 1986 1502 2013 hunc
1517 1986 1604 2013 locum
1619 1985 1785 2013 aedificarunt
1795 2004 1805 2017 .

1020 2039 1080 2059 eum
1093 2032 1168 2060 nobis
1180 2032 1365 2067 assignarunt;
1381 2039 1434 2058 non
1450 2035 1525 2065 potes
1539 2030 1585 2058 hic
1601 2038 1720 2058 tnanere.
1733 2031 1803 2064 Quid

1019 2077 1119 2111 quaeris
1134 2076 1235 2111 ingredi
1248 2077 1273 2104 in
1286 2077 1354 2103 hanc
1365 2076 1572 2110 possessionem,
1586 2077 1611 2103 in
1626 2083 1705 2109 quam
1717 2076 1806 2104 nullus

1019 2130 1051 2149 ex
1073 2123 1140 2149 vivis
1163 2122 1314 2149 hominibus
1329 2127 1370 2149 est
1386 2122 1521 2157 ingressus
1533 2142 1541 2154 .
1564 2129 1596 2149 ex
1611 2129 1664 2157 quo
1679 2121 1808 2150 fratribus

1018 2168 1062 2202 qui
1077 2168 1126 2195 hoc
1137 2168 1315 2195 condiderunt
1328 2173 1389 2195 sunt
1399 2175 1413 2194 a
1426 2167 1502 2195 nobis
1515 2168 1558 2195 hic
1571 2167 1648 2195 facta:
1658 2170 1804 2203 exsequia-.

1020 2212 1053 2239 Et
1066 2221 1125 2239 cum
1140 2213 1220 2239 multa
1233 2213 1320 2240 adhuc
1335 2213 1472 2241 turbarent
1482 2218 1510 2241 et
1529 2214 1687 2241 insultarent
1705 2215 1806 2241 dento-

1020 2264 1078 2289 nes,
1090 2257 1156 2284 dixit
1168 2258 1207 2284 eis
1217 2262 1324 2285 sanctus
1340 2258 1468 2285 Macarius
1480 2266 1487 2285 :
1500 2258 1636 2293 Ingrediar
1654 2264 1766 2291 tantum,
1778 2263 1806 2287 et

1019 2302 1124 2335 videbo,
1140 2308 1166 2329 et
1181 2302 1242 2330 hinc
1254 2303 1387 2331 recedam.
1405 2303 1535 2332 Dixerunt
1545 2310 1633 2332 autem
1649 2305 1802 2332 daemones:

1020 2346 1076 2374 Hoc
1091 2347 1168 2374 nobis
1183 2347 1309 2381 promitte
1322 2348 1349 2375 in
1372 2353 1416 2376 tua
1435 2350 1609 2377 conscientia.
1626 2350 1693 2377 Dicit
1714 2355 1803 2377 autem

1020 2391 1117 2418 Christi
1140 2398 1246 2425 servus,
1263 2391 1319 2420 Hoc
1339 2391 1447 2421 faciam.
1467 2393 1606 2422 Dsmones
1628 2399 1717 2421 autem
1740 2401 1804 2421 eva-

1020 2442 1144 2465 nuerunt.
1160 2438 1328 2471 lngrediente
1346 2444 1435 2466 autem
1448 2447 1480 2467 eo
1495 2440 1520 2466 in
1535 2440 1685 2473 paradisum
1695 2460 1702 2472 ,
1718 2440 1742 2467 ei
1757 2447 1804 2467 oc-

1019 2485 1102 2510 currit
1115 2483 1239 2510 diabolus
1251 2491 1310 2510 eum
1324 2484 1419 2512 stricta
1437 2485 1603 2519 rbomphaea,
1616 2485 1641 2512 ei
1663 2485 1802 2512 minitans.

1018 2531 1057 2558 Ad
1072 2539 1152 2565 quem
1175 2531 1244 2559 hanc
1255 2539 1348 2560 vocem
1370 2532 1508 2566 respondit
1527 2536 1635 2561 sanctus
1650 2532 1801 2560 Macarius:

1017 2577 1056 2604 'l‘u
1071 2577 1145 2604 venis
1158 2577 1191 2604 ad
1205 2585 1248 2604 me
1262 2577 1288 2604 iu
1302 2578 1394 2605 stricta
1410 2577 1580 2611 rhomplta'a;
1594 2581 1622 2604 et
1639 2585 1689 2616 ego
1709 2582 1803 2604 contra

1018 2626 1043 2649 te
1055 2622 1186 2657 ingrediar
1199 2623 1225 2650 in
1239 2623 1346 2650 nomine
1366 2622 1471 2650 Domini
1491 2622 1614 2654 Sabaoth,
1631 2622 1657 2650 in
1677 2623 1733 2649 acie
1755 2621 1802 2648 Dei

1018 2667 1107 2694 Israel.
1122 2667 1257 2701 Ingressus
1270 2672 1369 2700 autem,
1381 2668 1576 2702 contemplatus
1587 2674 1646 2694 sum
1659 2667 1759 2697 omnia,
1773 2667 1799 2693 in

1017 2714 1111 2748 quibus
1133 2713 1221 2740 inveni
1245 2715 1324 2740 etiam
1353 2714 1449 2740 cadum
1471 2720 1574 2740 :cncum
1597 2718 1690 2740 catena
1714 2711 1800 2739 ferrea

1017 2759 1174 2791 pendentem
1187 2766 1218 2786 ex
1232 2763 1311 2792 puteo
1323 2778 1331 2790 .
1344 2757 1399 2793 jam
1423 2763 1541 2794 tempore
1553 2762 1738 2791 consumptum
1751 2777 1758 2789 ,
1772 2762 1800 2785 et

1015 2803 1130 2830 fructum
1144 2803 1272 2831 malorum
1285 2803 1442 2838 punicorutu
1463 2810 1522 2839 qua:
1543 2802 1609 2831 nihil
1632 2803 1703 2831 intus
1717 2803 1800 2830 habe-

217 2851 228 2870 ⁸
239 2851 288 2880 llic
303 2854 480 2890 paragraphus
494 2855 577 2884 variat
588 2856 612 2884 itt
624 2855 727 2885 Cra-co.
743 2856 790 2885 Est
812 2861 839 2885 ut
854 2858 880 2885 in
904 2858 1053 2892 Heraclide,
1070 2867 1127 2893 cap.
1140 2859 1166 2888 6.
