2077 3154
243 154 314 184 1055

977 156 1136 186 PALLADII

1803 152 1873 186 ιοεθ

250 215 325 248 bant,
340 216 444 243 fuerant
454 215 525 243 enltu
537 215 653 243 arefacta
665 223 680 243 a
695 216 761 251 sole,
774 220 801 244 et
821 216 932 251 plurima
951 223 1031 242 aut-ca
1045 216 1070 245 Α
1083 214 1268 250 quadringenti
1281 212 1328 243 viri
1339 223 1422 251 usqtte
1434 216 1459 243 in
1467 215 1623 244 hodiernum
1631 214 1713 244 diem.
1726 214 1864 252 Ingressus

251 261 375 288 donaria.
416 261 485 289 Cum
529 264 639 289 sanctus
685 269 749 297 ergo
781 262 852 290 illinc
877 264 1032 290 receSSisset

251 307 352 342 absque
366 307 479 334 tttmultu
502 310 530 334 et
551 307 615 334 citra
632 307 712 334 ullam
734 307 974 342 perturbationem.
991 313 1033 334 re-

255 360 350 380 versus
363 356 405 380 est
419 360 466 387 per
479 352 572 387 viginti
585 353 641 380 dies
656 353 682 379 in
700 360 774 380 suam
788 353 893 380 cellam.

286 397 352 425 Cum
359 403 446 424 autem
453 398 613 425 defecissent
624 405 705 432 panes
710 403 736 425 et
742 405 809 432 aqua
815 405 892 433 quam
900 397 1032 431 portabat,

255 445 282 470 in
296 451 390 478 magna
405 449 462 471 erat
476 444 628 471 afﬂictione.
644 444 739 479 Viginti
755 444 824 471 enim
839 443 932 471 diebus
947 444 1032 477 ingre-

252 488 328 516 diens
342 495 390 522 per
403 488 583 521 solitudinem,
597 494 624 516 ut
639 489 771 520 existimo,
788 489 852 515 nihil
865 489 974 515 omnino
985 493 1033 522 gu-

251 532 340 565 stavitI
357 537 385 559 ut
397 533 476 560 etiam
489 541 534 560 res
547 533 672 560 ostendit.
694 532 818 560 Fortasse
833 536 922 559 autem
946 536 1032 558 tenta-

252 576 328 604 batur
338 584 443 612 quoque
454 577 633 605 intolerantia.
646 578 679 604 Et
688 586 748 605 cum
758 578 810 611 jam
823 584 914 611 parum
926 577 1031 604 abesset

249 622 314 656 quin
329 622 515 656 collaberetur,
524 623 581 649 visa
594 628 632 650 est
646 624 669 650 ei
681 623 799 656 quaedam
813 624 906 657 puellae
917 624 1032 658 speciem

250 675 304 702 prae
319 675 349 695 se
365 668 452 696 ferens
463 688 470 701 ,
486 674 514 696 ut
529 669 585 704 ipse
604 670 744 702 narrabat,
756 671 852 698 munda
872 671 940 698 linea
962 678 1034 699 veSIe

251 713 343 741 induta
357 718 384 741 et
395 720 487 742 tenens
500 723 591 742 urnam
607 723 673 750 aqua
688 716 834 744 stillantem
848 725 855 743 :
869 725 947 752 quam
962 718 1034 744 dice-

252 759 298 786 bat
318 759 446 787 Macarius
465 760 584 789 abfuisse
597 761 631 788 ab
645 769 677 789 eo
691 763 797 789 circiter
812 771 891 790 unum
907 764 1030 790 stadium.

251 804 300 837 Qui
316 809 369 832 tres
382 805 440 832 dies
452 805 586 841 ingressus
599 811 640 834 est
653 815 711 835 eam
726 807 817 836 videns
827 815 886 835 eum
898 817 962 835 urna
976 814 1034 835 tau-

250 856 330 883 quam
345 854 459 877 stantem
469 871 476 883 ,
491 856 517 877 et
532 858 592 878 eum
610 857 797 883 provocantem
807 874 815 885 ,
832 861 884 880 non
901 854 1032 881 valentent

1083 266 1124 287 est
1137 268 1211 295 ergo.
1228 261 1294 287 Cum
1306 266 1393 288 autem
1406 262 1575 295 prateriisset
1588 262 1749 296 aliquantum
1762 267 1865 297 tempo-

1082 304 1129 336 ris,
1153 305 1260 332 advenit
1284 306 1501 340 quadragesima;
1525 311 1551 334 et
1562 307 1627 334 vidit
1638 315 1721 335 senex
1734 308 1863 336 Macarius

1082 357 1295 385 unumquemque
1305 353 1453 386 suscepisse
1479 353 1597 380 diversas
1607 354 1711 381 vivendi
1727 355 1843 383 rationes
1856 365 1863 384 :

1081 394 1162 421 alium
1176 395 1282 428 quidem
1304 396 1445 424 comedere
1468 403 1594 431 vespere,
1615 399 1695 425 alium
1720 407 1784 427 vero
1807 408 1866 434 post

1082 438 1149 466 duos
1161 440 1230 472 dies,
1246 441 1327 468 alium
1348 447 1408 475 post
1422 443 1553 476 quinque;
1569 444 1648 470 alium
1671 449 1741 471 stare
1766 453 1812 479 per
1827 451 1867 472 to-

1083 489 1135 512 taut
1152 490 1269 518 noctem,
1287 487 1400 513 interdiu
1417 496 1479 514 vero
1490 488 1585 515 sedere
1601 490 1632 515 ad
1647 497 1723 523 opus.
1746 491 1803 523 Ipse
1823 498 1868 517 au-

1084 534 1136 556 tem
1148 538 1207 557 cum
1222 531 1323 565 aliqur-t
1337 533 1429 566 palma:
1445 541 1531 559 rautos
1542 534 1591 560 sibi
1609 535 1804 568 madefecisset,
1815 542 1867 563 ste-

1083 575 1115 602 tit
1129 576 1156 602 in
1169 583 1222 602 uno
1237 577 1342 610 angulo,
1359 583 1384 603 et
1400 578 1485 603 donec.
1507 578 1680 612 quadraginta
1694 580 1751 606 dies
1766 580 1866 614 impleti

1083 625 1184 652 essent,
1198 625 1225 647 et
1237 620 1387 648 advenisset
1404 622 1503 648 Pascha
1517 642 1524 654 ,
1540 630 1591 649 nun
1617 625 1731 658 sumpsit
1755 631 1865 658 pauent,

1083 672 1135 691 non
1151 673 1256 700 aquam,
1270 674 1320 693 non
1337 674 1406 700 genu
1423 668 1506 698 ﬂexit,
1520 676 1571 694 non
1582 669 1658 700 sedit,
1670 677 1721 696 non
1733 671 1865 702 accubuit,

1084 709 1149 736 nihil
1160 709 1231 736 aliud
1245 711 1362 744 gustavit
1378 716 1473 743 praeter
1494 719 1574 745 pauca
1591 713 1671 739 cruda
1687 714 1809 741 crantbes
1825 714 1864 740 f0-

1083 754 1128 787 lia,
1141 762 1200 789 quae
1212 755 1333 783 sumebat
1349 756 1390 783 die
1403 757 1548 789 Dumiuicn,
1564 762 1589 784 ιιι
1602 758 1737 785 videretur
1748 760 1867 786 comede-

1084 807 1125 833 re,
1140 804 1167 826 et
1182 807 1234 826 non
1249 800 1379 827 incideret
1396 801 1421 827 itt
1438 807 1608 835 arrogantem
1628 803 1661 829 de
1674 811 1702 830 se
1717 806 1867 837 persuasio-

1086 852 1161 877 nem;
1176 849 1202 871 et
1216 845 1238 872 si
1251 845 1357 879 quando
1379 846 1564 880 egrediebatur
1577 847 1610 873 ad
1623 848 1721 881 aliquid
1737 856 1863 875 necessa-

251 901 310 920 eatn
325 895 429 929 assequi
443 904 449 921 :
466 902 513 929 spe
525 899 612 922 autem
628 896 745 930 bibendi,
758 898 834 925 triutn
846 898 948 926 dierum
961 899 1033 926 lalm-
1050 887 1070 916 Β
1087 891 1166 924 rium.
1183 892 1237 919 οἱῑο
1251 900 1343 919 rursus
1359 893 1519 925 ίηὲ-ινεάῖεηδν
1537 894 1624 920 διειδεῖ
1639 894 1670 919 ad
1687 901 1802 928 οβυενοε
1816 903 1868 921 ηυη

252 946 309 966 rem
326 940 427 967 fortiter
444 942 578 969 sustinuit.
596 941 736 975 Postquam
751 944 873 978 apparuit
894 944 1034 971 multitudo

251 984 419 1017 bubalarum,
430 992 461 1012 cx
476 986 571 1019 quibus
590 993 642 1012 una
656 988 729 1014 stetit
739 994 771 1014 ex
785 987 897 1015 adverso
911 988 968 1023 ejus
986 989 1033 1015 Ita-

251 1028 318 1056 bens
333 1029 460 1061 vitulum:
480 1036 541 1057 sunt
555 1032 625 1058 enim
650 1033 741 1059 multa:
754 1034 779 1059 in
795 1033 849 1060 illis
868 1034 943 1060 locis.
961 1034 993 1061 Et
1007 1039 1035 1061 ut

249 1074 354 1102 dicebat
372 1075 448 1102 nobis
468 1075 607 1109 Macarius,
623 1077 688 1104 uber
707 1077 764 1112 ejus
785 1078 852 1105 lacte
872 1078 985 1111 fluebat,
1007 1084 1034 1106 et

252 1119 367 1154 desuper
379 1120 469 1147 sonuit
480 1128 530 1148 vox
547 1121 572 1148 ei
587 1122 679 1150 dicens
695 1130 701 1149 :
715 1123 820 1157 Macari,
836 1124 932 1151 accede
945 1124 977 1151 ad
991 1125 1035 1151 bu-

250 1164 336 1191 balam
347 1184 355 1197 ,
370 1170 398 1192 et
412 1165 521 1192 lactare.
535 1166 599 1193 Cum
613 1174 675 1201 ergo
686 1187 694 1199 ,
708 1167 809 1201 inquit,
826 1168 859 1194 ad
872 1175 930 1195 eam
946 1176 1035 1195 acces-

250 1210 348 1238 sissem
370 1215 396 1237 et
418 1210 530 1239 laetatus
551 1219 655 1245 essem,
670 1213 733 1239 mihi
758 1213 871 1240 suffecit.
892 1213 926 1241 Ut
947 1219 1034 1241 autem

250 1255 378 1289 majorem
393 1256 505 1290 gratiam
519 1257 671 1284 ostenderet
682 1257 818 1291 Dominus,
833 1259 932 1286 docens
947 1267 1032 1286 meam

250 1300 502 1335 parvitatem,jubct
513 1301 635 1329 bubalam
647 1310 689 1330 me
699 1303 775 1338 sequi
790 1311 872 1338 usque
883 1304 915 1331 ad
928 1305 1034 1331 cellam.

251 1344 297 1371 Illa
313 1352 375 1372 vero
391 1353 484 1379 parens
494 1346 579 1380 jussui
596 1351 688 1374 secula
710 1352 767 1381 est,
786 1355 829 1375 me
850 1349 956 1383 quidem
980 1349 1036 1376 lac-

252 1393 329 1422 tans,
344 1397 421 1418 suum
436 1395 525 1418 autem
546 1398 598 1419 non
613 1392 754 1420 admittens
772 1393 893 1421 vitulum.

289 1434 437 1469 Aliquando
449 1442 542 1463 rursus
553 1443 614 1462 cum
630 1441 734 1470 puteum
751 1436 853 1463 foderet
869 1437 912 1464 ltic
925 1437 965 1464 vir
981 1438 1035 1464 vir-

254 1484 310 1507 tute
329 1480 474 1513 praeditus,
493 1481 526 1508 ad
547 1482 706 1510 recreandos
725 1483 868 1510 monachos
887 1483 929 1518 (is
948 1489 1035 1511 autent

254 1528 312 1552 erat
325 1532 407 1559 prope
422 1525 484 1552 folia
498 1531 525 1553 et
539 1533 671 1553 sarmenta
694 1527 749 1554 illic
763 1528 864 1562 posita)
878 1535 982 1555 morsus
998 1532 1038 1555 est

1085 937 1219 971 aperiens,
1235 938 1281 965 sed
1292 944 1367 964 stans
1378 939 1493 971 silentio,
1512 939 1574 964 nihil
1595 938 1666 965 aliud
1682 940 1780 965 facietis
1801 947 1868 973 prte-

1087 988 1205 1017 terquam
1219 984 1354 1010 silentium
1370 984 1395 1010 iit
1412 984 1492 1010 corde
1505 992 1644 1014 exercens,
1657 990 1683 1010 et
1698 985 1794 1011 facien:
1810 992 1869 1010 ora-

1086 1029 1199 1059 tionem,
1215 1032 1241 1055 et
1257 1036 1346 1054 ramos
1361 1029 1454 1062 palm-.9.
1479 1036 1592 1061 operans
1616 1036 1682 1063 quos
1706 1029 1818 1055 habebat
1844 1030 1868 1056 in

1084 1073 1218 1101 manibus.
1233 1074 1298 1101 Cum
1316 1078 1403 1100 autent
1421 1075 1477 1100 haec
1490 1074 1618 1100 vidissent
1631 1082 1724 1101 omnes
1736 1075 1868 1102 exercita-

1086 1122 1157 1145 tores
1172 1118 1244 1145 illius
1258 1119 1422 1150 monasterii,
1436 1119 1592 1145 seditionem
1607 1120 1758 1146 excitarunt
1772 1120 1865 1146 adver-

1085 1171 1129 1190 sus
1143 1171 1219 1190 suum
1234 1163 1404 1198 praefectum:
1418 1164 1553 1191 Undenam
1566 1164 1640 1191 nobis
1651 1164 1781 1191 adduxisti
1798 1164 1868 1192 hunc

1089 1209 1222 1236 hominem
1238 1210 1296 1236 sine
1309 1217 1388 1236 caute
1400 1209 1431 1235 ad
1445 1210 1526 1236 nostri
1538 1210 1801 1237 condemnationem?
1816 1211 1867 1237 Ant

1088 1262 1148 1282 eum
1163 1255 1226 1281 hinc
1239 1254 1317 1288 ejice,
1334 1260 1388 1286 aut,
1406 1260 1432 1281 nt
1446 1256 1524 1288 scias,
1541 1263 1588 1282 nos
1603 1264 1695 1282 omnes
1712 1257 1771 1283 hinc
1790 1264 1866 1283 rece-

1087 1301 1183 1328 dimus.
1199 1302 1265 1328 Cum
1282 1302 1338 1328 lucc
1352 1307 1439 1329 autem
1452 1311 1464 1328 a
1480 1303 1605 1330 fratribus
1616 1304 1745 1331 audiisset
1760 1311 1869 1339 magnus

1087 1346 1261 1379 Pachomius,
1278 1347 1311 1374 de
1326 1355 1358 1373 cn
1369 1353 1409 1373 est
1425 1348 1584 1375 sciscitatus.
1602 1349 1634 1375 Et
1648 1356 1707 1375 cum
1733 1349 1868 1376 didicisset

1089 1392 1148 1427 ejus
1164 1394 1222 1420 vitae
1236 1394 1345 1427 agendae
1367 1395 1505 1425 rationem,
1532 1395 1611 1421 Deum
1627 1395 1727 1429 rogavit
1739 1400 1766 1421 ut
1786 1396 1810 1422 ei
1828 1403 1868 1422 te-

1087 1438 1217 1465 velaretur
1233 1440 1351 1472 quisnam
1365 1440 1408 1466 sit.
1430 1440 1585 1466 Revelatum
1600 1445 1641 1467 est
1658 1446 1745 1467 atttem
1763 1441 1786 1467 ei
1809 1448 1869 1468 eum

1087 1493 1146 1513 esse
1160 1486 1301 1512 Macarium
1327 1486 1593 1516 monacltum..Tunc
1611 1487 1667 1519 ejus
1688 1494 1793 1513 manum
1811 1495 1869 1521 pre-

1088 1529 1178 1559 hendit
1193 1538 1301 1565 magnus
1317 1531 1484 1563 Pacltomius,
1503 1536 1529 1557 ct
1551 1539 1610 1557 eum
1628 1533 1697 1558 foras
1720 1532 1824 1565 educit;
1846 1536 1870 1559 et

254 1569 288 1596 ab
303 1569 469 1605 aspide(est
493 1575 580 1598 autem
596 1577 752 1599 venenatum
772 1577 798 1599 et
813 1573 953 1600 exitiosum
980 1569 1071 1600 ani-C
1087 1582 1147 1602 cum
1173 1575 1326 1602 deduxisset
1353 1576 1379 1602 in
1408 1575 1515 1602 domum
1548 1577 1656 1602 oratorii
1682 1576 1725 1603 ubi
1749 1581 1789 1603 est
1813 1585 1870 1610 ara,

257 1615 337 1649 mal),
351 1616 442 1643 ambas
469 1615 560 1644 fauces
582 1617 681 1651 aspidis
707 1619 909 1651 apprehendens
930 1622 1037 1646 sanctus

255 1659 384 1686 ambabus
397 1660 517 1688 manibus
527 1681 534 1694 ,
551 1668 609 1688 eam
624 1661 781 1695 discerp~it,
798 1662 889 1690 dicens
906 1670 913 1689 :
929 1664 996 1691 Cum
1011 1669 1038 1690 te

256 1711 308 1731 non
321 1705 436 1732 misisset
460 1705 587 1733 Dominus
601 1713 691 1739 meus,
706 1708 838 1742 quomodo
851 1708 883 1735 ad
901 1715 944 1736 me
957 1716 1038 1736 ausus
1055 1719 1058 1723 ·

255 1756 286 1777 es
300 1750 447 1777 accedere?

293 1794 357 1822 Cum
373 1795 431 1829 ipse
445 1803 538 1823 rursus
551 1804 662 1832 magnus
680 1797 807 1825 audiisset
820 1798 948 1825 Macarius
968 1800 1038 1833 quod

256 1840 386 1868 haberent
407 1841 562 1876 prteciarum
579 1844 640 1870 Vilte
660 1843 805 1870 institutum
826 1844 1038 1878 Tabenuesiotai,

256 1891 329 1914 veste
338 1892 447 1920 mutata,
462 1891 491 1914 et
509 1893 645 1922 assumpto
661 1889 793 1916 mundano
808 1891 898 1917 habitu
913 1892 1038 1924 operarii,

256 1932 342 1966 spatio
360 1932 513 1967 quindecim
535 1934 637 1962 dierum
663 1936 784 1969 pervenit
804 1936 982 1968 Thebaidem,
1000 1938 1039 1964 itt-

255 1985 361 2013 gresstts
374 1986 421 2012 per
430 1979 611 2006 solitudinem.
625 1980 658 2007 Et
667 1987 726 2007 cum
739 1981 858 2009 venisset
871 1982 896 2009 in
911 1986 1038 2009 monaste-

256 2025 324 2050 rium
340 2023 605 2058 Tabennesiolarum,
617 2027 722 2058 qutesiit
735 2033 827 2053 eorum
843 2027 1038 2054 archimandri-

257 2071 321 2098 tam,
337 2069 445 2094 nomine
456 2067 635 2100 Pachomium,
650 2069 736 2096 virutn
749 2071 976 2103 probatissimum,
991 2072 1037 2106 qui

256 2111 406 2145 et-gratiam
421 2112 535 2139 habebat
553 2114 733 2146 propheticam
756 2113 813 2149 (De
830 2123 859 2141 ιο
877 2116 962 2150 infra,
979 2124 1038 2149 cap.

257 2155 329 2190 38),
345 2157 387 2184 cui
402 2158 508 2191 quidem
531 2163 623 2185 sancto
643 2163 705 2187 tunc
725 2161 855 2187 revelatus
878 2169 930 2188 non
953 2161 1041 2188 fuerat

257 2207 368 2235 magnus
382 2200 521 2228 Macarius.
534 2201 599 2229 Cum
614 2210 678 2237 ergo
695 2211 755 2231 eum
776 2205 963 2239 convenisset,
978 2207 1041 2233 dicit

1088 1624 1115 1646 et
1125 1624 1196 1647 esset
1208 1621 1343 1654 amplexus
1354 1640 1361 1653 ,
1378 1622 1401 1648 ei
1425 1622 1489 1648 dicit
1508 1631 1515 1649 :
1543 1623 1673 1649 Adesdum
1687 1643 1694 1655 ,
1720 1624 1870 1650 venerando

1088 1672 1181 1693 senex.
1192 1666 1231 1693 'l‘u
1242 1674 1271 1694 es
1284 1668 1419 1699 Macarius,
1429 1673 1454 1695 et
1466 1676 1508 1695 me
1523 1669 1546 1695 id
1559 1670 1661 1696 celasti.
1677 1670 1763 1697 Multis
1775 1671 1871 1697 ab‘.inc

1089 1713 1165 1739 annis
1179 1713 1247 1746 cupii
1263 1716 1290 1740 te
1305 1713 1394 1740 videre
1417 1721 1476 1740 cum
1497 1714 1530 1740 de
1550 1719 1574 1741 te
1597 1715 1726 1741 audirent.
1744 1716 1800 1749 Ago
1824 1716 1869 1743 tibi

1089 1758 1198 1792 gratias,
1215 1758 1285 1792 quod
1300 1759 1368 1785 filios
1384 1767 1458 1786 meos
1481 1760 1627 1793 subegeris,
1638 1768 1671 1786 ne
1692 1767 1721 1786 se
1733 1760 1832 1794 jactent
1847 1765 1872 1788 et

1090 1803 1229 1838 magnifice
1240 1804 1454 1835 circumspiciant
1479 1812 1535 1838 pro;
1548 1809 1585 1831 ter
1609 1812 1682 1830 suattt
1706 1805 1872 1831 exercitatio~

1091 1856 1162 1876 nezn.
1180 1849 1253 1882 Rogo
1267 1856 1330 1883 ergo
1346 1855 1380 1881 te,
1394 1850 1488 1876 recede
1505 1851 1527 1875 in
1542 1851 1572 1875 lo.
1584 1858 1625 1876 um
1640 1855 1723 1881 tuum,
1737 1857 1786 1877 nos
1799 1850 1869 1877 enim

1090 1895 1153 1921 satis
1167 1895 1313 1926 mdificasti,
1324 1901 1348 1921 et
1364 1903 1409 1921 ora
1426 1903 1472 1928 pro
1487 1896 1572 1922 nobis.
1590 1896 1664 1923 Tunc
1679 1896 1711 1922 ab
1726 1896 1783 1929 ipso
1797 1903 1871 1929 roga-

1091 1943 1142 1971 tus,
1155 1944 1181 1966 et
1196 1947 1255 1966 cttnt
1267 1940 1391 1965 omnibus
1406 1940 1529 1966 fratribus
1541 1940 1734 1972 orantibus,sic
1750 1948 1832 1967 recesi
1842 1941 1869 1966 it.

1140 1983 1291 2018 Aliquando
1341 1991 1437 2011 rursus
1489 1984 1604 2010 narravit
1620 1985 1697 2012 nobis
1713 1985 1755 2011 hic
1771 1985 1810 2011 vir
1824 1985 1872 2010 int-

1091 2030 1208 2063 patil-ilis
1224 2030 1352 2061 :Quando
1368 2035 1439 2056 rccte
1455 2031 1595 2063 gessissem
1612 2038 1716 2057 ontnem
1740 2031 1801 2057 vitta
1815 2039 1873 2056 nm-

1094 2074 1203 2101 nastica:
1230 2075 1338 2108 agendm
1356 2075 1500 2105 rationem,
1517 2080 1578 2101 tunc
1592 2075 1650 2101 veni
1665 2075 1697 2101 ad
1712 2076 1782 2101 aliud
1796 2075 1873 2108 spiri-

1092 2120 1143 2145 tale
1168 2119 1340 2146 desidt-rium.
1365 2120 1448 2146 Statui
1475 2120 1545 2146 enim
1571 2120 1686 2152 quinque
1710 2119 1766 2146 dies
1789 2121 1873 2146 solum

1092 2169 1208 2191 metttem
1225 2172 1310 2190 nteatn
1328 2165 1360 2190 ita
1376 2171 1537 2197 componere
1550 2185 1556 2196 ,
1574 2170 1600 2190 ut
1617 2172 1629 2189 τι
1652 2164 1705 2190 Deo
1725 2164 1801 2191 atelli
1822 2172 1873 2190 non

1092 2213 1190 2243 posset,
1204 2214 1230 2235 et
1245 2209 1307 2235 nihil
1328 2208 1398 2234 aliud
1421 2209 1529 2234 omnino
1550 2208 1688 2241 cogitaret.
1712 2208 1744 2234 Et
1764 2215 1823 2234 cum
1849 2208 1873 2234 id

256 2247 281 2275 ei
304 2248 434 2276 Macarius
462 2257 470 2276 :
494 2249 547 2277 Oro
562 2253 598 2283 te,
610 2251 714 2284 suscipe
731 2258 784 2285 me,
798 2259 899 2286 quaeso,
914 2253 940 2280 in
966 2258 1038 2280 tuum
1052 2249 1079 2280 Ι)
1091 2254 1158 2287 apud
1173 2261 1215 2281 me
1238 2254 1405 2284 statuissem,
1420 2253 1501 2279 clausi
1526 2260 1611 2279 meam
1635 2252 1728 2279 cellam
1742 2257 1768 2279 et
1789 2252 1873 2278 auiam

257 2294 465 2328 monasterium,
479 2299 507 2322 ut
530 2295 589 2322 [iam
605 2296 761 2324 monachus.
787 2296 855 2324 Dicit
883 2298 907 2325 ei
929 2306 1040 2332 magnus

259 2337 416 2367 Pachontius
430 2348 436 2366 :
452 2340 509 2367 Non
524 2345 599 2374 potes
612 2341 739 2376 deinceps
754 2342 810 2369 fieri
824 2344 970 2370 monachus
994 2345 1039 2378 qui

257 2385 295 2413 sis
307 2391 359 2412 tam
372 2391 512 2420 provectus
523 2391 611 2419 :etate.
625 2394 676 2414 non
689 2393 764 2421 potes
779 2392 804 2415 te
816 2395 960 2417 exercere:
977 2395 1041 2418 sunt

257 2430 352 2458 fratres
367 2431 411 2465 qui
424 2438 455 2459 se
467 2437 591 2460 exercent
604 2439 619 2458 a
630 2432 769 2466 juventute
779 2454 787 2466 ,
803 2437 831 2461 et
843 2433 963 2462 laborem
976 2436 1041 2461 tole-

258 2481 327 2503 rant.
342 2476 381 2503 'l‘u
393 2481 482 2504 autent
496 2477 522 2504 in
537 2478 585 2505 hac
601 2482 680 2505 attate
695 2485 747 2505 non
769 2482 846 2512 potes
859 2478 929 2507 ferre
951 2483 1039 2507 tenta-

259 2521 346 2549 tiones
360 2522 566 2549 exercitationis.
582 2523 741 2555 Ull'enderis,
755 2527 783 2550 et
796 2523 898 2557 exibis,
914 2527 941 2551 et
963 2526 1041 2552 nobis

259 2566 411 2594 maledices.
423 2567 513 2602 Neque
522 2576 583 2595 eum
595 2568 697 2603 accepit
708 2576 757 2596 nec
773 2569 859 2603 primo
873 2570 927 2603 die,
938 2577 989 2598 nec
998 2577 1040 2598 se-

257 2612 344 2639 cundo
359 2619 442 2647 usque
454 2613 487 2640 ad
501 2617 603 2647 septem
616 2614 680 2641 dies.
698 2614 744 2642 Ille
759 2621 823 2641 vero
836 2614 884 2642 fuit
895 2620 1039 2649 constans,

259 2665 370 2685 manens
391 2658 505 2692 jejunus.
522 2658 614 2686 Postea
628 2664 717 2687 autem
733 2659 796 2687 dicit
809 2660 833 2687 ei
848 2667 929 2688 senex
951 2660 1039 2688 Maca-

257 2704 314 2731 rius
332 2704 460 2738 :Suscipe
473 2712 525 2737 me,
538 2704 621 2738 abba,
636 2710 664 2732 et
678 2705 728 2732 nisi
742 2704 896 2740 jejunavero
910 2710 937 2732 et
952 2706 1041 2734 fect-ro

256 2756 288 2776 ea
298 2757 357 2783 quae
371 2751 418 2784 ipsi
434 2757 525 2784 opera,
538 2751 603 2785 jube
618 2757 660 2778 tne
671 2750 730 2784 ejici
744 2758 777 2778 ex
792 2753 964 2780 monasterio.
978 2753 1042 2780 Per-

257 2795 353 2823 suadet
368 2796 490 2824 fratribus
504 2804 615 2832 magnus
628 2797 788 2825 Pachomius
808 2803 836 2825 ut
857 2807 916 2826 eum
940 2799 1037 2826 admit-

259 2843 324 2868 tant.
342 2841 388 2869 Est
406 2847 493 2869 autem
512 2843 589 2870 unius
609 2843 760 2871 monasterii
780 2848 926 2871 conventus
939 2866 947 2878 ,
968 2844 1039 2873 mile

1092 2298 1271 2330 extrinsecus.
1288 2302 1315 2324 ut
1330 2297 1392 2323 nulli
1415 2296 1503 2323 darem
1521 2305 1615 2330 respuit
1634 2304 1687 2322 ttm.
1706 2296 1738 2322 Et
1760 2297 1820 2323 steti
1836 2297 1875 2322 itt-

1093 2344 1193 2376 cipiens
1214 2350 1228 2368 a
1247 2342 1363 2369 secunda
1396 2347 1422 2368 et
1437 2342 1517 2368 menti
1534 2350 1599 2368 mere
1621 2342 1794 2375 praecipiens,
1810 2347 1835 2368 et
1851 2342 1874 2368 ei

1092 2389 1185 2415 dicens
1198 2395 1207 2415 :
1224 2388 1289 2415 Vide
1301 2396 1333 2414 nc
1348 2387 1492 2413 descendas
1505 2387 1538 2413 de
1551 2387 1636 2413 ctelis.
1656 2386 1743 2413 Habes
1756 2386 1874 2421 angelus,

1093 2435 1276 2470 arcltangelos,
1290 2442 1383 2462 omnes
1396 2443 1524 2469 supernas
1536 2439 1688 2470 potestates,
1700 2434 1837 2461 cherubim
1849 2437 1875 2459 et

1092 2481 1243 2514 seraphint,
1269 2480 1349 2507 Deum
1374 2481 1467 2506 borum
1493 2480 1610 2507 omnium
1636 2479 1803 2506 eﬂ'cctorem.
1820 2478 1874 2505 Illic

1091 2534 1208 2557 versare.
1225 2534 1258 2553 ne
1279 2526 1328 2553 sub
1350 2527 1432 2553 caelos
1447 2526 1627 2558 descenderis,
1644 2532 1677 2552 ne
1699 2525 1823 2552 incideris
1848 2523 1874 2549 in

1090 2572 1239 2599 mundanas
1252 2573 1433 2606 cogitationes.
1448 2572 1513 2598 Cum
1527 2573 1593 2598 duos
1605 2576 1704 2602 autem,
1713 2570 1806 2603 inquit.
1816 2569 1876 2595 dies

1091 2621 1119 2644 et
1128 2617 1195 2644 duas
1215 2623 1306 2644 noctes
1319 2623 1528 2651 perseverassem
1539 2637 1545 2646 ,
1557 2617 1590 2643 ita
1603 2615 1702 2642 irritavi
1713 2616 1873 2643 datmonem,

1094 2669 1122 2690 ut
1134 2663 1189 2697 ipse
1202 2663 1277 2690 fieret
1293 2663 1396 2689 flamma
1409 2663 1486 2696 ignis,
1498 2666 1524 2688 et
1538 2654 1705 2687 combureret
1718 2658 1804 2685 omnia
1816 2665 1874 2690 qua:

1095 2707 1225 2735 habebam
1241 2707 1266 2734 itt
1280 2708 1356 2739 cella,
1373 2708 1439 2734 adeo
1455 2711 1482 2733 ut
1500 2707 1578 2733 eliant
1593 2709 1693 2735 storea,
1705 2710 1782 2736 supra
1796 2710 1874 2735 quam

1093 2753 1206 2785 stabam,
1222 2754 1282 2787 igne
1296 2754 1413 2786 arderet,
1428 2756 1454 2779 et
1482 2751 1519 2777 sic
1542 2758 1584 2776 mc
1609 2756 1713 2783 quoque
1739 2748 1873 2774 existima.

1094 2808 1150 2827 rem
1162 2804 1245 2827 totum
1255 2800 1427 2834 conﬂagrare.
1440 2798 1555 2824 Tandem
1567 2797 1663 2823 timore
1674 2797 1785 2822 allectus
1798 2794 1876 2821 tertio

1093 2846 1136 2874 die
1151 2846 1239 2874 destiti
1255 2846 1288 2873 ab
1304 2846 1355 2874 hoc
1370 2843 1504 2879 proposito
1514 2861 1522 2876 ,
1538 2849 1599 2869 cum
1619 2848 1672 2869 non
1694 2847 1798 2876 possem
1820 2847 1876 2867 am-

2075 29 2077 63 i

2075 516 2077 551 |
