  <div class='ocr_page' id='page_1' title='image "/cluster/home/n/w/nwhite01/storage/ocr_20150623/34/njp.32101077772547/566.png"; bbox 0 0 2077 3154; ppageno 0'>
   <div class='ocr_carea' id='block_1_1' title="bbox 198 147 273 189">
    <p class='ocr_par' dir='ltr' id='par_1_1' title="bbox 198 147 273 189">
     <span class='ocr_line' id='line_1_1' title="bbox 198 147 273 189; baseline -0.04 0"><span class='ocrx_word' id='word_1_1' title='bbox 198 147 273 189; x_wconf 76' lang='lat' dir='ltr'><strong>tost‘</strong></span> 
     </span>
    </p>
   </div>
   <div class='ocr_carea' id='block_1_2' title="bbox 832 155 1183 184">
    <p class='ocr_par' dir='ltr' id='par_1_2' title="bbox 832 155 1183 184">
     <span class='ocr_line' id='line_1_2' title="bbox 832 155 1183 184; baseline -0.006 0"><span class='ocrx_word' id='word_1_2' title='bbox 832 155 988 184; x_wconf 70' lang='lat' dir='ltr'><strong>HISTORIA</strong></span> <span class='ocrx_word' id='word_1_3' title='bbox 1007 156 1183 184; x_wconf 76' lang='lat' dir='ltr'><strong>LAUSIACA.</strong></span> 
     </span>
    </p>
   </div>
   <div class='ocr_carea' id='block_1_3' title="bbox 1747 155 1818 184">
    <p class='ocr_par' dir='ltr' id='par_1_3' title="bbox 1747 155 1818 184">
     <span class='ocr_line' id='line_1_3' title="bbox 1747 155 1818 184; baseline 0.014 -1"><span class='ocrx_word' id='word_1_4' title='bbox 1747 155 1818 184; x_wconf 66' lang='grc'><strong>1062</strong></span> 
     </span>
    </p>
   </div>
   <div class='ocr_carea' id='block_1_4' title="bbox 197 211 1813 253">
    <p class='ocr_par' dir='ltr' id='par_1_4' title="bbox 197 211 1813 253">
     <span class='ocr_line' id='line_1_4' title="bbox 197 211 1813 253; baseline -0.002 -9"><span class='ocrx_word' id='word_1_5' title='bbox 197 218 267 253; x_wconf 81' lang='lat' dir='ltr'><strong>plius</strong></span> <span class='ocrx_word' id='word_1_6' title='bbox 280 218 395 243; x_wconf 78' lang='lat' dir='ltr'><strong>mentem</strong></span> <span class='ocrx_word' id='word_1_7' title='bbox 410 222 495 242; x_wconf 83' lang='lat' dir='ltr'><strong>meam</strong></span> <span class='ocrx_word' id='word_1_8' title='bbox 507 218 598 241; x_wconf 83' lang='lat' dir='ltr'><strong>tenere</strong></span> <span class='ocrx_word' id='word_1_9' title='bbox 612 213 781 245; x_wconf 84' lang='lat' dir='ltr'><strong>indivulsam,</strong></span> <span class='ocrx_word' id='word_1_10' title='bbox 793 213 840 239; x_wconf 85' lang='lat' dir='ltr'><strong>sed</strong></span> <span class='ocrx_word' id='word_1_11' title='bbox 853 212 977 239; x_wconf 80' lang='lat' dir='ltr'><strong>descendi</strong></span> <span class='ocrx_word' id='word_1_12' title='bbox 993 213 1015 239; x_wconf 82' lang='lat' dir='ltr'><strong>A</strong></span> <span class='ocrx_word' id='word_1_13' title='bbox 1033 219 1091 239; x_wconf 83' lang='lat' dir='ltr'><strong>cum</strong></span> <span class='ocrx_word' id='word_1_14' title='bbox 1106 213 1228 238; x_wconf 80' lang='lat' dir='ltr'><strong>tinxisset</strong></span> <span class='ocrx_word' id='word_1_15' title='bbox 1239 211 1298 238; x_wconf 90' lang='lat' dir='ltr'><strong>oleo</strong></span> <span class='ocrx_word' id='word_1_16' title='bbox 1309 216 1414 239; x_wconf 84' lang='lat' dir='ltr'><strong>sancto.</strong></span> <span class='ocrx_word' id='word_1_17' title='bbox 1434 216 1461 239; x_wconf 89' lang='lat' dir='ltr'><strong>et</strong></span> <span class='ocrx_word' id='word_1_18' title='bbox 1476 219 1535 239; x_wconf 92' lang='lat' dir='ltr'><strong>cum</strong></span> <span class='ocrx_word' id='word_1_19' title='bbox 1559 220 1653 247; x_wconf 84' lang='lat' dir='ltr'><strong>aquam</strong></span> <span class='ocrx_word' id='word_1_20' title='bbox 1671 213 1813 242; x_wconf 75' lang='lat' dir='ltr'><strong>infudisset</strong></span> 
     </span>
    </p>
   </div>
   <div class='ocr_carea' id='block_1_5' title="bbox 197 257 982 297">
    <p class='ocr_par' dir='ltr' id='par_1_5' title="bbox 197 257 982 297">
     <span class='ocr_line' id='line_1_5' title="bbox 197 257 982 297; baseline -0.009 -7"><span class='ocrx_word' id='word_1_21' title='bbox 197 263 230 290; x_wconf 88' lang='lat' dir='ltr'><strong>ad</strong></span> <span class='ocrx_word' id='word_1_22' title='bbox 246 262 325 297; x_wconf 81' lang='lat' dir='ltr'><strong>hujus</strong></span> <span class='ocrx_word' id='word_1_23' title='bbox 338 261 429 289; x_wconf 89' lang='lat' dir='ltr'><strong>mundi</strong></span> <span class='ocrx_word' id='word_1_24' title='bbox 445 259 693 294; x_wconf 88' lang='lat' dir='ltr'><strong>contemplationem</strong></span> <span class='ocrx_word' id='word_1_25' title='bbox 708 267 715 291; x_wconf 90' lang='lat'><strong>;</strong></span> <span class='ocrx_word' id='word_1_26' title='bbox 730 258 784 285; x_wconf 91' lang='lat' dir='ltr'><strong>Deo</strong></span> <span class='ocrx_word' id='word_1_27' title='bbox 798 257 912 284; x_wconf 74' lang='lat' dir='ltr'><strong>fortasse</strong></span> <span class='ocrx_word' id='word_1_28' title='bbox 925 264 982 291; x_wconf 90' lang='lat' dir='ltr'><strong>per-</strong></span> 
     </span>
    </p>
   </div>
   <div class='ocr_carea' id='block_1_6' title="bbox 197 302 927 341">
    <p class='ocr_par' dir='ltr' id='par_1_6' title="bbox 197 302 927 341">
     <span class='ocr_line' id='line_1_6' title="bbox 197 302 927 341; baseline -0.011 -5"><span class='ocrx_word' id='word_1_29' title='bbox 197 308 334 341; x_wconf 85' lang='lat' dir='ltr'><strong>mittente,</strong></span> <span class='ocrx_word' id='word_1_30' title='bbox 349 315 382 334; x_wconf 90' lang='lat' dir='ltr'><strong>nc</strong></span> <span class='ocrx_word' id='word_1_31' title='bbox 398 307 448 334; x_wconf 91' lang='lat' dir='ltr'><strong>hoc</strong></span> <span class='ocrx_word' id='word_1_32' title='bbox 463 305 527 333; x_wconf 90' lang='lat' dir='ltr'><strong>mihi</strong></span> <span class='ocrx_word' id='word_1_33' title='bbox 542 310 709 340; x_wconf 83' lang='lat' dir='ltr'><strong>reputaretur</strong></span> <span class='ocrx_word' id='word_1_34' title='bbox 724 305 749 331; x_wconf 93' lang='lat' dir='ltr'><strong>in</strong></span> <span class='ocrx_word' id='word_1_35' title='bbox 765 302 927 338; x_wconf 80' lang='lat' dir='ltr'><strong>superbiam.</strong></span> 
     </span>
    </p>
   </div>
   <div class='ocr_carea' id='block_1_7' title="bbox 232 347 981 387">
    <p class='ocr_par' dir='ltr' id='par_1_7' title="bbox 232 347 981 387">
     <span class='ocr_line' id='line_1_7' title="bbox 232 347 981 387; baseline -0.008 -7"><span class='ocrx_word' id='word_1_36' title='bbox 232 352 290 387; x_wconf 86' lang='lat' dir='ltr'><strong>Ego</strong></span> <span class='ocrx_word' id='word_1_37' title='bbox 303 353 334 379; x_wconf 82' lang='lat' dir='ltr'><strong>ad</strong></span> <span class='ocrx_word' id='word_1_38' title='bbox 349 360 408 379; x_wconf 80' lang='lat' dir='ltr'><strong>eum</strong></span> <span class='ocrx_word' id='word_1_39' title='bbox 423 351 522 379; x_wconf 79' lang='lat' dir='ltr'><strong>accessi</strong></span> <span class='ocrx_word' id='word_1_40' title='bbox 533 350 721 384; x_wconf 84' lang='lat' dir='ltr'><strong>aliquando,ct</strong></span> <span class='ocrx_word' id='word_1_41' title='bbox 734 349 821 376; x_wconf 87' lang='lat' dir='ltr'><strong>inveni</strong></span> <span class='ocrx_word' id='word_1_42' title='bbox 835 353 909 375; x_wconf 86' lang='lat' dir='ltr'><strong>extra</strong></span> <span class='ocrx_word' id='word_1_43' title='bbox 924 347 981 381; x_wconf 84' lang='lat' dir='ltr'><strong>ejus</strong></span> 
     </span>
    </p>
   </div>
   <div class='ocr_carea' id='block_1_8' title="bbox 198 392 982 430">
    <p class='ocr_par' dir='ltr' id='par_1_8' title="bbox 198 392 982 430">
     <span class='ocr_line' id='line_1_8' title="bbox 198 392 982 430; baseline -0.006 -7"><span class='ocrx_word' id='word_1_44' title='bbox 198 397 294 425; x_wconf 81' lang='lat' dir='ltr'><strong>cellam</strong></span> <span class='ocrx_word' id='word_1_45' title='bbox 307 396 439 430; x_wconf 82' lang='lat' dir='ltr'><strong>jacenlcm</strong></span> <span class='ocrx_word' id='word_1_46' title='bbox 453 394 597 429; x_wconf 86' lang='lat' dir='ltr'><strong>quemdam</strong></span> <span class='ocrx_word' id='word_1_47' title='bbox 618 393 754 428; x_wconf 82' lang='lat' dir='ltr'><strong>cujusdam</strong></span> <span class='ocrx_word' id='word_1_48' title='bbox 773 394 822 420; x_wconf 89' lang='lat' dir='ltr'><strong>vici</strong></span> <span class='ocrx_word' id='word_1_49' title='bbox 846 392 982 427; x_wconf 86' lang='lat' dir='ltr'><strong>presbyte-</strong></span> 
     </span>
    </p>
   </div>
   <div class='ocr_carea' id='block_1_9' title="bbox 199 437 982 474">
    <p class='ocr_par' dir='ltr' id='par_1_9' title="bbox 199 437 982 474">
     <span class='ocr_line' id='line_1_9' title="bbox 199 437 982 474; baseline -0.006 -7"><span class='ocrx_word' id='word_1_50' title='bbox 199 449 270 472; x_wconf 90' lang='lat' dir='ltr'><strong>rum,</strong></span> <span class='ocrx_word' id='word_1_51' title='bbox 283 440 359 474; x_wconf 89' lang='lat' dir='ltr'><strong>cujus</strong></span> <span class='ocrx_word' id='word_1_52' title='bbox 369 443 449 474; x_wconf 86' lang='lat' dir='ltr'><strong>caput</strong></span> <span class='ocrx_word' id='word_1_53' title='bbox 459 440 494 466; x_wconf 88' lang='lat' dir='ltr'><strong>ita</strong></span> <span class='ocrx_word' id='word_1_54' title='bbox 506 444 562 466; x_wconf 88' lang='lat' dir='ltr'><strong>erat</strong></span> <span class='ocrx_word' id='word_1_55' title='bbox 575 446 683 466; x_wconf 82' lang='lat' dir='ltr'><strong>exesum</strong></span> <span class='ocrx_word' id='word_1_56' title='bbox 695 445 710 465; x_wconf 89' lang='lat' dir='ltr'><strong>a</strong></span> <span class='ocrx_word' id='word_1_57' title='bbox 722 437 814 465; x_wconf 91' lang='lat' dir='ltr'><strong>morbo</strong></span> <span class='ocrx_word' id='word_1_58' title='bbox 828 437 872 471; x_wconf 85' lang='lat' dir='ltr'><strong>qui</strong></span> <span class='ocrx_word' id='word_1_59' title='bbox 885 437 982 464; x_wconf 88' lang='lat' dir='ltr'><strong>dicitttr</strong></span> 
     </span>
    </p>
   </div>
   <div class='ocr_carea' id='block_1_10' title="bbox 198 482 984 520">
    <p class='ocr_par' dir='ltr' id='par_1_10' title="bbox 198 482 984 520">
     <span class='ocr_line' id='line_1_10' title="bbox 198 482 984 520; baseline -0.008 -6"><span class='ocrx_word' id='word_1_60' title='bbox 198 493 301 517; x_wconf 78' lang='lat' dir='ltr'><strong>cancer,</strong></span> <span class='ocrx_word' id='word_1_61' title='bbox 318 490 348 513; x_wconf 87' lang='lat' dir='ltr'><strong>ut</strong></span> <span class='ocrx_word' id='word_1_62' title='bbox 360 486 440 513; x_wconf 88' lang='lat' dir='ltr'><strong>etiam</strong></span> <span class='ocrx_word' id='word_1_63' title='bbox 453 485 539 520; x_wconf 85' lang='lat' dir='ltr'><strong>ipsum</strong></span> <span class='ocrx_word' id='word_1_64' title='bbox 555 492 586 512; x_wconf 88' lang='lat' dir='ltr'><strong>os</strong></span> <span class='ocrx_word' id='word_1_65' title='bbox 607 489 689 511; x_wconf 88' lang='lat' dir='ltr'><strong>totum</strong></span> <span class='ocrx_word' id='word_1_66' title='bbox 710 487 850 518; x_wconf 88' lang='lat' dir='ltr'><strong>appareret</strong></span> <span class='ocrx_word' id='word_1_67' title='bbox 870 482 896 509; x_wconf 93' lang='lat' dir='ltr'><strong>in</strong></span> <span class='ocrx_word' id='word_1_68' title='bbox 924 489 984 508; x_wconf 91' lang='lat' dir='ltr'><strong>ver-</strong></span> 
     </span>
    </p>
   </div>
   <div class='ocr_carea' id='block_1_11' title="bbox 200 526 983 566">
    <p class='ocr_par' dir='ltr' id='par_1_11' title="bbox 200 526 983 566">
     <span class='ocr_line' id='line_1_11' title="bbox 200 526 983 566; baseline -0.01 -6"><span class='ocrx_word' id='word_1_69' title='bbox 200 534 261 560; x_wconf 85' lang='lat' dir='ltr'><strong>tice.</strong></span> <span class='ocrx_word' id='word_1_70' title='bbox 276 532 300 560; x_wconf 87' lang='lat' dir='ltr'><strong>Is</strong></span> <span class='ocrx_word' id='word_1_71' title='bbox 311 532 425 559; x_wconf 87' lang='lat' dir='ltr'><strong>accessit</strong></span> <span class='ocrx_word' id='word_1_72' title='bbox 438 532 470 559; x_wconf 84' lang='lat' dir='ltr'><strong>ad</strong></span> <span class='ocrx_word' id='word_1_73' title='bbox 486 532 573 566; x_wconf 82' lang='lat' dir='ltr'><strong>ipsum</strong></span> <span class='ocrx_word' id='word_1_74' title='bbox 587 534 614 558; x_wconf 88' lang='lat' dir='ltr'><strong>ut</strong></span> <span class='ocrx_word' id='word_1_75' title='bbox 626 534 774 561; x_wconf 75' lang='lat' dir='ltr'><strong>curaretur,</strong></span> <span class='ocrx_word' id='word_1_76' title='bbox 789 535 837 555; x_wconf 90' lang='lat' dir='ltr'><strong>nec</strong></span> <span class='ocrx_word' id='word_1_77' title='bbox 859 534 920 555; x_wconf 86' lang='lat' dir='ltr'><strong>eum</strong></span> <span class='ocrx_word' id='word_1_78' title='bbox 934 526 983 553; x_wconf 86' lang='lat' dir='ltr'><strong>ad-</strong></span> 
     </span>
    </p>
   </div>
   <div class='ocr_carea' id='block_1_12' title="bbox 200 573 982 612">
    <p class='ocr_par' dir='ltr' id='par_1_12' title="bbox 200 573 982 612">
     <span class='ocr_line' id='line_1_12' title="bbox 200 573 982 612; baseline -0.009 -7"><span class='ocrx_word' id='word_1_79' title='bbox 200 579 324 605; x_wconf 90' lang='lat' dir='ltr'><strong>mittebat</strong></span> <span class='ocrx_word' id='word_1_80' title='bbox 338 577 371 605; x_wconf 86' lang='lat' dir='ltr'><strong>ad</strong></span> <span class='ocrx_word' id='word_1_81' title='bbox 386 577 558 612; x_wconf 89' lang='lat' dir='ltr'><strong>colloquium.</strong></span> <span class='ocrx_word' id='word_1_82' title='bbox 575 575 675 611; x_wconf 74' lang='lat' dir='ltr'><strong>Rogavi</strong></span> <span class='ocrx_word' id='word_1_83' title='bbox 689 580 776 604; x_wconf 85' lang='lat' dir='ltr'><strong>autem</strong></span> <span class='ocrx_word' id='word_1_84' title='bbox 787 580 859 606; x_wconf 87' lang='lat' dir='ltr'><strong>eum,</strong></span> <span class='ocrx_word' id='word_1_85' title='bbox 873 573 962 599; x_wconf 84' lang='lat' dir='ltr'><strong>dicens</strong></span> <span class='ocrx_word' id='word_1_86' title='bbox 976 580 982 598; x_wconf 93' lang='lat'>:</span> 
     </span>
    </p>
   </div>
   <div class='ocr_carea' id='block_1_13' title="bbox 201 619 983 657">
    <p class='ocr_par' dir='ltr' id='par_1_13' title="bbox 201 619 983 657">
     <span class='ocr_line' id='line_1_13' title="bbox 201 619 983 657; baseline -0.012 -6"><span class='ocrx_word' id='word_1_87' title='bbox 201 624 328 651; x_wconf 78' lang='lat' dir='ltr'><strong>Miserere</strong></span> <span class='ocrx_word' id='word_1_88' title='bbox 343 622 422 657; x_wconf 81' lang='lat' dir='ltr'><strong>hujus</strong></span> <span class='ocrx_word' id='word_1_89' title='bbox 435 622 542 655; x_wconf 83' lang='lat' dir='ltr'><strong>miseri,</strong></span> <span class='ocrx_word' id='word_1_90' title='bbox 558 626 585 649; x_wconf 88' lang='lat' dir='ltr'><strong>et</strong></span> <span class='ocrx_word' id='word_1_91' title='bbox 600 621 694 648; x_wconf 82' lang='lat' dir='ltr'><strong>saltem</strong></span> <span class='ocrx_word' id='word_1_92' title='bbox 709 620 743 647; x_wconf 90' lang='lat' dir='ltr'><strong>da</strong></span> <span class='ocrx_word' id='word_1_93' title='bbox 766 619 791 646; x_wconf 91' lang='lat' dir='ltr'><strong>ei</strong></span> <span class='ocrx_word' id='word_1_94' title='bbox 815 623 983 651; x_wconf 82' lang='lat' dir='ltr'><strong>responsum.</strong></span> 
     </span>
    </p>
   </div>
   <div class='ocr_carea' id='block_1_14' title="bbox 199 661 983 701">
    <p class='ocr_par' dir='ltr' id='par_1_14' title="bbox 199 661 983 701">
     <span class='ocr_line' id='line_1_14' title="bbox 199 661 983 701; baseline -0.01 -6"><span class='ocrx_word' id='word_1_95' title='bbox 199 668 224 694; x_wconf 90' lang='lat' dir='ltr'><strong>Is</strong></span> <span class='ocrx_word' id='word_1_96' title='bbox 239 675 303 695; x_wconf 89' lang='lat' dir='ltr'><strong>vero</strong></span> <span class='ocrx_word' id='word_1_97' title='bbox 321 668 385 694; x_wconf 91' lang='lat' dir='ltr'><strong>mihi</strong></span> <span class='ocrx_word' id='word_1_98' title='bbox 408 667 557 701; x_wconf 85' lang='lat' dir='ltr'><strong>respondit,</strong></span> <span class='ocrx_word' id='word_1_99' title='bbox 572 665 664 693; x_wconf 86' lang='lat' dir='ltr'><strong>dicens</strong></span> <span class='ocrx_word' id='word_1_100' title='bbox 689 673 696 691; x_wconf 94' lang='lat'><strong>:</strong></span> <span class='ocrx_word' id='word_1_101' title='bbox 723 664 769 691; x_wconf 83' lang='lat' dir='ltr'><strong>Est</strong></span> <span class='ocrx_word' id='word_1_102' title='bbox 792 663 916 697; x_wconf 86' lang='lat' dir='ltr'><strong>indignus</strong></span> <span class='ocrx_word' id='word_1_103' title='bbox 939 661 983 695; x_wconf 89' lang='lat' dir='ltr'><strong>qui</strong></span> 
     </span>
    </p>
   </div>
   <div class='ocr_carea' id='block_1_15' title="bbox 199 707 984 747">
    <p class='ocr_par' dir='ltr' id='par_1_15' title="bbox 199 707 984 747">
     <span class='ocr_line' id='line_1_15' title="bbox 199 707 984 747; baseline -0.011 -5"><span class='ocrx_word' id='word_1_104' title='bbox 199 719 319 747; x_wconf 78' lang='lat' dir='ltr'><strong>curetur,</strong></span> <span class='ocrx_word' id='word_1_105' title='bbox 335 714 415 741; x_wconf 83' lang='lat' dir='ltr'><strong>missa</strong></span> <span class='ocrx_word' id='word_1_106' title='bbox 430 718 471 740; x_wconf 91' lang='lat' dir='ltr'><strong>est</strong></span> <span class='ocrx_word' id='word_1_107' title='bbox 484 713 556 740; x_wconf 89' lang='lat' dir='ltr'><strong>enim</strong></span> <span class='ocrx_word' id='word_1_108' title='bbox 569 712 602 738; x_wconf 92' lang='lat' dir='ltr'><strong>ad</strong></span> <span class='ocrx_word' id='word_1_109' title='bbox 614 719 673 738; x_wconf 90' lang='lat' dir='ltr'><strong>eum</strong></span> <span class='ocrx_word' id='word_1_110' title='bbox 687 711 744 737; x_wconf 70' lang='lat' dir='ltr'><strong>haec</strong></span> <span class='ocrx_word' id='word_1_111' title='bbox 754 717 769 736; x_wconf 90' lang='lat' dir='ltr'><strong>a</strong></span> <span class='ocrx_word' id='word_1_112' title='bbox 780 709 891 736; x_wconf 89' lang='lat' dir='ltr'><strong>Domino</strong></span> <span class='ocrx_word' id='word_1_113' title='bbox 904 707 984 734; x_wconf 87' lang='lat' dir='ltr'><strong>disci-</strong></span> 
     </span>
    </p>
   </div>
   <div class='ocr_carea' id='block_1_16' title="bbox 201 752 984 793">
    <p class='ocr_par' dir='ltr' id='par_1_16' title="bbox 201 752 984 793">
     <span class='ocr_line' id='line_1_16' title="bbox 201 752 984 793; baseline -0.013 -6"><span class='ocrx_word' id='word_1_114' title='bbox 201 761 282 793; x_wconf 84' lang='lat' dir='ltr'><strong>plina.</strong></span> <span class='ocrx_word' id='word_1_115' title='bbox 297 760 372 793; x_wconf 86' lang='lat' dir='ltr'><strong>Quod</strong></span> <span class='ocrx_word' id='word_1_116' title='bbox 386 760 407 786; x_wconf 84' lang='lat' dir='ltr'><strong>si</strong></span> <span class='ocrx_word' id='word_1_117' title='bbox 418 759 484 786; x_wconf 80' lang='lat' dir='ltr'><strong>velis</strong></span> <span class='ocrx_word' id='word_1_118' title='bbox 497 765 558 786; x_wconf 90' lang='lat' dir='ltr'><strong>eum</strong></span> <span class='ocrx_word' id='word_1_119' title='bbox 572 757 670 789; x_wconf 90' lang='lat' dir='ltr'><strong>curari,</strong></span> <span class='ocrx_word' id='word_1_120' title='bbox 681 754 813 790; x_wconf 88' lang='lat' dir='ltr'><strong>persuade</strong></span> <span class='ocrx_word' id='word_1_121' title='bbox 826 754 850 780; x_wconf 89' lang='lat' dir='ltr'><strong>ei</strong></span> <span class='ocrx_word' id='word_1_122' title='bbox 866 756 894 779; x_wconf 90' lang='lat' dir='ltr'><strong>ut</strong></span> <span class='ocrx_word' id='word_1_123' title='bbox 910 752 984 779; x_wconf 89' lang='lat' dir='ltr'><strong>dein-</strong></span> 
     </span>
    </p>
   </div>
   <div class='ocr_carea' id='block_1_17' title="bbox 201 801 985 840">
    <p class='ocr_par' dir='ltr' id='par_1_17' title="bbox 201 801 985 840">
     <span class='ocr_line' id='line_1_17' title="bbox 201 801 985 840; baseline -0.013 -8"><span class='ocrx_word' id='word_1_124' title='bbox 201 813 264 840; x_wconf 86' lang='lat' dir='ltr'><strong>ceps</strong></span> <span class='ocrx_word' id='word_1_125' title='bbox 275 806 406 832; x_wconf 83' lang='lat' dir='ltr'><strong>abstineat</strong></span> <span class='ocrx_word' id='word_1_126' title='bbox 420 812 435 830; x_wconf 90' lang='lat' dir='ltr'><strong>a</strong></span> <span class='ocrx_word' id='word_1_127' title='bbox 457 803 606 830; x_wconf 86' lang='lat' dir='ltr'><strong>ministerio</strong></span> <span class='ocrx_word' id='word_1_128' title='bbox 629 806 781 829; x_wconf 87' lang='lat' dir='ltr'><strong>sanctorum</strong></span> <span class='ocrx_word' id='word_1_129' title='bbox 803 801 985 826; x_wconf 86' lang='lat' dir='ltr'><strong>sacramento-</strong></span> 
     </span>
    </p>
   </div>
   <div class='ocr_carea' id='block_1_18' title="bbox 201 841 986 884">
    <p class='ocr_par' dir='ltr' id='par_1_18' title="bbox 201 841 986 884">
     <span class='ocr_line' id='line_1_18' title="bbox 201 841 986 884; baseline -0.013 -7"><span class='ocrx_word' id='word_1_130' title='bbox 201 858 270 877; x_wconf 87' lang='lat' dir='ltr'><strong>rum.</strong></span> <span class='ocrx_word' id='word_1_131' title='bbox 285 850 342 884; x_wconf 79' lang='lat' dir='ltr'><strong>Ego</strong></span> <span class='ocrx_word' id='word_1_132' title='bbox 354 853 444 877; x_wconf 89' lang='lat' dir='ltr'><strong>autem</strong></span> <span class='ocrx_word' id='word_1_133' title='bbox 459 848 485 875; x_wconf 87' lang='lat' dir='ltr'><strong>ei</strong></span> <span class='ocrx_word' id='word_1_134' title='bbox 507 848 567 875; x_wconf 90' lang='lat' dir='ltr'><strong>dico</strong></span> <span class='ocrx_word' id='word_1_135' title='bbox 592 854 599 874; x_wconf 93' lang='lat'><strong>:</strong></span> <span class='ocrx_word' id='word_1_136' title='bbox 624 845 814 880; x_wconf 82' lang='lat' dir='ltr'><strong>Quamobrem,</strong></span> <span class='ocrx_word' id='word_1_137' title='bbox 831 842 938 877; x_wconf 73' lang='lat' dir='ltr'><strong>quaeso?</strong></span> <span class='ocrx_word' id='word_1_138' title='bbox 963 841 986 868; x_wconf 87' lang='lat' dir='ltr'><strong>Is</strong></span> 
     </span>
    </p>
   </div>
   <div class='ocr_carea' id='block_1_19' title="bbox 1034 257 1817 295">
    <p class='ocr_par' dir='ltr' id='par_1_19' title="bbox 1034 257 1817 295">
     <span class='ocr_line' id='line_1_19' title="bbox 1034 257 1817 295; baseline 0.008 -11"><span class='ocrx_word' id='word_1_139' title='bbox 1034 261 1159 292; x_wconf 68' lang='lat' dir='ltr'><strong>praecepit</strong></span> <span class='ocrx_word' id='word_1_140' title='bbox 1169 265 1202 284; x_wconf 90' lang='lat' dir='ltr'><strong>ne</strong></span> <span class='ocrx_word' id='word_1_141' title='bbox 1214 257 1385 292; x_wconf 80' lang='lat' dir='ltr'><strong>quadraginta</strong></span> <span class='ocrx_word' id='word_1_142' title='bbox 1400 259 1493 286; x_wconf 88' lang='lat' dir='ltr'><strong>diebus</strong></span> <span class='ocrx_word' id='word_1_143' title='bbox 1508 266 1602 287; x_wconf 81' lang='lat' dir='ltr'><strong>carnes</strong></span> <span class='ocrx_word' id='word_1_144' title='bbox 1616 264 1752 295; x_wconf 83' lang='lat' dir='ltr'><strong>gustaret.</strong></span> <span class='ocrx_word' id='word_1_145' title='bbox 1767 269 1817 290; x_wconf 81' lang='lat' dir='ltr'><strong>nec</strong></span> 
     </span>
    </p>
   </div>
   <div class='ocr_carea' id='block_1_20' title="bbox 1034 302 1433 334">
    <p class='ocr_par' dir='ltr' id='par_1_20' title="bbox 1034 302 1433 334">
     <span class='ocr_line' id='line_1_20' title="bbox 1034 302 1433 334; baseline 0.003 -6"><span class='ocrx_word' id='word_1_146' title='bbox 1034 302 1139 334; x_wconf 83' lang='lat' dir='ltr'><strong>vinum;</strong></span> <span class='ocrx_word' id='word_1_147' title='bbox 1157 307 1183 328; x_wconf 89' lang='lat' dir='ltr'><strong>et</strong></span> <span class='ocrx_word' id='word_1_148' title='bbox 1198 302 1236 329; x_wconf 77' lang='lat' dir='ltr'><strong>sic</strong></span> <span class='ocrx_word' id='word_1_149' title='bbox 1249 310 1308 329; x_wconf 90' lang='lat' dir='ltr'><strong>eum</strong></span> <span class='ocrx_word' id='word_1_150' title='bbox 1323 303 1433 330; x_wconf 84' lang='lat' dir='ltr'><strong>curavit.</strong></span> 
     </span>
    </p>
   </div>
   <div class='ocr_carea' id='block_1_21' title="bbox 1071 347 1816 387">
    <p class='ocr_par' dir='ltr' id='par_1_21' title="bbox 1071 347 1816 387">
     <span class='ocr_line' id='line_1_21' title="bbox 1071 347 1816 387; baseline 0.008 -13"><span class='ocrx_word' id='word_1_151' title='bbox 1071 347 1135 374; x_wconf 87' lang='lat' dir='ltr'><strong>Eum</strong></span> <span class='ocrx_word' id='word_1_152' title='bbox 1145 348 1288 381; x_wconf 72' lang='lat' dir='ltr'><strong>aliquando</strong></span> <span class='ocrx_word' id='word_1_153' title='bbox 1299 348 1435 375; x_wconf 77' lang='lat' dir='ltr'><strong>subierunt</strong></span> <span class='ocrx_word' id='word_1_154' title='bbox 1444 350 1617 383; x_wconf 80' lang='lat' dir='ltr'><strong>cogitationes</strong></span> <span class='ocrx_word' id='word_1_155' title='bbox 1628 359 1703 379; x_wconf 63' lang='lat' dir='ltr'><strong>vana:</strong></span> <span class='ocrx_word' id='word_1_156' title='bbox 1714 352 1816 387; x_wconf 67' lang='lat' dir='ltr'><strong>gloriae,</strong></span> 
     </span>
    </p>
   </div>
   <div class='ocr_carea' id='block_1_22' title="bbox 1034 393 1818 429">
    <p class='ocr_par' dir='ltr' id='par_1_22' title="bbox 1034 393 1818 429">
     <span class='ocr_line' id='line_1_22' title="bbox 1034 393 1818 429; baseline 0.008 -10"><span class='ocrx_word' id='word_1_157' title='bbox 1034 400 1093 428; x_wconf 68' lang='lat' dir='ltr'><strong>qure</strong></span> <span class='ocrx_word' id='word_1_158' title='bbox 1107 401 1167 420; x_wconf 86' lang='lat' dir='ltr'><strong>eum</strong></span> <span class='ocrx_word' id='word_1_159' title='bbox 1179 400 1194 421; x_wconf 91' lang='lat' dir='ltr'><strong>e</strong></span> <span class='ocrx_word' id='word_1_160' title='bbox 1204 393 1269 421; x_wconf 92' lang='lat' dir='ltr'><strong>cella</strong></span> <span class='ocrx_word' id='word_1_161' title='bbox 1281 394 1434 427; x_wconf 76' lang='lat' dir='ltr'><strong>ejiciebant,</strong></span> <span class='ocrx_word' id='word_1_162' title='bbox 1446 395 1655 429; x_wconf 81' lang='lat' dir='ltr'><strong>etsuggerebant</strong></span> <span class='ocrx_word' id='word_1_163' title='bbox 1665 401 1694 423; x_wconf 93' lang='lat' dir='ltr'><strong>ut</strong></span> <span class='ocrx_word' id='word_1_164' title='bbox 1706 397 1818 424; x_wconf 86' lang='lat' dir='ltr'><strong>honesto</strong></span> 
     </span>
    </p>
   </div>
   <div class='ocr_carea' id='block_1_23' title="bbox 1034 438 1819 476">
    <p class='ocr_par' dir='ltr' id='par_1_23' title="bbox 1034 438 1819 476">
     <span class='ocr_line' id='line_1_23' title="bbox 1034 438 1819 476; baseline 0.005 -11"><span class='ocrx_word' id='word_1_165' title='bbox 1034 439 1144 466; x_wconf 85' lang='lat' dir='ltr'><strong>consilio</strong></span> <span class='ocrx_word' id='word_1_166' title='bbox 1158 438 1261 473; x_wconf 89' lang='lat' dir='ltr'><strong>etjusta</strong></span> <span class='ocrx_word' id='word_1_167' title='bbox 1274 439 1307 466; x_wconf 90' lang='lat' dir='ltr'><strong>de</strong></span> <span class='ocrx_word' id='word_1_168' title='bbox 1320 446 1399 465; x_wconf 90' lang='lat' dir='ltr'><strong>causa</strong></span> <span class='ocrx_word' id='word_1_169' title='bbox 1413 438 1522 466; x_wconf 80' lang='lat' dir='ltr'><strong>Romam</strong></span> <span class='ocrx_word' id='word_1_170' title='bbox 1537 445 1672 475; x_wconf 83' lang='lat' dir='ltr'><strong>pergeret,</strong></span> <span class='ocrx_word' id='word_1_171' title='bbox 1696 449 1746 476; x_wconf 88' lang='lat' dir='ltr'><strong>pro</strong></span> <span class='ocrx_word' id='word_1_172' title='bbox 1771 442 1819 469; x_wconf 85' lang='lat' dir='ltr'><strong>he-</strong></span> 
     </span>
    </p>
   </div>
   <div class='ocr_carea' id='block_1_24' title="bbox 1035 485 1819 519">
    <p class='ocr_par' dir='ltr' id='par_1_24' title="bbox 1035 485 1819 519">
     <span class='ocr_line' id='line_1_24' title="bbox 1035 485 1819 519; baseline 0.004 -7"><span class='ocrx_word' id='word_1_173' title='bbox 1035 485 1130 513; x_wconf 86' lang='lat' dir='ltr'><strong>neiicio</strong></span> <span class='ocrx_word' id='word_1_174' title='bbox 1150 492 1242 512; x_wconf 92' lang='lat' dir='ltr'><strong>eorum</strong></span> <span class='ocrx_word' id='word_1_175' title='bbox 1263 486 1306 519; x_wconf 89' lang='lat' dir='ltr'><strong>qui</strong></span> <span class='ocrx_word' id='word_1_176' title='bbox 1327 486 1506 519; x_wconf 84' lang='lat' dir='ltr'><strong>aegrotabant;</strong></span> <span class='ocrx_word' id='word_1_177' title='bbox 1528 487 1602 513; x_wconf 87' lang='lat' dir='ltr'><strong>valde</strong></span> <span class='ocrx_word' id='word_1_178' title='bbox 1622 488 1692 514; x_wconf 88' lang='lat' dir='ltr'><strong>enim</strong></span> <span class='ocrx_word' id='word_1_179' title='bbox 1712 487 1738 515; x_wconf 93' lang='lat' dir='ltr'><strong>in</strong></span> <span class='ocrx_word' id='word_1_180' title='bbox 1758 493 1819 515; x_wconf 82' lang='lat' dir='ltr'><strong>eum</strong></span> 
     </span>
    </p>
   </div>
   <div class='ocr_carea' id='block_1_25' title="bbox 1034 522 1818 567">
    <p class='ocr_par' dir='ltr' id='par_1_25' title="bbox 1034 522 1818 567">
     <span class='ocr_line' id='line_1_25' title="bbox 1034 522 1818 567; baseline 0.005 -10"><span class='ocrx_word' id='word_1_181' title='bbox 1034 530 1193 565; x_wconf 81' lang='lat' dir='ltr'><strong>operabatur</strong></span> <span class='ocrx_word' id='word_1_182' title='bbox 1205 531 1288 566; x_wconf 81' lang='lat' dir='ltr'><strong>gratia</strong></span> <span class='ocrx_word' id='word_1_183' title='bbox 1303 532 1430 559; x_wconf 85' lang='lat' dir='ltr'><strong>adversus</strong></span> <span class='ocrx_word' id='word_1_184' title='bbox 1441 522 1563 566; x_wconf 59' lang='lat' dir='ltr'><strong>spiritus:</strong></span> <span class='ocrx_word' id='word_1_185' title='bbox 1576 532 1717 567; x_wconf 79' lang='lat' dir='ltr'><strong>Postquam</strong></span> <span class='ocrx_word' id='word_1_186' title='bbox 1730 538 1818 561; x_wconf 88' lang='lat' dir='ltr'><strong>autem</strong></span> 
     </span>
    </p>
   </div>
   <div class='ocr_carea' id='block_1_26' title="bbox 1036 575 1819 614">
    <p class='ocr_par' dir='ltr' id='par_1_26' title="bbox 1036 575 1819 614">
     <span class='ocr_line' id='line_1_26' title="bbox 1036 575 1819 614; baseline 0.005 -13"><span class='ocrx_word' id='word_1_187' title='bbox 1036 575 1115 610; x_wconf 88' lang='lat' dir='ltr'><strong>longo</strong></span> <span class='ocrx_word' id='word_1_188' title='bbox 1130 579 1248 609; x_wconf 87' lang='lat' dir='ltr'><strong>tempore</strong></span> <span class='ocrx_word' id='word_1_189' title='bbox 1263 583 1315 602; x_wconf 93' lang='lat' dir='ltr'><strong>non</strong></span> <span class='ocrx_word' id='word_1_190' title='bbox 1330 575 1440 607; x_wconf 83' lang='lat' dir='ltr'><strong>obediit,</strong></span> <span class='ocrx_word' id='word_1_191' title='bbox 1456 576 1532 603; x_wconf 83' lang='lat' dir='ltr'><strong>valde</strong></span> <span class='ocrx_word' id='word_1_192' title='bbox 1543 577 1698 611; x_wconf 75' lang='lat' dir='ltr'><strong>agitabatur.</strong></span> <span class='ocrx_word' id='word_1_193' title='bbox 1712 578 1819 614; x_wconf 84' lang='lat' dir='ltr'><strong>_Cadens</strong></span> 
     </span>
    </p>
   </div>
   <div class='ocr_carea' id='block_1_27' title="bbox 1036 620 1814 655">
    <p class='ocr_par' dir='ltr' id='par_1_27' title="bbox 1036 620 1814 655">
     <span class='ocr_line' id='line_1_27' title="bbox 1036 620 1814 655; baseline 0.005 -9"><span class='ocrx_word' id='word_1_194' title='bbox 1036 628 1100 647; x_wconf 87' lang='lat' dir='ltr'><strong>vero</strong></span> <span class='ocrx_word' id='word_1_195' title='bbox 1114 621 1139 647; x_wconf 93' lang='lat' dir='ltr'><strong>in</strong></span> <span class='ocrx_word' id='word_1_196' title='bbox 1159 621 1250 647; x_wconf 89' lang='lat' dir='ltr'><strong>limine</strong></span> <span class='ocrx_word' id='word_1_197' title='bbox 1267 620 1358 652; x_wconf 71' lang='lat' dir='ltr'><strong>cellae,</strong></span> <span class='ocrx_word' id='word_1_198' title='bbox 1374 620 1443 648; x_wconf 80' lang='lat' dir='ltr'><strong>foras</strong></span> <span class='ocrx_word' id='word_1_199' title='bbox 1458 621 1539 655; x_wconf 83' lang='lat' dir='ltr'><strong>pedes</strong></span> <span class='ocrx_word' id='word_1_200' title='bbox 1554 623 1658 655; x_wconf 85' lang='lat' dir='ltr'><strong>emisit,</strong></span> <span class='ocrx_word' id='word_1_201' title='bbox 1672 627 1699 650; x_wconf 89' lang='lat' dir='ltr'><strong>et</strong></span> <span class='ocrx_word' id='word_1_202' title='bbox 1722 623 1787 650; x_wconf 91' lang='lat' dir='ltr'><strong>dicit</strong></span> <span class='ocrx_word' id='word_1_203' title='bbox 1808 632 1814 638; x_wconf 88' lang='grc'><strong>·</strong></span> 
     </span>
    </p>
   </div>
   <div class='ocr_carea' id='block_1_28' title="bbox 1037 665 1820 703">
    <p class='ocr_par' dir='ltr' id='par_1_28' title="bbox 1037 665 1820 703">
     <span class='ocr_line' id='line_1_28' title="bbox 1037 665 1820 703; baseline 0.005 -11"><span class='ocrx_word' id='word_1_204' title='bbox 1037 665 1144 693; x_wconf 89' lang='lat' dir='ltr'><strong>Trahite</strong></span> <span class='ocrx_word' id='word_1_205' title='bbox 1158 671 1183 693; x_wconf 90' lang='lat' dir='ltr'><strong>et</strong></span> <span class='ocrx_word' id='word_1_206' title='bbox 1198 666 1298 698; x_wconf 85' lang='lat' dir='ltr'><strong>vellite,</strong></span> <span class='ocrx_word' id='word_1_207' title='bbox 1314 674 1330 692; x_wconf 93' lang='lat' dir='ltr'><strong>o</strong></span> <span class='ocrx_word' id='word_1_208' title='bbox 1345 666 1491 700; x_wconf 75' lang='lat' dir='ltr'><strong>dtemones,</strong></span> <span class='ocrx_word' id='word_1_209' title='bbox 1507 667 1529 694; x_wconf 93' lang='lat' dir='ltr'><strong>si</strong></span> <span class='ocrx_word' id='word_1_210' title='bbox 1545 668 1665 701; x_wconf 81' lang='lat' dir='ltr'><strong>potestis.</strong></span> <span class='ocrx_word' id='word_1_211' title='bbox 1681 669 1736 703; x_wconf 81' lang='lat' dir='ltr'><strong>Ego</strong></span> <span class='ocrx_word' id='word_1_212' title='bbox 1747 670 1820 696; x_wconf 86' lang='lat' dir='ltr'><strong>enim</strong></span> 
     </span>
    </p>
   </div>
   <div class='ocr_carea' id='block_1_29' title="bbox 1037 711 1820 749">
    <p class='ocr_par' dir='ltr' id='par_1_29' title="bbox 1037 711 1820 749">
     <span class='ocr_line' id='line_1_29' title="bbox 1037 711 1820 749; baseline 0.008 -12"><span class='ocrx_word' id='word_1_213' title='bbox 1037 718 1089 737; x_wconf 91' lang='lat' dir='ltr'><strong>non</strong></span> <span class='ocrx_word' id='word_1_214' title='bbox 1108 711 1175 738; x_wconf 90' lang='lat' dir='ltr'><strong>abeo</strong></span> <span class='ocrx_word' id='word_1_215' title='bbox 1190 711 1255 739; x_wconf 88' lang='lat' dir='ltr'><strong>meis</strong></span> <span class='ocrx_word' id='word_1_216' title='bbox 1271 711 1391 745; x_wconf 88' lang='lat' dir='ltr'><strong>pedibus,</strong></span> <span class='ocrx_word' id='word_1_217' title='bbox 1405 711 1497 746; x_wconf 88' lang='lat' dir='ltr'><strong>jurans</strong></span> <span class='ocrx_word' id='word_1_218' title='bbox 1516 712 1573 740; x_wconf 84' lang='lat' dir='ltr'><strong>fore</strong></span> <span class='ocrx_word' id='word_1_219' title='bbox 1586 717 1614 740; x_wconf 90' lang='lat' dir='ltr'><strong>ut</strong></span> <span class='ocrx_word' id='word_1_220' title='bbox 1627 714 1715 747; x_wconf 84' lang='lat' dir='ltr'><strong>jaceat</strong></span> <span class='ocrx_word' id='word_1_221' title='bbox 1736 722 1820 749; x_wconf 81' lang='lat' dir='ltr'><strong>usque</strong></span> 
     </span>
    </p>
   </div>
   <div class='ocr_carea' id='block_1_30' title="bbox 1037 757 1820 790">
    <p class='ocr_par' dir='ltr' id='par_1_30' title="bbox 1037 757 1820 790">
     <span class='ocr_line' id='line_1_30' title="bbox 1037 757 1820 790; baseline 0.006 -8"><span class='ocrx_word' id='word_1_222' title='bbox 1037 757 1070 783; x_wconf 86' lang='lat' dir='ltr'><strong>ad</strong></span> <span class='ocrx_word' id='word_1_223' title='bbox 1084 764 1231 790; x_wconf 59' lang='lat' dir='ltr'><strong>vestieram,</strong></span> <span class='ocrx_word' id='word_1_224' title='bbox 1248 761 1275 783; x_wconf 89' lang='lat' dir='ltr'><strong>et</strong></span> <span class='ocrx_word' id='word_1_225' title='bbox 1289 757 1339 783; x_wconf 90' lang='lat' dir='ltr'><strong>nisi</strong></span> <span class='ocrx_word' id='word_1_226' title='bbox 1357 765 1417 784; x_wconf 92' lang='lat' dir='ltr'><strong>eum</strong></span> <span class='ocrx_word' id='word_1_227' title='bbox 1431 757 1578 790; x_wconf 84' lang='lat' dir='ltr'><strong>excutiant,</strong></span> <span class='ocrx_word' id='word_1_228' title='bbox 1594 766 1646 785; x_wconf 91' lang='lat' dir='ltr'><strong>non</strong></span> <span class='ocrx_word' id='word_1_229' title='bbox 1660 765 1720 787; x_wconf 88' lang='lat' dir='ltr'><strong>esse</strong></span> <span class='ocrx_word' id='word_1_230' title='bbox 1743 760 1820 786; x_wconf 92' lang='lat' dir='ltr'><strong>audi-</strong></span> 
     </span>
    </p>
   </div>
   <div class='ocr_carea' id='block_1_31' title="bbox 1038 801 1819 838">
    <p class='ocr_par' dir='ltr' id='par_1_31' title="bbox 1038 801 1819 838">
     <span class='ocr_line' id='line_1_31' title="bbox 1038 801 1819 838; baseline 0.008 -11"><span class='ocrx_word' id='word_1_231' title='bbox 1038 805 1135 828; x_wconf 89' lang='lat' dir='ltr'><strong>turum.</strong></span> <span class='ocrx_word' id='word_1_232' title='bbox 1151 801 1217 828; x_wconf 85' lang='lat' dir='ltr'><strong>Cum</strong></span> <span class='ocrx_word' id='word_1_233' title='bbox 1239 805 1327 828; x_wconf 86' lang='lat' dir='ltr'><strong>autem</strong></span> <span class='ocrx_word' id='word_1_234' title='bbox 1343 802 1387 828; x_wconf 92' lang='lat' dir='ltr'><strong>diu</strong></span> <span class='ocrx_word' id='word_1_235' title='bbox 1404 803 1603 836; x_wconf 88' lang='lat' dir='ltr'><strong>procubuissel,</strong></span> <span class='ocrx_word' id='word_1_236' title='bbox 1616 804 1819 838; x_wconf 82' lang='lat' dir='ltr'><strong>surrexit;cum</strong></span> 
     </span>
    </p>
   </div>
   <div class='ocr_carea' id='block_1_32' title="bbox 1039 846 1823 886">
    <p class='ocr_par' dir='ltr' id='par_1_32' title="bbox 1039 846 1823 886">
     <span class='ocr_line' id='line_1_32' title="bbox 1039 846 1823 886; baseline 0.009 -14"><span class='ocrx_word' id='word_1_237' title='bbox 1039 853 1089 873; x_wconf 87' lang='lat' dir='ltr'><strong>nox</strong></span> <span class='ocrx_word' id='word_1_238' title='bbox 1101 851 1188 874; x_wconf 89' lang='lat' dir='ltr'><strong>autem</strong></span> <span class='ocrx_word' id='word_1_239' title='bbox 1199 846 1378 880; x_wconf 85' lang='lat' dir='ltr'><strong>adventassel,</strong></span> <span class='ocrx_word' id='word_1_240' title='bbox 1388 848 1410 874; x_wconf 90' lang='lat' dir='ltr'><strong>ei</strong></span> <span class='ocrx_word' id='word_1_241' title='bbox 1421 855 1512 875; x_wconf 89' lang='lat' dir='ltr'><strong>rursus</strong></span> <span class='ocrx_word' id='word_1_242' title='bbox 1523 849 1668 876; x_wconf 84' lang='lat' dir='ltr'><strong>exhibuere</strong></span> <span class='ocrx_word' id='word_1_243' title='bbox 1675 851 1823 886; x_wconf 85' lang='lat' dir='ltr'><strong>negotium.</strong></span> 
     </span>
    </p>
   </div>
   <div class='ocr_carea' id='block_1_33' title="bbox 201 887 1822 930">
    <p class='ocr_par' dir='ltr' id='par_1_33' title="bbox 201 887 1822 930">
     <span class='ocr_line' id='line_1_33' title="bbox 201 887 1822 930; baseline -0.005 -10"><span class='ocrx_word' id='word_1_244' title='bbox 201 901 267 922; x_wconf 86' lang='lat' dir='ltr'><strong>vero</strong></span> <span class='ocrx_word' id='word_1_245' title='bbox 293 894 358 922; x_wconf 81' lang='lat' dir='ltr'><strong>dicit</strong></span> <span class='ocrx_word' id='word_1_246' title='bbox 373 903 380 922; x_wconf 93' lang='lat'><strong>:</strong></span> <span class='ocrx_word' id='word_1_247' title='bbox 396 894 542 921; x_wconf 82' lang='lat' dir='ltr'><strong>Fornicans</strong></span> <span class='ocrx_word' id='word_1_248' title='bbox 558 899 663 920; x_wconf 86' lang='lat' dir='ltr'><strong>sacrum</strong></span> <span class='ocrx_word' id='word_1_249' title='bbox 679 890 784 925; x_wconf 77' lang='lat' dir='ltr'><strong>peregit</strong></span> <span class='ocrx_word' id='word_1_250' title='bbox 798 887 983 918; x_wconf 89' lang='lat' dir='ltr'><strong>ministerium,</strong></span> <span class='ocrx_word' id='word_1_251' title='bbox 1001 888 1025 918; x_wconf 86' lang='grc' dir='ltr'><em>Β</em></span> <span class='ocrx_word' id='word_1_252' title='bbox 1040 892 1070 919; x_wconf 64' lang='grc' dir='ltr'><strong>[ει</strong></span> <span class='ocrx_word' id='word_1_253' title='bbox 1085 900 1144 920; x_wconf 75' lang='lat' dir='ltr'><strong>cum</strong></span> <span class='ocrx_word' id='word_1_254' title='bbox 1160 893 1272 919; x_wconf 67' lang='lat' dir='ltr'><strong>duorum</strong></span> <span class='ocrx_word' id='word_1_255' title='bbox 1287 894 1436 920; x_wconf 67' lang='lat' dir='ltr'><strong>modiorum</strong></span> <span class='ocrx_word' id='word_1_256' title='bbox 1454 899 1571 928; x_wconf 62' lang='lat' dir='ltr'><strong>spem,“</strong></span> <span class='ocrx_word' id='word_1_257' title='bbox 1587 895 1721 930; x_wconf 50' lang='lat' dir='ltr'><strong>imples“!</strong></span> <span class='ocrx_word' id='word_1_258' title='bbox 1732 903 1822 930; x_wconf 48' lang='lat' dir='ltr'><strong>&quot;em.</strong></span> 
     </span>
    </p>
   </div>
   <div class='ocr_carea' id='block_1_34' title="bbox 200 932 984 974">
    <p class='ocr_par' dir='ltr' id='par_1_34' title="bbox 200 932 984 974">
     <span class='ocr_line' id='line_1_34' title="bbox 200 932 984 974; baseline -0.013 -7"><span class='ocrx_word' id='word_1_259' title='bbox 200 943 228 966; x_wconf 84' lang='lat' dir='ltr'><strong>et</strong></span> <span class='ocrx_word' id='word_1_260' title='bbox 238 940 299 967; x_wconf 88' lang='lat' dir='ltr'><strong>ideo</strong></span> <span class='ocrx_word' id='word_1_261' title='bbox 311 939 466 974; x_wconf 77' lang='lat' dir='ltr'><strong>castigatur.</strong></span> <span class='ocrx_word' id='word_1_262' title='bbox 482 938 556 965; x_wconf 85' lang='lat' dir='ltr'><strong>Nunc</strong></span> <span class='ocrx_word' id='word_1_263' title='bbox 576 944 640 971; x_wconf 86' lang='lat' dir='ltr'><strong>ergo</strong></span> <span class='ocrx_word' id='word_1_264' title='bbox 655 936 677 963; x_wconf 88' lang='lat' dir='ltr'><strong>si</strong></span> <span class='ocrx_word' id='word_1_265' title='bbox 693 941 765 962; x_wconf 88' lang='lat' dir='ltr'><strong>metu</strong></span> <span class='ocrx_word' id='word_1_266' title='bbox 779 934 888 960; x_wconf 80' lang='lat' dir='ltr'><strong>desistat</strong></span> <span class='ocrx_word' id='word_1_267' title='bbox 906 932 939 958; x_wconf 88' lang='lat' dir='ltr'><strong>ab</strong></span> <span class='ocrx_word' id='word_1_268' title='bbox 952 938 984 958; x_wconf 87' lang='lat' dir='ltr'><strong>co</strong></span> 
     </span>
    </p>
   </div>
   <div class='ocr_carea' id='block_1_35' title="bbox 199 978 983 1020">
    <p class='ocr_par' dir='ltr' id='par_1_35' title="bbox 199 978 983 1020">
     <span class='ocr_line' id='line_1_35' title="bbox 199 978 983 1020; baseline -0.014 -7"><span class='ocrx_word' id='word_1_269' title='bbox 199 985 270 1020; x_wconf 82' lang='lat' dir='ltr'><strong>quod</strong></span> <span class='ocrx_word' id='word_1_270' title='bbox 285 992 365 1012; x_wconf 87' lang='lat' dir='ltr'><strong>ausus</strong></span> <span class='ocrx_word' id='word_1_271' title='bbox 377 989 419 1012; x_wconf 88' lang='lat' dir='ltr'><strong>est</strong></span> <span class='ocrx_word' id='word_1_272' title='bbox 431 985 519 1012; x_wconf 85' lang='lat' dir='ltr'><strong>facere</strong></span> <span class='ocrx_word' id='word_1_273' title='bbox 533 990 579 1018; x_wconf 90' lang='lat' dir='ltr'><strong>per</strong></span> <span class='ocrx_word' id='word_1_274' title='bbox 596 985 794 1016; x_wconf 86' lang='lat' dir='ltr'><strong>contemptum,</strong></span> <span class='ocrx_word' id='word_1_275' title='bbox 811 979 881 1005; x_wconf 91' lang='lat' dir='ltr'><strong>Deus</strong></span> <span class='ocrx_word' id='word_1_276' title='bbox 899 978 983 1011; x_wconf 85' lang='lat' dir='ltr'><strong>ipsum</strong></span> 
     </span>
    </p>
   </div>
   <div class='ocr_carea' id='block_1_36' title="bbox 200 1022 985 1064">
    <p class='ocr_par' dir='ltr' id='par_1_36' title="bbox 200 1022 985 1064">
     <span class='ocr_line' id='line_1_36' title="bbox 200 1022 985 1064; baseline -0.01 -8"><span class='ocrx_word' id='word_1_277' title='bbox 200 1030 315 1057; x_wconf 83' lang='lat' dir='ltr'><strong>curabit.</strong></span> <span class='ocrx_word' id='word_1_278' title='bbox 334 1030 477 1064; x_wconf 84' lang='lat' dir='ltr'><strong>Postquam</strong></span> <span class='ocrx_word' id='word_1_279' title='bbox 492 1036 556 1064; x_wconf 88' lang='lat' dir='ltr'><strong>ergo</strong></span> <span class='ocrx_word' id='word_1_280' title='bbox 571 1028 627 1055; x_wconf 89' lang='lat' dir='ltr'><strong>dixi</strong></span> <span class='ocrx_word' id='word_1_281' title='bbox 639 1027 665 1054; x_wconf 85' lang='lat' dir='ltr'><strong>ei</strong></span> <span class='ocrx_word' id='word_1_282' title='bbox 679 1026 722 1061; x_wconf 86' lang='lat' dir='ltr'><strong>qui</strong></span> <span class='ocrx_word' id='word_1_283' title='bbox 747 1024 928 1059; x_wconf 82' lang='lat' dir='ltr'><strong>aiﬂigebatur,</strong></span> <span class='ocrx_word' id='word_1_284' title='bbox 943 1022 985 1056; x_wconf 91' lang='lat' dir='ltr'><strong>ju-</strong></span> 
     </span>
    </p>
   </div>
   <div class='ocr_carea' id='block_1_37' title="bbox 199 1067 986 1110">
    <p class='ocr_par' dir='ltr' id='par_1_37' title="bbox 199 1067 986 1110">
     <span class='ocr_line' id='line_1_37' title="bbox 199 1067 986 1110; baseline -0.014 -6"><span class='ocrx_word' id='word_1_285' title='bbox 199 1075 343 1109; x_wconf 84' lang='lat' dir='ltr'><strong>rejurando</strong></span> <span class='ocrx_word' id='word_1_286' title='bbox 357 1079 399 1103; x_wconf 84' lang='lat' dir='ltr'><strong>est</strong></span> <span class='ocrx_word' id='word_1_287' title='bbox 413 1074 548 1110; x_wconf 88' lang='lat' dir='ltr'><strong>pollicitus</strong></span> <span class='ocrx_word' id='word_1_288' title='bbox 570 1080 599 1101; x_wconf 90' lang='lat' dir='ltr'><strong>se</strong></span> <span class='ocrx_word' id='word_1_289' title='bbox 624 1080 678 1100; x_wconf 86' lang='lat' dir='ltr'><strong>non</strong></span> <span class='ocrx_word' id='word_1_290' title='bbox 701 1071 815 1105; x_wconf 88' lang='lat' dir='ltr'><strong>amplius</strong></span> <span class='ocrx_word' id='word_1_291' title='bbox 838 1067 986 1095; x_wconf 81' lang='lat' dir='ltr'><strong>sacerdotis</strong></span> 
     </span>
    </p>
   </div>
   <div class='ocr_carea' id='block_1_38' title="bbox 200 1114 985 1156">
    <p class='ocr_par' dir='ltr' id='par_1_38' title="bbox 200 1114 985 1156">
     <span class='ocr_line' id='line_1_38' title="bbox 200 1114 985 1156; baseline -0.013 -6"><span class='ocrx_word' id='word_1_292' title='bbox 200 1126 289 1156; x_wconf 82' lang='lat' dir='ltr'><strong>partes</strong></span> <span class='ocrx_word' id='word_1_293' title='bbox 309 1121 454 1150; x_wconf 88' lang='lat' dir='ltr'><strong>obiturum.</strong></span> <span class='ocrx_word' id='word_1_294' title='bbox 479 1120 555 1148; x_wconf 85' lang='lat' dir='ltr'><strong>Tunc</strong></span> <span class='ocrx_word' id='word_1_295' title='bbox 578 1127 639 1147; x_wconf 89' lang='lat' dir='ltr'><strong>eum</strong></span> <span class='ocrx_word' id='word_1_296' title='bbox 664 1118 780 1151; x_wconf 82' lang='lat' dir='ltr'><strong>accepit,</strong></span> <span class='ocrx_word' id='word_1_297' title='bbox 794 1120 823 1144; x_wconf 89' lang='lat' dir='ltr'><strong>et</strong></span> <span class='ocrx_word' id='word_1_298' title='bbox 843 1115 910 1142; x_wconf 85' lang='lat' dir='ltr'><strong>dixit</strong></span> <span class='ocrx_word' id='word_1_299' title='bbox 931 1114 955 1141; x_wconf 89' lang='lat' dir='ltr'><strong>ei</strong></span> <span class='ocrx_word' id='word_1_300' title='bbox 978 1121 985 1140; x_wconf 85' lang='lat'><strong>:</strong></span> 
     </span>
    </p>
   </div>
   <div class='ocr_carea' id='block_1_39' title="bbox 198 1159 987 1200">
    <p class='ocr_par' dir='ltr' id='par_1_39' title="bbox 198 1159 987 1200">
     <span class='ocr_line' id='line_1_39' title="bbox 198 1159 987 1200; baseline -0.014 -5"><span class='ocrx_word' id='word_1_301' title='bbox 198 1167 329 1195; x_wconf 81' lang='lat' dir='ltr'><strong>Credisne</strong></span> <span class='ocrx_word' id='word_1_302' title='bbox 341 1174 402 1195; x_wconf 79' lang='lat' dir='ltr'><strong>esse</strong></span> <span class='ocrx_word' id='word_1_303' title='bbox 426 1166 510 1194; x_wconf 90' lang='lat' dir='ltr'><strong>Deum</strong></span> <span class='ocrx_word' id='word_1_304' title='bbox 533 1172 612 1200; x_wconf 86' lang='lat' dir='ltr'><strong>quem</strong></span> <span class='ocrx_word' id='word_1_305' title='bbox 636 1163 704 1191; x_wconf 90' lang='lat' dir='ltr'><strong>nihil</strong></span> <span class='ocrx_word' id='word_1_306' title='bbox 728 1162 810 1189; x_wconf 79' lang='lat' dir='ltr'><strong>latet?</strong></span> <span class='ocrx_word' id='word_1_307' title='bbox 834 1159 987 1192; x_wconf 71' lang='lat' dir='ltr'><strong>Respondet</strong></span> 
     </span>
    </p>
   </div>
   <div class='ocr_carea' id='block_1_40' title="bbox 201 1205 985 1246">
    <p class='ocr_par' dir='ltr' id='par_1_40' title="bbox 201 1205 985 1246">
     <span class='ocr_line' id='line_1_40' title="bbox 201 1205 985 1246; baseline -0.013 -6"><span class='ocrx_word' id='word_1_308' title='bbox 201 1210 246 1239; x_wconf 80' lang='lat' dir='ltr'><strong>ille</strong></span> <span class='ocrx_word' id='word_1_309' title='bbox 261 1220 268 1239; x_wconf 90' lang='lat'><strong>:</strong></span> <span class='ocrx_word' id='word_1_310' title='bbox 282 1211 491 1246; x_wconf 84' lang='lat' dir='ltr'><strong>Maxime,rogo</strong></span> <span class='ocrx_word' id='word_1_311' title='bbox 513 1215 550 1238; x_wconf 89' lang='lat' dir='ltr'><strong>te.</strong></span> <span class='ocrx_word' id='word_1_312' title='bbox 576 1209 678 1237; x_wconf 84' lang='lat' dir='ltr'><strong>Deinde</strong></span> <span class='ocrx_word' id='word_1_313' title='bbox 701 1208 726 1236; x_wconf 88' lang='lat' dir='ltr'><strong>ei</strong></span> <span class='ocrx_word' id='word_1_314' title='bbox 748 1207 812 1235; x_wconf 87' lang='lat' dir='ltr'><strong>dicit</strong></span> <span class='ocrx_word' id='word_1_315' title='bbox 834 1205 985 1233; x_wconf 83' lang='lat' dir='ltr'><strong>Macarius:</strong></span> 
     </span>
    </p>
   </div>
   <div class='ocr_carea' id='block_1_41' title="bbox 202 1251 988 1293">
    <p class='ocr_par' dir='ltr' id='par_1_41' title="bbox 202 1251 988 1293">
     <span class='ocr_line' id='line_1_41' title="bbox 202 1251 988 1293; baseline -0.01 -8"><span class='ocrx_word' id='word_1_316' title='bbox 202 1257 260 1285; x_wconf 82' lang='lat' dir='ltr'><strong>Non</strong></span> <span class='ocrx_word' id='word_1_317' title='bbox 275 1257 384 1293; x_wconf 86' lang='lat' dir='ltr'><strong>potuisti</strong></span> <span class='ocrx_word' id='word_1_318' title='bbox 400 1257 454 1285; x_wconf 88' lang='lat' dir='ltr'><strong>Deo</strong></span> <span class='ocrx_word' id='word_1_319' title='bbox 468 1257 596 1285; x_wconf 80' lang='lat' dir='ltr'><strong>illudore?</strong></span> <span class='ocrx_word' id='word_1_320' title='bbox 610 1256 678 1283; x_wconf 89' lang='lat' dir='ltr'><strong>Dicit</strong></span> <span class='ocrx_word' id='word_1_321' title='bbox 693 1255 737 1282; x_wconf 88' lang='lat' dir='ltr'><strong>ille</strong></span> <span class='ocrx_word' id='word_1_322' title='bbox 750 1263 756 1281; x_wconf 90' lang='lat'>:</span> <span class='ocrx_word' id='word_1_323' title='bbox 771 1253 828 1281; x_wconf 87' lang='lat' dir='ltr'><strong>Non</strong></span> <span class='ocrx_word' id='word_1_324' title='bbox 844 1253 928 1287; x_wconf 91' lang='lat' dir='ltr'><strong>potui,</strong></span> <span class='ocrx_word' id='word_1_325' title='bbox 941 1251 988 1278; x_wconf 89' lang='lat' dir='ltr'><strong>do-</strong></span> 
     </span>
    </p>
   </div>
   <div class='ocr_carea' id='block_1_42' title="bbox 202 1299 988 1335">
    <p class='ocr_par' dir='ltr' id='par_1_42' title="bbox 202 1299 988 1335">
     <span class='ocr_line' id='line_1_42' title="bbox 202 1299 988 1335; baseline -0.009 -5"><span class='ocrx_word' id='word_1_326' title='bbox 202 1303 275 1330; x_wconf 84' lang='lat' dir='ltr'><strong>raine</strong></span> <span class='ocrx_word' id='word_1_327' title='bbox 287 1302 335 1330; x_wconf 88' lang='lat' dir='ltr'><strong>mi.</strong></span> <span class='ocrx_word' id='word_1_328' title='bbox 347 1302 416 1330; x_wconf 90' lang='lat' dir='ltr'><strong>Dicit</strong></span> <span class='ocrx_word' id='word_1_329' title='bbox 427 1303 452 1330; x_wconf 90' lang='lat' dir='ltr'><strong>ei</strong></span> <span class='ocrx_word' id='word_1_330' title='bbox 465 1302 595 1331; x_wconf 80' lang='lat' dir='ltr'><strong>Macarius</strong></span> <span class='ocrx_word' id='word_1_331' title='bbox 611 1309 620 1329; x_wconf 89' lang='lat'><strong>:</strong></span> <span class='ocrx_word' id='word_1_332' title='bbox 635 1301 664 1329; x_wconf 87' lang='lat' dir='ltr'><strong>Si</strong></span> <span class='ocrx_word' id='word_1_333' title='bbox 679 1299 803 1335; x_wconf 81' lang='lat' dir='ltr'><strong>agnoscis</strong></span> <span class='ocrx_word' id='word_1_334' title='bbox 813 1304 885 1326; x_wconf 93' lang='lat' dir='ltr'><strong>tuum</strong></span> <span class='ocrx_word' id='word_1_335' title='bbox 893 1304 988 1332; x_wconf 76' lang='lat' dir='ltr'><strong>pecca-</strong></span> 
     </span>
    </p>
   </div>
   <div class='ocr_carea' id='block_1_43' title="bbox 200 1342 988 1382">
    <p class='ocr_par' dir='ltr' id='par_1_43' title="bbox 200 1342 988 1382">
     <span class='ocr_line' id='line_1_43' title="bbox 200 1342 988 1382; baseline -0.009 -7"><span class='ocrx_word' id='word_1_336' title='bbox 200 1349 269 1382; x_wconf 81' lang='lat' dir='ltr'><strong>tum,</strong></span> <span class='ocrx_word' id='word_1_337' title='bbox 283 1353 310 1375; x_wconf 86' lang='lat' dir='ltr'><strong>et</strong></span> <span class='ocrx_word' id='word_1_338' title='bbox 322 1347 370 1375; x_wconf 85' lang='lat' dir='ltr'><strong>Dei</strong></span> <span class='ocrx_word' id='word_1_339' title='bbox 384 1347 551 1382; x_wconf 81' lang='lat' dir='ltr'><strong>disciplinam</strong></span> <span class='ocrx_word' id='word_1_340' title='bbox 566 1350 675 1382; x_wconf 86' lang='lat' dir='ltr'><strong>propter</strong></span> <span class='ocrx_word' id='word_1_341' title='bbox 689 1352 767 1380; x_wconf 90' lang='lat' dir='ltr'><strong>quam</strong></span> <span class='ocrx_word' id='word_1_342' title='bbox 790 1344 846 1371; x_wconf 71' lang='lat' dir='ltr'><strong>haec</strong></span> <span class='ocrx_word' id='word_1_343' title='bbox 866 1342 988 1373; x_wconf 85' lang='lat' dir='ltr'><strong>subiisti,</strong></span> 
     </span>
    </p>
   </div>
   <div class='ocr_carea' id='block_1_44' title="bbox 203 1391 987 1428">
    <p class='ocr_par' dir='ltr' id='par_1_44' title="bbox 203 1391 987 1428">
     <span class='ocr_line' id='line_1_44' title="bbox 203 1391 987 1428; baseline -0.009 -8"><span class='ocrx_word' id='word_1_344' title='bbox 203 1393 345 1428; x_wconf 80' lang='lat' dir='ltr'><strong>corrigitur</strong></span> <span class='ocrx_word' id='word_1_345' title='bbox 354 1393 381 1420; x_wconf 95' lang='lat' dir='ltr'><strong>in</strong></span> <span class='ocrx_word' id='word_1_346' title='bbox 395 1397 542 1427; x_wconf 88' lang='lat' dir='ltr'><strong>posterum.</strong></span> <span class='ocrx_word' id='word_1_347' title='bbox 557 1392 607 1426; x_wconf 85' lang='lat' dir='ltr'><strong>Qui</strong></span> <span class='ocrx_word' id='word_1_348' title='bbox 625 1391 765 1419; x_wconf 80' lang='lat' dir='ltr'><strong>confessus</strong></span> <span class='ocrx_word' id='word_1_349' title='bbox 778 1393 820 1418; x_wconf 90' lang='lat' dir='ltr'><strong>est</strong></span> <span class='ocrx_word' id='word_1_350' title='bbox 841 1392 987 1422; x_wconf 79' lang='lat' dir='ltr'><strong>peccatum,</strong></span> 
     </span>
    </p>
   </div>
   <div class='ocr_carea' id='block_1_45' title="bbox 203 1432 990 1474">
    <p class='ocr_par' dir='ltr' id='par_1_45' title="bbox 203 1432 990 1474">
     <span class='ocr_line' id='line_1_45' title="bbox 203 1432 990 1474; baseline -0.011 -6"><span class='ocrx_word' id='word_1_351' title='bbox 203 1445 230 1468; x_wconf 91' lang='lat' dir='ltr'><strong>et</strong></span> <span class='ocrx_word' id='word_1_352' title='bbox 242 1440 386 1474; x_wconf 87' lang='lat' dir='ltr'><strong>spopondit</strong></span> <span class='ocrx_word' id='word_1_353' title='bbox 400 1446 429 1466; x_wconf 90' lang='lat' dir='ltr'><strong>se</strong></span> <span class='ocrx_word' id='word_1_354' title='bbox 442 1447 494 1466; x_wconf 92' lang='lat' dir='ltr'><strong>non</strong></span> <span class='ocrx_word' id='word_1_355' title='bbox 515 1439 629 1473; x_wconf 85' lang='lat' dir='ltr'><strong>amplius</strong></span> <span class='ocrx_word' id='word_1_356' title='bbox 643 1441 827 1472; x_wconf 85' lang='lat' dir='ltr'><strong>peccaturum,</strong></span> <span class='ocrx_word' id='word_1_357' title='bbox 843 1441 931 1469; x_wconf 89' lang='lat' dir='ltr'><strong>neque</strong></span> <span class='ocrx_word' id='word_1_358' title='bbox 951 1432 990 1459; x_wconf 83' lang='lat' dir='ltr'><strong>al-</strong></span> 
     </span>
    </p>
   </div>
   <div class='ocr_carea' id='block_1_46' title="bbox 202 1479 988 1517">
    <p class='ocr_par' dir='ltr' id='par_1_46' title="bbox 202 1479 988 1517">
     <span class='ocr_line' id='line_1_46' title="bbox 202 1479 988 1517; baseline -0.01 -5"><span class='ocrx_word' id='word_1_359' title='bbox 202 1485 255 1512; x_wconf 83' lang='lat' dir='ltr'><strong>tari</strong></span> <span class='ocrx_word' id='word_1_360' title='bbox 267 1484 490 1517; x_wconf 88' lang='lat' dir='ltr'><strong>ministraturum,</strong></span> <span class='ocrx_word' id='word_1_361' title='bbox 505 1483 553 1511; x_wconf 83' lang='lat' dir='ltr'><strong>sed</strong></span> <span class='ocrx_word' id='word_1_362' title='bbox 567 1488 668 1512; x_wconf 83' lang='lat' dir='ltr'><strong>sortem</strong></span> <span class='ocrx_word' id='word_1_363' title='bbox 684 1482 777 1509; x_wconf 81' lang='lat' dir='ltr'><strong>laicam</strong></span> <span class='ocrx_word' id='word_1_364' title='bbox 792 1479 988 1514; x_wconf 89' lang='lat' dir='ltr'><strong>amplexurum.</strong></span> 
     </span>
    </p>
   </div>
   <div class='ocr_carea' id='block_1_47' title="bbox 205 1523 990 1562">
    <p class='ocr_par' dir='ltr' id='par_1_47' title="bbox 205 1523 990 1562">
     <span class='ocr_line' id='line_1_47' title="bbox 205 1523 990 1562; baseline -0.011 -3"><span class='ocrx_word' id='word_1_365' title='bbox 205 1531 305 1559; x_wconf 86' lang='lat' dir='ltr'><strong>Deinde</strong></span> <span class='ocrx_word' id='word_1_366' title='bbox 317 1531 356 1558; x_wconf 87' lang='lat' dir='ltr'><strong>sic</strong></span> <span class='ocrx_word' id='word_1_367' title='bbox 369 1535 476 1558; x_wconf 87' lang='lat' dir='ltr'><strong>sanctus</strong></span> <span class='ocrx_word' id='word_1_368' title='bbox 493 1530 517 1557; x_wconf 87' lang='lat' dir='ltr'><strong>ei</strong></span> <span class='ocrx_word' id='word_1_369' title='bbox 533 1536 627 1556; x_wconf 86' lang='lat' dir='ltr'><strong>manus</strong></span> <span class='ocrx_word' id='word_1_370' title='bbox 638 1527 775 1562; x_wconf 88' lang='lat' dir='ltr'><strong>imposuit,</strong></span> <span class='ocrx_word' id='word_1_371' title='bbox 788 1530 816 1553; x_wconf 87' lang='lat' dir='ltr'><strong>et</strong></span> <span class='ocrx_word' id='word_1_372' title='bbox 829 1525 921 1560; x_wconf 85' lang='lat' dir='ltr'><strong>paucis</strong></span> <span class='ocrx_word' id='word_1_373' title='bbox 933 1523 990 1550; x_wconf 90' lang='lat' dir='ltr'><strong>die-</strong></span> 
     </span>
    </p>
   </div>
   <div class='ocr_carea' id='block_1_48' title="bbox 1036 937 1821 972">
    <p class='ocr_par' dir='ltr' id='par_1_48' title="bbox 1036 937 1821 972">
     <span class='ocr_line' id='line_1_48' title="bbox 1036 937 1821 972; baseline 0.005 -7"><span class='ocrx_word' id='word_1_374' title='bbox 1036 942 1063 965; x_wconf 93' lang='lat' dir='ltr'><strong>et</strong></span> <span class='ocrx_word' id='word_1_375' title='bbox 1071 937 1240 971; x_wconf 73' lang='lat' dir='ltr'><strong>imposuisset</strong></span> <span class='ocrx_word' id='word_1_376' title='bbox 1247 937 1376 969; x_wconf 87' lang='lat' dir='ltr'><strong>humeris,</strong></span> <span class='ocrx_word' id='word_1_377' title='bbox 1383 939 1542 972; x_wconf 84' lang='lat' dir='ltr'><strong>pervadebat</strong></span> <span class='ocrx_word' id='word_1_378' title='bbox 1551 944 1632 966; x_wconf 87' lang='lat' dir='ltr'><strong>totam</strong></span> <span class='ocrx_word' id='word_1_379' title='bbox 1640 941 1821 970; x_wconf 87' lang='lat' dir='ltr'><strong>solitudinem.</strong></span> 
     </span>
    </p>
   </div>
   <div class='ocr_carea' id='block_1_49' title="bbox 1038 981 1824 1019">
    <p class='ocr_par' dir='ltr' id='par_1_49' title="bbox 1038 981 1824 1019">
     <span class='ocr_line' id='line_1_49' title="bbox 1038 981 1824 1019; baseline 0.008 -12"><span class='ocrx_word' id='word_1_380' title='bbox 1038 981 1105 1008; x_wconf 87' lang='lat' dir='ltr'><strong>Huic</strong></span> <span class='ocrx_word' id='word_1_381' title='bbox 1125 982 1242 1009; x_wconf 91' lang='lat' dir='ltr'><strong>occurrit</strong></span> <span class='ocrx_word' id='word_1_382' title='bbox 1264 982 1430 1009; x_wconf 86' lang='lat' dir='ltr'><strong>Theosebius</strong></span> <span class='ocrx_word' id='word_1_383' title='bbox 1445 981 1594 1016; x_wconf 87' lang='lat' dir='ltr'><strong>Cosmetor,</strong></span> <span class='ocrx_word' id='word_1_384' title='bbox 1617 991 1713 1019; x_wconf 79' lang='lat' dir='ltr'><strong>genere</strong></span> <span class='ocrx_word' id='word_1_385' title='bbox 1731 985 1824 1013; x_wconf 83' lang='lat' dir='ltr'><strong>Antio-</strong></span> 
     </span>
    </p>
   </div>
   <div class='ocr_carea' id='block_1_50' title="bbox 1036 1027 1825 1063">
    <p class='ocr_par' dir='ltr' id='par_1_50' title="bbox 1036 1027 1825 1063">
     <span class='ocr_line' id='line_1_50' title="bbox 1036 1027 1825 1063; baseline 0.005 -8"><span class='ocrx_word' id='word_1_386' title='bbox 1036 1027 1144 1060; x_wconf 84' lang='lat' dir='ltr'><strong>chenus,</strong></span> <span class='ocrx_word' id='word_1_387' title='bbox 1160 1033 1187 1055; x_wconf 93' lang='lat' dir='ltr'><strong>et</strong></span> <span class='ocrx_word' id='word_1_388' title='bbox 1200 1028 1224 1056; x_wconf 90' lang='lat' dir='ltr'><strong>ei</strong></span> <span class='ocrx_word' id='word_1_389' title='bbox 1238 1028 1304 1055; x_wconf 86' lang='lat' dir='ltr'><strong>dicit</strong></span> <span class='ocrx_word' id='word_1_390' title='bbox 1325 1037 1332 1055; x_wconf 82' lang='lat'><strong>:</strong></span> <span class='ocrx_word' id='word_1_391' title='bbox 1353 1029 1420 1062; x_wconf 87' lang='lat' dir='ltr'><strong>Quid</strong></span> <span class='ocrx_word' id='word_1_392' title='bbox 1442 1033 1543 1063; x_wconf 89' lang='lat' dir='ltr'><strong>portas,</strong></span> <span class='ocrx_word' id='word_1_393' title='bbox 1557 1029 1642 1057; x_wconf 83' lang='lat' dir='ltr'><strong>abba?</strong></span> <span class='ocrx_word' id='word_1_394' title='bbox 1665 1030 1738 1058; x_wconf 84' lang='lat' dir='ltr'><strong>Cede</strong></span> <span class='ocrx_word' id='word_1_395' title='bbox 1759 1032 1825 1059; x_wconf 91' lang='lat' dir='ltr'><strong>mihi</strong></span> 
     </span>
    </p>
   </div>
   <div class='ocr_carea' id='block_1_51' title="bbox 1036 1073 1825 1112">
    <p class='ocr_par' dir='ltr' id='par_1_51' title="bbox 1036 1073 1825 1112">
     <span class='ocr_line' id='line_1_51' title="bbox 1036 1073 1825 1112; baseline 0.008 -13"><span class='ocrx_word' id='word_1_396' title='bbox 1036 1079 1115 1105; x_wconf 86' lang='lat' dir='ltr'><strong>onus,</strong></span> <span class='ocrx_word' id='word_1_397' title='bbox 1127 1077 1154 1100; x_wconf 88' lang='lat' dir='ltr'><strong>et</strong></span> <span class='ocrx_word' id='word_1_398' title='bbox 1169 1081 1202 1100; x_wconf 92' lang='lat' dir='ltr'><strong>ne</strong></span> <span class='ocrx_word' id='word_1_399' title='bbox 1216 1073 1333 1101; x_wconf 85' lang='lat' dir='ltr'><strong>vexeris.</strong></span> <span class='ocrx_word' id='word_1_400' title='bbox 1349 1073 1395 1101; x_wconf 93' lang='lat' dir='ltr'><strong>llle</strong></span> <span class='ocrx_word' id='word_1_401' title='bbox 1409 1079 1497 1100; x_wconf 86' lang='lat' dir='ltr'><strong>autem</strong></span> <span class='ocrx_word' id='word_1_402' title='bbox 1511 1074 1577 1101; x_wconf 85' lang='lat' dir='ltr'><strong>dixit</strong></span> <span class='ocrx_word' id='word_1_403' title='bbox 1591 1083 1599 1101; x_wconf 84' lang='lat'><strong>:</strong></span> <span class='ocrx_word' id='word_1_404' title='bbox 1618 1075 1691 1103; x_wconf 81' lang='lat' dir='ltr'><strong>Vexo</strong></span> <span class='ocrx_word' id='word_1_405' title='bbox 1705 1083 1765 1103; x_wconf 89' lang='lat' dir='ltr'><strong>eum</strong></span> <span class='ocrx_word' id='word_1_406' title='bbox 1780 1078 1825 1112; x_wconf 86' lang='lat' dir='ltr'><strong>qui</strong></span> 
     </span>
    </p>
   </div>
   <div class='ocr_carea' id='block_1_52' title="bbox 1037 1119 1822 1156">
    <p class='ocr_par' dir='ltr' id='par_1_52' title="bbox 1037 1119 1822 1156">
     <span class='ocr_line' id='line_1_52' title="bbox 1037 1119 1822 1156; baseline 0.004 -10"><span class='ocrx_word' id='word_1_407' title='bbox 1037 1126 1079 1146; x_wconf 90' lang='lat' dir='ltr'><strong>me</strong></span> <span class='ocrx_word' id='word_1_408' title='bbox 1115 1121 1214 1149; x_wconf 79' lang='lat' dir='ltr'><strong>vexat;</strong></span> <span class='ocrx_word' id='word_1_409' title='bbox 1250 1125 1315 1145; x_wconf 85' lang='lat' dir='ltr'><strong>nam</strong></span> <span class='ocrx_word' id='word_1_410' title='bbox 1350 1125 1412 1146; x_wconf 93' lang='lat' dir='ltr'><strong>cum</strong></span> <span class='ocrx_word' id='word_1_411' title='bbox 1442 1119 1493 1147; x_wconf 89' lang='lat' dir='ltr'><strong>sim</strong></span> <span class='ocrx_word' id='word_1_412' title='bbox 1515 1120 1641 1148; x_wconf 83' lang='lat' dir='ltr'><strong>remissus</strong></span> <span class='ocrx_word' id='word_1_413' title='bbox 1654 1125 1682 1148; x_wconf 89' lang='lat' dir='ltr'><strong>et</strong></span> <span class='ocrx_word' id='word_1_414' title='bbox 1695 1121 1822 1156; x_wconf 80' lang='lat' dir='ltr'><strong>ignavus,</strong></span> 
     </span>
    </p>
   </div>
   <div class='ocr_carea' id='block_1_53' title="bbox 1037 1164 1822 1203">
    <p class='ocr_par' dir='ltr' id='par_1_53' title="bbox 1037 1164 1822 1203">
     <span class='ocr_line' id='line_1_53' title="bbox 1037 1164 1822 1203; baseline 0.005 -12"><span class='ocrx_word' id='word_1_415' title='bbox 1037 1165 1153 1199; x_wconf 75' lang='lat' dir='ltr'><strong>suggerit</strong></span> <span class='ocrx_word' id='word_1_416' title='bbox 1174 1165 1239 1192; x_wconf 87' lang='lat' dir='ltr'><strong>mihi</strong></span> <span class='ocrx_word' id='word_1_417' title='bbox 1257 1165 1493 1200; x_wconf 80' lang='lat' dir='ltr'><strong>peregrinationes.</strong></span> <span class='ocrx_word' id='word_1_418' title='bbox 1510 1164 1575 1193; x_wconf 86' lang='lat' dir='ltr'><strong>Cum</strong></span> <span class='ocrx_word' id='word_1_419' title='bbox 1588 1172 1676 1194; x_wconf 86' lang='lat' dir='ltr'><strong>autem</strong></span> <span class='ocrx_word' id='word_1_420' title='bbox 1692 1167 1737 1194; x_wconf 91' lang='lat' dir='ltr'><strong>diu</strong></span> <span class='ocrx_word' id='word_1_421' title='bbox 1759 1175 1822 1203; x_wconf 89' lang='lat' dir='ltr'><strong>pro-</strong></span> 
     </span>
    </p>
   </div>
   <div class='ocr_carea' id='block_1_54' title="bbox 1039 1210 1768 1247">
    <p class='ocr_par' dir='ltr' id='par_1_54' title="bbox 1039 1210 1768 1247">
     <span class='ocr_line' id='line_1_54' title="bbox 1039 1210 1768 1247; baseline 0.005 -11"><span class='ocrx_word' id='word_1_422' title='bbox 1039 1211 1166 1237; x_wconf 83' lang='lat' dir='ltr'><strong>movisset</strong></span> <span class='ocrx_word' id='word_1_423' title='bbox 1175 1230 1183 1243; x_wconf 91' lang='lat'><strong>,</strong></span> <span class='ocrx_word' id='word_1_424' title='bbox 1200 1211 1334 1245; x_wconf 74' lang='lat' dir='ltr'><strong>ingresaus</strong></span> <span class='ocrx_word' id='word_1_425' title='bbox 1349 1217 1391 1238; x_wconf 90' lang='lat' dir='ltr'><strong>est</strong></span> <span class='ocrx_word' id='word_1_426' title='bbox 1404 1210 1499 1238; x_wconf 86' lang='lat' dir='ltr'><strong>cellam</strong></span> <span class='ocrx_word' id='word_1_427' title='bbox 1512 1211 1629 1239; x_wconf 90' lang='lat' dir='ltr'><strong>contrito</strong></span> <span class='ocrx_word' id='word_1_428' title='bbox 1643 1219 1768 1247; x_wconf 88' lang='lat' dir='ltr'><strong>corpore.</strong></span> 
     </span>
    </p>
   </div>
   <div class='ocr_carea' id='block_1_55' title="bbox 1075 1254 1826 1291">
    <p class='ocr_par' dir='ltr' id='par_1_55' title="bbox 1075 1254 1826 1291">
     <span class='ocr_line' id='line_1_55' title="bbox 1075 1254 1826 1291; baseline 0.007 -10"><span class='ocrx_word' id='word_1_429' title='bbox 1075 1256 1083 1270; x_wconf 86' lang='grc' dir='ltr'>ι</span> <span class='ocrx_word' id='word_1_430' title='bbox 1098 1254 1219 1282; x_wconf 80' lang='lat' dir='ltr'><strong>Narravit</strong></span> <span class='ocrx_word' id='word_1_431' title='bbox 1248 1259 1337 1282; x_wconf 88' lang='lat' dir='ltr'><strong>autem</strong></span> <span class='ocrx_word' id='word_1_432' title='bbox 1363 1255 1438 1282; x_wconf 87' lang='lat' dir='ltr'><strong>nobis</strong></span> <span class='ocrx_word' id='word_1_433' title='bbox 1462 1254 1519 1291; x_wconf 77' lang='grc'>(52)</span> <span class='ocrx_word' id='word_1_434' title='bbox 1540 1255 1587 1283; x_wconf 91' lang='lat' dir='ltr'><strong>Dei</strong></span> <span class='ocrx_word' id='word_1_435' title='bbox 1610 1264 1714 1290; x_wconf 84' lang='lat' dir='ltr'><strong>quoque</strong></span> <span class='ocrx_word' id='word_1_436' title='bbox 1733 1265 1826 1286; x_wconf 86' lang='lat' dir='ltr'><strong>servus</strong></span> 
     </span>
    </p>
   </div>
   <div class='ocr_carea' id='block_1_56' title="bbox 1040 1299 1826 1337">
    <p class='ocr_par' dir='ltr' id='par_1_56' title="bbox 1040 1299 1826 1337">
     <span class='ocr_line' id='line_1_56' title="bbox 1040 1299 1826 1337; baseline 0.004 -10"><span class='ocrx_word' id='word_1_437' title='bbox 1040 1300 1213 1334; x_wconf 87' lang='lat' dir='ltr'><strong>Paplmutius,</strong></span> <span class='ocrx_word' id='word_1_438' title='bbox 1231 1299 1351 1334; x_wconf 65' lang='lat' dir='ltr'><strong>praeclari</strong></span> <span class='ocrx_word' id='word_1_439' title='bbox 1371 1299 1451 1334; x_wconf 83' lang='lat' dir='ltr'><strong>hujus</strong></span> <span class='ocrx_word' id='word_1_440' title='bbox 1474 1300 1558 1328; x_wconf 82' lang='lat' dir='ltr'><strong>sancti</strong></span> <span class='ocrx_word' id='word_1_441' title='bbox 1577 1300 1733 1336; x_wconf 84' lang='lat' dir='ltr'><strong>discipulus,</strong></span> <span class='ocrx_word' id='word_1_442' title='bbox 1755 1303 1826 1337; x_wconf 82' lang='lat' dir='ltr'><strong>quod</strong></span> 
     </span>
    </p>
   </div>
   <div class='ocr_carea' id='block_1_57' title="bbox 1039 1344 1826 1380">
    <p class='ocr_par' dir='ltr' id='par_1_57' title="bbox 1039 1344 1826 1380">
     <span class='ocr_line' id='line_1_57' title="bbox 1039 1344 1826 1380; baseline 0.004 -7"><span class='ocrx_word' id='word_1_443' title='bbox 1039 1353 1099 1374; x_wconf 89' lang='lat' dir='ltr'><strong>cum</strong></span> <span class='ocrx_word' id='word_1_444' title='bbox 1124 1345 1237 1379; x_wconf 87' lang='lat' dir='ltr'><strong>quodam</strong></span> <span class='ocrx_word' id='word_1_445' title='bbox 1260 1344 1303 1372; x_wconf 91' lang='lat' dir='ltr'><strong>die</strong></span> <span class='ocrx_word' id='word_1_446' title='bbox 1317 1345 1424 1372; x_wconf 88' lang='lat' dir='ltr'><strong>sederet</strong></span> <span class='ocrx_word' id='word_1_447' title='bbox 1436 1345 1462 1371; x_wconf 90' lang='lat' dir='ltr'><strong>in</strong></span> <span class='ocrx_word' id='word_1_448' title='bbox 1486 1345 1546 1372; x_wconf 88' lang='lat' dir='ltr'><strong>aula</strong></span> <span class='ocrx_word' id='word_1_449' title='bbox 1566 1351 1673 1374; x_wconf 87' lang='lat' dir='ltr'><strong>sanctus</strong></span> <span class='ocrx_word' id='word_1_450' title='bbox 1686 1347 1826 1380; x_wconf 84' lang='lat' dir='ltr'><strong>Macarius.</strong></span> 
     </span>
    </p>
   </div>
   <div class='ocr_carea' id='block_1_58' title="bbox 1040 1390 1826 1426">
    <p class='ocr_par' dir='ltr' id='par_1_58' title="bbox 1040 1390 1826 1426">
     <span class='ocr_line' id='line_1_58' title="bbox 1040 1390 1826 1426; baseline 0.003 -8"><span class='ocrx_word' id='word_1_451' title='bbox 1040 1397 1065 1418; x_wconf 89' lang='lat' dir='ltr'><strong>et</strong></span> <span class='ocrx_word' id='word_1_452' title='bbox 1085 1392 1169 1419; x_wconf 87' lang='lat' dir='ltr'><strong>Deum</strong></span> <span class='ocrx_word' id='word_1_453' title='bbox 1184 1390 1374 1424; x_wconf 88' lang='lat' dir='ltr'><strong>alloqueretur,</strong></span> <span class='ocrx_word' id='word_1_454' title='bbox 1388 1390 1481 1426; x_wconf 76' lang='lat' dir='ltr'><strong>hyaena</strong></span> <span class='ocrx_word' id='word_1_455' title='bbox 1504 1396 1643 1425; x_wconf 85' lang='lat' dir='ltr'><strong>acceptum</strong></span> <span class='ocrx_word' id='word_1_456' title='bbox 1659 1400 1734 1420; x_wconf 86' lang='lat' dir='ltr'><strong>suum</strong></span> <span class='ocrx_word' id='word_1_457' title='bbox 1751 1398 1826 1421; x_wconf 85' lang='lat' dir='ltr'><strong>catu-</strong></span> 
     </span>
    </p>
   </div>
   <div class='ocr_carea' id='block_1_59' title="bbox 1041 1435 1828 1471">
    <p class='ocr_par' dir='ltr' id='par_1_59' title="bbox 1041 1435 1828 1471">
     <span class='ocr_line' id='line_1_59' title="bbox 1041 1435 1828 1471; baseline 0.003 -7"><span class='ocrx_word' id='word_1_458' title='bbox 1041 1437 1106 1469; x_wconf 88' lang='lat' dir='ltr'><strong>lum,</strong></span> <span class='ocrx_word' id='word_1_459' title='bbox 1127 1436 1172 1471; x_wconf 88' lang='lat' dir='ltr'><strong>qui</strong></span> <span class='ocrx_word' id='word_1_460' title='bbox 1187 1440 1244 1463; x_wconf 89' lang='lat' dir='ltr'><strong>erat</strong></span> <span class='ocrx_word' id='word_1_461' title='bbox 1264 1442 1362 1467; x_wconf 71' lang='lat' dir='ltr'><strong>catcus,</strong></span> <span class='ocrx_word' id='word_1_462' title='bbox 1377 1435 1465 1463; x_wconf 87' lang='lat' dir='ltr'><strong>attulit</strong></span> <span class='ocrx_word' id='word_1_463' title='bbox 1489 1435 1521 1463; x_wconf 85' lang='lat' dir='ltr'><strong>ad</strong></span> <span class='ocrx_word' id='word_1_464' title='bbox 1536 1441 1656 1464; x_wconf 77' lang='lat' dir='ltr'><strong>Sanctum</strong></span> <span class='ocrx_word' id='word_1_465' title='bbox 1669 1437 1828 1470; x_wconf 76' lang='lat' dir='ltr'><strong>Macarium;</strong></span> 
     </span>
    </p>
   </div>
   <div class='ocr_carea' id='block_1_60' title="bbox 1040 1480 1827 1518">
    <p class='ocr_par' dir='ltr' id='par_1_60' title="bbox 1040 1480 1827 1518">
     <span class='ocr_line' id='line_1_60' title="bbox 1040 1480 1827 1518; baseline 0.001 -9"><span class='ocrx_word' id='word_1_466' title='bbox 1040 1486 1140 1509; x_wconf 89' lang='lat' dir='ltr'><strong>etcum</strong></span> <span class='ocrx_word' id='word_1_467' title='bbox 1162 1481 1249 1516; x_wconf 87' lang='lat' dir='ltr'><strong>capite</strong></span> <span class='ocrx_word' id='word_1_468' title='bbox 1271 1481 1400 1514; x_wconf 88' lang='lat' dir='ltr'><strong>pulsasset</strong></span> <span class='ocrx_word' id='word_1_469' title='bbox 1423 1480 1521 1508; x_wconf 90' lang='lat' dir='ltr'><strong>ostium</strong></span> <span class='ocrx_word' id='word_1_470' title='bbox 1540 1481 1618 1513; x_wconf 67' lang='lat' dir='ltr'><strong>auls,</strong></span> <span class='ocrx_word' id='word_1_471' title='bbox 1641 1482 1760 1518; x_wconf 81' lang='lat' dir='ltr'><strong>ingressa</strong></span> <span class='ocrx_word' id='word_1_472' title='bbox 1774 1487 1827 1517; x_wconf 85' lang='lat' dir='ltr'><strong>est,</strong></span> 
     </span>
    </p>
   </div>
   <div class='ocr_carea' id='block_1_61' title="bbox 1041 1525 1827 1562">
    <p class='ocr_par' dir='ltr' id='par_1_61' title="bbox 1041 1525 1827 1562">
     <span class='ocr_line' id='line_1_61' title="bbox 1041 1525 1827 1562; baseline 0.001 -8"><span class='ocrx_word' id='word_1_473' title='bbox 1041 1534 1074 1554; x_wconf 90' lang='lat' dir='ltr'><strong>eo</strong></span> <span class='ocrx_word' id='word_1_474' title='bbox 1088 1527 1175 1554; x_wconf 88' lang='lat' dir='ltr'><strong>adhuc</strong></span> <span class='ocrx_word' id='word_1_475' title='bbox 1188 1526 1307 1557; x_wconf 85' lang='lat' dir='ltr'><strong>sedente,</strong></span> <span class='ocrx_word' id='word_1_476' title='bbox 1322 1529 1349 1552; x_wconf 92' lang='lat' dir='ltr'><strong>et</strong></span> <span class='ocrx_word' id='word_1_477' title='bbox 1364 1525 1474 1560; x_wconf 77' lang='lat' dir='ltr'><strong>proiecit</strong></span> <span class='ocrx_word' id='word_1_478' title='bbox 1488 1526 1604 1553; x_wconf 88' lang='lat' dir='ltr'><strong>catulum</strong></span> <span class='ocrx_word' id='word_1_479' title='bbox 1619 1526 1652 1553; x_wconf 87' lang='lat' dir='ltr'><strong>ad</strong></span> <span class='ocrx_word' id='word_1_480' title='bbox 1664 1527 1723 1561; x_wconf 80' lang='lat' dir='ltr'><strong>ejus</strong></span> <span class='ocrx_word' id='word_1_481' title='bbox 1735 1526 1827 1562; x_wconf 78' lang='lat' dir='ltr'><strong>pedes.</strong></span> 
     </span>
    </p>
   </div>
   <div class='ocr_carea' id='block_1_62' title="bbox 207 1569 988 1610">
    <p class='ocr_par' dir='ltr' id='par_1_62' title="bbox 207 1569 988 1610">
     <span class='ocr_line' id='line_1_62' title="bbox 207 1569 988 1610; baseline -0.01 -7"><span class='ocrx_word' id='word_1_482' title='bbox 207 1576 256 1603; x_wconf 88' lang='lat' dir='ltr'><strong>bus</strong></span> <span class='ocrx_word' id='word_1_483' title='bbox 270 1576 320 1603; x_wconf 80' lang='lat' dir='ltr'><strong>fuit</strong></span> <span class='ocrx_word' id='word_1_484' title='bbox 329 1580 448 1608; x_wconf 86' lang='lat' dir='ltr'><strong>curatus,</strong></span> <span class='ocrx_word' id='word_1_485' title='bbox 463 1575 605 1610; x_wconf 84' lang='lat' dir='ltr'><strong>capillique</strong></span> <span class='ocrx_word' id='word_1_486' title='bbox 615 1574 641 1602; x_wconf 84' lang='lat' dir='ltr'><strong>ei</strong></span> <span class='ocrx_word' id='word_1_487' title='bbox 655 1575 802 1602; x_wconf 87' lang='lat' dir='ltr'><strong>creverunt</strong></span> <span class='ocrx_word' id='word_1_488' title='bbox 814 1576 841 1599; x_wconf 88' lang='lat' dir='ltr'><strong>et</strong></span> <span class='ocrx_word' id='word_1_489' title='bbox 851 1577 931 1597; x_wconf 89' lang='lat' dir='ltr'><strong>sanus</strong></span> <span class='ocrx_word' id='word_1_490' title='bbox 945 1569 988 1596; x_wconf 91' lang='lat' dir='ltr'><strong>do-</strong></span> 
     </span>
    </p>
   </div>
   <div class='ocr_carea' id='block_1_63' title="bbox 1041 1569 1830 1610">
    <p class='ocr_par' dir='ltr' id='par_1_63' title="bbox 1043 1571 1830 1608">
     <span class='ocr_line' id='line_1_63' title="bbox 1043 1571 1830 1608; baseline -0.001 -7"><span class='ocrx_word' id='word_1_491' title='bbox 1043 1573 1108 1601; x_wconf 92' lang='lat' dir='ltr'><strong>Cum</strong></span> <span class='ocrx_word' id='word_1_492' title='bbox 1119 1577 1207 1600; x_wconf 90' lang='lat' dir='ltr'><strong>autem</strong></span> <span class='ocrx_word' id='word_1_493' title='bbox 1223 1571 1371 1605; x_wconf 78' lang='lat' dir='ltr'><strong>accepisset</strong></span> <span class='ocrx_word' id='word_1_494' title='bbox 1394 1571 1512 1598; x_wconf 88' lang='lat' dir='ltr'><strong>catulum</strong></span> <span class='ocrx_word' id='word_1_495' title='bbox 1527 1577 1636 1600; x_wconf 86' lang='lat' dir='ltr'><strong>sanctus</strong></span> <span class='ocrx_word' id='word_1_496' title='bbox 1647 1573 1787 1608; x_wconf 81' lang='lat' dir='ltr'><strong>Macarius,</strong></span> <span class='ocrx_word' id='word_1_497' title='bbox 1803 1577 1830 1600; x_wconf 86' lang='lat' dir='ltr'><strong>et</strong></span> 
     </span>
    </p>
   </div>
   <div class='ocr_carea' id='block_1_64' title="bbox 203 1617 992 1654">
    <p class='ocr_par' dir='ltr' id='par_1_64' title="bbox 203 1617 992 1654">
     <span class='ocr_line' id='line_1_64' title="bbox 203 1617 992 1654; baseline -0.011 -6"><span class='ocrx_word' id='word_1_498' title='bbox 203 1628 277 1648; x_wconf 90' lang='lat' dir='ltr'><strong>mum</strong></span> <span class='ocrx_word' id='word_1_499' title='bbox 302 1620 383 1648; x_wconf 90' lang='lat' dir='ltr'><strong>rediit</strong></span> <span class='ocrx_word' id='word_1_500' title='bbox 406 1620 488 1647; x_wconf 91' lang='lat' dir='ltr'><strong>Deum</strong></span> <span class='ocrx_word' id='word_1_501' title='bbox 512 1619 685 1654; x_wconf 82' lang='lat' dir='ltr'><strong>gloriilcaus;</strong></span> <span class='ocrx_word' id='word_1_502' title='bbox 716 1617 873 1652; x_wconf 76' lang='lat' dir='ltr'><strong>agitantem</strong></span> <span class='ocrx_word' id='word_1_503' title='bbox 896 1619 992 1648; x_wconf 82' lang='lat' dir='ltr'><strong>magno</strong></span> 
     </span>
    </p>
   </div>
   <div class='ocr_carea' id='block_1_65' title="bbox 203 1666 568 1703">
    <p class='ocr_par' dir='ltr' id='par_1_65' title="bbox 203 1666 568 1703">
     <span class='ocr_line' id='line_1_65' title="bbox 203 1666 568 1703; baseline -0.005 -9"><span class='ocrx_word' id='word_1_504' title='bbox 203 1674 309 1703; x_wconf 88' lang='lat' dir='ltr'><strong>quoque</strong></span> <span class='ocrx_word' id='word_1_505' title='bbox 331 1667 444 1694; x_wconf 88' lang='lat' dir='ltr'><strong>Macario</strong></span> <span class='ocrx_word' id='word_1_506' title='bbox 459 1666 568 1701; x_wconf 88' lang='lat' dir='ltr'><strong>gratias.</strong></span> 
     </span>
    </p>
   </div>
   <div class='ocr_carea' id='block_1_66' title="bbox 239 1703 991 1740">
    <p class='ocr_par' dir='ltr' id='par_1_66' title="bbox 239 1703 991 1740">
     <span class='ocr_line' id='line_1_66' title="bbox 239 1703 991 1740; baseline -0.013 -1"><span class='ocrx_word' id='word_1_507' title='bbox 239 1713 287 1740; x_wconf 73' lang='lat' dir='ltr'><strong>Hic</strong></span> <span class='ocrx_word' id='word_1_508' title='bbox 298 1717 406 1740; x_wconf 80' lang='lat' dir='ltr'><strong>sanctus</strong></span> <span class='ocrx_word' id='word_1_509' title='bbox 417 1711 532 1740; x_wconf 84' lang='lat' dir='ltr'><strong>habebat</strong></span> <span class='ocrx_word' id='word_1_510' title='bbox 544 1710 665 1738; x_wconf 87' lang='lat' dir='ltr'><strong>diversas</strong></span> <span class='ocrx_word' id='word_1_511' title='bbox 678 1707 779 1740; x_wconf 85' lang='lat' dir='ltr'><strong>cellas;</strong></span> <span class='ocrx_word' id='word_1_512' title='bbox 793 1712 873 1733; x_wconf 90' lang='lat' dir='ltr'><strong>unam</strong></span> <span class='ocrx_word' id='word_1_513' title='bbox 886 1703 991 1739; x_wconf 86' lang='lat' dir='ltr'><strong>quidem</strong></span> 
     </span>
    </p>
   </div>
   <div class='ocr_carea' id='block_1_67' title="bbox 205 1748 993 1791">
    <p class='ocr_par' dir='ltr' id='par_1_67' title="bbox 205 1748 993 1791">
     <span class='ocr_line' id='line_1_67' title="bbox 205 1748 993 1791; baseline -0.011 -8"><span class='ocrx_word' id='word_1_514' title='bbox 205 1757 230 1784; x_wconf 81' lang='lat' dir='ltr'><strong>i-t</strong></span> <span class='ocrx_word' id='word_1_515' title='bbox 244 1758 333 1789; x_wconf 88' lang='lat' dir='ltr'><strong>Scete,</strong></span> <span class='ocrx_word' id='word_1_516' title='bbox 346 1765 405 1791; x_wconf 58' lang='lat' dir='ltr'><strong>qua</strong></span> <span class='ocrx_word' id='word_1_517' title='bbox 417 1761 459 1784; x_wconf 89' lang='lat' dir='ltr'><strong>est</strong></span> <span class='ocrx_word' id='word_1_518' title='bbox 472 1756 584 1783; x_wconf 85' lang='lat' dir='ltr'><strong>interior</strong></span> <span class='ocrx_word' id='word_1_519' title='bbox 598 1755 626 1782; x_wconf 92' lang='lat' dir='ltr'><strong>in</strong></span> <span class='ocrx_word' id='word_1_520' title='bbox 648 1752 802 1784; x_wconf 85' lang='lat' dir='ltr'><strong>solitudine,</strong></span> <span class='ocrx_word' id='word_1_521' title='bbox 818 1755 845 1778; x_wconf 89' lang='lat' dir='ltr'><strong>et</strong></span> <span class='ocrx_word' id='word_1_522' title='bbox 863 1756 942 1776; x_wconf 92' lang='lat' dir='ltr'><strong>uuam</strong></span> <span class='ocrx_word' id='word_1_523' title='bbox 965 1748 993 1775; x_wconf 87' lang='lat' dir='ltr'><strong>itt</strong></span> 
     </span>
    </p>
   </div>
   <div class='ocr_carea' id='block_1_68' title="bbox 205 1793 990 1836">
    <p class='ocr_par' dir='ltr' id='par_1_68' title="bbox 205 1793 990 1836">
     <span class='ocr_line' id='line_1_68' title="bbox 205 1793 990 1836; baseline -0.014 -6"><span class='ocrx_word' id='word_1_524' title='bbox 205 1802 298 1836; x_wconf 79' lang='lat' dir='ltr'><strong>Libya,</strong></span> <span class='ocrx_word' id='word_1_525' title='bbox 313 1807 340 1829; x_wconf 89' lang='lat' dir='ltr'><strong>et</strong></span> <span class='ocrx_word' id='word_1_526' title='bbox 354 1809 434 1829; x_wconf 90' lang='lat' dir='ltr'><strong>unam</strong></span> <span class='ocrx_word' id='word_1_527' title='bbox 447 1801 474 1828; x_wconf 88' lang='lat' dir='ltr'><strong>in</strong></span> <span class='ocrx_word' id='word_1_528' title='bbox 489 1799 591 1832; x_wconf 87' lang='lat' dir='ltr'><strong>Celliis,</strong></span> <span class='ocrx_word' id='word_1_529' title='bbox 607 1804 635 1827; x_wconf 87' lang='lat' dir='ltr'><strong>et</strong></span> <span class='ocrx_word' id='word_1_530' title='bbox 649 1805 727 1825; x_wconf 82' lang='lat' dir='ltr'><strong>unam</strong></span> <span class='ocrx_word' id='word_1_531' title='bbox 743 1798 769 1824; x_wconf 92' lang='lat' dir='ltr'><strong>in</strong></span> <span class='ocrx_word' id='word_1_532' title='bbox 786 1799 876 1822; x_wconf 88' lang='lat' dir='ltr'><strong>monte</strong></span> <span class='ocrx_word' id='word_1_533' title='bbox 890 1793 990 1821; x_wconf 55' lang='lat' dir='ltr'><strong>Nitriae.</strong></span> 
     </span>
    </p>
   </div>
   <div class='ocr_carea' id='block_1_69' title="bbox 207 1838 994 1881">
    <p class='ocr_par' dir='ltr' id='par_1_69' title="bbox 207 1838 994 1881">
     <span class='ocr_line' id='line_1_69' title="bbox 207 1838 994 1881; baseline -0.014 -6"><span class='ocrx_word' id='word_1_534' title='bbox 207 1847 240 1874; x_wconf 82' lang='lat' dir='ltr'><strong>Et</strong></span> <span class='ocrx_word' id='word_1_535' title='bbox 253 1847 312 1874; x_wconf 65' lang='lat' dir='ltr'><strong>alim</strong></span> <span class='ocrx_word' id='word_1_536' title='bbox 333 1846 442 1881; x_wconf 88' lang='lat' dir='ltr'><strong>quidem</strong></span> <span class='ocrx_word' id='word_1_537' title='bbox 464 1844 591 1873; x_wconf 88' lang='lat' dir='ltr'><strong>carebant</strong></span> <span class='ocrx_word' id='word_1_538' title='bbox 608 1843 691 1875; x_wconf 90' lang='lat' dir='ltr'><strong>ostio,</strong></span> <span class='ocrx_word' id='word_1_539' title='bbox 707 1841 734 1869; x_wconf 92' lang='lat' dir='ltr'><strong>in</strong></span> <span class='ocrx_word' id='word_1_540' title='bbox 749 1840 845 1875; x_wconf 88' lang='lat' dir='ltr'><strong>quibus</strong></span> <span class='ocrx_word' id='word_1_541' title='bbox 857 1838 994 1866; x_wconf 87' lang='lat' dir='ltr'><strong>dicebatur</strong></span> 
     </span>
    </p>
   </div>
   <div class='ocr_carea' id='block_1_70' title="bbox 205 1885 994 1925">
    <p class='ocr_par' dir='ltr' id='par_1_70' title="bbox 205 1885 994 1925">
     <span class='ocr_line' id='line_1_70' title="bbox 205 1885 994 1925; baseline -0.014 -6"><span class='ocrx_word' id='word_1_542' title='bbox 205 1892 299 1919; x_wconf 80' lang='lat' dir='ltr'><strong>sedere</strong></span> <span class='ocrx_word' id='word_1_543' title='bbox 313 1891 339 1918; x_wconf 94' lang='lat' dir='ltr'><strong>in</strong></span> <span class='ocrx_word' id='word_1_544' title='bbox 353 1890 556 1925; x_wconf 83' lang='lat' dir='ltr'><strong>quadragesima</strong></span> <span class='ocrx_word' id='word_1_545' title='bbox 571 1889 597 1915; x_wconf 90' lang='lat' dir='ltr'><strong>in</strong></span> <span class='ocrx_word' id='word_1_546' title='bbox 621 1886 749 1917; x_wconf 87' lang='lat' dir='ltr'><strong>tenebris,</strong></span> <span class='ocrx_word' id='word_1_547' title='bbox 764 1885 817 1911; x_wconf 86' lang='lat' dir='ltr'><strong>alia</strong></span> <span class='ocrx_word' id='word_1_548' title='bbox 831 1887 922 1910; x_wconf 88' lang='lat' dir='ltr'><strong>autem</strong></span> <span class='ocrx_word' id='word_1_549' title='bbox 936 1886 994 1910; x_wconf 88' lang='lat' dir='ltr'><strong>erat</strong></span> 
     </span>
    </p>
   </div>
   <div class='ocr_carea' id='block_1_71' title="bbox 204 1927 993 1971">
    <p class='ocr_par' dir='ltr' id='par_1_71' title="bbox 204 1927 993 1971">
     <span class='ocr_line' id='line_1_71' title="bbox 204 1927 993 1971; baseline -0.014 -7"><span class='ocrx_word' id='word_1_550' title='bbox 204 1937 354 1971; x_wconf 78' lang='lat' dir='ltr'><strong>angustior,</strong></span> <span class='ocrx_word' id='word_1_551' title='bbox 367 1936 394 1963; x_wconf 92' lang='lat' dir='ltr'><strong>in</strong></span> <span class='ocrx_word' id='word_1_552' title='bbox 408 1943 459 1970; x_wconf 85' lang='lat' dir='ltr'><strong>qua</strong></span> <span class='ocrx_word' id='word_1_553' title='bbox 470 1942 523 1963; x_wconf 89' lang='lat' dir='ltr'><strong>non</strong></span> <span class='ocrx_word' id='word_1_554' title='bbox 536 1938 638 1969; x_wconf 88' lang='lat' dir='ltr'><strong>poterat</strong></span> <span class='ocrx_word' id='word_1_555' title='bbox 654 1932 748 1966; x_wconf 85' lang='lat' dir='ltr'><strong>pedem</strong></span> <span class='ocrx_word' id='word_1_556' title='bbox 763 1929 925 1960; x_wconf 86' lang='lat' dir='ltr'><strong>extendere;</strong></span> <span class='ocrx_word' id='word_1_557' title='bbox 942 1927 993 1954; x_wconf 83' lang='lat' dir='ltr'><strong>alia</strong></span> 
     </span>
    </p>
   </div>
   <div class='ocr_carea' id='block_1_72' title="bbox 205 1973 993 2015">
    <p class='ocr_par' dir='ltr' id='par_1_72' title="bbox 205 1973 993 2015">
     <span class='ocr_line' id='line_1_72' title="bbox 205 1973 993 2015; baseline -0.014 -6"><span class='ocrx_word' id='word_1_558' title='bbox 205 1988 294 2009; x_wconf 84' lang='lat' dir='ltr'><strong>autem</strong></span> <span class='ocrx_word' id='word_1_559' title='bbox 308 1981 399 2014; x_wconf 88' lang='lat' dir='ltr'><strong>latior,</strong></span> <span class='ocrx_word' id='word_1_560' title='bbox 416 1981 444 2008; x_wconf 94' lang='lat' dir='ltr'><strong>in</strong></span> <span class='ocrx_word' id='word_1_561' title='bbox 459 1988 511 2015; x_wconf 89' lang='lat' dir='ltr'><strong>qua</strong></span> <span class='ocrx_word' id='word_1_562' title='bbox 532 1977 709 2007; x_wconf 81' lang='lat' dir='ltr'><strong>conveniebat</strong></span> <span class='ocrx_word' id='word_1_563' title='bbox 731 1984 779 2004; x_wconf 89' lang='lat' dir='ltr'><strong>eos</strong></span> <span class='ocrx_word' id='word_1_564' title='bbox 800 1974 845 2009; x_wconf 88' lang='lat' dir='ltr'><strong>qui</strong></span> <span class='ocrx_word' id='word_1_565' title='bbox 859 1973 892 2000; x_wconf 90' lang='lat' dir='ltr'><strong>ad</strong></span> <span class='ocrx_word' id='word_1_566' title='bbox 907 1974 993 2008; x_wconf 86' lang='lat' dir='ltr'><strong>ipsum</strong></span> 
     </span>
    </p>
   </div>
   <div class='ocr_carea' id='block_1_73' title="bbox 207 2027 382 2054">
    <p class='ocr_par' dir='ltr' id='par_1_73' title="bbox 207 2027 382 2054">
     <span class='ocr_line' id='line_1_73' title="bbox 207 2027 382 2054; baseline -0.006 0"><span class='ocrx_word' id='word_1_567' title='bbox 207 2027 382 2054; x_wconf 86' lang='lat' dir='ltr'><strong>ventitabaut.</strong></span> 
     </span>
    </p>
   </div>
   <div class='ocr_carea' id='block_1_74' title="bbox 243 2065 994 2101">
    <p class='ocr_par' dir='ltr' id='par_1_74' title="bbox 243 2065 994 2101">
     <span class='ocr_line' id='line_1_74' title="bbox 243 2065 994 2101; baseline -0.013 -1"><span class='ocrx_word' id='word_1_568' title='bbox 243 2074 292 2101; x_wconf 88' lang='lat' dir='ltr'><strong>llic</strong></span> <span class='ocrx_word' id='word_1_569' title='bbox 305 2073 410 2101; x_wconf 84' lang='lat' dir='ltr'><strong>curavit</strong></span> <span class='ocrx_word' id='word_1_570' title='bbox 425 2077 524 2100; x_wconf 88' lang='lat' dir='ltr'><strong>tantam</strong></span> <span class='ocrx_word' id='word_1_571' title='bbox 541 2070 735 2098; x_wconf 90' lang='lat' dir='ltr'><strong>multitudinem</strong></span> <span class='ocrx_word' id='word_1_572' title='bbox 750 2074 841 2096; x_wconf 89' lang='lat' dir='ltr'><strong>eorum</strong></span> <span class='ocrx_word' id='word_1_573' title='bbox 856 2065 900 2101; x_wconf 90' lang='lat' dir='ltr'><strong>qui</strong></span> <span class='ocrx_word' id='word_1_574' title='bbox 915 2071 994 2091; x_wconf 82' lang='lat' dir='ltr'><strong>vexa—</strong></span> 
     </span>
    </p>
   </div>
   <div class='ocr_carea' id='block_1_75' title="bbox 206 2113 990 2150">
    <p class='ocr_par' dir='ltr' id='par_1_75' title="bbox 206 2113 990 2150">
     <span class='ocr_line' id='line_1_75' title="bbox 206 2113 990 2150; baseline -0.015 -3"><span class='ocrx_word' id='word_1_575' title='bbox 206 2120 303 2147; x_wconf 88' lang='lat' dir='ltr'><strong>bantur</strong></span> <span class='ocrx_word' id='word_1_576' title='bbox 315 2126 330 2146; x_wconf 89' lang='lat' dir='ltr'><strong>a</strong></span> <span class='ocrx_word' id='word_1_577' title='bbox 342 2118 525 2150; x_wconf 68' lang='lat' dir='ltr'><strong>daemonibus,</strong></span> <span class='ocrx_word' id='word_1_578' title='bbox 541 2121 570 2143; x_wconf 90' lang='lat' dir='ltr'><strong>ut</strong></span> <span class='ocrx_word' id='word_1_579' title='bbox 589 2123 619 2143; x_wconf 86' lang='lat' dir='ltr'><strong>ea</strong></span> <span class='ocrx_word' id='word_1_580' title='bbox 636 2123 688 2143; x_wconf 88' lang='lat' dir='ltr'><strong>non</strong></span> <span class='ocrx_word' id='word_1_581' title='bbox 701 2114 782 2141; x_wconf 89' lang='lat' dir='ltr'><strong>cadat</strong></span> <span class='ocrx_word' id='word_1_582' title='bbox 802 2113 827 2139; x_wconf 93' lang='lat' dir='ltr'><strong>in</strong></span> <span class='ocrx_word' id='word_1_583' title='bbox 843 2117 990 2138; x_wconf 90' lang='lat' dir='ltr'><strong>numerum.</strong></span> 
     </span>
    </p>
   </div>
   <div class='ocr_carea' id='block_1_76' title="bbox 205 2155 993 2194">
    <p class='ocr_par' dir='ltr' id='par_1_76' title="bbox 205 2155 993 2194">
     <span class='ocr_line' id='line_1_76' title="bbox 205 2155 993 2194; baseline -0.015 -1"><span class='ocrx_word' id='word_1_584' title='bbox 205 2165 272 2193; x_wconf 90' lang='lat' dir='ltr'><strong>Cum</strong></span> <span class='ocrx_word' id='word_1_585' title='bbox 292 2171 341 2192; x_wconf 85' lang='lat' dir='ltr'><strong>nos</strong></span> <span class='ocrx_word' id='word_1_586' title='bbox 353 2168 441 2191; x_wconf 92' lang='lat' dir='ltr'><strong>autem</strong></span> <span class='ocrx_word' id='word_1_587' title='bbox 455 2162 509 2190; x_wconf 89' lang='lat' dir='ltr'><strong>illic</strong></span> <span class='ocrx_word' id='word_1_588' title='bbox 521 2169 652 2194; x_wconf 87' lang='lat' dir='ltr'><strong>essemus,</strong></span> <span class='ocrx_word' id='word_1_589' title='bbox 669 2160 743 2194; x_wconf 82' lang='lat' dir='ltr'><strong>virgo</strong></span> <span class='ocrx_word' id='word_1_590' title='bbox 758 2158 854 2186; x_wconf 90' lang='lat' dir='ltr'><strong>nobilis</strong></span> <span class='ocrx_word' id='word_1_591' title='bbox 869 2161 897 2184; x_wconf 89' lang='lat' dir='ltr'><strong>et</strong></span> <span class='ocrx_word' id='word_1_592' title='bbox 919 2155 993 2182; x_wconf 86' lang='lat' dir='ltr'><strong>dives</strong></span> 
     </span>
    </p>
   </div>
   <div class='ocr_carea' id='block_1_77' title="bbox 205 2201 992 2239">
    <p class='ocr_par' dir='ltr' id='par_1_77' title="bbox 205 2201 992 2239">
     <span class='ocr_line' id='line_1_77' title="bbox 205 2201 992 2239; baseline -0.015 -1"><span class='ocrx_word' id='word_1_593' title='bbox 205 2210 318 2239; x_wconf 85' lang='lat' dir='ltr'><strong>deducta</strong></span> <span class='ocrx_word' id='word_1_594' title='bbox 330 2215 369 2237; x_wconf 89' lang='lat' dir='ltr'><strong>est</strong></span> <span class='ocrx_word' id='word_1_595' title='bbox 381 2209 415 2236; x_wconf 89' lang='lat' dir='ltr'><strong>ad</strong></span> <span class='ocrx_word' id='word_1_596' title='bbox 426 2216 486 2236; x_wconf 88' lang='lat' dir='ltr'><strong>eum</strong></span> <span class='ocrx_word' id='word_1_597' title='bbox 499 2216 514 2235; x_wconf 90' lang='lat' dir='ltr'><strong>e</strong></span> <span class='ocrx_word' id='word_1_598' title='bbox 525 2206 715 2235; x_wconf 83' lang='lat' dir='ltr'><strong>Thessalonica</strong></span> <span class='ocrx_word' id='word_1_599' title='bbox 727 2205 753 2232; x_wconf 89' lang='lat' dir='ltr'><strong>in</strong></span> <span class='ocrx_word' id='word_1_600' title='bbox 768 2203 863 2230; x_wconf 87' lang='lat' dir='ltr'><strong>iinibus</strong></span> <span class='ocrx_word' id='word_1_601' title='bbox 876 2201 992 2231; x_wconf 71' lang='lat' dir='ltr'><strong>Achaiae,</strong></span> 
     </span>
    </p>
   </div>
   <div class='ocr_carea' id='block_1_78' title="bbox 1043 1616 1834 1654">
    <p class='ocr_par' dir='ltr' id='par_1_78' title="bbox 1043 1616 1834 1654">
     <span class='ocr_line' id='line_1_78' title="bbox 1043 1616 1834 1654; baseline -0.003 -6"><span class='ocrx_word' id='word_1_602' title='bbox 1043 1619 1159 1654; x_wconf 88' lang='lat' dir='ltr'><strong>spuisset</strong></span> <span class='ocrx_word' id='word_1_603' title='bbox 1176 1618 1204 1646; x_wconf 91' lang='lat' dir='ltr'><strong>in</strong></span> <span class='ocrx_word' id='word_1_604' title='bbox 1222 1617 1281 1653; x_wconf 85' lang='lat' dir='ltr'><strong>ejus</strong></span> <span class='ocrx_word' id='word_1_605' title='bbox 1299 1618 1402 1650; x_wconf 87' lang='lat' dir='ltr'><strong>oculos,</strong></span> <span class='ocrx_word' id='word_1_606' title='bbox 1423 1618 1518 1652; x_wconf 81' lang='lat' dir='ltr'><strong>oravit,</strong></span> <span class='ocrx_word' id='word_1_607' title='bbox 1540 1623 1567 1645; x_wconf 90' lang='lat' dir='ltr'><strong>et</strong></span> <span class='ocrx_word' id='word_1_608' title='bbox 1584 1619 1673 1646; x_wconf 85' lang='lat' dir='ltr'><strong>statim</strong></span> <span class='ocrx_word' id='word_1_609' title='bbox 1693 1619 1767 1646; x_wconf 85' lang='lat' dir='ltr'><strong>vidit.</strong></span> <span class='ocrx_word' id='word_1_610' title='bbox 1798 1616 1834 1646; x_wconf 79' lang='lat' dir='ltr'><strong>Et</strong></span> 
     </span>
    </p>
   </div>
   <div class='ocr_carea' id='block_1_79' title="bbox 1042 1663 1831 1698">
    <p class='ocr_par' dir='ltr' id='par_1_79' title="bbox 1042 1663 1831 1698">
     <span class='ocr_line' id='line_1_79' title="bbox 1042 1663 1831 1698; baseline -0.001 -5"><span class='ocrx_word' id='word_1_611' title='bbox 1042 1673 1103 1693; x_wconf 86' lang='lat' dir='ltr'><strong>cum</strong></span> <span class='ocrx_word' id='word_1_612' title='bbox 1128 1669 1213 1692; x_wconf 88' lang='lat' dir='ltr'><strong>mater</strong></span> <span class='ocrx_word' id='word_1_613' title='bbox 1234 1671 1294 1692; x_wconf 88' lang='lat' dir='ltr'><strong>cum</strong></span> <span class='ocrx_word' id='word_1_614' title='bbox 1318 1663 1443 1690; x_wconf 85' lang='lat' dir='ltr'><strong>lactasset</strong></span> <span class='ocrx_word' id='word_1_615' title='bbox 1463 1668 1490 1691; x_wconf 87' lang='lat' dir='ltr'><strong>et</strong></span> <span class='ocrx_word' id='word_1_616' title='bbox 1512 1664 1670 1698; x_wconf 84' lang='lat' dir='ltr'><strong>accepisset,</strong></span> <span class='ocrx_word' id='word_1_617' title='bbox 1696 1664 1730 1692; x_wconf 85' lang='lat' dir='ltr'><strong>ita</strong></span> <span class='ocrx_word' id='word_1_618' title='bbox 1746 1664 1831 1692; x_wconf 72' lang='lat' dir='ltr'><strong>&#39;exiit.</strong></span> 
     </span>
    </p>
   </div>
   <div class='ocr_carea' id='block_1_80' title="bbox 1044 1707 1831 1743">
    <p class='ocr_par' dir='ltr' id='par_1_80' title="bbox 1044 1707 1831 1743">
     <span class='ocr_line' id='line_1_80' title="bbox 1044 1707 1831 1743; baseline -0.001 -6"><span class='ocrx_word' id='word_1_619' title='bbox 1044 1711 1090 1737; x_wconf 88' lang='lat' dir='ltr'><strong>Die</strong></span> <span class='ocrx_word' id='word_1_620' title='bbox 1108 1712 1197 1736; x_wconf 87' lang='lat' dir='ltr'><strong>autem</strong></span> <span class='ocrx_word' id='word_1_621' title='bbox 1217 1707 1338 1743; x_wconf 81' lang='lat' dir='ltr'><strong>sequenti</strong></span> <span class='ocrx_word' id='word_1_622' title='bbox 1359 1708 1454 1742; x_wconf 89' lang='lat' dir='ltr'><strong>pellem</strong></span> <span class='ocrx_word' id='word_1_623' title='bbox 1475 1714 1577 1743; x_wconf 67' lang='lat' dir='ltr'><strong>magna:</strong></span> <span class='ocrx_word' id='word_1_624' title='bbox 1602 1709 1662 1736; x_wconf 86' lang='lat' dir='ltr'><strong>ovis</strong></span> <span class='ocrx_word' id='word_1_625' title='bbox 1687 1710 1775 1736; x_wconf 88' lang='lat' dir='ltr'><strong>attulit</strong></span> <span class='ocrx_word' id='word_1_626' title='bbox 1797 1709 1831 1736; x_wconf 86' lang='lat' dir='ltr'><strong>ad</strong></span> 
     </span>
    </p>
   </div>
   <div class='ocr_carea' id='block_1_81' title="bbox 1043 1752 1831 1788">
    <p class='ocr_par' dir='ltr' id='par_1_81' title="bbox 1043 1752 1831 1788">
     <span class='ocr_line' id='line_1_81' title="bbox 1043 1752 1831 1788; baseline 0.001 -8"><span class='ocrx_word' id='word_1_627' title='bbox 1043 1758 1163 1781; x_wconf 80' lang='lat' dir='ltr'><strong>sanctum</strong></span> <span class='ocrx_word' id='word_1_628' title='bbox 1179 1752 1339 1785; x_wconf 88' lang='lat' dir='ltr'><strong>Macarium;</strong></span> <span class='ocrx_word' id='word_1_629' title='bbox 1360 1756 1458 1779; x_wconf 88' lang='lat' dir='ltr'><strong>etcum</strong></span> <span class='ocrx_word' id='word_1_630' title='bbox 1478 1757 1585 1780; x_wconf 86' lang='lat' dir='ltr'><strong>sanctus</strong></span> <span class='ocrx_word' id='word_1_631' title='bbox 1600 1753 1831 1788; x_wconf 69' lang='lat' dir='ltr'><strong>vidissetpellem,</strong></span> 
     </span>
    </p>
   </div>
   <div class='ocr_carea' id='block_1_82' title="bbox 1046 1799 1832 1834">
    <p class='ocr_par' dir='ltr' id='par_1_82' title="bbox 1046 1799 1832 1834">
     <span class='ocr_line' id='line_1_82' title="bbox 1046 1799 1832 1834; baseline 0 -7"><span class='ocrx_word' id='word_1_632' title='bbox 1046 1802 1104 1828; x_wconf 76' lang='lat' dir='ltr'><strong>hzec</strong></span> <span class='ocrx_word' id='word_1_633' title='bbox 1127 1800 1194 1827; x_wconf 83' lang='lat' dir='ltr'><strong>dixit</strong></span> <span class='ocrx_word' id='word_1_634' title='bbox 1210 1800 1311 1834; x_wconf 57' lang='lat' dir='ltr'><strong>hyaenae</strong></span> <span class='ocrx_word' id='word_1_635' title='bbox 1327 1809 1333 1825; x_wconf 93' lang='lat'>:</span> <span class='ocrx_word' id='word_1_636' title='bbox 1351 1799 1487 1827; x_wconf 87' lang='lat' dir='ltr'><strong>Undenam</strong></span> <span class='ocrx_word' id='word_1_637' title='bbox 1515 1799 1583 1826; x_wconf 89' lang='lat' dir='ltr'><strong>hanc</strong></span> <span class='ocrx_word' id='word_1_638' title='bbox 1607 1799 1757 1833; x_wconf 89' lang='lat' dir='ltr'><strong>habuisses,</strong></span> <span class='ocrx_word' id='word_1_639' title='bbox 1781 1801 1832 1827; x_wconf 87' lang='lat' dir='ltr'><strong>nisi</strong></span> 
     </span>
    </p>
   </div>
   <div class='ocr_carea' id='block_1_83' title="bbox 1044 1844 1831 1880">
    <p class='ocr_par' dir='ltr' id='par_1_83' title="bbox 1044 1844 1831 1880">
     <span class='ocr_line' id='line_1_83' title="bbox 1044 1844 1831 1880; baseline -0.004 -6"><span class='ocrx_word' id='word_1_640' title='bbox 1044 1854 1122 1874; x_wconf 88' lang='lat' dir='ltr'><strong>ovem</strong></span> <span class='ocrx_word' id='word_1_641' title='bbox 1142 1846 1256 1880; x_wconf 82' lang='lat' dir='ltr'><strong>alicujus</strong></span> <span class='ocrx_word' id='word_1_642' title='bbox 1279 1845 1454 1873; x_wconf 85' lang='lat' dir='ltr'><strong>devorasses?</strong></span> <span class='ocrx_word' id='word_1_643' title='bbox 1479 1844 1554 1878; x_wconf 85' lang='lat' dir='ltr'><strong>Quod</strong></span> <span class='ocrx_word' id='word_1_644' title='bbox 1577 1851 1641 1879; x_wconf 84' lang='lat' dir='ltr'><strong>ergo</strong></span> <span class='ocrx_word' id='word_1_645' title='bbox 1655 1844 1831 1879; x_wconf 84' lang='lat' dir='ltr'><strong>proﬁciscitur</strong></span> 
     </span>
    </p>
   </div>
   <div class='ocr_carea' id='block_1_84' title="bbox 1046 1889 1833 1925">
    <p class='ocr_par' dir='ltr' id='par_1_84' title="bbox 1046 1889 1833 1925">
     <span class='ocr_line' id='line_1_84' title="bbox 1046 1889 1833 1925; baseline -0.001 -7"><span class='ocrx_word' id='word_1_646' title='bbox 1046 1891 1080 1918; x_wconf 87' lang='lat' dir='ltr'><strong>ab</strong></span> <span class='ocrx_word' id='word_1_647' title='bbox 1094 1890 1201 1925; x_wconf 86' lang='lat' dir='ltr'><strong>injuria,</strong></span> <span class='ocrx_word' id='word_1_648' title='bbox 1216 1897 1266 1924; x_wconf 85' lang='lat' dir='ltr'><strong>ego</strong></span> <span class='ocrx_word' id='word_1_649' title='bbox 1278 1896 1294 1917; x_wconf 87' lang='lat' dir='ltr'><strong>a</strong></span> <span class='ocrx_word' id='word_1_650' title='bbox 1307 1893 1334 1917; x_wconf 89' lang='lat' dir='ltr'><strong>te</strong></span> <span class='ocrx_word' id='word_1_651' title='bbox 1348 1897 1401 1916; x_wconf 93' lang='lat' dir='ltr'><strong>non</strong></span> <span class='ocrx_word' id='word_1_652' title='bbox 1413 1889 1524 1924; x_wconf 83' lang='lat' dir='ltr'><strong>accipio.</strong></span> <span class='ocrx_word' id='word_1_653' title='bbox 1547 1889 1643 1924; x_wconf 70' lang='lat' dir='ltr'><strong>Hymn:</strong></span> <span class='ocrx_word' id='word_1_654' title='bbox 1656 1894 1745 1917; x_wconf 87' lang='lat' dir='ltr'><strong>autem</strong></span> <span class='ocrx_word' id='word_1_655' title='bbox 1758 1890 1833 1917; x_wconf 90' lang='lat' dir='ltr'><strong>humi</strong></span> 
     </span>
    </p>
   </div>
   <div class='ocr_carea' id='block_1_85' title="bbox 1046 1935 1833 1971">
    <p class='ocr_par' dir='ltr' id='par_1_85' title="bbox 1046 1935 1833 1971">
     <span class='ocr_line' id='line_1_85' title="bbox 1046 1935 1833 1971; baseline -0.003 -7"><span class='ocrx_word' id='word_1_656' title='bbox 1046 1936 1173 1964; x_wconf 82' lang='lat' dir='ltr'><strong>inclinato</strong></span> <span class='ocrx_word' id='word_1_657' title='bbox 1188 1935 1287 1969; x_wconf 84' lang='lat' dir='ltr'><strong>capite,</strong></span> <span class='ocrx_word' id='word_1_658' title='bbox 1309 1943 1378 1971; x_wconf 84' lang='lat' dir='ltr'><strong>genu</strong></span> <span class='ocrx_word' id='word_1_659' title='bbox 1403 1935 1525 1963; x_wconf 86' lang='lat' dir='ltr'><strong>ﬂectebat</strong></span> <span class='ocrx_word' id='word_1_660' title='bbox 1537 1935 1570 1962; x_wconf 89' lang='lat' dir='ltr'><strong>ad</strong></span> <span class='ocrx_word' id='word_1_661' title='bbox 1593 1935 1674 1970; x_wconf 88' lang='lat' dir='ltr'><strong>pedes</strong></span> <span class='ocrx_word' id='word_1_662' title='bbox 1696 1935 1790 1968; x_wconf 88' lang='lat' dir='ltr'><strong>sancti,</strong></span> <span class='ocrx_word' id='word_1_663' title='bbox 1804 1940 1833 1963; x_wconf 88' lang='lat' dir='ltr'><strong>et</strong></span> 
     </span>
    </p>
   </div>
   <div class='ocr_carea' id='block_1_86' title="bbox 1045 1980 1832 2017">
    <p class='ocr_par' dir='ltr' id='par_1_86' title="bbox 1045 1980 1832 2017">
     <span class='ocr_line' id='line_1_86' title="bbox 1045 1980 1832 2017; baseline -0.005 -7"><span class='ocrx_word' id='word_1_664' title='bbox 1045 1983 1159 2017; x_wconf 88' lang='lat' dir='ltr'><strong>ponebat</strong></span> <span class='ocrx_word' id='word_1_665' title='bbox 1173 1982 1277 2015; x_wconf 90' lang='lat' dir='ltr'><strong>pellem.</strong></span> <span class='ocrx_word' id='word_1_666' title='bbox 1295 1981 1353 2015; x_wconf 88' lang='lat' dir='ltr'><strong>Ipse</strong></span> <span class='ocrx_word' id='word_1_667' title='bbox 1368 1985 1456 2008; x_wconf 88' lang='lat' dir='ltr'><strong>autem</strong></span> <span class='ocrx_word' id='word_1_668' title='bbox 1469 1981 1493 2008; x_wconf 90' lang='lat' dir='ltr'><strong>ei</strong></span> <span class='ocrx_word' id='word_1_669' title='bbox 1507 1980 1614 2008; x_wconf 87' lang='lat' dir='ltr'><strong>dicebat</strong></span> <span class='ocrx_word' id='word_1_670' title='bbox 1628 1989 1635 2009; x_wconf 90' lang='lat'><strong>:</strong></span> <span class='ocrx_word' id='word_1_671' title='bbox 1651 1980 1708 2007; x_wconf 84' lang='lat' dir='ltr'><strong>Dixi</strong></span> <span class='ocrx_word' id='word_1_672' title='bbox 1724 1987 1767 2007; x_wconf 91' lang='lat' dir='ltr'><strong>me</strong></span> <span class='ocrx_word' id='word_1_673' title='bbox 1779 1986 1832 2006; x_wconf 91' lang='lat' dir='ltr'><strong>nou</strong></span> 
     </span>
    </p>
   </div>
   <div class='ocr_carea' id='block_1_87' title="bbox 1046 2025 1834 2064">
    <p class='ocr_par' dir='ltr' id='par_1_87' title="bbox 1046 2025 1834 2064">
     <span class='ocr_line' id='line_1_87' title="bbox 1046 2025 1834 2064; baseline -0.004 -8"><span class='ocrx_word' id='word_1_674' title='bbox 1046 2034 1228 2064; x_wconf 89' lang='lat' dir='ltr'><strong>accepturum,</strong></span> <span class='ocrx_word' id='word_1_675' title='bbox 1248 2027 1302 2055; x_wconf 88' lang='lat' dir='ltr'><strong>nisi</strong></span> <span class='ocrx_word' id='word_1_676' title='bbox 1319 2027 1452 2062; x_wconf 88' lang='lat' dir='ltr'><strong>juraveris</strong></span> <span class='ocrx_word' id='word_1_677' title='bbox 1471 2032 1497 2054; x_wconf 88' lang='lat' dir='ltr'><strong>te</strong></span> <span class='ocrx_word' id='word_1_678' title='bbox 1513 2034 1564 2054; x_wconf 89' lang='lat' dir='ltr'><strong>non</strong></span> <span class='ocrx_word' id='word_1_679' title='bbox 1584 2027 1698 2061; x_wconf 89' lang='lat' dir='ltr'><strong>amplius</strong></span> <span class='ocrx_word' id='word_1_680' title='bbox 1718 2025 1834 2054; x_wconf 79' lang='lat' dir='ltr'><strong>oﬂ&#39;ensu-</strong></span> 
     </span>
    </p>
   </div>
   <div class='ocr_carea' id='block_1_88' title="bbox 1046 2072 1832 2108">
    <p class='ocr_par' dir='ltr' id='par_1_88' title="bbox 1046 2072 1832 2108">
     <span class='ocr_line' id='line_1_88' title="bbox 1046 2072 1832 2108; baseline -0.003 -7"><span class='ocrx_word' id='word_1_681' title='bbox 1046 2082 1102 2102; x_wconf 85' lang='lat' dir='ltr'><strong>ram</strong></span> <span class='ocrx_word' id='word_1_682' title='bbox 1120 2080 1262 2108; x_wconf 87' lang='lat' dir='ltr'><strong>pauperes,</strong></span> <span class='ocrx_word' id='word_1_683' title='bbox 1278 2072 1442 2100; x_wconf 89' lang='lat' dir='ltr'><strong>comedendo</strong></span> <span class='ocrx_word' id='word_1_684' title='bbox 1462 2080 1553 2100; x_wconf 88' lang='lat' dir='ltr'><strong>eorum</strong></span> <span class='ocrx_word' id='word_1_685' title='bbox 1569 2081 1642 2100; x_wconf 87' lang='lat' dir='ltr'><strong>oves.</strong></span> <span class='ocrx_word' id='word_1_686' title='bbox 1662 2073 1709 2100; x_wconf 89' lang='lat' dir='ltr'><strong>Illa</strong></span> <span class='ocrx_word' id='word_1_687' title='bbox 1722 2080 1786 2100; x_wconf 88' lang='lat' dir='ltr'><strong>vero</strong></span> <span class='ocrx_word' id='word_1_688' title='bbox 1799 2072 1832 2099; x_wconf 87' lang='lat' dir='ltr'><strong>ad</strong></span> 
     </span>
    </p>
   </div>
   <div class='ocr_carea' id='block_1_89' title="bbox 1047 2119 1835 2154">
    <p class='ocr_par' dir='ltr' id='par_1_89' title="bbox 1047 2119 1835 2154">
     <span class='ocr_line' id='line_1_89' title="bbox 1047 2119 1835 2154; baseline -0.001 -8"><span class='ocrx_word' id='word_1_689' title='bbox 1047 2119 1098 2147; x_wconf 87' lang='lat' dir='ltr'><strong>hoc</strong></span> <span class='ocrx_word' id='word_1_690' title='bbox 1111 2126 1216 2153; x_wconf 88' lang='lat' dir='ltr'><strong>quoque</strong></span> <span class='ocrx_word' id='word_1_691' title='bbox 1230 2119 1317 2153; x_wconf 88' lang='lat' dir='ltr'><strong>capite</strong></span> <span class='ocrx_word' id='word_1_692' title='bbox 1334 2126 1382 2146; x_wconf 87' lang='lat' dir='ltr'><strong>stto</strong></span> <span class='ocrx_word' id='word_1_693' title='bbox 1402 2119 1504 2151; x_wconf 88' lang='lat' dir='ltr'><strong>annuit,</strong></span> <span class='ocrx_word' id='word_1_694' title='bbox 1521 2123 1547 2146; x_wconf 88' lang='lat' dir='ltr'><strong>ut</strong></span> <span class='ocrx_word' id='word_1_695' title='bbox 1561 2126 1620 2154; x_wconf 75' lang='lat' dir='ltr'><strong>qua:</strong></span> <span class='ocrx_word' id='word_1_696' title='bbox 1635 2123 1727 2146; x_wconf 86' lang='lat' dir='ltr'><strong>sancto</strong></span> <span class='ocrx_word' id='word_1_697' title='bbox 1741 2125 1835 2145; x_wconf 78' lang='lat' dir='ltr'><strong>assea-</strong></span> 
     </span>
    </p>
   </div>
   <div class='ocr_carea' id='block_1_90' title="bbox 1046 2164 1833 2201">
    <p class='ocr_par' dir='ltr' id='par_1_90' title="bbox 1046 2164 1833 2201">
     <span class='ocr_line' id='line_1_90' title="bbox 1046 2164 1833 2201; baseline -0.003 -8"><span class='ocrx_word' id='word_1_698' title='bbox 1046 2167 1139 2193; x_wconf 88' lang='lat' dir='ltr'><strong>tiretur</strong></span> <span class='ocrx_word' id='word_1_699' title='bbox 1160 2164 1284 2193; x_wconf 83' lang='lat' dir='ltr'><strong>Macario.</strong></span> <span class='ocrx_word' id='word_1_700' title='bbox 1318 2164 1394 2192; x_wconf 85' lang='lat' dir='ltr'><strong>Tunc</strong></span> <span class='ocrx_word' id='word_1_701' title='bbox 1417 2166 1520 2200; x_wconf 89' lang='lat' dir='ltr'><strong>accepit</strong></span> <span class='ocrx_word' id='word_1_702' title='bbox 1548 2165 1645 2200; x_wconf 87' lang='lat' dir='ltr'><strong>pellem</strong></span> <span class='ocrx_word' id='word_1_703' title='bbox 1672 2165 1704 2193; x_wconf 90' lang='lat' dir='ltr'><strong>ab</strong></span> <span class='ocrx_word' id='word_1_704' title='bbox 1728 2165 1833 2201; x_wconf 75' lang='lat' dir='ltr'><strong>ltytena.</strong></span> 
     </span>
    </p>
   </div>
   <div class='ocr_carea' id='block_1_91' title="bbox 1048 2210 1836 2242">
    <p class='ocr_par' dir='ltr' id='par_1_91' title="bbox 1048 2210 1836 2242">
     <span class='ocr_line' id='line_1_91' title="bbox 1048 2210 1836 2242; baseline -0.001 -3"><span class='ocrx_word' id='word_1_705' title='bbox 1048 2211 1127 2239; x_wconf 86' lang='lat' dir='ltr'><strong>Beata</strong></span> <span class='ocrx_word' id='word_1_706' title='bbox 1151 2215 1240 2237; x_wconf 90' lang='lat' dir='ltr'><strong>autem</strong></span> <span class='ocrx_word' id='word_1_707' title='bbox 1255 2210 1352 2237; x_wconf 89' lang='lat' dir='ltr'><strong>Christi</strong></span> <span class='ocrx_word' id='word_1_708' title='bbox 1375 2210 1471 2237; x_wconf 86' lang='lat' dir='ltr'><strong>ancilia</strong></span> <span class='ocrx_word' id='word_1_709' title='bbox 1492 2210 1604 2238; x_wconf 81' lang='lat' dir='ltr'><strong>Melania</strong></span> <span class='ocrx_word' id='word_1_710' title='bbox 1628 2211 1695 2238; x_wconf 84' lang='lat' dir='ltr'><strong>dixit</strong></span> <span class='ocrx_word' id='word_1_711' title='bbox 1716 2211 1789 2242; x_wconf 83' lang='lat' dir='ltr'><strong>mihi.</strong></span> <span class='ocrx_word' id='word_1_712' title='bbox 1806 2219 1836 2238; x_wconf 85' lang='lat' dir='ltr'><strong>se</strong></span> 
     </span>
    </p>
   </div>
   <div class='ocr_carea' id='block_1_92' title="bbox 205 2246 988 2293">
    <p class='ocr_par' dir='ltr' id='par_1_92' title="bbox 205 2246 988 2289">
     <span class='ocr_line' id='line_1_92' title="bbox 205 2246 988 2289; baseline -0.013 -6"><span class='ocrx_word' id='word_1_713' title='bbox 205 2263 266 2289; x_wconf 69' lang='lat' dir='ltr'><strong>qua:</strong></span> <span class='ocrx_word' id='word_1_714' title='bbox 277 2255 368 2283; x_wconf 91' lang='lat' dir='ltr'><strong>multis</strong></span> <span class='ocrx_word' id='word_1_715' title='bbox 383 2254 460 2281; x_wconf 90' lang='lat' dir='ltr'><strong>annis</strong></span> <span class='ocrx_word' id='word_1_716' title='bbox 476 2254 610 2280; x_wconf 88' lang='lat' dir='ltr'><strong>laborarat</strong></span> <span class='ocrx_word' id='word_1_717' title='bbox 625 2251 753 2286; x_wconf 85' lang='lat' dir='ltr'><strong>paralysi.</strong></span> <span class='ocrx_word' id='word_1_718' title='bbox 769 2249 844 2276; x_wconf 80' lang='lat' dir='ltr'><strong>ilanc</strong></span> <span class='ocrx_word' id='word_1_719' title='bbox 858 2251 920 2275; x_wconf 89' lang='lat' dir='ltr'><strong>ante</strong></span> <span class='ocrx_word' id='word_1_720' title='bbox 934 2246 988 2274; x_wconf 91' lang='lat' dir='ltr'><strong>cel-</strong></span> 
     </span>
    </p>
   </div>
   <div class='ocr_carea' id='block_1_93' title="bbox 1041 2246 1836 2293">
    <p class='ocr_par' dir='ltr' id='par_1_93' title="bbox 1048 2256 1836 2293">
     <span class='ocr_line' id='line_1_93' title="bbox 1048 2256 1836 2293; baseline -0.001 -9"><span class='ocrx_word' id='word_1_721' title='bbox 1048 2257 1120 2285; x_wconf 88' lang='lat' dir='ltr'><strong>iilam</strong></span> <span class='ocrx_word' id='word_1_722' title='bbox 1133 2257 1229 2290; x_wconf 86' lang='lat' dir='ltr'><strong>pellem</strong></span> <span class='ocrx_word' id='word_1_723' title='bbox 1249 2257 1383 2291; x_wconf 79' lang='lat' dir='ltr'><strong>accepisse</strong></span> <span class='ocrx_word' id='word_1_724' title='bbox 1399 2264 1413 2283; x_wconf 91' lang='lat' dir='ltr'><strong>a</strong></span> <span class='ocrx_word' id='word_1_725' title='bbox 1426 2256 1540 2285; x_wconf 83' lang='lat' dir='ltr'><strong>Macario</strong></span> <span class='ocrx_word' id='word_1_726' title='bbox 1561 2257 1616 2290; x_wconf 88' lang='lat' dir='ltr'><strong>illo,</strong></span> <span class='ocrx_word' id='word_1_727' title='bbox 1633 2257 1704 2293; x_wconf 90' lang='lat' dir='ltr'><strong>quod</strong></span> <span class='ocrx_word' id='word_1_728' title='bbox 1719 2257 1836 2292; x_wconf 85' lang='lat' dir='ltr'><strong>appella-</strong></span> 
     </span>
    </p>
   </div>
   <div class='ocr_carea' id='block_1_94' title="bbox 207 2291 990 2334">
    <p class='ocr_par' dir='ltr' id='par_1_94' title="bbox 207 2291 990 2334">
     <span class='ocr_line' id='line_1_94' title="bbox 207 2291 990 2334; baseline -0.013 -7"><span class='ocrx_word' id='word_1_729' title='bbox 207 2300 258 2326; x_wconf 82' lang='lat' dir='ltr'><strong>lant</strong></span> <span class='ocrx_word' id='word_1_730' title='bbox 272 2307 346 2327; x_wconf 87' lang='lat' dir='ltr'><strong>suam</strong></span> <span class='ocrx_word' id='word_1_731' title='bbox 363 2298 520 2334; x_wconf 85' lang='lat' dir='ltr'><strong>projectam,</strong></span> <span class='ocrx_word' id='word_1_732' title='bbox 533 2295 715 2324; x_wconf 85' lang='lat' dir='ltr'><strong>misericordia</strong></span> <span class='ocrx_word' id='word_1_733' title='bbox 726 2297 886 2324; x_wconf 89' lang='lat' dir='ltr'><strong>commotus,</strong></span> <span class='ocrx_word' id='word_1_734' title='bbox 897 2291 990 2326; x_wconf 87' lang='lat' dir='ltr'><strong>viginti</strong></span> 
     </span>
    </p>
   </div>
   <div class='ocr_carea' id='block_1_95' title="bbox 206 2338 988 2377">
    <p class='ocr_par' dir='ltr' id='par_1_95' title="bbox 206 2338 988 2377">
     <span class='ocr_line' id='line_1_95' title="bbox 206 2338 988 2377; baseline -0.012 -6"><span class='ocrx_word' id='word_1_735' title='bbox 206 2343 300 2371; x_wconf 86' lang='lat' dir='ltr'><strong>diebus</strong></span> <span class='ocrx_word' id='word_1_736' title='bbox 324 2350 427 2377; x_wconf 78' lang='lat' dir='ltr'><strong>ungens</strong></span> <span class='ocrx_word' id='word_1_737' title='bbox 445 2342 505 2370; x_wconf 90' lang='lat' dir='ltr'><strong>oleo</strong></span> <span class='ocrx_word' id='word_1_738' title='bbox 527 2346 619 2368; x_wconf 87' lang='lat' dir='ltr'><strong>sancto</strong></span> <span class='ocrx_word' id='word_1_739' title='bbox 640 2341 696 2367; x_wconf 84' lang='lat' dir='ltr'><strong>suis</strong></span> <span class='ocrx_word' id='word_1_740' title='bbox 709 2338 840 2369; x_wconf 83' lang='lat' dir='ltr'><strong>manibus,</strong></span> <span class='ocrx_word' id='word_1_741' title='bbox 858 2340 886 2364; x_wconf 87' lang='lat' dir='ltr'><strong>et</strong></span> <span class='ocrx_word' id='word_1_742' title='bbox 899 2343 988 2368; x_wconf 80' lang='lat' dir='ltr'><strong>orans,</strong></span> 
     </span>
    </p>
   </div>
   <div class='ocr_carea' id='block_1_96' title="bbox 206 2383 993 2418">
    <p class='ocr_par' dir='ltr' id='par_1_96' title="bbox 206 2383 993 2418">
     <span class='ocr_line' id='line_1_96' title="bbox 206 2383 993 2418; baseline -0.01 -1"><span class='ocrx_word' id='word_1_743' title='bbox 206 2396 298 2416; x_wconf 82' lang='lat' dir='ltr'><strong>sanam</strong></span> <span class='ocrx_word' id='word_1_744' title='bbox 319 2388 421 2416; x_wconf 88' lang='lat' dir='ltr'><strong>remisit</strong></span> <span class='ocrx_word' id='word_1_745' title='bbox 435 2388 460 2415; x_wconf 92' lang='lat' dir='ltr'><strong>in</strong></span> <span class='ocrx_word' id='word_1_746' title='bbox 475 2394 550 2415; x_wconf 84' lang='lat' dir='ltr'><strong>suam</strong></span> <span class='ocrx_word' id='word_1_747' title='bbox 565 2386 710 2414; x_wconf 80' lang='lat' dir='ltr'><strong>civitatem.</strong></span> <span class='ocrx_word' id='word_1_748' title='bbox 727 2384 790 2418; x_wconf 76' lang='lat' dir='ltr'><strong>Qua:</strong></span> <span class='ocrx_word' id='word_1_749' title='bbox 805 2391 865 2411; x_wconf 91' lang='lat' dir='ltr'><strong>cum</strong></span> <span class='ocrx_word' id='word_1_750' title='bbox 883 2383 993 2417; x_wconf 87' lang='lat' dir='ltr'><strong>pedibus</strong></span> 
     </span>
    </p>
   </div>
   <div class='ocr_carea' id='block_1_97' title="bbox 205 2429 990 2466">
    <p class='ocr_par' dir='ltr' id='par_1_97' title="bbox 205 2429 990 2466">
     <span class='ocr_line' id='line_1_97' title="bbox 205 2429 990 2466; baseline -0.008 -6"><span class='ocrx_word' id='word_1_751' title='bbox 205 2434 261 2460; x_wconf 75' lang='lat' dir='ltr'><strong>suis</strong></span> <span class='ocrx_word' id='word_1_752' title='bbox 268 2433 430 2466; x_wconf 86' lang='lat' dir='ltr'><strong>recessisset,</strong></span> <span class='ocrx_word' id='word_1_753' title='bbox 439 2433 471 2459; x_wconf 91' lang='lat' dir='ltr'><strong>ad</strong></span> <span class='ocrx_word' id='word_1_754' title='bbox 479 2435 586 2459; x_wconf 84' lang='lat' dir='ltr'><strong>sanctos</strong></span> <span class='ocrx_word' id='word_1_755' title='bbox 593 2431 727 2466; x_wconf 84' lang='lat' dir='ltr'><strong>copiosam</strong></span> <span class='ocrx_word' id='word_1_756' title='bbox 736 2430 808 2457; x_wconf 88' lang='lat' dir='ltr'><strong>misit</strong></span> <span class='ocrx_word' id='word_1_757' title='bbox 817 2429 990 2456; x_wconf 81' lang='lat' dir='ltr'><strong>oblationem.</strong></span> 
     </span>
    </p>
   </div>
   <div class='ocr_carea' id='block_1_98' title="bbox 243 2473 995 2512">
    <p class='ocr_par' dir='ltr' id='par_1_98' title="bbox 243 2473 995 2512">
     <span class='ocr_line' id='line_1_98' title="bbox 243 2473 995 2512; baseline -0.005 -7"><span class='ocrx_word' id='word_1_758' title='bbox 243 2478 284 2505; x_wconf 88' lang='lat' dir='ltr'><strong>Me</strong></span> <span class='ocrx_word' id='word_1_759' title='bbox 297 2482 384 2505; x_wconf 86' lang='lat' dir='ltr'><strong>autem</strong></span> <span class='ocrx_word' id='word_1_760' title='bbox 399 2482 531 2512; x_wconf 62' lang='lat' dir='ltr'><strong>praesente</strong></span> <span class='ocrx_word' id='word_1_761' title='bbox 544 2477 674 2505; x_wconf 83' lang='lat' dir='ltr'><strong>adductus</strong></span> <span class='ocrx_word' id='word_1_762' title='bbox 688 2481 730 2504; x_wconf 88' lang='lat' dir='ltr'><strong>est</strong></span> <span class='ocrx_word' id='word_1_763' title='bbox 747 2475 779 2503; x_wconf 89' lang='lat' dir='ltr'><strong>ad</strong></span> <span class='ocrx_word' id='word_1_764' title='bbox 793 2482 854 2503; x_wconf 89' lang='lat' dir='ltr'><strong>eum</strong></span> <span class='ocrx_word' id='word_1_765' title='bbox 870 2481 934 2509; x_wconf 91' lang='lat' dir='ltr'><strong>puer</strong></span> <span class='ocrx_word' id='word_1_766' title='bbox 949 2473 995 2508; x_wconf 90' lang='lat' dir='ltr'><strong>qui</strong></span> 
     </span>
    </p>
   </div>
   <div class='ocr_carea' id='block_1_99' title="bbox 205 2520 994 2558">
    <p class='ocr_par' dir='ltr' id='par_1_99' title="bbox 205 2520 994 2558">
     <span class='ocr_line' id='line_1_99' title="bbox 205 2520 994 2558; baseline -0.006 -6"><span class='ocrx_word' id='word_1_767' title='bbox 205 2525 351 2553; x_wconf 78' lang='lat' dir='ltr'><strong>vexabatur</strong></span> <span class='ocrx_word' id='word_1_768' title='bbox 364 2531 378 2551; x_wconf 92' lang='lat' dir='ltr'><strong>a</strong></span> <span class='ocrx_word' id='word_1_769' title='bbox 393 2523 499 2558; x_wconf 84' lang='lat' dir='ltr'><strong>spiritu.</strong></span> <span class='ocrx_word' id='word_1_770' title='bbox 516 2523 547 2550; x_wconf 80' lang='lat' dir='ltr'><strong>Ei</strong></span> <span class='ocrx_word' id='word_1_771' title='bbox 571 2527 660 2550; x_wconf 89' lang='lat' dir='ltr'><strong>autem</strong></span> <span class='ocrx_word' id='word_1_772' title='bbox 676 2529 782 2550; x_wconf 82' lang='lat' dir='ltr'><strong>manum</strong></span> <span class='ocrx_word' id='word_1_773' title='bbox 806 2522 946 2556; x_wconf 86' lang='lat' dir='ltr'><strong>imponens</strong></span> <span class='ocrx_word' id='word_1_774' title='bbox 966 2520 994 2548; x_wconf 90' lang='lat' dir='ltr'><strong>in</strong></span> 
     </span>
    </p>
   </div>
   <div class='ocr_carea' id='block_1_100' title="bbox 205 2567 993 2605">
    <p class='ocr_par' dir='ltr' id='par_1_100' title="bbox 205 2567 993 2605">
     <span class='ocr_line' id='line_1_100' title="bbox 205 2567 993 2605; baseline -0.005 -7"><span class='ocrx_word' id='word_1_775' title='bbox 205 2571 303 2605; x_wconf 86' lang='lat' dir='ltr'><strong>capite,</strong></span> <span class='ocrx_word' id='word_1_776' title='bbox 318 2574 346 2597; x_wconf 92' lang='lat' dir='ltr'><strong>et</strong></span> <span class='ocrx_word' id='word_1_777' title='bbox 360 2569 496 2596; x_wconf 88' lang='lat' dir='ltr'><strong>sinistram</strong></span> <span class='ocrx_word' id='word_1_778' title='bbox 510 2575 590 2603; x_wconf 87' lang='lat' dir='ltr'><strong>supra</strong></span> <span class='ocrx_word' id='word_1_779' title='bbox 622 2575 679 2601; x_wconf 88' lang='lat' dir='ltr'><strong>cor,</strong></span> <span class='ocrx_word' id='word_1_780' title='bbox 694 2567 784 2596; x_wconf 87' lang='lat' dir='ltr'><strong>tandiu</strong></span> <span class='ocrx_word' id='word_1_781' title='bbox 809 2568 893 2594; x_wconf 85' lang='lat' dir='ltr'><strong>oravit</strong></span> <span class='ocrx_word' id='word_1_782' title='bbox 908 2567 993 2594; x_wconf 86' lang='lat' dir='ltr'><strong>donec</strong></span> 
     </span>
    </p>
   </div>
   <div class='ocr_carea' id='block_1_101' title="bbox 206 2613 995 2649">
    <p class='ocr_par' dir='ltr' id='par_1_101' title="bbox 206 2613 995 2649">
     <span class='ocr_line' id='line_1_101' title="bbox 206 2613 995 2649; baseline -0.006 -7"><span class='ocrx_word' id='word_1_783' title='bbox 206 2615 314 2642; x_wconf 68' lang='lat' dir='ltr'><strong>fecisset</strong></span> <span class='ocrx_word' id='word_1_784' title='bbox 328 2614 414 2649; x_wconf 87' lang='lat' dir='ltr'><strong>ipsum</strong></span> <span class='ocrx_word' id='word_1_785' title='bbox 429 2614 545 2648; x_wconf 86' lang='lat' dir='ltr'><strong>pendere</strong></span> <span class='ocrx_word' id='word_1_786' title='bbox 561 2613 587 2640; x_wconf 92' lang='lat' dir='ltr'><strong>in</strong></span> <span class='ocrx_word' id='word_1_787' title='bbox 602 2621 675 2641; x_wconf 88' lang='lat' dir='ltr'><strong>aere.</strong></span> <span class='ocrx_word' id='word_1_788' title='bbox 698 2613 837 2647; x_wconf 83' lang='lat' dir='ltr'><strong>Tanquam</strong></span> <span class='ocrx_word' id='word_1_789' title='bbox 858 2616 918 2639; x_wconf 90' lang='lat' dir='ltr'><strong>uter</strong></span> <span class='ocrx_word' id='word_1_790' title='bbox 932 2618 995 2646; x_wconf 81' lang='lat' dir='ltr'><strong>ergo</strong></span> 
     </span>
    </p>
   </div>
   <div class='ocr_carea' id='block_1_102' title="bbox 205 2657 995 2694">
    <p class='ocr_par' dir='ltr' id='par_1_102' title="bbox 205 2657 995 2694">
     <span class='ocr_line' id='line_1_102' title="bbox 205 2657 995 2694; baseline -0.005 -5"><span class='ocrx_word' id='word_1_791' title='bbox 205 2667 273 2694; x_wconf 79' lang='lat' dir='ltr'><strong>puer</strong></span> <span class='ocrx_word' id='word_1_792' title='bbox 287 2659 407 2693; x_wconf 73' lang='lat' dir='ltr'><strong>inﬂatus,</strong></span> <span class='ocrx_word' id='word_1_793' title='bbox 424 2660 491 2687; x_wconf 91' lang='lat' dir='ltr'><strong>adeo</strong></span> <span class='ocrx_word' id='word_1_794' title='bbox 503 2659 638 2692; x_wconf 88' lang='lat' dir='ltr'><strong>intumuit,</strong></span> <span class='ocrx_word' id='word_1_795' title='bbox 651 2663 680 2686; x_wconf 90' lang='lat' dir='ltr'><strong>ut</strong></span> <span class='ocrx_word' id='word_1_796' title='bbox 691 2663 762 2686; x_wconf 87' lang='lat' dir='ltr'><strong>esset</strong></span> <span class='ocrx_word' id='word_1_797' title='bbox 772 2659 879 2686; x_wconf 83' lang='lat' dir='ltr'><strong>maximi</strong></span> <span class='ocrx_word' id='word_1_798' title='bbox 893 2657 995 2693; x_wconf 87' lang='lat' dir='ltr'><strong>ponde-</strong></span> 
     </span>
    </p>
   </div>
   <div class='ocr_carea' id='block_1_103' title="bbox 204 2704 993 2739">
    <p class='ocr_par' dir='ltr' id='par_1_103' title="bbox 204 2704 993 2739">
     <span class='ocr_line' id='line_1_103' title="bbox 204 2704 993 2739; baseline -0.001 -8"><span class='ocrx_word' id='word_1_799' title='bbox 204 2705 252 2732; x_wconf 87' lang='lat' dir='ltr'><strong>ris.</strong></span> <span class='ocrx_word' id='word_1_800' title='bbox 270 2704 375 2732; x_wconf 85' lang='lat' dir='ltr'><strong>Etcum</strong></span> <span class='ocrx_word' id='word_1_801' title='bbox 389 2709 499 2739; x_wconf 84' lang='lat' dir='ltr'><strong>repente</strong></span> <span class='ocrx_word' id='word_1_802' title='bbox 518 2704 704 2736; x_wconf 88' lang='lat' dir='ltr'><strong>exclamasset,</strong></span> <span class='ocrx_word' id='word_1_803' title='bbox 719 2711 766 2738; x_wconf 87' lang='lat' dir='ltr'><strong>per</strong></span> <span class='ocrx_word' id='word_1_804' title='bbox 786 2709 880 2731; x_wconf 84' lang='lat' dir='ltr'><strong>omnes</strong></span> <span class='ocrx_word' id='word_1_805' title='bbox 897 2708 993 2730; x_wconf 79' lang='lat' dir='ltr'><strong>sensus</strong></span> 
     </span>
    </p>
   </div>
   <div class='ocr_carea' id='block_1_104' title="bbox 205 2748 992 2783">
    <p class='ocr_par' dir='ltr' id='par_1_104' title="bbox 205 2748 992 2783">
     <span class='ocr_line' id='line_1_104' title="bbox 205 2748 992 2783; baseline 0 -9"><span class='ocrx_word' id='word_1_806' title='bbox 205 2754 300 2783; x_wconf 85' lang='lat' dir='ltr'><strong>aquam</strong></span> <span class='ocrx_word' id='word_1_807' title='bbox 314 2751 420 2783; x_wconf 85' lang='lat' dir='ltr'><strong>emisit;</strong></span> <span class='ocrx_word' id='word_1_808' title='bbox 437 2755 464 2778; x_wconf 86' lang='lat' dir='ltr'><strong>et</strong></span> <span class='ocrx_word' id='word_1_809' title='bbox 476 2758 535 2778; x_wconf 91' lang='lat' dir='ltr'><strong>cum</strong></span> <span class='ocrx_word' id='word_1_810' title='bbox 547 2757 641 2777; x_wconf 85' lang='lat' dir='ltr'><strong>rursus</strong></span> <span class='ocrx_word' id='word_1_811' title='bbox 651 2749 784 2782; x_wconf 85' lang='lat' dir='ltr'><strong>desiisset,</strong></span> <span class='ocrx_word' id='word_1_812' title='bbox 796 2749 874 2776; x_wconf 89' lang='lat' dir='ltr'><strong>rediit</strong></span> <span class='ocrx_word' id='word_1_813' title='bbox 887 2748 919 2775; x_wconf 91' lang='lat' dir='ltr'><strong>ad</strong></span> <span class='ocrx_word' id='word_1_814' title='bbox 933 2755 992 2775; x_wconf 87' lang='lat' dir='ltr'><strong>eam</strong></span> 
     </span>
    </p>
   </div>
   <div class='ocr_carea' id='block_1_105' title="bbox 207 2795 993 2830">
    <p class='ocr_par' dir='ltr' id='par_1_105' title="bbox 207 2795 993 2830">
     <span class='ocr_line' id='line_1_105' title="bbox 207 2795 993 2830; baseline -0.004 -6"><span class='ocrx_word' id='word_1_815' title='bbox 207 2795 234 2821; x_wconf 82' lang='lat' dir='ltr'><strong>in</strong></span> <span class='ocrx_word' id='word_1_816' title='bbox 247 2802 297 2830; x_wconf 80' lang='lat' dir='ltr'><strong>qua</strong></span> <span class='ocrx_word' id='word_1_817' title='bbox 313 2796 386 2830; x_wconf 82' lang='lat' dir='ltr'><strong>prius</strong></span> <span class='ocrx_word' id='word_1_818' title='bbox 406 2800 465 2825; x_wconf 91' lang='lat' dir='ltr'><strong>erat</strong></span> <span class='ocrx_word' id='word_1_819' title='bbox 483 2804 647 2824; x_wconf 79' lang='lat' dir='ltr'><strong>mensuram.</strong></span> <span class='ocrx_word' id='word_1_820' title='bbox 664 2796 696 2824; x_wconf 86' lang='lat' dir='ltr'><strong>Et</strong></span> <span class='ocrx_word' id='word_1_821' title='bbox 711 2795 818 2824; x_wconf 84' lang='lat' dir='ltr'><strong>tradidit</strong></span> <span class='ocrx_word' id='word_1_822' title='bbox 830 2803 892 2823; x_wconf 88' lang='lat' dir='ltr'><strong>eum</strong></span> <span class='ocrx_word' id='word_1_823' title='bbox 907 2795 993 2830; x_wconf 87' lang='lat' dir='ltr'><strong>patri,</strong></span> 
     </span>
    </p>
   </div>
   <div class='ocr_carea' id='block_1_106' title="bbox 244 2851 637 2884">
    <p class='ocr_par' dir='ltr' id='par_1_106' title="bbox 244 2851 637 2884">
     <span class='ocr_line' id='line_1_106' title="bbox 244 2851 637 2884; baseline 0.005 -4"><span class='ocrx_word' id='word_1_824' title='bbox 244 2851 253 2868; x_wconf 81' lang='grc'>⁸</span> <span class='ocrx_word' id='word_1_825' title='bbox 268 2852 420 2882; x_wconf 77' lang='lat' dir='ltr'><strong>Heraclides</strong></span> <span class='ocrx_word' id='word_1_826' title='bbox 431 2857 488 2882; x_wconf 81' lang='lat' dir='ltr'><strong>lucc</strong></span> <span class='ocrx_word' id='word_1_827' title='bbox 498 2855 532 2882; x_wconf 87' lang='lat' dir='ltr'><strong>de</strong></span> <span class='ocrx_word' id='word_1_828' title='bbox 543 2854 637 2884; x_wconf 82' lang='lat' dir='ltr'><strong>Marco.</strong></span> 
     </span>
    </p>
   </div>
   <div class='ocr_carea' id='block_1_107' title="bbox 1048 2303 1835 2338">
    <p class='ocr_par' dir='ltr' id='par_1_107' title="bbox 1048 2303 1835 2338">
     <span class='ocr_line' id='line_1_107' title="bbox 1048 2303 1835 2338; baseline -0.001 -7"><span class='ocrx_word' id='word_1_829' title='bbox 1048 2303 1126 2331; x_wconf 91' lang='lat' dir='ltr'><strong>batur</strong></span> <span class='ocrx_word' id='word_1_830' title='bbox 1137 2309 1232 2329; x_wconf 91' lang='lat' dir='ltr'><strong>munus</strong></span> <span class='ocrx_word' id='word_1_831' title='bbox 1243 2303 1353 2338; x_wconf 60' lang='lat' dir='ltr'><strong>hyaenae.</strong></span> <span class='ocrx_word' id='word_1_832' title='bbox 1365 2303 1433 2336; x_wconf 85' lang='lat' dir='ltr'><strong>Quid</strong></span> <span class='ocrx_word' id='word_1_833' title='bbox 1445 2310 1509 2331; x_wconf 86' lang='lat' dir='ltr'><strong>vero</strong></span> <span class='ocrx_word' id='word_1_834' title='bbox 1520 2304 1616 2331; x_wconf 91' lang='lat' dir='ltr'><strong>mirum</strong></span> <span class='ocrx_word' id='word_1_835' title='bbox 1629 2308 1670 2331; x_wconf 86' lang='lat' dir='ltr'><strong>est</strong></span> <span class='ocrx_word' id='word_1_836' title='bbox 1683 2303 1752 2338; x_wconf 89' lang='lat' dir='ltr'><strong>apud</strong></span> <span class='ocrx_word' id='word_1_837' title='bbox 1763 2305 1835 2330; x_wconf 83' lang='lat' dir='ltr'><strong>viros</strong></span> 
     </span>
    </p>
   </div>
   <div class='ocr_carea' id='block_1_108' title="bbox 1047 2347 1834 2382">
    <p class='ocr_par' dir='ltr' id='par_1_108' title="bbox 1047 2347 1834 2382">
     <span class='ocr_line' id='line_1_108' title="bbox 1047 2347 1834 2382; baseline -0.003 -6"><span class='ocrx_word' id='word_1_838' title='bbox 1047 2349 1147 2376; x_wconf 91' lang='lat' dir='ltr'><strong>mundo</strong></span> <span class='ocrx_word' id='word_1_839' title='bbox 1162 2347 1313 2380; x_wconf 83' lang='lat' dir='ltr'><strong>cruciﬁxos,</strong></span> <span class='ocrx_word' id='word_1_840' title='bbox 1329 2348 1351 2374; x_wconf 85' lang='lat' dir='ltr'><strong>si</strong></span> <span class='ocrx_word' id='word_1_841' title='bbox 1368 2347 1461 2382; x_wconf 74' lang='lat' dir='ltr'><strong>hyacna</strong></span> <span class='ocrx_word' id='word_1_842' title='bbox 1477 2348 1607 2376; x_wconf 83' lang='lat' dir='ltr'><strong>beneﬁcio</strong></span> <span class='ocrx_word' id='word_1_843' title='bbox 1621 2348 1726 2378; x_wconf 80' lang='lat' dir='ltr'><strong>aﬂ&#39;ecta.</strong></span> <span class='ocrx_word' id='word_1_844' title='bbox 1740 2349 1773 2375; x_wconf 86' lang='lat' dir='ltr'><strong>ad</strong></span> <span class='ocrx_word' id='word_1_845' title='bbox 1788 2348 1834 2374; x_wconf 85' lang='lat' dir='ltr'><strong>Dei</strong></span> 
     </span>
    </p>
   </div>
   <div class='ocr_carea' id='block_1_109' title="bbox 1047 2392 1835 2427">
    <p class='ocr_par' dir='ltr' id='par_1_109' title="bbox 1047 2392 1835 2427">
     <span class='ocr_line' id='line_1_109' title="bbox 1047 2392 1835 2427; baseline 0 -8"><span class='ocrx_word' id='word_1_846' title='bbox 1047 2392 1169 2427; x_wconf 79' lang='lat' dir='ltr'><strong>gloriam.</strong></span> <span class='ocrx_word' id='word_1_847' title='bbox 1189 2396 1216 2420; x_wconf 86' lang='lat' dir='ltr'><strong>et</strong></span> <span class='ocrx_word' id='word_1_848' title='bbox 1236 2392 1366 2419; x_wconf 89' lang='lat' dir='ltr'><strong>honorem</strong></span> <span class='ocrx_word' id='word_1_849' title='bbox 1385 2399 1522 2420; x_wconf 87' lang='lat' dir='ltr'><strong>servorum</strong></span> <span class='ocrx_word' id='word_1_850' title='bbox 1542 2393 1611 2427; x_wconf 85' lang='lat' dir='ltr'><strong>ejus,</strong></span> <span class='ocrx_word' id='word_1_851' title='bbox 1626 2392 1652 2419; x_wconf 83' lang='lat' dir='ltr'><strong>id</strong></span> <span class='ocrx_word' id='word_1_852' title='bbox 1671 2393 1788 2420; x_wconf 89' lang='lat' dir='ltr'><strong>sentiens</strong></span> <span class='ocrx_word' id='word_1_853' title='bbox 1801 2392 1835 2420; x_wconf 83' lang='lat' dir='ltr'><strong>ad</strong></span> 
     </span>
    </p>
   </div>
   <div class='ocr_carea' id='block_1_110' title="bbox 1048 2437 1836 2472">
    <p class='ocr_par' dir='ltr' id='par_1_110' title="bbox 1048 2437 1836 2472">
     <span class='ocr_line' id='line_1_110' title="bbox 1048 2437 1836 2472; baseline 0.003 -9"><span class='ocrx_word' id='word_1_854' title='bbox 1048 2444 1108 2464; x_wconf 90' lang='lat' dir='ltr'><strong>eum</strong></span> <span class='ocrx_word' id='word_1_855' title='bbox 1119 2443 1229 2464; x_wconf 88' lang='lat' dir='ltr'><strong>munera</strong></span> <span class='ocrx_word' id='word_1_856' title='bbox 1242 2437 1380 2464; x_wconf 69' lang='lat' dir='ltr'><strong>attulerit?</strong></span> <span class='ocrx_word' id='word_1_857' title='bbox 1397 2444 1458 2464; x_wconf 87' lang='lat' dir='ltr'><strong>nam</strong></span> <span class='ocrx_word' id='word_1_858' title='bbox 1473 2438 1518 2472; x_wconf 89' lang='lat' dir='ltr'><strong>qui</strong></span> <span class='ocrx_word' id='word_1_859' title='bbox 1544 2438 1570 2466; x_wconf 91' lang='lat' dir='ltr'><strong>in</strong></span> <span class='ocrx_word' id='word_1_860' title='bbox 1586 2438 1694 2465; x_wconf 87' lang='lat' dir='ltr'><strong>Daniele</strong></span> <span class='ocrx_word' id='word_1_861' title='bbox 1706 2438 1836 2472; x_wconf 85' lang='lat' dir='ltr'><strong>propheta</strong></span> 
     </span>
    </p>
   </div>
   <div class='ocr_carea' id='block_1_111' title="bbox 1048 2480 1835 2517">
    <p class='ocr_par' dir='ltr' id='par_1_111' title="bbox 1048 2480 1835 2517">
     <span class='ocr_line' id='line_1_111' title="bbox 1048 2480 1835 2517; baseline 0.003 -9"><span class='ocrx_word' id='word_1_862' title='bbox 1048 2480 1224 2508; x_wconf 78' lang='lat' dir='ltr'><strong>mansuefecit</strong></span> <span class='ocrx_word' id='word_1_863' title='bbox 1239 2481 1342 2514; x_wconf 87' lang='lat' dir='ltr'><strong>leones,</strong></span> <span class='ocrx_word' id='word_1_864' title='bbox 1358 2482 1419 2509; x_wconf 87' lang='lat' dir='ltr'><strong>huic</strong></span> <span class='ocrx_word' id='word_1_865' title='bbox 1431 2489 1537 2517; x_wconf 86' lang='lat' dir='ltr'><strong>quoque</strong></span> <span class='ocrx_word' id='word_1_866' title='bbox 1551 2482 1653 2517; x_wconf 62' lang='lat' dir='ltr'><strong>hyaenae</strong></span> <span class='ocrx_word' id='word_1_867' title='bbox 1667 2481 1778 2517; x_wconf 81' lang='lat' dir='ltr'><strong>largitus</strong></span> <span class='ocrx_word' id='word_1_868' title='bbox 1794 2487 1835 2510; x_wconf 87' lang='lat' dir='ltr'><strong>est</strong></span> 
     </span>
    </p>
   </div>
   <div class='ocr_carea' id='block_1_112' title="bbox 1048 2528 1257 2562">
    <p class='ocr_par' dir='ltr' id='par_1_112' title="bbox 1048 2528 1257 2562">
     <span class='ocr_line' id='line_1_112' title="bbox 1048 2528 1257 2562; baseline -0.005 -7"><span class='ocrx_word' id='word_1_869' title='bbox 1048 2528 1257 2562; x_wconf 79' lang='lat' dir='ltr'><strong>intelligentiam.</strong></span> 
     </span>
    </p>
   </div>
   <div class='ocr_carea' id='block_1_113' title="bbox 1085 2574 1836 2611">
    <p class='ocr_par' dir='ltr' id='par_1_113' title="bbox 1085 2574 1836 2611">
     <span class='ocr_line' id='line_1_113' title="bbox 1085 2574 1836 2611; baseline 0.001 -9"><span class='ocrx_word' id='word_1_870' title='bbox 1085 2575 1123 2603; x_wconf 88' lang='lat' dir='ltr'><strong>De</strong></span> <span class='ocrx_word' id='word_1_871' title='bbox 1137 2583 1169 2602; x_wconf 90' lang='lat' dir='ltr'><strong>eo</strong></span> <span class='ocrx_word' id='word_1_872' title='bbox 1184 2579 1272 2603; x_wconf 92' lang='lat' dir='ltr'><strong>autem</strong></span> <span class='ocrx_word' id='word_1_873' title='bbox 1294 2575 1393 2602; x_wconf 88' lang='lat' dir='ltr'><strong>dictum</strong></span> <span class='ocrx_word' id='word_1_874' title='bbox 1409 2574 1529 2609; x_wconf 88' lang='lat' dir='ltr'><strong>estquod</strong></span> <span class='ocrx_word' id='word_1_875' title='bbox 1543 2582 1576 2602; x_wconf 84' lang='lat' dir='ltr'><strong>ex</strong></span> <span class='ocrx_word' id='word_1_876' title='bbox 1589 2582 1642 2610; x_wconf 86' lang='lat' dir='ltr'><strong>quo</strong></span> <span class='ocrx_word' id='word_1_877' title='bbox 1659 2576 1707 2603; x_wconf 78' lang='lat' dir='ltr'><strong>fuit</strong></span> <span class='ocrx_word' id='word_1_878' title='bbox 1718 2576 1836 2611; x_wconf 76' lang='lat' dir='ltr'><strong>baptiu~</strong></span> 
     </span>
    </p>
   </div>
   <div class='ocr_carea' id='block_1_114' title="bbox 1047 2620 1836 2657">
    <p class='ocr_par' dir='ltr' id='par_1_114' title="bbox 1047 2620 1836 2657">
     <span class='ocr_line' id='line_1_114' title="bbox 1047 2620 1836 2657; baseline 0 -9"><span class='ocrx_word' id='word_1_879' title='bbox 1047 2625 1100 2652; x_wconf 89' lang='lat' dir='ltr'><strong>tus,</strong></span> <span class='ocrx_word' id='word_1_880' title='bbox 1113 2620 1186 2648; x_wconf 89' lang='lat' dir='ltr'><strong>humi</strong></span> <span class='ocrx_word' id='word_1_881' title='bbox 1201 2627 1253 2648; x_wconf 92' lang='lat' dir='ltr'><strong>non</strong></span> <span class='ocrx_word' id='word_1_882' title='bbox 1267 2620 1379 2654; x_wconf 86' lang='lat' dir='ltr'><strong>spuerit,</strong></span> <span class='ocrx_word' id='word_1_883' title='bbox 1395 2627 1456 2646; x_wconf 90' lang='lat' dir='ltr'><strong>cum</strong></span> <span class='ocrx_word' id='word_1_884' title='bbox 1471 2624 1560 2647; x_wconf 86' lang='lat' dir='ltr'><strong>essent</strong></span> <span class='ocrx_word' id='word_1_885' title='bbox 1573 2621 1708 2657; x_wconf 82' lang='lat' dir='ltr'><strong>sexaginta</strong></span> <span class='ocrx_word' id='word_1_886' title='bbox 1724 2621 1787 2649; x_wconf 81' lang='lat' dir='ltr'><strong>anni</strong></span> <span class='ocrx_word' id='word_1_887' title='bbox 1802 2628 1836 2649; x_wconf 81' lang='lat' dir='ltr'><strong>ex</strong></span> 
     </span>
    </p>
   </div>
   <div class='ocr_carea' id='block_1_115' title="bbox 1047 2654 1843 2702">
    <p class='ocr_par' dir='ltr' id='par_1_115' title="bbox 1047 2654 1843 2702">
     <span class='ocr_line' id='line_1_115' title="bbox 1047 2654 1843 2702; baseline 0.003 -10"><span class='ocrx_word' id='word_1_888' title='bbox 1047 2674 1099 2702; x_wconf 86' lang='lat' dir='ltr'><strong>quo</strong></span> <span class='ocrx_word' id='word_1_889' title='bbox 1113 2666 1198 2694; x_wconf 81' lang='lat' dir='ltr'><strong>fuerat</strong></span> <span class='ocrx_word' id='word_1_890' title='bbox 1211 2665 1370 2701; x_wconf 72' lang='lat' dir='ltr'><strong>baptitatus.</strong></span> <span class='ocrx_word' id='word_1_891' title='bbox 1387 2665 1478 2692; x_wconf 81' lang='lat' dir='ltr'><strong>Annos</strong></span> <span class='ocrx_word' id='word_1_892' title='bbox 1489 2665 1560 2693; x_wconf 88' lang='lat' dir='ltr'><strong>enim</strong></span> <span class='ocrx_word' id='word_1_893' title='bbox 1573 2654 1651 2694; x_wconf 69' lang='lat' dir='ltr'><strong>natus</strong></span> <span class='ocrx_word' id='word_1_894' title='bbox 1660 2654 1843 2702; x_wconf 52' lang='lat' dir='ltr'><strong>quadraginta,</strong></span> 
     </span>
    </p>
   </div>
   <div class='ocr_carea' id='block_1_116' title="bbox 1047 2711 1389 2746">
    <p class='ocr_par' dir='ltr' id='par_1_116' title="bbox 1047 2711 1389 2746">
     <span class='ocr_line' id='line_1_116' title="bbox 1047 2711 1389 2746; baseline -0.003 -8"><span class='ocrx_word' id='word_1_895' title='bbox 1047 2711 1207 2746; x_wconf 86' lang='lat' dir='ltr'><strong>baptismum</strong></span> <span class='ocrx_word' id='word_1_896' title='bbox 1226 2715 1389 2745; x_wconf 87' lang='lat' dir='ltr'><strong>susceperat.</strong></span> 
     </span>
    </p>
   </div>
   <div class='ocr_carea' id='block_1_117' title="bbox 1081 2755 1832 2791">
    <p class='ocr_par' dir='ltr' id='par_1_117' title="bbox 1081 2755 1832 2791">
     <span class='ocr_line' id='line_1_117' title="bbox 1081 2755 1832 2791; baseline 0.004 -9"><span class='ocrx_word' id='word_1_897' title='bbox 1081 2755 1179 2782; x_wconf 77' lang='lat' dir='ltr'><strong>Forma</strong></span> <span class='ocrx_word' id='word_1_898' title='bbox 1199 2758 1287 2782; x_wconf 86' lang='lat' dir='ltr'><strong>autem</strong></span> <span class='ocrx_word' id='word_1_899' title='bbox 1311 2756 1370 2789; x_wconf 82' lang='lat' dir='ltr'><strong>ejus</strong></span> <span class='ocrx_word' id='word_1_900' title='bbox 1383 2760 1440 2782; x_wconf 87' lang='lat' dir='ltr'><strong>erat</strong></span> <span class='ocrx_word' id='word_1_901' title='bbox 1458 2755 1608 2791; x_wconf 83' lang='lat' dir='ltr'><strong>bujusmodi</strong></span> <span class='ocrx_word' id='word_1_902' title='bbox 1622 2765 1628 2782; x_wconf 87' lang='lat'><strong>:</strong></span> <span class='ocrx_word' id='word_1_903' title='bbox 1644 2761 1749 2791; x_wconf 78' lang='lat' dir='ltr'><strong>oportet</strong></span> <span class='ocrx_word' id='word_1_904' title='bbox 1761 2757 1832 2786; x_wconf 82' lang='lat' dir='ltr'><strong>enim</strong></span> 
     </span>
    </p>
   </div>
   <div class='ocr_carea' id='block_1_118' title="bbox 1048 2799 1834 2838">
    <p class='ocr_par' dir='ltr' id='par_1_118' title="bbox 1048 2799 1834 2838">
     <span class='ocr_line' id='line_1_118' title="bbox 1048 2799 1834 2838; baseline 0.005 -12"><span class='ocrx_word' id='word_1_905' title='bbox 1048 2807 1090 2827; x_wconf 88' lang='lat' dir='ltr'><strong>me</strong></span> <span class='ocrx_word' id='word_1_906' title='bbox 1104 2806 1207 2834; x_wconf 79' lang='lat' dir='ltr'><strong>quoque</strong></span> <span class='ocrx_word' id='word_1_907' title='bbox 1222 2799 1267 2827; x_wconf 90' lang='lat' dir='ltr'><strong>tibi</strong></span> <span class='ocrx_word' id='word_1_908' title='bbox 1283 2799 1334 2828; x_wconf 90' lang='lat' dir='ltr'><strong>ltoc</strong></span> <span class='ocrx_word' id='word_1_909' title='bbox 1353 2799 1514 2834; x_wconf 78' lang='lat' dir='ltr'><strong>signiﬁcare.</strong></span> <span class='ocrx_word' id='word_1_910' title='bbox 1528 2800 1627 2829; x_wconf 75' lang='lat' dir='ltr'><strong>Christi</strong></span> <span class='ocrx_word' id='word_1_911' title='bbox 1643 2809 1731 2836; x_wconf 76' lang='lat' dir='ltr'><strong>serve,</strong></span> <span class='ocrx_word' id='word_1_912' title='bbox 1747 2806 1776 2830; x_wconf 90' lang='lat' dir='ltr'><strong>ut</strong></span> <span class='ocrx_word' id='word_1_913' title='bbox 1789 2804 1834 2838; x_wconf 82' lang='lat' dir='ltr'><strong>qui</strong></span> 
     </span>
    </p>
   </div>
  </div>
