2079 3157
259 167 268 193 i
275 168 282 191 t
288 167 326 194 v63

992 155 1151 188 PALLAD“

1403 134 1410 148 ιι
1438 137 1486 145 ηλ-
1545 129 1572 142 ⁴³¹¹

1816 152 1888 182 1064

268 228 318 254 hoc
331 226 412 254 sciam
427 225 536 258 optime,
549 230 609 250 cum
627 230 687 250 mea
702 222 815 257 parvitas
833 218 856 250 ei
877 222 955 250 fuerit
975 227 1042 249 tetn-
1057 223 1081 251 Λ
1094 227 1137 251 sto
1180 225 1207 249 ct
1245 221 1366 248 vindicta:
1389 219 1484 254 cupido
1500 212 1590 256 animi;
1608 217 1666 248 erat
1682 221 1708 248 in
1728 224 1874 255 pastorem,

265 278 330 304 pore
342 270 460 303 aequalis.
480 269 540 295 Erat
553 273 640 295 autem
651 267 708 301 ejus
719 266 804 294 forma
818 268 881 295 satis
896 269 997 295 minuta
1012 275 1042 295 ac

266 314 356 342 mutila
372 319 398 340 et
419 321 488 344 rara,
502 313 567 345 pilos
587 313 672 339 solum
693 312 792 339 habens
806 313 832 339 in
852 313 935 340 labro.
960 313 1042 346 Quin-

267 360 346 386 etiam
368 359 392 385 in
413 364 535 391 suprema
555 362 629 391 parte
648 357 761 385 habebat
776 364 883 392 paucos.
903 358 968 385 Nam
985 366 1044 389 pro-

266 409 327 438 pter
346 404 464 436 ingentes
480 402 583 429 labores
606 401 811 435 exercitationis,
827 409 861 429 ne
875 402 921 436 pili
936 402 1044 437 quidem

268 448 350 475 menti
364 447 453 474 barba:
467 447 490 473 ei
506 445 575 472 enati
589 449 659 472 sunt.

304 493 343 520 Ad
358 493 425 519 hunc
445 497 562 518 sanctum
579 491 719 518 Macarium
738 497 797 518 cum
817 491 929 525 quodam
948 491 992 519 die
1003 499 1046 518 ve-

267 539 378 570 nissem,
395 544 421 564 et
434 545 519 564 essem
532 537 619 564 animo
629 537 705 564 valde
715 537 819 570 anxius,
830 537 890 565 dico
901 538 937 564 illi
953 547 959 564 :
973 536 1046 564 Abba

269 582 380 614 Macari,
395 582 456 615 quid
471 582 576 613 faciam,
590 581 710 615 quoniam
726 588 767 608 me
780 581 899 616 afﬂigunt
910 582 1048 616 cogitatio-

274 633 333 657 nes,
355 626 419 652 mihi
445 626 584 652 dicentes:
605 624 674 652 Nihil
698 625 771 657 facis,
787 625 881 653 recede
902 625 972 653 hinc.
995 626 1047 653 lie-

268 672 380 706 spondct
394 671 456 698 mihi
473 671 564 698 dicens
577 675 684 698 sanctus
699 670 776 697 Pater
791 670 920 698 Macarius
936 679 944 698 :
958 671 1006 698 Dic
1020 675 1048 698 tu

269 718 320 744 tuis
343 717 547 752 cogitationibus
562 724 568 743 :
585 716 696 750 Pr0pter
708 715 842 743 Christum
862 716 983 744 custodio
1002 723 1049 750 pa-

269 763 360 789 rietes.

306 808 376 839 llaac,
398 814 415 833 ο
429 806 545 833 studiose
562 810 589 833 et
612 805 792 833 amantissime
804 805 899 833 Citriin
915 813 1001 838 serve,
1017 813 1050 833 ex

270 852 360 879 multis
385 857 412 879 et
431 852 532 883 magnis
557 851 638 885 signis
656 855 683 877 et
700 850 890 878 certaminibus
914 850 1004 885 inclyti
1023 855 1050 878 et

270 895 366 922 virtute
380 896 480 929 praediti
492 895 596 922 Macarii
611 894 768 929 signiﬁcavi.

307 941 356 967 llic
371 939 498 967 Macarius
513 940 590 967 nobis
605 939 721 966 narravit
734 939 801 974 (erat
816 939 885 967 enim
901 939 1048 976 presbyter)

271 994 301 1015 se
314 987 471 1014 observasse
493 992 611 1022 tempore
634 987 827 1014 communionis
842 986 938 1014 Christi
963 993 1051 1012 sacra-

271 1037 435 1064 mentorum,
450 1040 479 1059 sc
495 1033 583 1060 Marco
606 1033 772 1060 exercitatori
796 1039 927 1067 nunquam
942 1031 1051 1059 dedisse

272 1077 444 1109 oblationem,
458 1077 506 1104 sed
526 1077 550 1105 ei
565 1077 686 1112 angelum
708 1077 813 1105 dedisse
835 1085 867 1104 ex
888 1084 950 1109 ara;
966 1077 1050 1104 solum

273 1127 361 1150 autem
382 1129 410 1150 se
425 1123 521 1150 vidisse
534 1122 643 1157 digitum
658 1130 751 1150 manus
763 1122 820 1157 ejus
833 1122 879 1157 qui
891 1121 979 1149 dabat.

566 1176 677 1205 CAPUT
696 1177 765 1204 XXI.

490 1233 549 1262 Vita
567 1234 663 1262 abbatis
677 1234 760 1261 Marci
772 1233 838 1270 (53).

307 1290 372 1318 Cum
394 1296 465 1318 esset
480 1294 567 1318 autem
583 1290 626 1317 hic
639 1290 740 1317 Marcus
760 1289 859 1324 junior,
875 1289 982 1316 dicebat
997 1296 1053 1316 me-

273 1335 382 1362 moriter
395 1335 474 1362 Vetus
488 1339 514 1362 et
526 1334 627 1362 Novum
642 1334 851 1367 Testamentum,
866 1340 974 1368 eratque
988 1333 1053 1361 insi-

273 1381 359 1413 gniter
371 1380 453 1412 mitis,
468 1384 496 1407 et
512 1387 615 1407 summe
627 1385 784 1414 temperans.
800 1380 918 1414 Quodam
932 1388 996 1414 ergo
1011 1380 1054 1407 die

272 1431 332 1451 cum
346 1425 409 1451 satis
421 1425 466 1451 otii
483 1424 607 1452 haberem
623 1426 648 1451 in
664 1425 730 1452 cella
745 1432 814 1458 mea,
829 1425 856 1452 in
871 1429 988 1452 extrema
1000 1425 1053 1459 jam

273 1467 331 1504 ejus
353 1473 489 1496 senectute
510 1469 544 1496 ad
567 1477 627 1496 cum
651 1470 739 1503 venio,
763 1473 790 1496 et
812 1470 880 1496 ostio
904 1470 961 1503 ejus
981 1469 1055 1496 cellas

274 1514 389 1543 assidco.
411 1514 494 1547 Quem
508 1521 568 1548 ego,
591 1517 682 1548 utpote
705 1514 750 1548 qui
766 1521 851 1541 essem
872 1514 958 1540 adhuc
972 1514 1054 1547 rudis,

274 1557 455 1585 existimabam
471 1565 529 1586 esse
543 1565 621 1592 supra
635 1558 779 1590 hominem,
794 1559 862 1585 sicut
883 1563 954 1591 erat;
970 1563 996 1586 et
1008 1566 1054 1585 au-

274 1603 419 1631 scultabam
434 1603 558 1638 quidnam
574 1604 674 1630 diceret
687 1603 727 1630 vel
740 1601 849 1630 faceret.
873 1603 897 1629 is
911 1608 999 1630 autem
1015 1604 1055 1630 in-

274 1653 316 1675 tus
338 1649 420 1681 solus,
443 1656 502 1676 cum
524 1649 578 1684 jam
602 1653 707 1676 centum
727 1655 810 1676 annos
835 1649 1014 1684 lransegisset,
1030 1655 1057 1678 et

275 1693 368 1722 dentes
391 1695 534 1728 amisisset,
550 1702 639 1722 secum
660 1695 793 1730 pugnabat
817 1699 844 1722 et
867 1702 925 1722 cum
940 1696 1055 1729 diabolo,

276 1746 301 1766 et
313 1740 417 1767 dicebat
430 1749 436 1766 :
449 1740 516 1773 Quid
531 1741 573 1767 vis
587 1741 721 1774 deinceps,
737 1741 869 1778 κακόγηρε,
887 1741 911 1768 id
925 1745 976 1773 est,
989 1742 1058 1769 male

274 1794 353 1813 senex
362 1786 450 1813 TEcce
464 1787 517 1820 jam
532 1791 558 1813 et
572 1787 664 1814 vinum
678 1786 778 1819 bibisti,
797 1793 823 1814 et
838 1787 923 1814 oleum
939 1787 1057 1821 tetigisti.

274 1832 341 1864 Quid
355 1831 393 1858 vis
404 1831 529 1866 deinceps
541 1833 684 1869 πολιόφανε,
700 1833 726 1860 id
742 1837 792 1866 est,
807 1841 887 1860 vorax
912 1834 937 1860 in
951 1834 1056 1867 canitie,

274 1882 301 1904 et
315 1877 473 1910 κοιλιὸδονλε,
491 1878 514 1904 id
530 1881 581 1910 est,
596 1878 682 1904 ventri
698 1878 825 1911 serviens,
842 1879 938 1912 probro
954 1883 980 1906 et
994 1886 1058 1906 con-

275 1923 381 1950 tumelia
394 1928 418 1950 te
431 1924 516 1957 ipsum
527 1923 662 1951 afﬁciens?
675 1923 707 1951 Et
718 1923 824 1951 diabolo
835 1925 940 1952 dicens:
954 1925 1059 1952 Recede

274 1975 289 1995 a
306 1975 359 2001 me,
372 1968 486 2002 diabolo,
498 1969 660 1996 consenuisti
675 1976 779 1996 mecum
794 1969 821 1996 in
835 1969 1057 2004 dissensionibus,

275 2013 391 2049 injecisti
406 2014 469 2041 mihi
484 2014 690 2042 imbecillitatem
708 2014 838 2049 corporis,
859 2014 943 2042 fecisti
960 2022 1001 2042 me
1016 2015 1059 2042 bi-

275 2056 340 2086 bere
355 2060 442 2086 vinum
453 2080 461 2091 ,
477 2064 504 2086 et
522 2067 627 2087 sumere
647 2059 744 2094 oleum,
758 2066 801 2087 me
814 2059 928 2087 reddens
942 2059 1060 2094 volupta-

274 2104 354 2131 rium.
376 2105 505 2131 Adhucne
524 2105 569 2132 tibi
592 2105 689 2140 aliquid
708 2104 810 2132 debeo?
834 2105 910 2139 Apud
929 2112 972 2132 me
995 2104 1060 2131 nihil

277 2149 380 2176 invenis
399 2149 469 2184 quod
485 2149 550 2177 velis
570 2150 693 2184 diripere.
718 2149 822 2177 Recede
836 2157 851 2176 a
869 2157 910 2176 me
924 2148 1060 2183 deinceps.

276 2195 383 2223 inimice
397 2195 544 2223 hominum.
556 2196 594 2223 Ac
607 2196 685 2223 veluti
701 2203 730 2222 se
741 2202 888 2230 provocans
902 2199 929 2222 et
943 2195 1059 2228 irritans,

278 2248 367 2288 secum
389 2240 556 2275 loquebatur,
578 2241 710 2288 dicendo:
725 2240 870 2288 hbesdum,
895 2248 912 2266 ο
935 2245 1058 2288 nugator,
1072 2251 1099 2281 Β
1111 2260 1127 2280 ο
1142 2253 1239 2286 frater;
1261 2258 1322 2280 sum
1335 2240 1475 2288 princ'ipia,

277 2285 305 2313 in
325 2286 421 2313 canitie
437 2291 554 2321 vorator,
571 2291 597 2315 et
618 2286 705 2314 helluo
726 2286 754 2313 in
768 2289 913 2313 Senectute.
939 2285 1060 2319 Quandiu

278 2339 325 2359 ero
339 2333 443 2360 tecum?

562 2365 673 2394 CAPUT
694 2366 775 2394 XXII.

328 2423 386 2451 Vita
401 2424 497 2451 abbatis
508 2422 606 2458 Moysi:
623 2422 691 2459 (54),
705 2423 750 2458 qui
762 2422 810 2458 fuit
825 2430 857 2449 ex
867 2421 1019 2448 latronibus.

315 2479 377 2506 Fuit
390 2479 497 2515 quidam
512 2479 616 2514 Moyses
631 2478 748 2509 nomine,
759 2476 882 2511 Ethiops
896 2483 1004 2511 genere,
1018 2475 1067 2503 niv

280 2532 337 2560 ger,
344 2531 436 2552 servus
444 2523 581 2558 cujusdam
594 2523 637 2558 qui
651 2523 760 2557 gerebat
767 2521 954 2556 rempublicam
964 2529 971 2553 ;
984 2528 1062 2556 quem

282 2575 389 2605 propter
411 2576 515 2596 morum
539 2569 734 2603 improbitatem
756 2572 783 2595 et
806 2566 939 2594 latrocinii
961 2567 1063 2593 crimen

284 2614 397 2650 proiecit
410 2614 468 2649 ejus
492 2614 623 2641 dominus.
649 2613 790 2640 Dicebatur
803 2613 874 2640 enim
887 2611 967 2639 etiam
982 2618 1065 2645 usque

285 2660 318 2688 ad
341 2660 428 2687 caedes
454 2659 593 2694 progredi;
618 2666 700 2693 cogor
722 2658 792 2685 enim
806 2657 896 2684 dicere.
917 2655 985 2683 facta
1007 2656 1065 2690 ejus

285 2706 471 2740 improbitatis,
487 2711 514 2732 ut
529 2711 618 2739 postea
639 2705 776 2732 ostendam
792 2705 916 2731 virtutem
934 2703 990 2737 ejus
1010 2710 1065 2736 pte-

285 2752 412 2780 nitentiat.
434 2752 579 2779 Narraruut
600 2758 663 2786 ergo
684 2750 765 2785 aliqui
788 2757 847 2777 eum
871 2749 951 2777 fuisse
973 2749 1069 2784 prafe-

286 2801 356 2822 ctum
378 2804 480 2830 magme
498 2802 610 2824 catervae
629 2797 770 2822 latronum.
790 2795 870 2828 Cujus
890 2795 958 2821 inter
973 2799 1069 2821 caetera

284 2839 455 2868 latrocinandi
471 2849 549 2875 opera
572 2841 622 2869 hoc
646 2848 750 2875 quoque
773 2840 865 2870 fertur.
890 2840 959 2874 quod
999 2837 1068 2865 infe-

1096 268 1141 302 qui
1155 268 1188 294 ad
1202 274 1256 294 rem
1270 266 1384 301 aliquam
1399 265 1552 300 patrandam
1566 265 1639 292 eunti
1653 265 1702 292 sibi
1717 266 1801 294 fuerat
1814 274 1876 294 eum

1093 312 1202 340 canibus
1217 311 1272 338 suis
1288 311 1487 345 impedimento.
1512 310 1596 342 Quem
1617 318 1678 338 cum
1699 311 1779 338 vellet
1801 311 1876 339 occi-

1094 357 1168 388 dere,
1184 357 1274 384 ohibat
1294 357 1380 383 locum
1401 356 1427 383 in
1440 363 1492 390 quo
1510 357 1568 389 ejus
1582 362 1647 382 oves
1667 355 1800 383 habebant
1822 361 1878 383 sta-

1095 402 1204 434 tionem.
1225 401 1251 428 ei
1270 404 1358 427 autem
1380 400 1556 435 signiﬁcatum
1568 403 1610 427 est
1629 400 1715 434 ipsum
1732 407 1791 428 esse
1806 405 1877 428 trans

1095 445 1193 472 Nilum.
1209 445 1242 472 Et
1259 451 1322 472 cum
1333 444 1487 472 ﬁuvius'ilio
1507 449 1626 478 tempore
1640 445 1791 479 inundaret,
1806 450 1833 473 et
1845 446 1878 473 ad

1096 489 1168 517 mille
1183 497 1275 524 passus
1290 494 1391 524 pateret
1403 489 1550 520 latitudine,
1566 497 1656 517 ensem
1673 495 1765 518 tenens
1778 492 1878 518 mordi-

1096 543 1155 570 cus,
1166 540 1193 563 et
1208 537 1322 564 tunicam
1337 544 1388 571 qua
1405 541 1462 563 erat
1483 536 1589 563 indutus
1612 536 1750 571 imponens
1768 544 1816 564 suo
1831 544 1876 563 ca-

1097 580 1156 615 piti,
1174 580 1288 608 natando
1317 581 1356 609 sic
1382 582 1527 608 transmisit
1549 581 1668 608 ﬂuvium.
1703 582 1769 609 Dum
1790 587 1878 609 autem

1098 629 1286 658 transnataret,
1295 627 1378 660 potuit
1392 631 1480 659 pastor
1491 634 1520 653 se
1530 626 1692 654 abscondere
1700 627 1796 654 alicubi
1807 627 1878 654 info-

1098 669 1183 697 diens.
1195 670 1261 696 Cum
1272 677 1335 705 ergo
1348 670 1431 705 Moysi
1446 674 1561 704 cteptum
1574 677 1627 697 non
1635 671 1817 704 successisset,
1833 679 1881 700 oc-

1099 714 1161 741 cisis
1183 718 1295 749 quatuor
1315 714 1425 749 egregiis
1450 716 1586 748 arietibus,
1609 721 1636 743 et
1661 716 1723 743 fune
1740 717 1879 752 colligatis,

1099 760 1187 788 Nilum
1205 769 1297 789 rursus
1312 762 1445 794 tranavit;
1460 767 1487 790 et
1504 771 1564 790 cum
1577 764 1603 790 in
1618 771 1725 798 parvam
1740 763 1880 797 quamdam

1100 805 1190 833 villam
1202 807 1327 840 venisset,
1342 808 1486 835 excoriavit
1498 808 1610 841 arietes;
1623 814 1651 836 et
1661 815 1721 836 cum
1734 815 1793 843 qua:
1805 813 1882 836 erant

1100 850 1187 878 carnis
1201 851 1300 885 optima
1321 852 1492 885 comedisset,
1508 857 1536 880 et
1550 853 1634 887 pelles
1653 860 1701 887 pro
1718 853 1779 880 vino
1792 853 1883 880 vendi-

1066 893 1195 929 Bdisset,
1220 903 1279 923 cum
1304 896 1399 924 saltem
1421 897 1572 925 ltalicorum
1604 898 1711 926 circiter
1736 898 1882 925 octodecim

1102 941 1160 977 (55)
1185 942 1321 974 ebibissct,
1345 942 1416 970 illinc
1438 943 1470 969 ad
1494 944 1681 979 quinquaginta
1697 943 1818 971 milliaria
1843 948 1883 971 est

1102 987 1244 1022 proiectus,
1259 987 1302 1014 ubi
1316 987 1427 1014 habebat
1440 988 1590 1023 collegium.

1135 1033 1185 1060 ilic
1205 1034 1325 1067 princeps
1348 1033 1478 1060 latronum
1501 1041 1561 1061 sero
1587 1035 1692 1062 tandem
1713 1042 1776 1062 casu
1796 1035 1883 1069 aliquo

1102 1078 1145 1112 qui
1164 1078 1188 1104 ei
1203 1077 1335 1105 acciderat
1356 1085 1528 1112 compunctus
1543 1099 1550 1111 ,
1562 1079 1669 1106 tradidit
1690 1080 1807 1114 seipsum
1821 1086 1879 1106 mo-

1102 1124 1231 1156 nasterio;
1247 1128 1273 1150 et
1286 1124 1318 1150 ad
1335 1128 1433 1150 tantam
1450 1126 1579 1159 processit
1594 1125 1784 1160 paenitentiam,
1799 1133 1885 1159 quan-

1103 1173 1156 1196 tam
1171 1176 1213 1196 res
1226 1169 1289 1203 ipsae
1302 1169 1462 1197 iudicarunt.
1478 1169 1549 1197 Inter
1563 1174 1659 1198 cetera
1674 1174 1762 1197 autem
1776 1170 1882 1203 dicitur,

1102 1213 1172 1248 quod
1186 1221 1246 1241 cum
1262 1219 1372 1248 quatuor
1385 1214 1498 1242 latrones
1518 1215 1543 1242 in
1555 1223 1616 1243 eum
1629 1215 1655 1243 in
1669 1216 1735 1243 cella
1749 1216 1885 1243 sedentem

1103 1258 1243 1286 irruissent
1258 1279 1265 1291 ,
1302 1259 1454 1292 ignorantes
1480 1267 1539 1287 eum
1559 1268 1617 1288 esse
1636 1261 1753 1296 Moysem
1766 1281 1774 1293 ,
1794 1260 1886 1288 beatus

1104 1303 1208 1338 Moyses
1220 1311 1265 1330 eos
1277 1308 1400 1338 tanquam
1414 1311 1518 1331 saccum
1530 1305 1614 1339 paleae
1623 1306 1757 1339 ligatos,et
1770 1305 1886 1333 humeris

1104 1348 1238 1382 imposuit,
1260 1354 1286 1375 et
1308 1349 1340 1375 ad
1353 1349 1462 1376 fratrum
1477 1351 1590 1383 portavit
1604 1351 1754 1384 ecclesiam,
1769 1350 1877 1377 dicens:

1104 1392 1233 1425 Quoniam
1255 1400 1306 1420 non
1327 1393 1389 1420 licet
1408 1393 1472 1420 mihi
1491 1393 1569 1421 alicui
1586 1395 1674 1421 facere
1694 1395 1828 1428 injuriam,
1841 1395 1884 1422 iu-

1105 1439 1164 1465 veni
1186 1442 1275 1465 autent
1295 1445 1341 1464 eos
1361 1445 1404 1465 me
1429 1445 1582 1473 aggressos,
1603 1439 1666 1473 quid
1686 1439 1720 1466 de
1739 1439 1771 1466 iis
1790 1439 1887 1474 iubetis

1107 1483 1181 1510 ﬁeri?
1197 1482 1253 1510 Hoc
1266 1483 1345 1510 modo
1357 1487 1445 1510 autem
1457 1484 1641 1518 comprehensi
1656 1492 1670 1512 a
1684 1489 1776 1512 sancto
1787 1485 1888 1520 Moyse.

1107 1529 1164 1556 Deo
1185 1529 1300 1556 confessi
1323 1533 1394 1556 sunt.
1423 1529 1529 1556 Etcum
1553 1530 1739 1565 cogn0vissent
1756 1538 1815 1558 eum
1829 1539 1889 1558 esse

1070 1576 1091 1607 ί]
1108 1573 1224 1608 Moysem
1243 1574 1287 1608 qui
1307 1573 1358 1600 fuit
1378 1573 1520 1609 aliquando
1539 1575 1649 1610 insignis
1668 1576 1788 1610 princeps
1808 1576 1890 1603 latro-

1108 1626 1181 1651 num,
1194 1618 1329 1646 Christum
1344 1626 1377 1646 eo
1397 1619 1504 1646 nomine
1528 1620 1717 1655 gloriﬁcantes,
1734 1620 1770 1647 illi
1784 1628 1891 1655 quoque

1108 1665 1206 1690 mundo
1225 1664 1412 1690 renuntiarunt
1436 1669 1542 1698 propter
1566 1665 1624 1700 ejus
1647 1665 1841 1699 paenitentiam,
1866 1670 1891 1693 ct

1109 1713 1250 1736 evaserunt
1272 1710 1395 1736 monachi
1419 1710 1612 1744 probatissimi,
1627 1711 1665 1738 sic
1686 1711 1848 1745 cogitantes:
1864 1712 1892 1740 Si

1109 1755 1152 1782 hic
1167 1756 1210 1788 qui
1235 1760 1335 1782 tantum
1355 1756 1459 1783 valebat
1478 1755 1579 1783 viribus
1601 1756 1737 1784 latrocinia
1759 1757 1834 1792 parvi
1855 1759 1893 1784 fa-

1108 1800 1192 1833 ciens,
1205 1800 1243 1827 sic
1253 1800 1335 1827 Deum
1352 1802 1442 1834 timet;
1461 1801 1522 1836 quid
1536 1808 1586 1829 nos
1607 1801 1693 1829 adhuc
1716 1806 1832 1829 nostram
1846 1810 1891 1830 sa-

1110 1847 1192 1873 lutem
1207 1846 1369 1874 differimus?

1145 1891 1252 1918 Beatum
1268 1898 1355 1919 autem
1372 1892 1488 1927 Moysem
1504 1892 1556 1928 (sic
1571 1892 1641 1920 enim
1655 1896 1760 1927 oportet
1773 1900 1832 1920 eum
1846 1901 1893 1919 vo-

1111 1935 1184 1971 care)
1199 1936 1324 1970 deinceps
1338 1937 1423 1964 adorti
1438 1943 1498 1964 sunt
1513 1937 1658 1970 daemones,
1670 1938 1703 1965 ad
1718 1938 1893 1966 fornicatus-ia:

1109 1981 1323 2015 intemperantiae
1338 1981 1503 2016 impellentes
1523 1990 1583 2010 eum
1599 1983 1833 2015 consuetudinem;
1849 1985 1894 2016 qui

1110 2034 1193 2061 usque
1206 2027 1273 2054 adeo
1287 2027 1320 2055 ab
1335 2028 1398 2061 ipsis
1412 2029 1461 2055 fuit
1476 2033 1599 2062 tentatus,
1613 2030 1680 2056 sicut
1694 2029 1750 2063 ipse
1764 2031 1891 2062 narravit,

1110 2076 1139 2098 ut
1151 2079 1242 2106 parum
1256 2071 1369 2099 abfuerit
1385 2073 1447 2108 quin
1463 2081 1522 2100 eum
1538 2074 1570 2101 ab
1586 2074 1707 2101 instituto
1719 2074 1894 2102 dimOverent.

1108 2117 1177 2144 Cum
1193 2121 1281 2144 autem
1307 2118 1461 2145 accessisset
1485 2119 1517 2146 ad
1542 2126 1666 2154 magnum
1690 2120 1828 2152 lsidorum,
1850 2121 1896 2155 qui

1111 2163 1220 2190 sedebat
1236 2163 1262 2190 in
1275 2163 1362 2195 Scete,
1377 2163 1455 2191 tertio
1471 2164 1503 2190 ad
1517 2171 1577 2191 eum
1598 2165 1686 2192 retulit
1707 2165 1740 2192 de
1754 2165 1825 2192 bello
1843 2165 1896 2192 for-

1113 2208 1262 2236 nicationis.
1287 2208 1334 2236 Cui
1362 2209 1498 2243 respondit
1519 2215 1625 2238 sanctus
1640 2219 1647 2237 :
1662 2210 1699 2238 Ne
1718 2211 1898 2244 eonturberis,

1488 2259 1515 2281 et
1535 2255 1596 2282 ideo
1617 2259 1643 2282 te
1655 2255 1836 2283 vehementius
1850 2255 1894 2282 in.

1112 2303 1249 2331 vaserunt,
1266 2298 1378 2332 priorem
1395 2299 1558 2332 requirentes
1579 2300 1810 2327 consuetudinem.
1823 2299 1898 2327 Sicut

1115 2344 1185 2371 enim
1198 2344 1271 2371 canis
1283 2351 1343 2371 cum
1354 2345 1504 2372 assueverit
1518 2345 1545 2372 in
1559 2346 1670 2373 macello
1683 2353 1777 2378 pernas
1792 2346 1898 2376 rodere.

1115 2396 1168 2416 non
1189 2389 1290 2416 recedit
1311 2395 1326 2415 a
1346 2389 1553 2422 consuetudine;
1574 2390 1620 2417 sed
1641 2391 1663 2417 si
1677 2388 1758 2417 fuerit
1780 2391 1899 2418 clausum

1115 2432 1265 2465 macellum,
1289 2436 1316 2459 et
1340 2440 1418 2460 nemo
1440 2433 1464 2460 ei
1485 2432 1595 2466 dederit,
1619 2433 1689 2461 fame
1712 2439 1822 2461 enectus
1845 2442 1899 2461 non

1116 2478 1229 2512 amplius
1250 2477 1367 2510 accedit;
1391 2479 1430 2505 sic
1453 2483 1479 2505 tu
1500 2486 1614 2513 quoque,
1639 2480 1660 2506 si
1673 2479 1852 2513 permanseris
1875 2482 1900 2508 itt

1118 2528 1172 2551 tute
1193 2525 1364 2552 continentiae
1386 2525 1585 2558 exercitatione,
1602 2525 1764 2554 mortiﬁcans
1778 2527 1899 2554 meml-ra

1119 2573 1163 2596 tua
1186 2576 1245 2603 quae
1270 2574 1332 2597 sunt
1354 2577 1433 2604 supra
1448 2575 1545 2598 terram
1570 2570 1678 2606 (Colon.
1693 2571 1745 2606 III),
1766 2576 1793 2599 et
1810 2573 1902 2599 exclu-

1119 2613 1187 2641 dens
1207 2613 1241 2641 ab
1259 2614 1379 2649 ingressu
1399 2615 1540 2649 ingluviem
1559 2623 1618 2650 quze
1637 2616 1702 2649 parit
1723 2616 1902 2650 intemperan-

1119 2660 1194 2692 tiam,
1208 2667 1278 2694 tegre
1292 2660 1380 2687 ferens
1396 2661 1511 2693 daemon,
1527 2665 1555 2687 ut
1568 2661 1612 2695 qui
1634 2661 1709 2688 cibos
1734 2669 1786 2688 non
1804 2661 1901 2689 habent

1120 2704 1163 2738 qui
1186 2705 1341 2738 accendant,
1363 2710 1418 2732 ate
1432 2706 1549 2733 recedet.
1573 2705 1638 2732 Cum
1661 2713 1725 2740 ergo
1745 2708 1903 2733 secessisset

1120 2749 1219 2776 Christi
1233 2757 1326 2778 servus
1347 2750 1460 2786 Moyses,
1476 2755 1502 2778 et
1517 2750 1551 2778 ab
1574 2751 1617 2778 illa
1633 2752 1698 2777 hora
1721 2751 1839 2786 seipsum
1861 2751 1902 2778 in-

1121 2794 1246 2822 clusisset
1270 2795 1297 2822 in
1311 2795 1389 2828 cella,
1414 2795 1527 2822 maxima
1551 2795 1577 2823 in
1591 2795 1716 2822 omnibus
1728 2796 1903 2826 exercebatur

1124 2840 1272 2873 tolerantia,
1294 2841 1409 2869 maxime
1430 2846 1516 2869 autem
1541 2841 1568 2868 in
1599 2840 1756 2868 abstinentia
1771 2846 1794 2879 ρ
1816 2840 1905 2872 cibis;
