2079 3157
210 172 279 202 I069

848 171 1003 199 HISTORIA
1024 172 1202 202 LAUSIACA.

1758 178 1825 209 I070

207 231 236 253 ut
253 226 298 261 qui
312 226 379 253 nihil
393 225 464 253 aliud
479 229 594 253 sumeret
617 229 713 260 prteter
729 225 803 259 panis
818 225 882 252 sicci
896 226 990 253 uncias
1003 230 1027 258 Α
1041 235 1074 256 ne
1084 229 1215 257 incidere:
1230 221 1255 257 in
1270 231 1351 259 animi
1364 231 1514 260 elationem.
1533 232 1577 260 His
1591 233 1687 261 audiris
1701 242 1824 263 ι-θνεηυε

206 272 363 305 duodecim,
383 272 524 307 plurimum
548 279 673 305 operans,
688 275 715 300 et
730 271 919 307 quinquaginta
931 280 990 300 ora-

171 327 174 330 ·
206 318 292 344 tiones
306 317 425 352 quotidie
441 324 581 351 peragens.

243 363 325 389 Porro
340 367 426 389 autem
441 362 563 397 quamvis
579 369 655 389 suum
669 366 832 389 macerasset
845 369 990 396 corpuscu-

206 408 272 440 lum,
288 407 432 441 permansit
453 411 540 434 tamen
566 408 754 440 inﬂammatus,
770 412 798 435 et
813 408 945 442 prmcipue
965 409 991 435 in

205 453 316 480 somnis.
335 452 400 479 Cum
415 457 502 480 autem
519 453 687 485 surrexisset,
709 453 833 480 convenit
851 453 992 488 quemdam

205 496 285 523 alium
301 497 459 524 monachum
475 503 594 524 sanctutn
605 497 829 531 probatissimum,
841 499 900 524 etei
912 498 990 525 dicit:

205 540 273 574 Quid
290 541 395 574 faciam,
410 541 498 570 abba?
514 541 618 568 Rationi
634 549 700 568 meae
713 542 836 569 tenebras
851 542 992 570 offundunt

205 586 307 613 somnia
322 586 413 618 animi,
433 591 461 613 ut
474 587 519 621 qui
531 587 571 614 eis
584 594 618 613 ex
632 586 717 614 veteri
740 587 931 614 consuetudine
945 587 993 615 de-

203 631 298 659 lecter.
314 630 384 659 Dicit
398 631 422 658 ei
436 632 480 659 ille
499 636 608 659 sanctus
622 640 630 659 :
646 632 704 658 Non
717 631 861 660 cohibuisti
875 638 991 660 mentem

204 681 276 704 tuam
300 683 315 703 a
329 675 393 709 visis
408 683 466 710 qua:
481 676 509 704 in
524 677 563 704 eis
585 681 735 708 versantur,
748 684 778 703 ea
793 677 827 704 de
842 685 921 704 causa
935 676 992 705 haec

204 721 331 748 sustines.
348 721 400 748 Fac
415 728 478 756 ergo
492 721 561 755 quod
582 721 652 748 dico.
677 721 748 749 Dede
763 726 789 748 te
809 722 936 756 paulatim
953 722 993 748 vi-

203 766 283 801 giliae,
297 771 324 793 et
336 773 383 794 ora
398 766 517 799 sobrius;
534 771 560 793 et
574 766 608 793 ab
620 767 661 793 his
675 767 728 794 cito
741 766 908 793 liberaberis.
925 766 992 794 Cum

205 812 257 840 hoc
269 817 358 839 autem
373 813 503 840 monitum
516 811 689 840 audiissetvir
696 813 848 847 prmclarus,
867 817 992 848 tanquam

204 858 238 885 ab
251 865 284 886 eo
297 858 342 893 qui
357 861 417 886 erat
438 857 532 885 artifex
556 858 731 892 experientia,
746 858 774 884 in
788 857 882 885 cellam
899 864 991 885 rever-

1043 279 1084 301 est
1103 274 1128 301 in
1147 275 1253 309 cellam,
1274 276 1362 310 quiete
1382 277 1507 312 deinceps
1529 278 1668 306 attendens
1687 281 1824 308 moderato

1043 318 1164 348 instituto
1189 322 1396 349 exercitationis.
1420 323 1481 350 Post
1504 323 1571 351 duos
1591 329 1680 352 autern
1702 326 1744 353 vel
1770 331 1824 354 tres

1043 372 1148 393 menses
1162 371 1268 401 rogatus
1282 375 1297 394 a
1312 367 1390 395 beato
1403 368 1506 396 lsidoro
1522 370 1678 405 presbytero
1692 372 1823 399 exercita-

1043 414 1085 438 tor
1102 412 1206 447 Moyses
1222 413 1337 447 nunquid
1353 415 1465 448 amplius
1487 416 1511 442 ei
1529 415 1675 443 molestiam
1690 417 1824 444 exhibuis-

1041 462 1084 485 set
1097 458 1213 491 spiritus,
1229 459 1383 492 respondit:
1405 460 1446 486 Ab
1468 461 1512 488 illa
1530 461 1592 488 hora
1608 469 1658 496 qua
1684 462 1747 489 tnihi
1764 471 1825 496 pre-

1042 508 1116 531 catus
1130 508 1171 530 est
1184 503 1280 532 Christi
1297 512 1397 538 servus,
1416 506 1479 533 nihil
1495 507 1558 534 mihi
1572 508 1666 534 accidit
1683 508 1824 542 ejusmodi.

1043 548 1170 583 Dignatus
1187 554 1227 576 est
1244 554 1332 577 autem
1349 550 1391 577 ltic
1410 557 1517 579 sanctus
1531 552 1614 587 gratia
1630 553 1756 580 adversus
1770 553 1825 581 da)-

1043 601 1145 627 mones,
1166 594 1233 622 adeo
1247 596 1353 623 utsicut
1373 603 1421 623 nos
1436 604 1540 624 muscas
1564 596 1651 624 hieme
1674 598 1824 624 contemni-

1042 648 1116 674 mus;
1142 641 1195 674 ita,
1211 646 1290 676 atque
1312 643 1378 670 adeo
1392 643 1514 677 amplius,
1531 642 1573 670 hic
1588 651 1698 677 magnus
1722 643 1825 678 Moyses

1042 689 1225 713 contemneret
1239 686 1385 714 daemones.
1414 687 1476 714 Haec
1490 692 1530 714 est
1546 687 1669 720 religiosa
1692 691 1719 714 et
1733 691 1824 714 sancta

1043 729 1096 756 vita
1107 738 1187 765 quam
1199 734 1254 766 egit
1275 731 1388 758 invictus
1400 731 1499 759 athleta
1515 732 1619 766 Moyses
1632 731 1768 765 Etltiops,
1779 732 1824 766 qui

1044 775 1102 807 ipse
1114 782 1221 809 quoque
1243 776 1432 804 numerabatur
1455 777 1524 803 inter
1539 783 1657 811 magnos.
1681 776 1752 803 Obiit
1764 781 1825 804 ante

1044 818 1089 855 [Ρ.
1102 820 1152 855 leg.
1169 821 1269 857 autem]
1284 823 1447 856 septuaginta
1468 822 1583 857 quinque
1593 829 1677 849 annos
1696 826 1772 849 tratus
1797 823 1824 850 in

1043 865 1132 899 Scete,
1145 874 1204 894 cum
1226 866 1312 894 factus
1331 871 1403 895 esset
1424 867 1569 902 presbyter,
1596 868 1696 895 relictis
1719 873 1824 902 septua—

204 910 260 936 sus,
273 903 340 930 dixit
352 903 394 936 ei,
409 903 478 937 quod
491 902 596 938 quidem
612 910 658 930 sua
671 903 736 930 sciat
749 903 923 935 cmrscientia,
937 907 990 931 tota
1006 909 1029 939 Β
1042 913 1229 947 εεηιθιιηίηαυε
1243 912 1389 947 discipulis.

204 953 282 977 nocte
298 956 349 975 non
365 948 521 980 dormiisse;
546 955 599 974 non
613 947 740 976 orationis
764 952 893 982 praetextu
907 955 991 983 genu-

205 994 324 1028 ilexisse,
340 997 369 1020 ut
383 995 467 1020 somni
484 993 585 1027 fugeret
600 993 779 1029 tyrannidem.

239 1039 304 1066 Cutn
326 1039 403 1067 annis
426 1046 490 1073 ergo
505 1046 551 1066 sex
573 1041 713 1066 mansisset
727 1040 753 1066 in
766 1039 842 1074 cella,
859 1043 928 1066 totas
940 1047 991 1066 no-

204 1089 260 1113 ctes
275 1089 349 1112 stans
372 1085 398 1112 in
422 1085 510 1112 medio
525 1086 609 1117 Cellae,
625 1089 652 1113 et
666 1086 748 1112 Deum
771 1092 851 1113 orans
872 1085 989 1119 assidue,

203 1137 230 1158 et
247 1139 299 1158 non
314 1131 441 1158 claudens
457 1132 564 1163 oculos,
587 1139 639 1158 non
665 1132 748 1166 potuit
771 1132 990 1165 intemperantem

204 1177 311 1204 vincere
335 1177 516 1211 cupiditatem.
542 1177 643 1204 Ilcvera
665 1178 802 1204 enimnon
823 1181 912 1210 potest
926 1184 990 1205 vere

206 1223 331 1256 castigari
354 1223 494 1257 cupiditas.
519 1223 583 1249 Cum
597 1223 667 1250 enim
689 1222 804 1257 seipsum
822 1222 990 1249 tabefccisset

204 1267 350 1302 laboribus,
366 1272 470 1303 turpem
485 1268 557 1296 illam
571 1267 737 1296 affectionem
751 1275 803 1295 non
818 1266 902 1303 potuit
917 1267 989 1296 subi-

203 1321 277 1349 gere.

240 1360 302 1387 Post
326 1361 383 1388 hinc
405 1359 484 1388 aliam
508 1359 559 1387 sibi
576 1359 707 1395 suggessit
731 1359 863 1387 rationem
886 1367 989 1394 asperae

202 1406 263 1433 vitae
277 1406 395 1442 agendae.
409 1405 553 1441 Egrediens
566 1405 608 1433 hic
619 1405 690 1441 pugil
703 1405 808 1434 Satanae
821 1405 905 1441 (varie
916 1406 988 1434 enim

203 1459 263 1479 cum
278 1459 311 1479 eo
331 1451 488 1487 decertavit)
502 1452 624 1480 noctibus
638 1452 727 1479 abibat
751 1453 783 1479 ad
798 1453 879 1480 cellas
894 1461 988 1480 mona-

203 1499 324 1528 chorum.
348 1497 392 1531 qui
417 1504 446 1524 se
459 1497 608 1525 exercendo
629 1502 825 1526 consenuerant
848 1498 874 1525 in
891 1498 988 1527 labori-

203 1542 263 1575 bus,
277 1547 304 1569 et
317 1550 365 1577 per
380 1550 409 1569 se
423 1550 518 1577 aquam
534 1550 585 1569 non
609 1547 729 1576 poterattt
751 1543 863 1578 amplius
886 1544 986 1578 impor-

1320 967 1431 995 CAPUT
1457 966 1549 994 XXIII.

1267 1010 1327 1039 Vita
1339 1011 1436 1039 abbatis
1451 1011 1530 1039 Pauli
1539 1011 1606 1049 (57).

1078 1057 1151 1086 Mons
1165 1058 1246 1086 estin
1262 1057 1391 1093 Aigypto,
1414 1058 1548 1086 abducens
1569 1059 1595 1085 in
1610 1062 1710 1085 vastam
1734 1058 1826 1086 Scetes

1041 1102 1222 1134 solitudinem,
1237 1103 1282 1138 qui
1305 1104 1453 1138 appellatur
1474 1103 1597 1132 Plterme.
1613 1104 1641 1131 In
1664 1105 1713 1131 ltoc
1735 1110 1825 1133 monte

1041 1149 1136 1176 sedent
1148 1149 1253 1175 circiter
1264 1149 1399 1183 quingenti
1414 1149 1534 1176 homines
1545 1149 1589 1183 qui
1601 1155 1771 1181 exercentur.
1783 1150 1825 1179 ln-

1041 1197 1082 1220 ter
1095 1200 1162 1227 quos
1176 1192 1224 1220 fuit
1238 1194 1318 1220 etiam
1333 1193 1450 1228 quidam,
1467 1194 1573 1222 nomine
1588 1193 1684 1222 Paulus
1694 1216 1702 1229 ,
1727 1204 1824 1224 mona-

1039 1238 1105 1265 chus
1118 1239 1243 1273 optimus,
1260 1239 1304 1273 qui
1318 1243 1374 1267 toto
1389 1247 1437 1266 suo
1449 1244 1567 1274 tempore
1581 1241 1650 1268 hanc
1664 1242 1717 1275 egit
1731 1242 1822 1270 vitam.

1039 1282 1177 1318 Nunquam
1190 1291 1256 1319 opus
1269 1285 1370 1320 attigit,
1383 1291 1432 1312 nec
1446 1285 1529 1312 ullum
1541 1287 1657 1320 suscepit
1672 1288 1805 1321 negotium
1817 1309 1823 1320 ,

1039 1329 1076 1356 nil
1098 1337 1212 1364 unquam
1237 1331 1340 1365 accepit
1363 1330 1396 1357 ah
1416 1331 1524 1365 aliquo,
1549 1336 1723 1367 praeterquam
1753 1334 1824 1368 quod

1039 1378 1129 1408 posset
1151 1374 1178 1401 in
1192 1375 1249 1408 ipso
1271 1373 1315 1402 die
1328 1375 1480 1403 comedere.
1498 1375 1559 1403 Fuit
1581 1381 1669 1404 autem
1683 1385 1742 1412 ejus
1756 1385 1823 1412 opus

1038 1424 1066 1448 et
1079 1420 1244 1453 exercitatio,
1260 1427 1338 1448 orare
1357 1426 1496 1456 perpetuo.
1513 1421 1561 1449 llic
1585 1422 1699 1450 habebat
1721 1427 1823 1451 trecen-

1040 1472 1080 1494 tas
1100 1474 1194 1501 preces
1209 1474 1349 1502 expressas
1362 1472 1389 1495 et
1403 1469 1574 1502 priestitutas,
1595 1469 1703 1495 totidem
1721 1469 1824 1497 habens

1039 1511 1065 1538 in
1076 1512 1134 1539 sinu
1154 1512 1281 1546 calculos,
1307 1517 1333 1539 et
1352 1513 1378 1540 in
1403 1520 1558 1547 unaquaque
1582 1514 1702 1541 oratione
1723 1515 1824 1549 jaciens

1041 1563 1120 1582 unum
1132 1556 1264 1583 calculum
1281 1557 1348 1592 (58).
1366 1557 1389 1584 Is
1403 1565 1463 1584 cum
1480 1558 1636 1586 accessisset
1650 1560 1684 1585 ad
1703 1565 1825 1587 sanctum

202 1591 280 1614 tare:
303 1591 330 1613 et
351 1587 484 1620 accipiens
510 1587 617 1622 hydrias
639 1588 678 1615 eis
702 1588 882 1616 nescientibus
896 1610 904 1621 ,
929 1589 986 1617 illas

1039 1600 1181 1628 Macariunt
1195 1602 1241 1636 qui
1252 1602 1348 1629 dicitur
1360 1601 1497 1634 Politicus,
1509 1603 1566 1637 ejus
1579 1604 1752 1631 conveniendi
1764 1612 1823 1640 gra-

202 1639 268 1665 ana
279 1631 414 1666 implebat.
427 1631 530 1658 Habent
541 1633 610 1659 enim
624 1632 651 1659 in
662 1630 714 1660 illis
725 1632 790 1660 locis
801 1641 897 1668 aquam
912 1638 985 1662 certa

202 1676 342 1704 distantem
364 1676 567 1711 longinquitate,
582 1677 625 1704 alii
648 1677 754 1711 quidem
775 1677 808 1704 ad
831 1678 899 1706 duos
922 1678 988 1713 Iapi~

198 1721 259 1759 ’des,
276 1722 319 1748 alii
341 1729 404 1749 vero
426 1722 458 1749 ad
481 1723 608 1756 quinque,
636 1723 681 1749 alii
707 1730 768 1750 vero
791 1723 825 1750 ad
839 1723 986 1752 dimidium.

203 1765 259 1793 Utta
273 1774 337 1801 ergo
360 1771 438 1793 nocte
461 1774 512 1800 qua
527 1767 577 1794 hoc
600 1767 724 1800 faciebat,
740 1768 843 1796 daemon
866 1769 911 1803 qui
926 1776 986 1797 ettm

202 1810 398 1844 observaverat,
415 1818 466 1837 non
481 1811 593 1845 amplius
612 1811 702 1838 ferens
724 1813 832 1839 athleta:
856 1813 988 1841 fortitudi-

203 1864 274 1890 nem,
289 1864 350 1895 cum
365 1858 422 1891 ipse
442 1863 471 1884 se
493 1856 646 1884 inclinasset
668 1857 695 1883 in
720 1863 839 1891 puteum,
860 1864 887 1886 ut
909 1860 985 1887 ttnius

202 1902 323 1928 monachi
343 1901 465 1936 impleret
476 1901 609 1936 bydriam,
623 1900 725 1928 clavam
741 1902 883 1936 quamdam
899 1903 922 1930 ei
938 1904 987 1931 im-

202 1947 272 1981 pegit
286 1947 313 1974 in
328 1948 442 1979 lumbos,
458 1950 485 1974 et
499 1954 560 1974 eum
575 1947 601 1974 in
616 1953 649 1974 eo
662 1946 722 1975 loco
735 1947 842 1982 reliquit
853 1948 986 1982 jacentetn

201 1997 344 2025 mortuum,
368 1991 432 2019 nihil
455 1991 564 2019 omnino
592 1992 772 2025 sentientem.
795 1999 882 2027 neque
907 1994 985 2028 quid,

201 2045 287 2072 neque
317 2045 332 2065 a
354 2045 407 2073 quo
439 2038 465 2065 id
489 2045 583 2072 passus
610 2038 654 2065 sit.
699 2038 768 2066 Cum
817 2044 882 2072 ergo
929 2038 983 2067 alio

203 2083 247 2111 die
292 2084 411 2111 venisset
434 2083 540 2117 quidam
569 2083 714 2111 monachus
742 2083 774 2110 ad
802 2091 896 2118 aquam
922 2084 985 2112 ltau-

200 2129 329 2162 riendam,
351 2137 412 2157 eum
437 2128 489 2156 illic
514 2128 613 2156 invenit
633 2128 764 2163 jacentem
789 2129 869 2163 linqui
886 2129 984 2157 animo.

203 2177 226 2203 ls
241 2181 330 2204 autem
354 2176 381 2203 id
402 2175 564 2203 renuntiavit
586 2182 682 2209 magno
705 2175 807 2202 Isidoro
831 2176 986 2210 presbytero

202 2223 297 2251 Scetis.
313 2222 362 2256 Qui
375 2223 467 2250 abiens
481 2230 540 2249 cum
555 2222 655 2256 aliquot
667 2221 736 2255 aliis,
752 2229 811 2248 cum
826 2221 942 2256 accepit,
958 2225 985 2248 et

201 2269 259 2295 tulit
273 2269 298 2295 in
313 2267 464 2295 ecclesiam.
490 2266 536 2294 Ille
550 2274 613 2294 vero
628 2273 697 2293 anno
715 2269 770 2292 toto
791 2266 939 2300 aegrotavit,
955 2272 984 2293 ut.

201 2314 244 2341 vix
260 2321 356 2348 corpus
371 2313 429 2348 ejus
449 2316 476 2340 et
489 2313 576 2339 anima
591 2311 763 2338 convaluerit.
779 2311 854 2338 Tunc
869 2311 932 2337 dicit
946 2311 985 2338 illi

201 2365 312 2392 magnus
330 2357 429 2384 Christi
451 2357 575 2384 sacerdos
595 2355 729 2384 Isidorus:
744 2356 825 2382 Cessa
850 2356 984 2390 deinceps,

202 2404 284 2433 frater
298 2405 414 2440 Moyses,
440 2403 602 2431 contendere
625 2410 685 2430 cum
710 2402 886 2434 dzcmonibus,
908 2407 934 2429 et
953 2409 986 2429 ne

203 2451 241 2479 sic
260 2451 298 2478 eis
318 2449 496 2482 insultaveris,
512 2453 553 2476 est
567 2448 638 2475 enim
654 2447 746 2475 modus
761 2455 865 2482 quoque
882 2447 985 2474 fortitu-

204 2495 275 2523 dinis
288 2495 314 2522 in
329 2494 529 2522 exercitatione.
554 2493 577 2520 Is
590 2499 678 2520 autent
695 2493 730 2519 illi
747 2493 810 2519 dicit
825 2500 831 2519 :
847 2493 903 2519 Non
927 2500 986 2519 ces-

202 2542 268 2569 sabo
284 2548 344 2568 cum
359 2540 398 2567 eis
414 2546 538 2573 pugnare,
554 2538 638 2565 donec
660 2538 723 2564 mihi
745 2538 889 2564 cessaVcrit
903 2537 986 2571 phan-

203 2588 269 2618 tasia
284 2587 461 2614 somniorum.
477 2584 551 2612 Tunc
565 2584 589 2611 ei
603 2584 666 2610 dicit
682 2583 779 2610 Christi
793 2591 884 2609 servus
901 2582 984 2609 Isido-

203 2642 248 2662 rus
263 2633 400 2668 presbyter
414 2640 421 2658 :
438 2631 465 2658 In
480 2630 585 2657 nomine
597 2628 700 2656 Domini
715 2628 796 2655 nostri
812 2628 873 2655 Jcsu
887 2627 986 2654 Christi

203 2681 236 2706 ab
251 2679 300 2706 hoc
316 2678 443 2712 temporis
464 2676 577 2704 articulo
599 2677 741 2703 cessabunt
764 2676 850 2710 turpia
875 2680 917 2701 tua
940 2682 983 2701 so-

205 2727 276 2752 mnia
293 2734 299 2751 2
316 2725 386 2751 bono
406 2723 534 2756 deinceps
559 2726 586 2749 et
601 2721 691 2748 ﬁdenti
705 2720 794 2747 animo
818 2720 982 2747 communica

205 2770 376 2797 sacramentis
398 2768 468 2805 (56),
490 2767 527 2795 Ne
548 2767 617 2794 enim
639 2766 807 2801 gloriareris,
831 2765 915 2799 utqui
941 2770 984 2792 tua

204 2817 389 2843 exercitatione
412 2815 521 2842 vicisses
544 2813 721 2844 atieCtionem,
742 2811 801 2838 ideo
813 2811 985 2838 vehementer

205 2860 230 2887 in
245 2864 270 2887 tc
281 2868 354 2888 suam
369 2862 499 2892 exercuit,
510 2863 679 2894 potestatem,
693 2857 725 2885 ad
741 2861 812 2884 tuam
834 2857 983 2888 utilitatem,

1038 1645 1083 1676 tia,
1099 1649 1127 1672 et
1140 1651 1247 1680 propter
1269 1647 1417 1679 spiritalem
1441 1647 1591 1681 utilitatem,
1607 1648 1632 1675 ei
1647 1647 1711 1675 dicit
1725 1657 1731 1675 :
1747 1649 1823 1677 Abba

1037 1691 1144 1723 Macari,
1161 1692 1237 1720 valde
1258 1692 1370 1728 afﬂigar.
1387 1692 1481 1727 Coegit
1493 1700 1552 1720 eum
1567 1693 1665 1720 Chri5ti
1676 1702 1769 1722 servus
1783 1695 1822 1721 di-

1036 1744 1097 1764 eere
1110 1745 1216 1765 causam
1237 1744 1344 1774 propter
1359 1746 1437 1773 qttam
1459 1739 1578 1766 molestia
1603 1740 1778 1768 afficiebatur.
1799 1741 1823 1769 Is

1038 1790 1100 1809 vero
1113 1783 1137 1810 ei
1151 1783 1229 1810 dicit:

1317 1818 1430 1846 CAPUT
1453 1818 1546 1847 XXIV.

1086 1861 1125 1889 De
1143 1862 1246 1898 Virgine
1259 1872 1314 1898 qua
1327 1864 1435 1898 faciebat
1447 1865 1618 1899 septingettttu
1633 1867 1768 1894 arationes.

1072 1907 1103 1937 In
1118 1909 1233 1942 quodam
1256 1909 1313 1937 vico
1336 1909 1437 1936 habitat
1456 1909 1576 1943 quaedam
1592 1911 1747 1946 virgo.qutn
1773 1912 1823 1940 tri.

1036 1957 1165 1992 gesitnum
1179 1963 1276 1982 annum
1298 1955 1351 1989 jam
1371 1958 1520 1982 exercetur.
1537 1955 1575 1983 De
1593 1963 1645 1990 qua
1662 1956 1735 1983 multi
1756 1956 1822 1985 mihi

1036 2005 1198 2033 narrarunt,
1224 1999 1294 2034 quod
1320 2003 1414 2033 praeter
1436 1999 1580 2027 Sabbatum
1605 2003 1633 2027 et
1659 2000 1822 2029 Dominicam

1036 2047 1110 2074 nullo
1134 2046 1188 2072 alio
1210 2045 1254 2073 die
1274 2045 1406 2077 vescitur;
1426 2044 1474 2071 sed
1498 2048 1553 2071 toto
1575 2049 1695 2079 tempore
1715 2046 1822 2074 trahens

1037 2091 1232 2124 hebdomadas,
1249 2095 1278 2118 et.
1298 2095 1357 2124 post
1370 2091 1486 2125 quinque
1507 2091 1565 2118 dies
1587 2091 1744 2126 comedens,
1761 2092 1822 2120 facit

1037 2137 1218 2171 septingentas
1233 2137 1377 2163 orationes.
1393 2136 1447 2163 Iloc
1469 2144 1528 2163 cum
1552 2137 1703 2165 didicissem
1713 2158 1721 2171 ,
1737 2139 1821 2174 meip-

1036 2189 1095 2209 sum
1109 2182 1261 2215 reproliavi,
1271 2181 1341 2215 quod
1358 2182 1397 2207 vir
1412 2186 1517 2208 creatus
1530 2181 1571 2208 his
1582 2182 1681 2209 viribus
1691 2184 1820 2216 corporis,

1037 2235 1090 2255 non
1108 2227 1238 2262 potuerim
1254 2226 1342 2253 facere
1358 2226 1415 2260 plus
1435 2234 1513 2260 quam
1530 2231 1660 2254 trecentas
1675 2227 1821 2255 orationes.

998 2278 1024 2308 D
1037 2273 1067 2301 Ei
1084 2273 1226 2306 respondet
1238 2277 1345 2300 sanctus
1357 2271 1494 2305 Macarius,
1507 2272 1597 2299 dicens
1610 2281 1616 2298 :
1631 2273 1820 2308 Sexagesimus

1038 2327 1123 2346 annus
1137 2318 1234 2353 agitur,
1254 2326 1286 2345 ex
1300 2325 1352 2352 quo
1372 2323 1477 2345 centum
1493 2319 1649 2345 constitutas
1672 2319 1739 2346 facio
1761 2327 1820 2346 ora-

1038 2365 1134 2397 tiones,
1150 2369 1177 2391 et
1190 2364 1313 2391 laborans
1325 2364 1446 2390 manibus
1460 2371 1490 2390 ea
1507 2370 1565 2398 quae
1586 2369 1647 2390 sunt
1662 2364 1695 2390 ad
1709 2364 1820 2392 alimen-

1039 2415 1093 2438 tum
1109 2409 1271 2441 necessaria,
1290 2413 1317 2435 et
1340 2408 1464 2435 fratribus
1481 2408 1598 2437 debitum
1620 2409 1734 2436 reddens
1757 2417 1820 2437 cott-

1037 2455 1200 2490 gressionis,
1223 2461 1272 2481 nec
1295 2461 1351 2481 mea
1372 2462 1414 2481 me
1425 2453 1526 2488 judicat
1548 2454 1615 2480 ratio
1640 2454 1709 2488 quod
1725 2454 1819 2482 ineritn

1037 2501 1182 2536 negligens.
1203 2499 1230 2527 Si
1251 2504 1278 2526 tu
1293 2504 1380 2526 autern
1399 2506 1459 2526 cum
1479 2503 1609 2526 trecentas
1623 2498 1702 2526 facias
1721 2500 1820 2526 oratio.

1038 2554 1099 2578 nes,
1119 2545 1248 2580 judicaris
1262 2552 1276 2570 a
1291 2544 1465 2577 conscientia,
1482 2549 1571 2578 aperte
1592 2545 1711 2572 ostendis
1727 2549 1751 2572 te
1766 2552 1819 2572 non

1037 2600 1101 2626 pure
1115 2599 1202 2623 orare,
1218 2590 1258 2618 vel
1279 2598 1356 2625 posse
1373 2590 1461 2624 plures
1477 2591 1609 2618 orationes
1632 2591 1718 2618 facere
1740 2599 1819 2626 quam

1036 2637 1128 2665 facias.

1313 2670 1424 2697 CAPUT
1448 2669 1530 2696 XXV.

1231 2716 1266 2743 De
1281 2715 1372 2743 Cruuiu
1390 2715 1445 2750 (ῥυ)
1461 2715 1615 2750 presbytero.

1070 2763 1185 2790 Cronius
1208 2763 1312 2797 quidatn
1337 2762 1402 2789 mihi
1427 2762 1543 2789 narravit
1567 2761 1705 2796 presbyter
1728 2761 1818 2788 Nitrize

1036 2810 1143 2846 (Iluﬂin.
1157 2830 1162 2842 ,
1180 2808 1199 2835 ι.
1221 2816 1250 2842 ιι,
1265 2817 1322 2842 cup.
1333 2807 1379 2841 ‘25,
1396 2807 1427 2835 de
1441 2807 1534 2835 Cronio
1548 2806 1651 2833 Antonii
1663 2807 1798 2842 discipulo)
1810 2816 1816 2834 :

1036 2855 1102 2883 Cum
1118 2862 1213 2888 essem,
1226 2854 1320 2889 inquit,
1330 2854 1419 2889 junior
1431 2854 1464 2882 ab
1479 2853 1562 2887 initio,
1580 2857 1607 2881 et
1622 2859 1727 2888 propter
1738 2854 1818 2881 annui

1785 2703 1793 2715 I
