2077 3154
199 169 280 210 1073
815 173 997 205 HISTORIA
1014 172 1210 204 LAUSIACA.
1761 165 1829 199 1m:

199 227 276 261 ιζετο
294 227 322 256 δὲ
338 227 353 254 6
373 227 508 265 μακάριος
526 224 605 261 οὗτος
630 229 733 266 μεταξὺ
757 230 917 262 Βαϐυλῶνος
942 229 989 257 καὶ⁴
1001 229 1027 260 Α
1041 229 1078 266 μὴ
1093 230 1157 265 λέγε
1172 228 1295 256 τοιαῦτα.
1320 227 1389 256 Ἀλλ’
1404 226 1465 255 εῑπὲ
1476 226 1504 254 τί
1514 235 1542 253 σε
1553 225 1687 261 ἐλύπησα,
1698 225 1745 251 καὶ
1755 224 1830 259 διορ-

205 271 371 306 Ἦρακλείας
390 272 431 304 είς
444 273 495 307 τὴν
506 273 665 309 πανέρημον
679 273 728 309 1ιιὴν
755 274 892 310 φέρουσαν
918 273 989 301 κατὰ

200 315 250 350 τὴν
269 315 404 352 Ἐρυθρὰν
420 316 557 344 θάλασσαν
580 317 618 350 ὡς
632 318 687 345 ἀπὺ
709 318 856 354 τριάκοντα
868 318 989 354 σημείων

200 359 248 386 τοῦ
263 359 396 395 ποταμοῦ.
414 360 552 393 Ἐλθόντος
561 359 607 388 οὖν
620 362 702 388 αὐτοῦ
712 362 752 394 εἰς
763 362 794 389 τδ
808 363 989 398 μοναστήριον

201 403 233 429 τδ
250 402 325 438 παρὰ
338 403 382 429 τὸν
392 404 525 439 ποταμὸν,
543 404 608 432 ἔνθα
621 406 645 431 οί
662 405 757 432 τούτου
772 405 891 441 μαθηταὶ
908 405 990 431 ἐκαθ-

204 446 295 479 έζοντο
307 447 347 478 είς
360 446 390 473 τὸ
399 447 545 482 λεγόμενον
559 448 671 483 Πίσπιρ,
684 448 824 483 Μακάριος
838 448 885 475 καὶ
903 448 989 483 Ἀμά-

202 499 263 522 τας,
278 491 364 517 οἱκαὶ
383 490 487 525 ἐΘαψαν
510 491 556 518 τὸν
584 492 717 527 μακάριον
738 491 880 519 ’Λντώνιον
891 500 990 527 κοιμη-

203 533 294 566 θέντα,
319 533 483 570 ἐξεδεξάμην
511 535 616 571 ἡμέρας
631 535 724 568 πέντε,
738 535 781 562 ἵνα
806 535 929 570 συντύχω
952 535 991 570 τῷ

203 576 274 613 ἁγίῳ
290 578 434 613 Ἀντωνίῳ.
462 578 584 612 Ἐλέγετο
601 579 630 605 δὲ
656 579 841 614 παραϐάλλειν
854 579 934 606 αὑτὸν
952 579 992 615 τῷ

206 622 380 657 μοναστηρίῳ
400 622 490 657 τούτῳ
502 643 510 656 ,
535 622 600 649 ποτὲ
617 623 665 658 μὲν
682 623 726 649 διὰ
739 623 816 656 δέκα,
830 623 895 650 ποτὲ
908 622 936 649 δὲ
948 623 992 650 διὰ

203 666 301 698 εἴκοσι,
316 665 382 692 ποτὲ
404 666 433 692 δὲ
459 666 503 692 διὰ
518 666 600 692 πέντε
623 666 745 701 ἡμερῶν,
762 666 855 698 καθὼς
881 666 961 694 αὐτὸν
978 667 993 693 6

204 708 271 740 Θεὸς
280 706 347 744 ἦγεν
358 708 405 735 ἐπὶ
418 708 562 745 εὐεργεσίᾳ
573 709 626 736 τῶν
639 709 901 745 παρατυγχανόντων
914 709 943 737 ὲν
954 710 993 745 τῷ

206 752 390 788 μοναστηρίῳ.
409 752 538 788 Διάφοροι
557 750 604 780 οὖν
620 753 793 788 συνηχθημεν
813 753 923 788 ἀδελφοὶ
937 754 993 780 δια-

205 795 304 830 φόρους
314 796 421 830 ἔχοντες
436 795 542 831 χρείας,
560 796 589 823 ἐν
602 794 642 828 οἷς
654 796 702 823 καὶ¹
717 796 845 830 Εὐλόγιός
861 805 902 828 τις
915 797 992 823 Ἀλε-

206 838 334 874 ξανδρεὺς
352 839 488 874 μονάζων,
501 840 549 866 καὶ
564 840 623 875 μετ’
645 839 728 867 αὑτοῦ
743 840 822 872 ἄλλος
835 840 992 876 λελωϐημέ-

205 891 250 915 νος
259 891 267 899 ·
282 883 381 915 οἵτινες
395 884 577 920 παρεγένοντο
592 884 628 910 δι’
647 883 738 911 αἰτίαν
751 885 868 912 τοιάνδε.

475 928 602 956 ΚΕΦΔΛ.
619 929 692 962 κςι.

290 971 362 1006 Περὶ
381 972 542 1007 Εὐλοτίου,
558 971 607 998 καί
621 972 674 999 τοῦ
687 972 909 1007 λελωϐημένου.

241 1012 326 1048 οὗτος
342 1017 357 1042 6
372 1016 502 1050 Εὺλόγιος
529 1016 706 1051 σχολαστικὸς
736 1017 858 1052 ὑπῆρχεν
881 1018 914 1044 ὲκ
939 1018 996 1064 τῶν1

205 1059 358 1093 ἐγκυκλίων
372 1060 574 1095 παιδευμάτων,
589 1060 619 1092 ὃς
631 1060 713 1096 ἔρωτι
728 1060 792 1095 θείῳ
810 1060 922 1096 πληγεὶς
932 1059 995 1103 ἐπεί

205 1103 290 1140 θυμία
301 1103 450 1135 ἀθανασίας
464 1104 619 1136 ἀπετάξατο
630 1104 684 1130 τῶν
694 1104 826 1138 θορύϐων.
840 1105 893 1130 Καὶ
905 1105 994 1130 πάντα

204 1147 401 1183 διασκορπίσας
414 1147 449 1174 τὰ
459 1148 615 1183 ὑπάρχοντα
636 1148 781 1174 κατέλιπεν
793 1147 880 1183 ἐαυτῷ
891 1148 994 1183 βραχέα

204 1190 372 1226 νομίσματα,
387 1191 552 1227 ἐργάζεσθαι
568 1192 605 1227 μὴ
622 1191 780 1227 δυνάμενος.
803 1192 934 1226 Ἀκηδιῶν
948 1191 994 1218 οὖν

205 1233 266 1261 καθ’
274 1235 382 1268 ἑαυτὸν,
397 1235 445 1261 καὶ
459 1236 527 1271 μήτε
545 1236 585 1267 είς
599 1235 721 1262 συνοδίαν
735 1235 894 1270 βουλόμενος
907 1236 994 1261 εἰσελ-

206 1278 274 1311 θεῖν,
290 1279 360 1313 μήτε
378 1278 407 1305 δὲ
431 1279 513 1310 μόνος
534 1278 800 1314 πληροφορούμενος,
831 1276 910 1314 εὖρέν
934 1288 995 1304 τινα

204 1321 258 1348 ἀνὰ
271 1321 322 1357 τὴν
338 1322 634 1360 ἀγοράντὲῤῥιμμένον
657 1322 856 1357 λελωϐημένον,
882 1322 911 1354 ὃς
933 1323 994 1349 οὔτε

205 1367 300 1401 χεῖρας
316 1361 400 1401 εἶχεν,
424 1364 486 1392 οὕτε
512 1366 606 1397 πόδας.
625 1365 719 1402 Τούτῳ
744 1367 812 1402 μόνη
843 1367 860 1402 ή
888 1367 996 1400 γλῶττα

206 1409 329 1444 ὑπῆρχεν
339 1409 543 1445 ἀκατάτριπτος
557 1411 624 1445 πρὸς
633 1411 777 1446 συμφορὰν
790 1411 843 1437 τῶν
855 1408 999 1446 παρατυγ-¹

205 1453 353 1488 χανόντων.
371 1453 400 1480 '0
414 1453 443 1480 δὲ
459 1454 587 1488 Εύλόγιος
602 1455 667 1485 στὰς
681 1455 829 1486 ὲνατενίζει
848 1455 933 1490 αὐτῷ,
952 1457 1002 1481 καὶ·

207 1496 389 1532 προσεύχεται
402 1496 441 1532 τῷ
456 1497 526 1532 Θεῷ,
545 1499 592 1524 καὶ
604 1497 707 1524 τίθεται
721 1498 854 1534 διαθήκην
871 1499 940 1534 μετὰ
952 1499 996 1525 τοῦ

208 1539 288 1574 Θεοῦ,
305 1539 399 1574 είπὼν,
411 1540 453 1567 ὅτι
476 1541 571 1577 Κύριε,
585 1542 631 1568 ἐπὶ
641 1541 680 1576 τῷ
694 1542 732 1576 σῷ
745 1542 856 1577 ὀνόματι
868 1542 999 1577 λαμϐάνω

208 1585 304 1611 τοῦτον
318 1585 363 1611 τὸν
377 1585 577 1620 λελωϐημένον,
598 1586 646 1612 καὶ
659 1586 817 1613 διαναπαύω
843 1587 925 1613 αὑτὸν
946 1586 999 1618 ἓως

208 1628 316 1664 ἡμέρας
343 1628 460 1656 Θανάτου
476 1629 569 1662 αὑτοῦ,
587 1629 630 1656 ἵνα
643 1630 721 1664 κάγὼ
733 1630 777 1656 διὰ
790 1630 885 1656 τούτου
909 1630 998 1657 σωθῶ.

210 1672 328 1708 Χάρισαί
342 1680 387 1708 μοι
403 1670 460 1706 οὖν,
471 1673 583 1708 Χριστὲ,
598 1673 647 1709 τὴν
657 1673 796 1708 ὑπομονὴν
807 1675 856 1709 τῆς
869 1675 908 1705 είς
919 1674 1000 1700 αὑτὸν

211 1717 374 1752 ὑπηρεσίας.
401 1718 455 1743 Καὶ
477 1716 635 1752 προσελθὼν
662 1717 700 1751 τῷ
716 1717 907 1752 λελωϐημένῳ,
926 1718 1001 1751 λέγει

210 1761 302 1796 αὐτῷ·
318 1761 422 1794 Θέλεις,
436 1763 451 1789 6
475 1762 573 1797 μέγας,
589 1761 720 1796 λαμϐάνω
742 1770 771 1788 σε
789 1762 829 1794 εἰς
841 1763 890 1797 τὴν
912 1763 1001 1788 οἰκίαν

211 1805 259 1831 καὶ
274 1804 428 1837 ἀναπαύω;
448 1805 530 1839 Λέγει
544 1804 618 1839 αύτῷ
637 1805 757 1836 ἐκεῖνος·
775 1805 836 1831 Εἴθε
851 1805 1000 1840 κατηξίοις,

212 1850 269 1875 ἀλλ’
282 1849 337 1884 ἐγὼ
357 1849 466 1882 ἀνάξιός
490 1850 559 1885 είμι.
583 1849 665 1883 Λέγει
693 1850 706 1875 6
731 1849 869 1884 Εὺλόγιος·
897 1849 1002 1877 Οὐκοῦν

213 1893 382 1929 ἀπέρχομαι,
396 1893 472 1929 φέρω
486 1893 555 1926 δνον,
572 1893 619 1919 καὶ
634 1892 764 1928 λαμϐάνω
783 1902 813 1919 σε
828 1893 914 1921 ἐνθεν.
936 1894 1003 1920 Συν-

213 1936 516 1972 έθετοὸλελωϐημένος
536 1938 605 1972 μετὰ
627 1936 729 1972 πολλῆς
753 1938 850 1972 χαρᾶς.
871 1938 1004 1972 Ἐνεγκὼν

213 1981 260 2010 οὖν
275 1982 335 2009 ϐνον
347 1982 461 2014 ἐκεῖνος,
474 1982 575 2017 ἐπῆρεν
592 1982 683 2016 αὑτὸν,
696 1984 742 2009 καὶ
754 1984 908 2019 ἀπήνεγκεν
923 1984 962 2015 είς
974 1983 1004 2010 τὸ

215 2026 279 2053 [διον
292 2026 414 2059 ξενίδιον.
429 2027 481 2053 Καὶ
494 2024 528 2062 ἦν
539 2026 623 2053 αὐτοῦ
638 2027 852 2063 ἐπιμελούμενος
869 2027 940 2054 κατὰ
955 2028 1006 2054 πᾶ·

216 2079 266 2098 σαν
278 2070 361 2098 αὑτοῦ
381 2071 486 2106 χρείαν.
504 2070 655 2107 Διαρκέσας
665 2070 711 2098 οὖν
728 2073 742 2099 6
757 2072 944 2108 λελωϐημένος
958 2073 1005 2099 ἐπὶ

215 2115 263 2151 ἐτη
276 2115 435 2149 δεκαπέντε,
448 2117 638 2151 ὲνοσοκομεῖτο
659 2118 724 2152 παρ’
744 2116 826 2143 αὐτοῦ
847 2118 885 2149 ὡς
902 2117 1005 2153 πατὴρ,

215 2160 395 2195 φιλοφρόνως,
419 2159 574 2195 λουόμενος,
593 2160 783 2195 ἀλειφόμενος,
799 2162 828 2186 ἐν
842 2161 908 2187 πᾶσι
923 2161 1004 2196 θερα-

215 2204 374 2238 πευόμενος,
392 2204 439 2230 καὶ
449 2203 696 2240 διαϐασταζόμενος
714 2206 774 2236 ταῖς
797 2205 875 2240 χερσὶ
889 2205 936 2231 τοῦ
951 2205 1004 2231 Εὑ-

215 2246 319 2282 λογίου,
330 2247 378 2274 καὶ.
391 2247 462 2283 ὑπὲρ
478 2247 557 2281 ἀξίαν
572 2249 621 2284 μὲν
634 2248 739 2274 ἐκείνου
761 2248 1003 2284 δορυφορούμενος,

214 2290 393 2327 καταλλήλως
419 2291 447 2318 δῖε
468 2292 518 2326 τῆς
534 2291 612 2318 νόσου
639 2292 854 2326 ἀναπαυόμενος.
884 2292 962 2319 Μετὰ
977 2292 1005 2318 δὲ

169 2353 172 2355 -
214 2335 413 2364 πεντεκαίδεκα
425 2335 472 2371 έτη
490 2337 504 2362 6
516 2335 622 2371 δαίμων
634 2336 785 2371 ἐνέσκηψεν
797 2336 835 2371 τῷ
850 2336 1006 2371 λελωϐημέ-

214 2388 263 2416 νῳ,
277 2380 361 2407 θέλων
372 2380 443 2416 τάχα
454 2381 502 2407 καὶ
513 2381 558 2407 τὸν
574 2380 702 2414 Εὐλόγιον
714 2381 764 2415 τῆς
779 2381 888 2416 ἐντολῆς
899 2381 1006 2415 καὶτῆς

214 2425 371 2460 προθέσεως
390 2424 535 2460 στερῆσαι,
550 2424 598 2451 καὶ
613 2425 657 2451 τὸν
672 2424 860 2460 λελωϐημένον
876 2425 925 2459 τῆς
939 2425 1007 2452 ἀνα-

216 2469 344 2502 παύσεως
358 2470 405 2496 καὶ
419 2470 468 2504 τῆς
479 2470 655 2505 εὐχαριστίας
674 2470 787 2503 Κυρίου.
815 2469 873 2496 Καὶ
888 2471 1007 2497 ἀποστα-

216 2513 304 2547 σιάζει
319 2511 395 2545 οὗτος
408 2515 477 2549 πρὸς
497 2515 543 2541 τὸν
563 2514 703 2549 Εὐλόγιον,
724 2515 772 2542 καὶ
794 2514 896 2550 ἡρξατο
918 2515 1008 2550 λέγειν

215 2559 275 2585 κατ’
291 2557 376 2585 αὐτοῦ
390 2557 533 2594 δύσφημα,
547 2558 586 2590 ὡς
607 2558 654 2585 καὶ
668 2557 814 2593 λοιδορίαις
838 2559 931 2586 λοιπὸν
945 2558 1008 2586 πλύ-

214 2611 270 2630 νειν
284 2602 330 2630 τὸν
353 2601 448 2639 ἄνδρα,
475 2602 609 2637 ἐπιλέγων
637 2598 721 2638 αὐτῷ·
741 2602 843 2638 Σχάτα,
860 2603 1006 2638 γλούττων,

215 2647 373 2683 φυγοκύρι,
394 2646 524 2682 ἀλλότρια
549 2647 679 2683 χρήματα
706 2647 834 2682 ἔκλεψας.
858 2647 914 2674 Καὶ
938 2647 1008 2683 τάχα

214 2691 307 2723 δοῦλος
320 2690 452 2727 ὑπάρχων
479 2691 526 2718 τὸν
542 2692 609 2718 ἴδιον
635 2691 770 2727 δεσπότην
784 2691 919 2726 ἐσύλησας
930 2700 937 2707 ·
961 2692 1008 2719 καὶ

215 2736 248 2770 τῇ
263 2736 317 2771 ἐμῇ
345 2736 482 2771 προφάσει
501 2735 592 2772 βούλει
618 2735 720 2769 λαθεῖν,
737 2736 774 2768 ὡς
801 2737 847 2763 ἐπὶ
873 2738 1008 2772 προφάσει

215 2778 296 2812 δῆθεν
305 2780 429 2812 εὐποιίας
442 2781 482 2812 είς
499 2781 528 2807 τὸ
545 2780 657 2813 ξενίδιόν
673 2788 721 2806 σου
739 2781 829 2808 λαϐών
845 2789 891 2816 με,
908 2783 955 2808 καὶ
973 2781 1008 2808 δι’

216 2822 285 2858 ἐμοῦ
295 2822 386 2857 βούλει
398 2824 526 2860 σωθῆναι.
536 2825 565 2852 '0
574 2824 604 2851 δὲ
613 2824 741 2860 Εὺλόγιος
753 2825 904 2861 παρεκάλει
915 2826 1008 2859 αὑτὸν,

217 2865 381 2904 θεραπιύων
406 2869 489 2897 αὑτοῦ
505 2869 555 2905 τὴν
579 2869 705 2905 καρδίαν,
719 2869 806 2905 λέγων
819 2876 827 2884 ·
846 2869 902 2905 Μὴ,
919 2869 1008 2905 κύριε,

1022 2236 1042 2263 D

1040 273 1151 310 θοῦμαι.
1174 274 1203 300 '0
1217 273 1245 300 δὲ
1261 272 1321 305 ὅλος
1346 271 1534 306 λελωϐημένος
1554 270 1647 304 ἔλεγεν
1671 267 1827 304 ὲμϐριθῶς⁶

1041 317 1077 343 Οὐ
1091 316 1160 342 θέλω
1169 324 1216 343 σου
1231 315 1334 347 ταύτας
1350 314 1399 346 τὰς
1411 314 1568 345 κολακείας
1587 312 1735 346 ἀπένεγκε,
1752 311 1829 346 ρίψον

1042 368 1075 395 με
1092 361 1120 386 ἐν
1135 361 1167 396 τῇ
1184 359 1271 395 ἀγορᾷ
1286 358 1362 395 παρὰ
1376 357 1425 394 τὴν
1442 357 1512 393 ὲμὴν
1534 356 1647 392 πρώτην
1664 355 1827 382 ἀνάπαυσιν.

1048 403 1076 430 Ὀ
1084 404 1111 430 δὲ
1118 403 1256 438 Εὑλόγιος·
1265 401 1419 438 Παρακαλῶ
1428 410 1468 432 σε,
1476 399 1669 436 θεραπεύθητι,
1678 399 1736 425 εῐτι
1744 398 1828 434 λυπῇ,

1042 446 1130 483 κῦριὸ
1147 446 1245 482 μέγας.
1270 446 1299 472 ’0
1313 446 1340 473 δὲ
1369 445 1556 480 λελωϐημένος
1582 443 1732 478 ἀγριαίνων
1752 442 1830 479 θυμῷ

1042 491 1110 526 πρὸς
1124 490 1205 516 αὐτὸν
1219 489 1320 524 ἔλεγεν·
1334 489 1433 515 Ούκέτι
1447 488 1578 527 ἀνέχομαι
1589 486 1640 522 τῆς
1651 486 1769 512 ὑπούλου
1782 493 1829 511 σου

1043 534 1089 561 καὶ
1111 533 1255 569 είρωνικῆς
1284 532 1440 564 κολακείας.
1468 531 1526 558 Οὐκ
1555 531 1708 566 ἀρέσκομαι
1722 531 1756 565 τῇ
1773 528 1829 564 ζωῇ

1042 577 1128 613 ταύτῃ
1148 578 1181 612 τῇ
1205 576 1419 612 τεταριχευμένῃ
1440 575 1487 603 καὶ
1514 574 1647 609 φειδωλῷ.
1676 573 1746 608 Ἐγὼ
1761 573 1831 608 κρέα

1043 622 1112 650 θέλω
1123 621 1233 650 ἐσθίειν.
1251 620 1280 648 '0
1303 620 1332 647 δὲ
1358 619 1535 656 μακρόθυμος
1563 619 1692 653 Εὺλόγιος
1716 619 1832 653 ἦνεγκεν

1042 665 1117 701 αὑτῷ
1128 665 1207 701 κρέα.
1226 664 1300 691 Ἰδὼν
1309 663 1337 690 δὲ
1351 664 1420 692 αὐτὰ
1435 664 1528 697 πάλιν,
1539 663 1687 698 ἀνακράζει
1702 663 1716 689 6
1727 662 1831 689 δυσπα-

1044 710 1102 746 θής·
1117 710 1154 736 οὺ
1163 705 1470 744 πληροφοροῦμαιεῐναι
1486 707 1556 743 μετὰ
1570 705 1618 733 σοῦ
1637 705 1832 742 μόνου,ὁχλους

1044 754 1113 780 θέλω
1140 752 1259 788 βλέπειν.
1294 752 1377 786 Λέγει
1394 751 1468 787 αύτῷ
1484 752 1498 778 ὁ
1517 751 1646 785 Εύλόγιος
1659 760 1666 767 ·
1691 750 1761 785 Ἐγώ
1791 752 1831 776 σοι

1044 797 1120 832 φέρω
1136 796 1199 832 ἄρτι
1214 795 1316 831 πλῆθος
1331 795 1463 831 ἀδελφῶν.
1485 796 1514 822 '0
1527 795 1556 821 δὲ
1578 794 1660 822 πάλιν
1677 793 1832 821 ἀποδυσπε-

1043 841 1097 868 τῶν
1109 841 1200 875 λέγει·
1215 840 1283 867 Οὐαί
1300 848 1344 875 μοι
1358 839 1396 874 τῷ
1405 838 1582 874 ταλαιπώρῳ,
1598 838 1647 873 τὴν
1663 838 1712 873 σὴν
1724 838 1785 871 ὄψιν
1801 837 1831 863 οὐ

1011 899 1032 927 Β
1045 884 1114 910 θέλω
1131 883 1206 917 ίδεῖν,
1227 883 1274 909 καὶ
1286 882 1362 917 ἄγεις
1377 891 1423 917 μοι
1437 883 1501 913 τοὺς
1518 881 1628 917 ὁμοίους
1647 889 1694 907 σου
1710 881 1832 916 ἀργοφά-

1045 936 1125 961 γους;
1144 928 1199 953 Καὶ
1212 926 1354 962 σπαράξας
1370 926 1477 959 ἑαυτὸν,
1503 925 1614 960 ἀτάκτῳ
1627 926 1702 960 φωνῇ
1718 925 1834 959 ἀνέκρα-

1047 973 1101 1006 ξεν,
1117 972 1214 1006 λέγων’
1231 972 1268 998 Οὐ
1285 971 1364 1003 θέλω,
1380 971 1410 997 οὺ
1424 970 1503 1002 θέλω,
1517 970 1557 1001 είς
1575 970 1624 1005 τὴν
1639 969 1740 1003 ἀγορὰν
1754 969 1832 996 θέλω.

1046 1017 1078 1042 Ὢ
1093 1016 1154 1051 βίαι
1170 1015 1247 1050 ρίψον
1275 1024 1308 1050 με
1326 1016 1393 1041 ὅπου
1412 1023 1446 1050 με
1460 1011 1550 1050 εὗρες.
1566 1015 1646 1048 Λέγω
1662 1014 1703 1040 ὅτι
1715 1015 1740 1040 εί
1761 1011 1834 1048 εἶχεν

1037 1053 1150 1096 ίχεῖρας,
1163 1060 1194 1085 οὐ
1212 1060 1360 1096 παρῃτεῖτο
1375 1059 1421 1085 καὶ
1435 1059 1538 1094 ἀγχόνῃ
1553 1058 1717 1093 χρήσασθαι,
1730 1057 1747 1093 ἢ
1762 1056 1834 1092 ξίφει

1036 1094 1140 1133 ίέαυτὺν
1171 1094 1355 1139 χειρίσασθαι.
1386 1102 1479 1133 Οὕτως
1510 1102 1591 1128 αὑτὸν
1628 1100 1674 1128 τοῦ
1708 1100 1834 1136 δαίμονος

1036 1148 1264 1183 ίὲξαγριώσαντος
1277 1167 1284 1178 ,
1303 1148 1371 1182 μετὰ
1392 1147 1478 1174 ταῦτα
1506 1147 1655 1182 ἀπέρχεται
1669 1147 1684 1172 6
1705 1145 1834 1179 Εύλὸγιος

1036 1193 1113 1228 ,πρὸς
1125 1193 1188 1224 τοὺς
1202 1193 1234 1218 ἐκ
1247 1191 1375 1226 γειτόνων
1392 1190 1474 1218 αὐτοῦ
1495 1190 1627 1225 ἀσκητὰς,
1641 1189 1688 1216 καὶ
1702 1189 1776 1223 λέγει
1785 1184 1835 1216 tif:-

1037 1226 1101 1268 ξτοῖς
1113 1244 1119 1250 ·
1147 1236 1180 1262 Τί
1198 1236 1312 1270 ποιήσω,
1329 1235 1370 1261 ὃτι
1395 1235 1435 1266 εἰς
1461 1233 1632 1268 ἀπελπισμδν
1652 1233 1755 1268 ἤγαγέν
1773 1241 1806 1268 με
1820 1233 1835 1259 6

1037 1271 1234 1315 ίλελωϐημένος
1253 1277 1347 1311 οὖτος;
1365 1278 1498 1312 Λέγουσιν
1513 1277 1602 1312 αὐτῷ·
1616 1278 1666 1304 Διά
1683 1277 1725 1309 τίς
1744 1277 1774 1304 '0
1793 1277 1834 1304 δέ·

1039 1319 1127 1361 ’,Δεινά
1142 1332 1187 1358 μοι
1203 1323 1362 1355 διατίθεται,
1381 1323 1427 1348 καὶ
1443 1322 1470 1348 τί
1485 1322 1592 1357 ποιήσω
1601 1321 1651 1348 οὐκ
1664 1319 1732 1348 οἶδα.
1751 1321 1837 1356 Ῥίψω

1043 1369 1138 1402 αὑτὸν,
1149 1368 1217 1395 ἀλλὰ
1231 1367 1269 1403 τῷ
1284 1366 1343 1402 Θεῷ
1356 1366 1444 1398 δεξιὰς
1459 1366 1556 1399 ἔδωκα,
1569 1366 1617 1393 καὶ
1627 1365 1774 1400 φοϐοῦμαι.
1789 1365 1836 1400 Μὴ

1049 1413 1119 1449 ῥίψω
1138 1412 1218 1439 αὐτόν
1229 1420 1235 1426 ·
1248 1411 1317 1438 ἀλλὰ
1328 1411 1418 1443 κακὰς
1432 1411 1541 1446 ἡμέρας
1557 1419 1603 1446 μοι
1620 1411 1667 1436 καὶ
1683 1409 1784 1441 νύκτας
1797 1409 1837 1435 δί-

1048 1458 1139 1484 δωσιν.
1152 1457 1209 1483 Οὐκ
1223 1455 1283 1483 οἶδα
1299 1456 1325 1482 τί
1349 1455 1424 1491 αὐτῷ
1454 1456 1571 1491 ποιήσω.
1600 1455 1733 1489 Λέγουσιν
1762 1454 1837 1489 αὐτῷ

1050 1502 1158 1534 ἐκεῖνοι,
1183 1501 1221 1532 ὡς
1242 1500 1281 1526 ἑτι
1309 1501 1341 1535 ζῇ
1354 1502 1368 1527 6
1395 1500 1482 1535 μέγας
1498 1499 1579 1534 (οὕτω
1595 1499 1648 1533 γὰρ
1664 1499 1778 1525 ἐκάλουν
1792 1499 1838 1525 τὸν

1050 1546 1126 1580 ἆγιον
1149 1544 1300 1579 Ἀντώνιον)
1312 1564 1319 1577 ,
1331 1544 1425 1572 ἄνελθε
1441 1544 1510 1579 πρὸς
1524 1543 1615 1575 αὑτὸν,
1633 1542 1721 1578 βαλὼν
1733 1543 1778 1569 τὸν
1793 1542 1838 1568 λε-

1050 1590 1206 1625 λωϐημένον
1217 1589 1256 1620 είς
1270 1589 1371 1620 πλοῖον,
1386 1589 1432 1614 καὶ
1443 1588 1573 1621 ἀνένεγκε
1593 1586 1673 1613 αὑτὸν
1688 1587 1727 1617 είς
1743 1585 1772 1612 τὺ
1788 1594 1838 1621 μο-

1051 1634 1206 1669 νλστήριον,
1219 1633 1266 1659 καὶ
1282 1631 1389 1664 ἓκδεξαι
1402 1631 1454 1663 ἕως
1469 1628 1499 1658 οὒ
1511 1630 1607 1666 ἐξέλθῃ
1621 1631 1635 1656 6
1653 1630 1739 1664 μέγας
1750 1631 1783 1655 ὲκ
1791 1629 1838 1655 τοῦ

1053 1677 1197 1712 σπηλαίου,
1213 1677 1262 1703 καὶ
1284 1676 1414 1710 ἀνένεγκε
1442 1674 1516 1710 αὐτῷ
1542 1675 1572 1700 τὸ
1590 1674 1694 1709 κρῖμα·
1709 1673 1779 1700 καὶὸ
1791 1673 1840 1699 ὲάν

1052 1731 1093 1749 σοι
1109 1722 1174 1757 είπῃ
1188 1721 1278 1754 αὐτὸς,
1306 1721 1449 1756 στοίχησον
1465 1719 1546 1746 αὐτοῦ
1575 1720 1608 1754 τῇ
1632 1718 1781 1752 ἐπικρίσει.
1811 1719 1839 1744 ’0

1053 1767 1106 1800 γὰρ
1123 1765 1189 1796 Θεὸς
1207 1773 1248 1791 σοι
1262 1765 1334 1799 λέγει
1352 1764 1385 1790 δι’
1402 1762 1496 1791 αὑτοῦ.
1522 1762 1550 1788 '0
1572 1762 1600 1788 δὲ
1614 1762 1743 1797 εὐπειθὴς
1759 1761 1841 1788 E616-

1052 1818 1110 1844 γιος
1127 1809 1257 1844 ἠνέσχετο
1266 1808 1367 1840 αὐτῶν,
1383 1808 1431 1835 καὶ
1444 1806 1611 1837 κολακεύσας
1621 1806 1666 1831 τὸν
1681 1804 1839 1840 λελωϐημέ-

1053 1862 1098 1880 νον
1112 1852 1238 1886 ἐμϐαλὼν
1250 1851 1331 1878 αὑτὸν
1360 1852 1400 1882 είς
1414 1851 1516 1885 σκάφος
1541 1849 1708 1886 βουκολικὸν,
1729 1849 1841 1884 ἐξῆλθεν

1054 1896 1103 1931 τῆς
1112 1896 1213 1927 πελεως
1225 1896 1254 1922 ὲν
1261 1896 1404 1929 νυκτὶικαὶ
1416 1895 1565 1930 ἀνήνεγκεν
1576 1893 1656 1920 αὑτὸν
1664 1893 1704 1923 είς
1713 1892 1743 1919 τὸ
1753 1900 1840 1927 μονα-

1055 1942 1166 1976 στήριον
1193 1940 1240 1966 τοῦ
1273 1940 1390 1975 μεγάλου
1413 1937 1568 1966 Ἀντωνίου.
1595 1937 1699 1972 Συνέϐη
1730 1936 1759 1963 δὲ
1790 1937 1842 1972 τὴν

1054 1985 1136 2019 ἀλλην
1151 1984 1258 2019 ἡμέραν
1274 1984 1360 2010 ἐλθεῖν
1374 1983 1419 2010 τὸν
1433 1982 1518 2017 μέγαν
1533 1981 1652 2017 ἑσπέρας
1669 1980 1791 2016 βαθείας,
1803 1980 1842 2013 ὼς

1055 2029 1168 2063 Κρόνιος
1181 2027 1339 2063 διηγήσατο,
1355 2025 1599 2061 ὲμπεφιϐλωμένον
1608 2025 1656 2060 χλιι
1662 2025 1732 2061 μύδα
1741 2025 1844 2060 δερμα-

1054 2072 1142 2106 τίνην.
1164 2072 1325 2107 Ἑρχόμενος
1349 2069 1396 2099 οὖν
1422 2071 1462 2102 εἰς
1481 2070 1511 2096 τὸ
1541 2070 1721 2105 μοναστὴριον
1746 2068 1842 2096 ἑαυτοῦ

1056 2117 1209 2152 εἰσήρχετο.
1224 2116 1279 2142 Καὶ
1295 2114 1397 2150 ταύτην
1411 2112 1468 2150 εἶχε
1478 2115 1527 2150 τὴν
1539 2114 1681 2149 συνήθειαν
1695 2113 1787 2140 καλεῖν
1797 2114 1843 2141 τὸν

1056 2161 1211 2195 Μακάριον,
1236 2161 1283 2186 καὶ
1308 2160 1413 2195 ἐρωτᾷν
1433 2160 1533 2186 αὐτόν·
1569 2159 1680 2194 ’Λδελιιέ
1705 2159 1842 2194 Μακάριε,

1056 2204 1138 2240 ἦλθόν
1163 2213 1236 2236 τινες
1264 2204 1374 2238 ἀδελφοὶ
1388 2203 1503 2236 ὲνθὰδε;
1525 2203 1703 2239 Ἀπεκρίνατο
1722 2204 1736 2230 6
1749 2204 1845 2230 Μακά-

1059 2258 1124 2285 ριος·
1145 2247 1258 2275 Ἦλθον.
1273 2249 1328 2275 Καὶ
1341 2249 1356 2275 6
1373 2248 1468 2282 μέγας·
1486 2247 1630 2282 Αἰγύπτιοί
1645 2249 1713 2274 εἰσιν
1727 2247 1745 2283 ἢ
1764 2248 1844 2283 Ἰερο-

1058 2295 1211 2329 σολυμῖται.
1231 2292 1371 2319 Ἐδεδὼκει
1387 2292 1416 2318 δὲ
1429 2291 1503 2326 αὐτῷ
1525 2294 1637 2327 σημεῖον
1647 2292 1662 2318 6
1678 2292 1776 2326 μέγας,
1799 2292 1845 2318 λέ-

1055 2345 1122 2372 γων·
1143 2338 1228 2364 Ὅταν
1245 2335 1522 2372 ἀπραγμονεστέρους
1537 2337 1612 2367 τινὰς
1626 2336 1684 2371 ἴδῃς
1707 2335 1844 2367 ἐλθόντας,

1056 2382 1119 2417 λέγε
1133 2382 1174 2408 ὅτι
1189 2380 1333 2415 Αἰγύπτιοί
1349 2381 1418 2407 εἰσιν
1429 2388 1436 2396 ·
1450 2381 1516 2407 ὅταν
1539 2380 1567 2407 δέ
1589 2388 1665 2412 τινας
1686 2379 1846 2407 εὐλαϐεστέ-

1057 2435 1121 2463 ρους
1139 2428 1186 2453 καὶ
1199 2426 1388 2461 λογιωτέρους,
1400 2424 1463 2459 λέγε
1475 2425 1515 2451 ὗτι
1538 2425 1749 2460 Ἱεροσολυμῖται
1764 2425 1846 2452 εἰσιν.

1063 2471 1172 2507 Ἦρώτα
1188 2469 1234 2498 οὖν
1247 2472 1317 2497 κατά
1329 2470 1359 2496 τὸ
1372 2470 1466 2502 είωθδς
1482 2471 1496 2497 6
1508 2469 1605 2506 μέγας,
1623 2469 1710 2504 λέγων
1733 2468 1773 2505 τῷ
1792 2477 1845 2504 μα-
1880 2474 1885 2476 ‘

1058 2515 1126 2551 θητῇ
1142 2515 1296 2550 Μακαρίῳ·
1309 2515 1455 2549 Αἰγύπτιοί
1471 2514 1541 2541 εἰσιν
1552 2514 1577 2541 οι
1595 2513 1743 2548 ἀδελφοὶ,ἢ
1766 2513 1847 2548 Ἱερο-

1059 2559 1203 2595 σολυμῖται
1227 2560 1298 2592 eiut;
1333 2558 1512 2594 ’Λπεκρίνατο
1536 2559 1550 2585 6
1579 2558 1734 2593 Μακάριος,
1759 2556 1847 2591 λέγων

1058 2602 1143 2639 αὐτῷ,
1164 2603 1205 2629 ὃτι
1215 2602 1312 2638 Μίγμα
1327 2602 1406 2630 είσὶν.
1420 2602 1505 2629 Ὅταν
1518 2600 1564 2628 οὖν
1576 2599 1652 2639 εἷπε-ν
1666 2602 1680 2627 6
1692 2601 1846 2636 Μακάριος,

1059 2647 1101 2674 ὅτι
1118 2637 1262 2681 Αἰγύπτιοί
1277 2637 1361 2679 εἰσιν,
1375 2645 1474 2679 ¹ἔλεγεν
1497 2643 1572 2680 αύτῷ
1586 2645 1600 2671 6
1615 2637 1714 2680 μέγας
1731 2644 1847 2680 Ποίησον

1058 2692 1148 2722 αὐτοῖς
1164 2690 1260 2725 φακὸν,
1274 2690 1321 2717 καὶ
1332 2689 1377 2722 δὸς
1399 2689 1492 2720 αὐτοῖς
1513 2689 1611 2723 φαγεῖν
1620 2696 1627 2704 '
1642 2688 1690 2715 καὶ
1700 2687 1787 2714 ἐποίει
1798 2687 1848 2715 αὑ-

1059 2736 1115 2767 τοῖς
1134 2735 1217 2770 εὐχὴν
1233 2736 1309 2770 μίαν,
1322 2735 1370 2761 καὶ
1382 2734 1500 2761 ἀπέλυεν
1513 2733 1624 2766 αὐτούς.
1649 2732 1735 2760 ὀταν
1747 2732 1776 2760 δὲ
1793 2732 1849 2759 ελε-

1058 2787 1118 2813 γεν,
1128 2780 1170 2805 ὅτι
1189 2779 1413 2814 Ἱεροσολυμῖται,
1425 2777 1569 2810 ἐκαθέζετο
1580 2777 1624 2804 διὰ
1634 2776 1724 2814 πάσης
1741 2775 1848 2810 νυκτὸς,

1060 2825 1107 2852 καὶ
1114 2824 1205 2852 ἐλάλει
1219 2824 1310 2856 αὐτοῖς
1325 2824 1360 2850 τὰ
1367 2823 1540 2859 προσήκοντα
1553 2823 1623 2858 πρὸς
1633 2822 1781 2859 σωτηρίαν.
1804 2822 1850 2850 Ἐν

1061 2868 1153 2904 ἐκείνῃ
1170 2867 1216 2896 οὖν
1227 2869 1261 2905 τῇ
1277 2867 1382 2903 ἑσπέρα
1391 2866 1548 2900 καθεσθεὶς,
1560 2867 1640 2903 φησι,
1655 2866 1850 2903 προσκαλεῖται
