  <div class='ocr_page' id='page_1' title='image "/cluster/home/n/w/nwhite01/storage/ocr_20150623/34/njp.32101077772547/574.png"; bbox 0 0 2079 3157; ppageno 0'>
   <div class='ocr_carea' id='block_1_1' title="bbox 217 170 285 197">
    <p class='ocr_par' dir='ltr' id='par_1_1' title="bbox 217 170 285 197">
     <span class='ocr_line' id='line_1_1' title="bbox 217 170 285 197; baseline 0.015 -1"><span class='ocrx_word' id='word_1_1' title='bbox 217 170 285 197; x_wconf 78' lang='grc'>1077</span> 
     </span>
    </p>
   </div>
   <div class='ocr_carea' id='block_1_2' title="bbox 844 171 1198 201">
    <p class='ocr_par' dir='ltr' id='par_1_2' title="bbox 844 171 1198 201">
     <span class='ocr_line' id='line_1_2' title="bbox 844 171 1198 201; baseline -0.008 0"><span class='ocrx_word' id='word_1_2' title='bbox 844 172 1001 201; x_wconf 81' lang='lat' dir='ltr'><strong>HISTORIA</strong></span> <span class='ocrx_word' id='word_1_3' title='bbox 1021 171 1198 200; x_wconf 78' lang='lat' dir='ltr'><strong>LAUSIACA.</strong></span> 
     </span>
    </p>
   </div>
   <div class='ocr_carea' id='block_1_3' title="bbox 1752 177 1818 209">
    <p class='ocr_par' dir='ltr' id='par_1_3' title="bbox 1752 177 1818 209">
     <span class='ocr_line' id='line_1_3' title="bbox 1752 177 1818 209; baseline 0.076 -5"><span class='ocrx_word' id='word_1_4' title='bbox 1752 177 1818 209; x_wconf 81' lang='lat' dir='ltr'><strong>I078</strong></span> 
     </span>
    </p>
   </div>
   <div class='ocr_carea' id='block_1_4' title="bbox 216 227 1819 265">
    <p class='ocr_par' dir='ltr' id='par_1_4' title="bbox 216 227 1819 265">
     <span class='ocr_line' id='line_1_4' title="bbox 216 227 1819 265; baseline 0.002 -11"><span class='ocrx_word' id='word_1_5' title='bbox 216 234 274 262; x_wconf 78' lang='lat' dir='ltr'><strong>qute</strong></span> <span class='ocrx_word' id='word_1_6' title='bbox 296 227 429 260; x_wconf 72' lang='lat' dir='ltr'><strong>pertinent</strong></span> <span class='ocrx_word' id='word_1_7' title='bbox 451 227 482 254; x_wconf 89' lang='lat' dir='ltr'><strong>ad</strong></span> <span class='ocrx_word' id='word_1_8' title='bbox 497 227 618 255; x_wconf 75' lang='lat' dir='ltr'><strong>salutem.</strong></span> <span class='ocrx_word' id='word_1_9' title='bbox 633 227 735 255; x_wconf 82' lang='lat' dir='ltr'><strong>Sedens</strong></span> <span class='ocrx_word' id='word_1_10' title='bbox 750 235 812 263; x_wconf 88' lang='lat' dir='ltr'><strong>ergo</strong></span> <span class='ocrx_word' id='word_1_11' title='bbox 827 227 871 255; x_wconf 93' lang='lat' dir='ltr'><strong>illo</strong></span> <span class='ocrx_word' id='word_1_12' title='bbox 885 234 995 261; x_wconf 82' lang='lat' dir='ltr'><strong>vespere</strong></span> <span class='ocrx_word' id='word_1_13' title='bbox 1008 227 1032 255; x_wconf 86' lang='lat' dir='ltr'><strong>A</strong></span> <span class='ocrx_word' id='word_1_14' title='bbox 1047 233 1150 260; x_wconf 81' lang='lat' dir='ltr'><strong>quoque</strong></span> <span class='ocrx_word' id='word_1_15' title='bbox 1161 227 1188 253; x_wconf 94' lang='lat' dir='ltr'><strong>in</strong></span> <span class='ocrx_word' id='word_1_16' title='bbox 1202 234 1295 254; x_wconf 81' lang='lat' dir='ltr'><strong>manus</strong></span> <span class='ocrx_word' id='word_1_17' title='bbox 1310 228 1357 255; x_wconf 88' lang='lat' dir='ltr'><strong>Dei</strong></span> <span class='ocrx_word' id='word_1_18' title='bbox 1376 235 1452 256; x_wconf 87' lang='lat' dir='ltr'><strong>suum</strong></span> <span class='ocrx_word' id='word_1_19' title='bbox 1472 230 1666 258; x_wconf 86' lang='lat' dir='ltr'><strong>commendavit</strong></span> <span class='ocrx_word' id='word_1_20' title='bbox 1687 231 1819 265; x_wconf 73' lang='lat' dir='ltr'><strong>spiritum.</strong></span> 
     </span>
    </p>
   </div>
   <div class='ocr_carea' id='block_1_5' title="bbox 213 272 993 307">
    <p class='ocr_par' dir='ltr' id='par_1_5' title="bbox 213 272 993 307">
     <span class='ocr_line' id='line_1_5' title="bbox 213 272 993 307; baseline 0 -8"><span class='ocrx_word' id='word_1_21' title='bbox 213 279 305 299; x_wconf 82' lang='lat' dir='ltr'><strong>omnes</strong></span> <span class='ocrx_word' id='word_1_22' title='bbox 326 272 437 299; x_wconf 81' lang='lat' dir='ltr'><strong>accersit</strong></span> <span class='ocrx_word' id='word_1_23' title='bbox 459 280 579 306; x_wconf 87' lang='lat' dir='ltr'><strong>magnus.</strong></span> <span class='ocrx_word' id='word_1_24' title='bbox 603 272 720 307; x_wconf 82' lang='lat' dir='ltr'><strong>Cumque</strong></span> <span class='ocrx_word' id='word_1_25' title='bbox 735 274 820 300; x_wconf 91' lang='lat' dir='ltr'><strong>nullus</strong></span> <span class='ocrx_word' id='word_1_26' title='bbox 843 274 866 300; x_wconf 94' lang='lat' dir='ltr'><strong>ei</strong></span> <span class='ocrx_word' id='word_1_27' title='bbox 881 273 993 300; x_wconf 85' lang='lat' dir='ltr'><strong>dixisset</strong></span> 
     </span>
    </p>
   </div>
   <div class='ocr_carea' id='block_1_6' title="bbox 214 315 994 350">
    <p class='ocr_par' dir='ltr' id='par_1_6' title="bbox 214 315 994 350">
     <span class='ocr_line' id='line_1_6' title="bbox 214 315 994 350; baseline 0.004 -9"><span class='ocrx_word' id='word_1_28' title='bbox 214 315 283 349; x_wconf 90' lang='lat' dir='ltr'><strong>quod</strong></span> <span class='ocrx_word' id='word_1_29' title='bbox 297 323 391 342; x_wconf 85' lang='lat' dir='ltr'><strong>nomen</strong></span> <span class='ocrx_word' id='word_1_30' title='bbox 407 316 516 343; x_wconf 91' lang='lat' dir='ltr'><strong>haberet</strong></span> <span class='ocrx_word' id='word_1_31' title='bbox 538 317 723 350; x_wconf 82' lang='lat' dir='ltr'><strong>scholasticus,</strong></span> <span class='ocrx_word' id='word_1_32' title='bbox 751 325 810 344; x_wconf 90' lang='lat' dir='ltr'><strong>cum</strong></span> <span class='ocrx_word' id='word_1_33' title='bbox 825 325 900 344; x_wconf 89' lang='lat' dir='ltr'><strong>serus</strong></span> <span class='ocrx_word' id='word_1_34' title='bbox 922 321 994 344; x_wconf 83' lang='lat' dir='ltr'><strong>esset</strong></span> 
     </span>
    </p>
   </div>
   <div class='ocr_carea' id='block_1_7' title="bbox 214 361 993 396">
    <p class='ocr_par' dir='ltr' id='par_1_7' title="bbox 214 361 993 396">
     <span class='ocr_line' id='line_1_7' title="bbox 214 361 993 396; baseline 0.001 -8"><span class='ocrx_word' id='word_1_35' title='bbox 214 368 318 395; x_wconf 80' lang='lat' dir='ltr'><strong>vesper,</strong></span> <span class='ocrx_word' id='word_1_36' title='bbox 331 366 406 387; x_wconf 89' lang='lat' dir='ltr'><strong>vocat</strong></span> <span class='ocrx_word' id='word_1_37' title='bbox 416 368 475 388; x_wconf 90' lang='lat' dir='ltr'><strong>eum</strong></span> <span class='ocrx_word' id='word_1_38' title='bbox 489 361 579 388; x_wconf 89' lang='lat' dir='ltr'><strong>dicens</strong></span> <span class='ocrx_word' id='word_1_39' title='bbox 591 370 597 387; x_wconf 91' lang='lat'>:</span> <span class='ocrx_word' id='word_1_40' title='bbox 614 362 715 396; x_wconf 79' lang='lat' dir='ltr'><strong>Eulogi,</strong></span> <span class='ocrx_word' id='word_1_41' title='bbox 733 362 834 396; x_wconf 83' lang='lat' dir='ltr'><strong>Eulogi,</strong></span> <span class='ocrx_word' id='word_1_42' title='bbox 848 362 952 396; x_wconf 86' lang='lat' dir='ltr'><strong>Eulogi;</strong></span> <span class='ocrx_word' id='word_1_43' title='bbox 966 366 993 389; x_wconf 90' lang='lat' dir='ltr'><strong>et</strong></span> 
     </span>
    </p>
   </div>
   <div class='ocr_carea' id='block_1_8' title="bbox 213 406 991 441">
    <p class='ocr_par' dir='ltr' id='par_1_8' title="bbox 213 406 991 441">
     <span class='ocr_line' id='line_1_8' title="bbox 213 406 991 441; baseline 0.003 -10"><span class='ocrx_word' id='word_1_44' title='bbox 213 413 271 432; x_wconf 87' lang='lat' dir='ltr'><strong>cum</strong></span> <span class='ocrx_word' id='word_1_45' title='bbox 290 411 330 432; x_wconf 90' lang='lat' dir='ltr'><strong>tcr</strong></span> <span class='ocrx_word' id='word_1_46' title='bbox 344 406 544 439; x_wconf 81' lang='lat' dir='ltr'><strong>proclamasset,</strong></span> <span class='ocrx_word' id='word_1_47' title='bbox 560 411 588 433; x_wconf 88' lang='lat' dir='ltr'><strong>et</strong></span> <span class='ocrx_word' id='word_1_48' title='bbox 601 407 773 433; x_wconf 81' lang='lat' dir='ltr'><strong>scholasticus</strong></span> <span class='ocrx_word' id='word_1_49' title='bbox 795 407 919 441; x_wconf 84' lang='lat' dir='ltr'><strong>Eulogius</strong></span> <span class='ocrx_word' id='word_1_50' title='bbox 939 414 991 434; x_wconf 86' lang='lat' dir='ltr'><strong>non</strong></span> 
     </span>
    </p>
   </div>
   <div class='ocr_carea' id='block_1_9' title="bbox 212 451 993 485">
    <p class='ocr_par' dir='ltr' id='par_1_9' title="bbox 212 451 993 485">
     <span class='ocr_line' id='line_1_9' title="bbox 212 451 993 485; baseline 0.001 -8"><span class='ocrx_word' id='word_1_51' title='bbox 212 451 401 485; x_wconf 68' lang='lat' dir='ltr'><strong>respondisset,</strong></span> <span class='ocrx_word' id='word_1_52' title='bbox 418 456 512 484; x_wconf 87' lang='lat' dir='ltr'><strong>putans</strong></span> <span class='ocrx_word' id='word_1_53' title='bbox 524 451 638 485; x_wconf 85' lang='lat' dir='ltr'><strong>aliquem</strong></span> <span class='ocrx_word' id='word_1_54' title='bbox 661 452 739 478; x_wconf 92' lang='lat' dir='ltr'><strong>alium</strong></span> <span class='ocrx_word' id='word_1_55' title='bbox 758 452 848 478; x_wconf 86' lang='lat' dir='ltr'><strong>vocari</strong></span> <span class='ocrx_word' id='word_1_56' title='bbox 874 453 922 478; x_wconf 90' lang='lat' dir='ltr'><strong>hoc</strong></span> <span class='ocrx_word' id='word_1_57' title='bbox 944 458 993 478; x_wconf 91' lang='lat' dir='ltr'><strong>no-</strong></span> 
     </span>
    </p>
   </div>
   <div class='ocr_carea' id='block_1_10' title="bbox 212 495 990 530">
    <p class='ocr_par' dir='ltr' id='par_1_10' title="bbox 212 495 990 530">
     <span class='ocr_line' id='line_1_10' title="bbox 212 495 990 530; baseline 0.001 -9"><span class='ocrx_word' id='word_1_58' title='bbox 212 495 294 526; x_wconf 82' lang='lat' dir='ltr'><strong>mine,</strong></span> <span class='ocrx_word' id='word_1_59' title='bbox 308 495 372 521; x_wconf 80' lang='lat' dir='ltr'><strong>dicit</strong></span> <span class='ocrx_word' id='word_1_60' title='bbox 383 495 406 521; x_wconf 88' lang='lat' dir='ltr'><strong>ci</strong></span> <span class='ocrx_word' id='word_1_61' title='bbox 420 502 549 529; x_wconf 82' lang='lat' dir='ltr'><strong>magnus:</strong></span> <span class='ocrx_word' id='word_1_62' title='bbox 566 495 623 522; x_wconf 83' lang='lat' dir='ltr'><strong>Tibi</strong></span> <span class='ocrx_word' id='word_1_63' title='bbox 635 495 704 528; x_wconf 86' lang='lat' dir='ltr'><strong>dico,</strong></span> <span class='ocrx_word' id='word_1_64' title='bbox 718 496 819 530; x_wconf 87' lang='lat' dir='ltr'><strong>Eulogi,</strong></span> <span class='ocrx_word' id='word_1_65' title='bbox 835 495 879 529; x_wconf 90' lang='lat' dir='ltr'><strong>qui</strong></span> <span class='ocrx_word' id='word_1_66' title='bbox 894 496 990 523; x_wconf 83' lang='lat' dir='ltr'><strong>venisti</strong></span> 
     </span>
    </p>
   </div>
   <div class='ocr_carea' id='block_1_11' title="bbox 164 539 989 574">
    <p class='ocr_par' dir='ltr' id='par_1_11' title="bbox 164 539 989 574">
     <span class='ocr_line' id='line_1_11' title="bbox 164 539 989 574; baseline 0.002 -9"><span class='ocrx_word' id='word_1_67' title='bbox 164 549 166 551; x_wconf 62' lang='grc' dir='ltr'><strong><em>τ</em></strong></span> <span class='ocrx_word' id='word_1_68' title='bbox 211 539 244 566; x_wconf 88' lang='lat' dir='ltr'><strong>ah</strong></span> <span class='ocrx_word' id='word_1_69' title='bbox 258 539 427 566; x_wconf 79' lang='lat' dir='ltr'><strong>Alexandria.</strong></span> <span class='ocrx_word' id='word_1_70' title='bbox 444 539 517 566; x_wconf 88' lang='lat' dir='ltr'><strong>Tunc</strong></span> <span class='ocrx_word' id='word_1_71' title='bbox 532 539 556 567; x_wconf 94' lang='lat' dir='ltr'><strong>ei</strong></span> <span class='ocrx_word' id='word_1_72' title='bbox 577 539 640 567; x_wconf 84' lang='lat' dir='ltr'><strong>dicit</strong></span> <span class='ocrx_word' id='word_1_73' title='bbox 655 540 780 574; x_wconf 74' lang='lat' dir='ltr'><strong>Eulogius</strong></span> <span class='ocrx_word' id='word_1_74' title='bbox 795 549 802 567; x_wconf 89' lang='lat'>:</span> <span class='ocrx_word' id='word_1_75' title='bbox 816 540 882 574; x_wconf 85' lang='lat' dir='ltr'><strong>Quid</strong></span> <span class='ocrx_word' id='word_1_76' title='bbox 896 541 989 574; x_wconf 90' lang='lat' dir='ltr'><strong>jubes,</strong></span> 
     </span>
    </p>
   </div>
   <div class='ocr_carea' id='block_1_12' title="bbox 210 584 991 619">
    <p class='ocr_par' dir='ltr' id='par_1_12' title="bbox 210 584 991 619">
     <span class='ocr_line' id='line_1_12' title="bbox 210 584 991 619; baseline 0.001 -9"><span class='ocrx_word' id='word_1_77' title='bbox 210 585 320 618; x_wconf 64' lang='lat' dir='ltr'><strong>quaeso?</strong></span> <span class='ocrx_word' id='word_1_78' title='bbox 335 584 401 610; x_wconf 87' lang='lat' dir='ltr'><strong>Dicit</strong></span> <span class='ocrx_word' id='word_1_79' title='bbox 411 585 434 611; x_wconf 91' lang='lat' dir='ltr'><strong>ei</strong></span> <span class='ocrx_word' id='word_1_80' title='bbox 449 591 576 618; x_wconf 79' lang='lat' dir='ltr'><strong>magnus:</strong></span> <span class='ocrx_word' id='word_1_81' title='bbox 591 584 658 616; x_wconf 84' lang='lat' dir='ltr'><strong>Quid</strong></span> <span class='ocrx_word' id='word_1_82' title='bbox 674 584 725 611; x_wconf 87' lang='lat' dir='ltr'><strong>huc</strong></span> <span class='ocrx_word' id='word_1_83' title='bbox 739 584 852 612; x_wconf 83' lang='lat' dir='ltr'><strong>venisti?</strong></span> <span class='ocrx_word' id='word_1_84' title='bbox 872 584 991 619; x_wconf 83' lang='lat' dir='ltr'><strong>Respon-</strong></span> 
     </span>
    </p>
   </div>
   <div class='ocr_carea' id='block_1_13' title="bbox 210 627 990 662">
    <p class='ocr_par' dir='ltr' id='par_1_13' title="bbox 210 627 990 662">
     <span class='ocr_line' id='line_1_13' title="bbox 210 627 990 662; baseline 0.003 -8"><span class='ocrx_word' id='word_1_85' title='bbox 210 629 250 655; x_wconf 92' lang='lat' dir='ltr'><strong>dit</strong></span> <span class='ocrx_word' id='word_1_86' title='bbox 263 628 287 655; x_wconf 91' lang='lat' dir='ltr'><strong>ei</strong></span> <span class='ocrx_word' id='word_1_87' title='bbox 303 627 443 662; x_wconf 79' lang='lat' dir='ltr'><strong>Eulogius,</strong></span> <span class='ocrx_word' id='word_1_88' title='bbox 470 627 580 655; x_wconf 86' lang='lat' dir='ltr'><strong>dicens:</strong></span> <span class='ocrx_word' id='word_1_89' title='bbox 601 628 651 660; x_wconf 83' lang='lat' dir='ltr'><strong>Qui</strong></span> <span class='ocrx_word' id='word_1_90' title='bbox 675 629 721 656; x_wconf 91' lang='lat' dir='ltr'><strong>tibi</strong></span> <span class='ocrx_word' id='word_1_91' title='bbox 744 629 869 656; x_wconf 83' lang='lat' dir='ltr'><strong>revelavit</strong></span> <span class='ocrx_word' id='word_1_92' title='bbox 894 636 990 656; x_wconf 88' lang='lat' dir='ltr'><strong>nomen</strong></span> 
     </span>
    </p>
   </div>
   <div class='ocr_carea' id='block_1_14' title="bbox 211 674 988 709">
    <p class='ocr_par' dir='ltr' id='par_1_14' title="bbox 211 674 988 709">
     <span class='ocr_line' id='line_1_14' title="bbox 211 674 988 709; baseline 0.004 -11"><span class='ocrx_word' id='word_1_93' title='bbox 211 680 311 705; x_wconf 88' lang='lat' dir='ltr'><strong>tneum,</strong></span> <span class='ocrx_word' id='word_1_94' title='bbox 335 680 390 699; x_wconf 90' lang='lat' dir='ltr'><strong>rem</strong></span> <span class='ocrx_word' id='word_1_95' title='bbox 416 680 520 707; x_wconf 88' lang='lat' dir='ltr'><strong>quoque</strong></span> <span class='ocrx_word' id='word_1_96' title='bbox 535 679 642 708; x_wconf 87' lang='lat' dir='ltr'><strong>propter</strong></span> <span class='ocrx_word' id='word_1_97' title='bbox 664 682 741 709; x_wconf 88' lang='lat' dir='ltr'><strong>quam</strong></span> <span class='ocrx_word' id='word_1_98' title='bbox 765 675 824 702; x_wconf 85' lang='lat' dir='ltr'><strong>veni</strong></span> <span class='ocrx_word' id='word_1_99' title='bbox 851 674 988 702; x_wconf 88' lang='lat' dir='ltr'><strong>revelavit.</strong></span> 
     </span>
    </p>
   </div>
   <div class='ocr_carea' id='block_1_15' title="bbox 211 716 989 753">
    <p class='ocr_par' dir='ltr' id='par_1_15' title="bbox 211 716 989 753">
     <span class='ocr_line' id='line_1_15' title="bbox 211 716 989 753; baseline 0.005 -11"><span class='ocrx_word' id='word_1_100' title='bbox 211 716 279 743; x_wconf 90' lang='lat' dir='ltr'><strong>Dicit</strong></span> <span class='ocrx_word' id='word_1_101' title='bbox 292 716 316 743; x_wconf 91' lang='lat' dir='ltr'><strong>ei</strong></span> <span class='ocrx_word' id='word_1_102' title='bbox 335 721 440 743; x_wconf 81' lang='lat' dir='ltr'><strong>sanctus</strong></span> <span class='ocrx_word' id='word_1_103' title='bbox 456 718 603 744; x_wconf 81' lang='lat' dir='ltr'><strong>Antonius:</strong></span> <span class='ocrx_word' id='word_1_104' title='bbox 621 718 703 745; x_wconf 87' lang='lat' dir='ltr'><strong>Didici</strong></span> <span class='ocrx_word' id='word_1_105' title='bbox 715 726 796 753; x_wconf 90' lang='lat' dir='ltr'><strong>quare</strong></span> <span class='ocrx_word' id='word_1_106' title='bbox 816 719 928 751; x_wconf 85' lang='lat' dir='ltr'><strong>venisti;</strong></span> <span class='ocrx_word' id='word_1_107' title='bbox 943 719 989 746; x_wconf 90' lang='lat' dir='ltr'><strong>sed</strong></span> 
     </span>
    </p>
   </div>
   <div class='ocr_carea' id='block_1_16' title="bbox 211 761 990 797">
    <p class='ocr_par' dir='ltr' id='par_1_16' title="bbox 211 761 990 797">
     <span class='ocr_line' id='line_1_16' title="bbox 211 761 990 797; baseline 0.001 -9"><span class='ocrx_word' id='word_1_108' title='bbox 211 761 253 788; x_wconf 84' lang='lat' dir='ltr'><strong>dic</strong></span> <span class='ocrx_word' id='word_1_109' title='bbox 277 769 367 789; x_wconf 89' lang='lat' dir='ltr'><strong>coram</strong></span> <span class='ocrx_word' id='word_1_110' title='bbox 383 761 523 793; x_wconf 85' lang='lat' dir='ltr'><strong>fratribus,</strong></span> <span class='ocrx_word' id='word_1_111' title='bbox 549 766 577 789; x_wconf 88' lang='lat' dir='ltr'><strong>ut</strong></span> <span class='ocrx_word' id='word_1_112' title='bbox 599 763 647 797; x_wconf 89' lang='lat' dir='ltr'><strong>ipsi</strong></span> <span class='ocrx_word' id='word_1_113' title='bbox 667 770 771 797; x_wconf 89' lang='lat' dir='ltr'><strong>quoque</strong></span> <span class='ocrx_word' id='word_1_114' title='bbox 794 764 909 790; x_wconf 87' lang='lat' dir='ltr'><strong>audiant.</strong></span> <span class='ocrx_word' id='word_1_115' title='bbox 926 763 990 790; x_wconf 85' lang='lat' dir='ltr'><strong>Jus-</strong></span> 
     </span>
    </p>
   </div>
   <div class='ocr_carea' id='block_1_17' title="bbox 210 808 989 843">
    <p class='ocr_par' dir='ltr' id='par_1_17' title="bbox 210 808 989 843">
     <span class='ocr_line' id='line_1_17' title="bbox 210 808 989 843; baseline 0.004 -10"><span class='ocrx_word' id='word_1_116' title='bbox 210 814 255 833; x_wconf 86' lang='lat' dir='ltr'><strong>sus</strong></span> <span class='ocrx_word' id='word_1_117' title='bbox 282 811 370 834; x_wconf 87' lang='lat' dir='ltr'><strong>autem</strong></span> <span class='ocrx_word' id='word_1_118' title='bbox 396 815 410 834; x_wconf 94' lang='lat' dir='ltr'><strong>a</strong></span> <span class='ocrx_word' id='word_1_119' title='bbox 439 814 534 842; x_wconf 90' lang='lat' dir='ltr'><strong>magno</strong></span> <span class='ocrx_word' id='word_1_120' title='bbox 558 808 698 843; x_wconf 75' lang='lat' dir='ltr'><strong>Eulogius,</strong></span> <span class='ocrx_word' id='word_1_121' title='bbox 725 809 793 836; x_wconf 88' lang='lat' dir='ltr'><strong>dixit</strong></span> <span class='ocrx_word' id='word_1_122' title='bbox 815 815 904 835; x_wconf 87' lang='lat' dir='ltr'><strong>corant</strong></span> <span class='ocrx_word' id='word_1_123' title='bbox 929 816 989 836; x_wconf 92' lang='lat' dir='ltr'><strong>om-</strong></span> 
     </span>
    </p>
   </div>
   <div class='ocr_carea' id='block_1_18' title="bbox 210 852 308 880">
    <p class='ocr_par' dir='ltr' id='par_1_18' title="bbox 210 852 308 880">
     <span class='ocr_line' id='line_1_18' title="bbox 210 852 308 880; baseline -0.02 0"><span class='ocrx_word' id='word_1_124' title='bbox 210 852 286 880; x_wconf 85' lang='lat' dir='ltr'><strong>nibus</strong></span> <span class='ocrx_word' id='word_1_125' title='bbox 300 858 308 878; x_wconf 90' lang='lat'>:</span> 
     </span>
    </p>
   </div>
   <div class='ocr_carea' id='block_1_19' title="bbox 244 920 990 957">
    <p class='ocr_par' dir='ltr' id='par_1_19' title="bbox 244 920 990 957">
     <span class='ocr_line' id='line_1_19' title="bbox 244 920 990 957; baseline 0.003 -10"><span class='ocrx_word' id='word_1_126' title='bbox 244 920 319 948; x_wconf 88' lang='lat' dir='ltr'><strong>Hunc</strong></span> <span class='ocrx_word' id='word_1_127' title='bbox 342 920 491 947; x_wconf 86' lang='lat' dir='ltr'><strong>mutilatum</strong></span> <span class='ocrx_word' id='word_1_128' title='bbox 513 921 600 948; x_wconf 88' lang='lat' dir='ltr'><strong>inveni</strong></span> <span class='ocrx_word' id='word_1_129' title='bbox 616 928 664 955; x_wconf 72' lang='lat' dir='ltr'><strong>ego</strong></span> <span class='ocrx_word' id='word_1_130' title='bbox 679 921 705 948; x_wconf 97' lang='lat' dir='ltr'><strong>in</strong></span> <span class='ocrx_word' id='word_1_131' title='bbox 726 922 783 949; x_wconf 93' lang='lat' dir='ltr'><strong>foro</strong></span> <span class='ocrx_word' id='word_1_132' title='bbox 798 921 945 957; x_wconf 80' lang='lat' dir='ltr'><strong>projectum</strong></span> <span class='ocrx_word' id='word_1_133' title='bbox 962 927 990 949; x_wconf 91' lang='lat' dir='ltr'><strong>et</strong></span> 
     </span>
    </p>
   </div>
   <div class='ocr_carea' id='block_1_20' title="bbox 209 965 988 1000">
    <p class='ocr_par' dir='ltr' id='par_1_20' title="bbox 209 965 988 1000">
     <span class='ocr_line' id='line_1_20' title="bbox 209 965 988 1000; baseline 0.003 -8"><span class='ocrx_word' id='word_1_134' title='bbox 209 965 340 999; x_wconf 81' lang='lat' dir='ltr'><strong>neglectui</strong></span> <span class='ocrx_word' id='word_1_135' title='bbox 354 965 482 992; x_wconf 86' lang='lat' dir='ltr'><strong>habitum.</strong></span> <span class='ocrx_word' id='word_1_136' title='bbox 501 965 564 1000; x_wconf 86' lang='lat' dir='ltr'><strong>Ejus</strong></span> <span class='ocrx_word' id='word_1_137' title='bbox 578 970 665 993; x_wconf 90' lang='lat' dir='ltr'><strong>autem</strong></span> <span class='ocrx_word' id='word_1_138' title='bbox 678 966 816 998; x_wconf 84' lang='lat' dir='ltr'><strong>misertus,</strong></span> <span class='ocrx_word' id='word_1_139' title='bbox 833 967 914 993; x_wconf 88' lang='lat' dir='ltr'><strong>Deum</strong></span> <span class='ocrx_word' id='word_1_140' title='bbox 929 974 988 994; x_wconf 88' lang='lat' dir='ltr'><strong>sum</strong></span> 
     </span>
    </p>
   </div>
   <div class='ocr_carea' id='block_1_21' title="bbox 209 1010 988 1046">
    <p class='ocr_par' dir='ltr' id='par_1_21' title="bbox 209 1010 988 1046">
     <span class='ocr_line' id='line_1_21' title="bbox 209 1010 988 1046; baseline 0 -8"><span class='ocrx_word' id='word_1_141' title='bbox 209 1014 332 1044; x_wconf 79' lang='lat' dir='ltr'><strong>precatus</strong></span> <span class='ocrx_word' id='word_1_142' title='bbox 353 1014 382 1037; x_wconf 88' lang='lat' dir='ltr'><strong>ut</strong></span> <span class='ocrx_word' id='word_1_143' title='bbox 396 1010 472 1037; x_wconf 89' lang='lat' dir='ltr'><strong>daret</strong></span> <span class='ocrx_word' id='word_1_144' title='bbox 485 1010 549 1038; x_wconf 89' lang='lat' dir='ltr'><strong>mihi</strong></span> <span class='ocrx_word' id='word_1_145' title='bbox 564 1012 675 1044; x_wconf 79' lang='lat' dir='ltr'><strong>gratiam</strong></span> <span class='ocrx_word' id='word_1_146' title='bbox 691 1012 716 1038; x_wconf 91' lang='lat' dir='ltr'><strong>in</strong></span> <span class='ocrx_word' id='word_1_147' title='bbox 732 1011 818 1046; x_wconf 91' lang='lat' dir='ltr'><strong>ipsum</strong></span> <span class='ocrx_word' id='word_1_148' title='bbox 832 1011 988 1044; x_wconf 65' lang='lat' dir='ltr'><strong>tolerantiae,</strong></span> 
     </span>
    </p>
   </div>
   <div class='ocr_carea' id='block_1_22' title="bbox 208 1055 989 1091">
    <p class='ocr_par' dir='ltr' id='par_1_22' title="bbox 208 1055 989 1091">
     <span class='ocr_line' id='line_1_22' title="bbox 208 1055 989 1091; baseline 0.003 -9"><span class='ocrx_word' id='word_1_149' title='bbox 208 1059 236 1082; x_wconf 72' lang='lat' dir='ltr'><strong>ct</strong></span> <span class='ocrx_word' id='word_1_150' title='bbox 249 1055 323 1082; x_wconf 91' lang='lat' dir='ltr'><strong>illum</strong></span> <span class='ocrx_word' id='word_1_151' title='bbox 339 1056 480 1090; x_wconf 85' lang='lat' dir='ltr'><strong>assumpsi.</strong></span> <span class='ocrx_word' id='word_1_152' title='bbox 494 1056 634 1084; x_wconf 86' lang='lat' dir='ltr'><strong>Dexteram</strong></span> <span class='ocrx_word' id='word_1_153' title='bbox 650 1064 755 1091; x_wconf 88' lang='lat' dir='ltr'><strong>quoque</strong></span> <span class='ocrx_word' id='word_1_154' title='bbox 765 1056 825 1084; x_wconf 86' lang='lat' dir='ltr'><strong>dedi</strong></span> <span class='ocrx_word' id='word_1_155' title='bbox 843 1057 906 1088; x_wconf 87' lang='lat' dir='ltr'><strong>Deo,</strong></span> <span class='ocrx_word' id='word_1_156' title='bbox 919 1057 989 1091; x_wconf 88' lang='lat' dir='ltr'><strong>quod</strong></span> 
     </span>
    </p>
   </div>
   <div class='ocr_carea' id='block_1_23' title="bbox 207 1100 988 1136">
    <p class='ocr_par' dir='ltr' id='par_1_23' title="bbox 207 1100 988 1136">
     <span class='ocr_line' id='line_1_23' title="bbox 207 1100 988 1136; baseline 0.003 -9"><span class='ocrx_word' id='word_1_157' title='bbox 207 1100 234 1127; x_wconf 89' lang='lat' dir='ltr'><strong>itt</strong></span> <span class='ocrx_word' id='word_1_158' title='bbox 258 1101 351 1128; x_wconf 89' lang='lat' dir='ltr'><strong>morbo</strong></span> <span class='ocrx_word' id='word_1_159' title='bbox 373 1101 433 1135; x_wconf 88' lang='lat' dir='ltr'><strong>ejus</strong></span> <span class='ocrx_word' id='word_1_160' title='bbox 452 1109 542 1128; x_wconf 91' lang='lat' dir='ltr'><strong>curam</strong></span> <span class='ocrx_word' id='word_1_161' title='bbox 566 1110 672 1136; x_wconf 77' lang='lat' dir='ltr'><strong>geram,</strong></span> <span class='ocrx_word' id='word_1_162' title='bbox 690 1107 717 1128; x_wconf 93' lang='lat' dir='ltr'><strong>ut</strong></span> <span class='ocrx_word' id='word_1_163' title='bbox 732 1107 759 1129; x_wconf 92' lang='lat' dir='ltr'><strong>et</strong></span> <span class='ocrx_word' id='word_1_164' title='bbox 771 1109 820 1136; x_wconf 83' lang='lat' dir='ltr'><strong>ego</strong></span> <span class='ocrx_word' id='word_1_165' title='bbox 835 1110 881 1136; x_wconf 90' lang='lat' dir='ltr'><strong>per</strong></span> <span class='ocrx_word' id='word_1_166' title='bbox 904 1103 988 1136; x_wconf 91' lang='lat' dir='ltr'><strong>ipsum</strong></span> 
     </span>
    </p>
   </div>
   <div class='ocr_carea' id='block_1_24' title="bbox 209 1145 991 1182">
    <p class='ocr_par' dir='ltr' id='par_1_24' title="bbox 209 1145 991 1182">
     <span class='ocr_line' id='line_1_24' title="bbox 209 1145 991 1182; baseline 0.001 -9"><span class='ocrx_word' id='word_1_167' title='bbox 209 1145 298 1173; x_wconf 85' lang='lat' dir='ltr'><strong>salvus</strong></span> <span class='ocrx_word' id='word_1_168' title='bbox 307 1145 379 1177; x_wconf 85' lang='lat' dir='ltr'><strong>flant,</strong></span> <span class='ocrx_word' id='word_1_169' title='bbox 390 1151 416 1172; x_wconf 89' lang='lat' dir='ltr'><strong>et</strong></span> <span class='ocrx_word' id='word_1_170' title='bbox 429 1147 485 1181; x_wconf 90' lang='lat' dir='ltr'><strong>ipse</strong></span> <span class='ocrx_word' id='word_1_171' title='bbox 496 1154 509 1172; x_wconf 91' lang='lat' dir='ltr'><strong>a</strong></span> <span class='ocrx_word' id='word_1_172' title='bbox 520 1154 562 1173; x_wconf 91' lang='lat' dir='ltr'><strong>me</strong></span> <span class='ocrx_word' id='word_1_173' title='bbox 572 1150 718 1174; x_wconf 80' lang='lat' dir='ltr'><strong>recreetur.</strong></span> <span class='ocrx_word' id='word_1_174' title='bbox 732 1147 798 1174; x_wconf 85' lang='lat' dir='ltr'><strong>Sunt</strong></span> <span class='ocrx_word' id='word_1_175' title='bbox 813 1152 901 1174; x_wconf 87' lang='lat' dir='ltr'><strong>autem</strong></span> <span class='ocrx_word' id='word_1_176' title='bbox 913 1147 991 1182; x_wconf 90' lang='lat' dir='ltr'><strong>quin-</strong></span> 
     </span>
    </p>
   </div>
   <div class='ocr_carea' id='block_1_25' title="bbox 208 1191 990 1225">
    <p class='ocr_par' dir='ltr' id='par_1_25' title="bbox 208 1191 990 1225">
     <span class='ocr_line' id='line_1_25' title="bbox 208 1191 990 1225; baseline 0.005 -8"><span class='ocrx_word' id='word_1_177' title='bbox 208 1191 293 1218; x_wconf 86' lang='lat' dir='ltr'><strong>decim</strong></span> <span class='ocrx_word' id='word_1_178' title='bbox 308 1193 370 1218; x_wconf 88' lang='lat' dir='ltr'><strong>anni</strong></span> <span class='ocrx_word' id='word_1_179' title='bbox 386 1199 418 1218; x_wconf 82' lang='lat' dir='ltr'><strong>ex</strong></span> <span class='ocrx_word' id='word_1_180' title='bbox 434 1199 486 1224; x_wconf 82' lang='lat' dir='ltr'><strong>quo</strong></span> <span class='ocrx_word' id='word_1_181' title='bbox 501 1191 578 1218; x_wconf 86' lang='lat' dir='ltr'><strong>simul</strong></span> <span class='ocrx_word' id='word_1_182' title='bbox 604 1200 751 1225; x_wconf 76' lang='lat' dir='ltr'><strong>versamur,</strong></span> <span class='ocrx_word' id='word_1_183' title='bbox 765 1193 832 1220; x_wconf 85' lang='lat' dir='ltr'><strong>sicut</strong></span> <span class='ocrx_word' id='word_1_184' title='bbox 843 1193 923 1220; x_wconf 90' lang='lat' dir='ltr'><strong>etiam</strong></span> <span class='ocrx_word' id='word_1_185' title='bbox 939 1198 990 1221; x_wconf 71' lang='lat' dir='ltr'><strong>tuae</strong></span> 
     </span>
    </p>
   </div>
   <div class='ocr_carea' id='block_1_26' title="bbox 208 1236 990 1273">
    <p class='ocr_par' dir='ltr' id='par_1_26' title="bbox 208 1236 990 1273">
     <span class='ocr_line' id='line_1_26' title="bbox 208 1236 990 1273; baseline 0.006 -12"><span class='ocrx_word' id='word_1_186' title='bbox 208 1236 342 1263; x_wconf 84' lang='lat' dir='ltr'><strong>sanctitati</strong></span> <span class='ocrx_word' id='word_1_187' title='bbox 363 1237 477 1263; x_wconf 87' lang='lat' dir='ltr'><strong>revelata</strong></span> <span class='ocrx_word' id='word_1_188' title='bbox 497 1242 559 1264; x_wconf 90' lang='lat' dir='ltr'><strong>sunt</strong></span> <span class='ocrx_word' id='word_1_189' title='bbox 577 1238 676 1264; x_wconf 87' lang='lat' dir='ltr'><strong>omnia.</strong></span> <span class='ocrx_word' id='word_1_190' title='bbox 695 1238 746 1265; x_wconf 87' lang='lat' dir='ltr'><strong>Sed</strong></span> <span class='ocrx_word' id='word_1_191' title='bbox 761 1238 850 1266; x_wconf 86' lang='lat' dir='ltr'><strong>nescio</strong></span> <span class='ocrx_word' id='word_1_192' title='bbox 863 1238 990 1273; x_wconf 87' lang='lat' dir='ltr'><strong>quidnam</strong></span> 
     </span>
    </p>
   </div>
   <div class='ocr_carea' id='block_1_27' title="bbox 208 1280 989 1316">
    <p class='ocr_par' dir='ltr' id='par_1_27' title="bbox 208 1280 989 1316">
     <span class='ocr_line' id='line_1_27' title="bbox 208 1280 989 1316; baseline 0.005 -10"><span class='ocrx_word' id='word_1_193' title='bbox 208 1280 271 1310; x_wconf 86' lang='lat' dir='ltr'><strong>mali</strong></span> <span class='ocrx_word' id='word_1_194' title='bbox 285 1288 300 1308; x_wconf 83' lang='lat' dir='ltr'><strong>a</strong></span> <span class='ocrx_word' id='word_1_195' title='bbox 314 1287 356 1308; x_wconf 86' lang='lat' dir='ltr'><strong>me</strong></span> <span class='ocrx_word' id='word_1_196' title='bbox 370 1287 463 1314; x_wconf 79' lang='lat' dir='ltr'><strong>passus</strong></span> <span class='ocrx_word' id='word_1_197' title='bbox 476 1302 483 1314; x_wconf 92' lang='lat'><strong>,</strong></span> <span class='ocrx_word' id='word_1_198' title='bbox 499 1286 559 1316; x_wconf 85' lang='lat' dir='ltr'><strong>post</strong></span> <span class='ocrx_word' id='word_1_199' title='bbox 572 1286 611 1310; x_wconf 92' lang='lat' dir='ltr'><strong>tot</strong></span> <span class='ocrx_word' id='word_1_200' title='bbox 625 1290 709 1310; x_wconf 85' lang='lat' dir='ltr'><strong>annos</strong></span> <span class='ocrx_word' id='word_1_201' title='bbox 723 1291 765 1310; x_wconf 86' lang='lat' dir='ltr'><strong>me</strong></span> <span class='ocrx_word' id='word_1_202' title='bbox 778 1291 884 1311; x_wconf 85' lang='lat' dir='ltr'><strong>suntme</strong></span> <span class='ocrx_word' id='word_1_203' title='bbox 900 1287 989 1316; x_wconf 88' lang='lat' dir='ltr'><strong>vexat,</strong></span> 
     </span>
    </p>
   </div>
   <div class='ocr_carea' id='block_1_28' title="bbox 207 1327 990 1363">
    <p class='ocr_par' dir='ltr' id='par_1_28' title="bbox 207 1327 990 1363">
     <span class='ocr_line' id='line_1_28' title="bbox 207 1327 990 1363; baseline 0.003 -9"><span class='ocrx_word' id='word_1_204' title='bbox 207 1332 234 1354; x_wconf 89' lang='lat' dir='ltr'><strong>et</strong></span> <span class='ocrx_word' id='word_1_205' title='bbox 249 1328 274 1353; x_wconf 94' lang='lat' dir='ltr'><strong>in</strong></span> <span class='ocrx_word' id='word_1_206' title='bbox 289 1327 378 1354; x_wconf 83' lang='lat' dir='ltr'><strong>animo</strong></span> <span class='ocrx_word' id='word_1_207' title='bbox 392 1327 470 1355; x_wconf 82' lang='lat' dir='ltr'><strong>habui</strong></span> <span class='ocrx_word' id='word_1_208' title='bbox 486 1328 571 1362; x_wconf 90' lang='lat' dir='ltr'><strong>ipsum</strong></span> <span class='ocrx_word' id='word_1_209' title='bbox 587 1328 694 1363; x_wconf 89' lang='lat' dir='ltr'><strong>ejicere,</strong></span> <span class='ocrx_word' id='word_1_210' title='bbox 708 1328 766 1363; x_wconf 85' lang='lat' dir='ltr'><strong>ipso</strong></span> <span class='ocrx_word' id='word_1_211' title='bbox 779 1336 822 1356; x_wconf 89' lang='lat' dir='ltr'><strong>me</strong></span> <span class='ocrx_word' id='word_1_212' title='bbox 835 1329 868 1356; x_wconf 93' lang='lat' dir='ltr'><strong>ad</strong></span> <span class='ocrx_word' id='word_1_213' title='bbox 882 1329 933 1357; x_wconf 88' lang='lat' dir='ltr'><strong>hoc</strong></span> <span class='ocrx_word' id='word_1_214' title='bbox 945 1336 990 1356; x_wconf 88' lang='lat' dir='ltr'><strong>co-</strong></span> 
     </span>
    </p>
   </div>
   <div class='ocr_carea' id='block_1_29' title="bbox 207 1372 990 1408">
    <p class='ocr_par' dir='ltr' id='par_1_29' title="bbox 207 1372 990 1408">
     <span class='ocr_line' id='line_1_29' title="bbox 207 1372 990 1408; baseline 0.003 -8"><span class='ocrx_word' id='word_1_215' title='bbox 207 1377 296 1408; x_wconf 90' lang='lat' dir='ltr'><strong>gente.</strong></span> <span class='ocrx_word' id='word_1_216' title='bbox 306 1372 344 1400; x_wconf 87' lang='lat' dir='ltr'><strong>Ea</strong></span> <span class='ocrx_word' id='word_1_217' title='bbox 360 1373 394 1400; x_wconf 92' lang='lat' dir='ltr'><strong>de</strong></span> <span class='ocrx_word' id='word_1_218' title='bbox 404 1381 483 1400; x_wconf 87' lang='lat' dir='ltr'><strong>causa</strong></span> <span class='ocrx_word' id='word_1_219' title='bbox 497 1374 557 1402; x_wconf 89' lang='lat' dir='ltr'><strong>veni</strong></span> <span class='ocrx_word' id='word_1_220' title='bbox 569 1375 602 1401; x_wconf 86' lang='lat' dir='ltr'><strong>ad</strong></span> <span class='ocrx_word' id='word_1_221' title='bbox 613 1379 685 1402; x_wconf 91' lang='lat' dir='ltr'><strong>tuam</strong></span> <span class='ocrx_word' id='word_1_222' title='bbox 696 1375 874 1406; x_wconf 89' lang='lat' dir='ltr'><strong>sanctitatem,</strong></span> <span class='ocrx_word' id='word_1_223' title='bbox 885 1379 914 1402; x_wconf 91' lang='lat' dir='ltr'><strong>ut</strong></span> <span class='ocrx_word' id='word_1_224' title='bbox 926 1375 990 1402; x_wconf 93' lang='lat' dir='ltr'><strong>milti</strong></span> 
     </span>
    </p>
   </div>
   <div class='ocr_carea' id='block_1_30' title="bbox 207 1418 990 1454">
    <p class='ocr_par' dir='ltr' id='par_1_30' title="bbox 207 1418 990 1454">
     <span class='ocr_line' id='line_1_30' title="bbox 207 1418 990 1454; baseline 0.001 -8"><span class='ocrx_word' id='word_1_225' title='bbox 207 1419 330 1446; x_wconf 81' lang='lat' dir='ltr'><strong>consulas</strong></span> <span class='ocrx_word' id='word_1_226' title='bbox 350 1419 475 1453; x_wconf 84' lang='lat' dir='ltr'><strong>quidnam</strong></span> <span class='ocrx_word' id='word_1_227' title='bbox 498 1419 610 1447; x_wconf 86' lang='lat' dir='ltr'><strong>debeam</strong></span> <span class='ocrx_word' id='word_1_228' title='bbox 625 1418 728 1453; x_wconf 84' lang='lat' dir='ltr'><strong>facere,</strong></span> <span class='ocrx_word' id='word_1_229' title='bbox 746 1425 773 1447; x_wconf 92' lang='lat' dir='ltr'><strong>et</strong></span> <span class='ocrx_word' id='word_1_230' title='bbox 787 1427 848 1448; x_wconf 84' lang='lat' dir='ltr'><strong>ores</strong></span> <span class='ocrx_word' id='word_1_231' title='bbox 862 1428 911 1454; x_wconf 88' lang='lat' dir='ltr'><strong>pro</strong></span> <span class='ocrx_word' id='word_1_232' title='bbox 926 1427 969 1447; x_wconf 90' lang='lat' dir='ltr'><strong>me</strong></span> <span class='ocrx_word' id='word_1_233' title='bbox 982 1428 990 1453; x_wconf 88' lang='lat'><strong>;</strong></span> 
     </span>
    </p>
   </div>
   <div class='ocr_carea' id='block_1_31' title="bbox 208 1464 569 1500">
    <p class='ocr_par' dir='ltr' id='par_1_31' title="bbox 208 1464 569 1500">
     <span class='ocr_line' id='line_1_31' title="bbox 208 1464 569 1500; baseline 0.006 -9"><span class='ocrx_word' id='word_1_234' title='bbox 208 1471 250 1491; x_wconf 89' lang='lat' dir='ltr'><strong>me</strong></span> <span class='ocrx_word' id='word_1_235' title='bbox 263 1464 334 1492; x_wconf 89' lang='lat' dir='ltr'><strong>enim</strong></span> <span class='ocrx_word' id='word_1_236' title='bbox 348 1469 429 1491; x_wconf 80' lang='lat' dir='ltr'><strong>vexat</strong></span> <span class='ocrx_word' id='word_1_237' title='bbox 442 1465 569 1500; x_wconf 76' lang='lat' dir='ltr'><strong>graviter.</strong></span> 
     </span>
    </p>
   </div>
   <div class='ocr_carea' id='block_1_32' title="bbox 244 1531 992 1567">
    <p class='ocr_par' dir='ltr' id='par_1_32' title="bbox 244 1531 992 1567">
     <span class='ocr_line' id='line_1_32' title="bbox 244 1531 992 1567; baseline 0.003 -10"><span class='ocrx_word' id='word_1_238' title='bbox 244 1531 309 1558; x_wconf 91' lang='lat' dir='ltr'><strong>Dicit</strong></span> <span class='ocrx_word' id='word_1_239' title='bbox 317 1531 340 1558; x_wconf 92' lang='lat' dir='ltr'><strong>ei</strong></span> <span class='ocrx_word' id='word_1_240' title='bbox 348 1539 458 1566; x_wconf 86' lang='lat' dir='ltr'><strong>magnus</strong></span> <span class='ocrx_word' id='word_1_241' title='bbox 466 1531 595 1559; x_wconf 77' lang='lat' dir='ltr'><strong>Antonius</strong></span> <span class='ocrx_word' id='word_1_242' title='bbox 603 1531 674 1566; x_wconf 82' lang='lat' dir='ltr'><strong>gravi</strong></span> <span class='ocrx_word' id='word_1_243' title='bbox 684 1535 820 1559; x_wconf 84' lang='lat' dir='ltr'><strong>etaustera</strong></span> <span class='ocrx_word' id='word_1_244' title='bbox 828 1539 893 1560; x_wconf 84' lang='lat' dir='ltr'><strong>voco</strong></span> <span class='ocrx_word' id='word_1_245' title='bbox 903 1541 910 1559; x_wconf 86' lang='lat'><strong>:</strong></span> <span class='ocrx_word' id='word_1_246' title='bbox 920 1532 992 1567; x_wconf 88' lang='lat' dir='ltr'><strong>Abji-</strong></span> 
     </span>
    </p>
   </div>
   <div class='ocr_carea' id='block_1_33' title="bbox 1078 270 1818 307">
    <p class='ocr_par' dir='ltr' id='par_1_33' title="bbox 1078 270 1818 307">
     <span class='ocr_line' id='line_1_33' title="bbox 1078 270 1818 307; baseline 0.005 -9"><span class='ocrx_word' id='word_1_247' title='bbox 1078 270 1142 298; x_wconf 85' lang='lat' dir='ltr'><strong>Cum</strong></span> <span class='ocrx_word' id='word_1_248' title='bbox 1157 278 1221 305; x_wconf 88' lang='lat' dir='ltr'><strong>ergo</strong></span> <span class='ocrx_word' id='word_1_249' title='bbox 1242 271 1377 304; x_wconf 86' lang='lat' dir='ltr'><strong>aliquanto</strong></span> <span class='ocrx_word' id='word_1_250' title='bbox 1397 277 1516 307; x_wconf 88' lang='lat' dir='ltr'><strong>tempore</strong></span> <span class='ocrx_word' id='word_1_251' title='bbox 1528 279 1648 303; x_wconf 85' lang='lat' dir='ltr'><strong>versatus</strong></span> <span class='ocrx_word' id='word_1_252' title='bbox 1665 280 1737 302; x_wconf 87' lang='lat' dir='ltr'><strong>esset</strong></span> <span class='ocrx_word' id='word_1_253' title='bbox 1750 274 1818 302; x_wconf 85' lang='lat' dir='ltr'><strong>Cro-</strong></span> 
     </span>
    </p>
   </div>
   <div class='ocr_carea' id='block_1_34' title="bbox 1042 315 1815 349">
    <p class='ocr_par' dir='ltr' id='par_1_34' title="bbox 1042 315 1815 349">
     <span class='ocr_line' id='line_1_34' title="bbox 1042 315 1815 349; baseline 0.006 -7"><span class='ocrx_word' id='word_1_254' title='bbox 1042 315 1102 343; x_wconf 88' lang='lat' dir='ltr'><strong>nius</strong></span> <span class='ocrx_word' id='word_1_255' title='bbox 1116 316 1186 342; x_wconf 88' lang='lat' dir='ltr'><strong>circa</strong></span> <span class='ocrx_word' id='word_1_256' title='bbox 1199 316 1256 343; x_wconf 83' lang='lat' dir='ltr'><strong>loca</strong></span> <span class='ocrx_word' id='word_1_257' title='bbox 1271 316 1423 349; x_wconf 87' lang='lat' dir='ltr'><strong>Thebaidis,</strong></span> <span class='ocrx_word' id='word_1_258' title='bbox 1434 317 1570 344; x_wconf 87' lang='lat' dir='ltr'><strong>descendit</strong></span> <span class='ocrx_word' id='word_1_259' title='bbox 1583 318 1608 345; x_wconf 93' lang='lat' dir='ltr'><strong>in</strong></span> <span class='ocrx_word' id='word_1_260' title='bbox 1625 320 1815 347; x_wconf 83' lang='lat' dir='ltr'><strong>monasterium</strong></span> 
     </span>
    </p>
   </div>
   <div class='ocr_carea' id='block_1_35' title="bbox 1042 360 1818 397">
    <p class='ocr_par' dir='ltr' id='par_1_35' title="bbox 1042 360 1818 397">
     <span class='ocr_line' id='line_1_35' title="bbox 1042 360 1818 397; baseline 0.006 -11"><span class='ocrx_word' id='word_1_261' title='bbox 1042 360 1209 387; x_wconf 70' lang='lat' dir='ltr'><strong>Alexandriae</strong></span> <span class='ocrx_word' id='word_1_262' title='bbox 1219 381 1226 393; x_wconf 93' lang='lat'><strong>,</strong></span> <span class='ocrx_word' id='word_1_263' title='bbox 1241 366 1268 387; x_wconf 90' lang='lat' dir='ltr'><strong>et</strong></span> <span class='ocrx_word' id='word_1_264' title='bbox 1281 361 1375 388; x_wconf 88' lang='lat' dir='ltr'><strong>accidit</strong></span> <span class='ocrx_word' id='word_1_265' title='bbox 1389 367 1418 389; x_wconf 86' lang='lat' dir='ltr'><strong>ut</strong></span> <span class='ocrx_word' id='word_1_266' title='bbox 1433 362 1501 389; x_wconf 90' lang='lat' dir='ltr'><strong>beati</strong></span> <span class='ocrx_word' id='word_1_267' title='bbox 1517 363 1623 396; x_wconf 87' lang='lat' dir='ltr'><strong>quidem</strong></span> <span class='ocrx_word' id='word_1_268' title='bbox 1640 363 1741 397; x_wconf 76' lang='lat' dir='ltr'><strong>Eulogii</strong></span> <span class='ocrx_word' id='word_1_269' title='bbox 1761 365 1818 392; x_wconf 86' lang='lat' dir='ltr'><strong>obi-</strong></span> 
     </span>
    </p>
   </div>
   <div class='ocr_carea' id='block_1_36' title="bbox 1042 408 1815 445">
    <p class='ocr_par' dir='ltr' id='par_1_36' title="bbox 1042 408 1815 445">
     <span class='ocr_line' id='line_1_36' title="bbox 1042 408 1815 445; baseline 0.008 -11"><span class='ocrx_word' id='word_1_270' title='bbox 1042 413 1083 434; x_wconf 91' lang='lat' dir='ltr'><strong>tus</strong></span> <span class='ocrx_word' id='word_1_271' title='bbox 1098 416 1112 434; x_wconf 92' lang='lat' dir='ltr'><strong>a</strong></span> <span class='ocrx_word' id='word_1_272' title='bbox 1128 408 1291 436; x_wconf 77' lang='lat' dir='ltr'><strong>fraternitate</strong></span> <span class='ocrx_word' id='word_1_273' title='bbox 1310 410 1491 437; x_wconf 83' lang='lat' dir='ltr'><strong>celebraretur</strong></span> <span class='ocrx_word' id='word_1_274' title='bbox 1515 411 1733 445; x_wconf 84' lang='lat' dir='ltr'><strong>quadragesimus</strong></span> <span class='ocrx_word' id='word_1_275' title='bbox 1748 413 1815 445; x_wconf 88' lang='lat' dir='ltr'><strong>dies,</strong></span> 
     </span>
    </p>
   </div>
   <div class='ocr_carea' id='block_1_37' title="bbox 1041 453 1817 490">
    <p class='ocr_par' dir='ltr' id='par_1_37' title="bbox 1041 453 1817 490">
     <span class='ocr_line' id='line_1_37' title="bbox 1041 453 1817 490; baseline 0.006 -11"><span class='ocrx_word' id='word_1_276' title='bbox 1041 454 1128 480; x_wconf 83' lang='lat' dir='ltr'><strong>manci</strong></span> <span class='ocrx_word' id='word_1_277' title='bbox 1142 458 1229 480; x_wconf 82' lang='lat' dir='ltr'><strong>autem</strong></span> <span class='ocrx_word' id='word_1_278' title='bbox 1251 453 1352 481; x_wconf 87' lang='lat' dir='ltr'><strong>tertius.</strong></span> <span class='ocrx_word' id='word_1_279' title='bbox 1378 455 1445 481; x_wconf 84' lang='lat' dir='ltr'><strong>Cum</strong></span> <span class='ocrx_word' id='word_1_280' title='bbox 1461 454 1511 482; x_wconf 90' lang='lat' dir='ltr'><strong>hoc</strong></span> <span class='ocrx_word' id='word_1_281' title='bbox 1524 463 1586 490; x_wconf 80' lang='lat' dir='ltr'><strong>ergo</strong></span> <span class='ocrx_word' id='word_1_282' title='bbox 1599 455 1737 483; x_wconf 86' lang='lat' dir='ltr'><strong>didicisset</strong></span> <span class='ocrx_word' id='word_1_283' title='bbox 1749 457 1817 484; x_wconf 87' lang='lat' dir='ltr'><strong>Cro-</strong></span> 
     </span>
    </p>
   </div>
   <div class='ocr_carea' id='block_1_38' title="bbox 1042 498 1818 536">
    <p class='ocr_par' dir='ltr' id='par_1_38' title="bbox 1042 498 1818 536">
     <span class='ocr_line' id='line_1_38' title="bbox 1042 498 1818 536; baseline 0.006 -12"><span class='ocrx_word' id='word_1_284' title='bbox 1042 499 1110 530; x_wconf 89' lang='lat' dir='ltr'><strong>nius,</strong></span> <span class='ocrx_word' id='word_1_285' title='bbox 1125 498 1272 533; x_wconf 88' lang='lat' dir='ltr'><strong>obstupuit;</strong></span> <span class='ocrx_word' id='word_1_286' title='bbox 1287 504 1314 526; x_wconf 88' lang='lat' dir='ltr'><strong>et</strong></span> <span class='ocrx_word' id='word_1_287' title='bbox 1333 505 1471 534; x_wconf 87' lang='lat' dir='ltr'><strong>acceptum</strong></span> <span class='ocrx_word' id='word_1_288' title='bbox 1496 501 1681 536; x_wconf 81' lang='lat' dir='ltr'><strong>Evangelium,</strong></span> <span class='ocrx_word' id='word_1_289' title='bbox 1699 506 1727 529; x_wconf 91' lang='lat' dir='ltr'><strong>ut</strong></span> <span class='ocrx_word' id='word_1_290' title='bbox 1741 502 1818 530; x_wconf 84' lang='lat' dir='ltr'><strong>ﬁdem</strong></span> 
     </span>
    </p>
   </div>
   <div class='ocr_carea' id='block_1_39' title="bbox 1042 542 1820 579">
    <p class='ocr_par' dir='ltr' id='par_1_39' title="bbox 1042 542 1820 579">
     <span class='ocr_line' id='line_1_39' title="bbox 1042 542 1820 579; baseline 0.008 -11"><span class='ocrx_word' id='word_1_291' title='bbox 1042 542 1168 570; x_wconf 82' lang='lat' dir='ltr'><strong>haberent</strong></span> <span class='ocrx_word' id='word_1_292' title='bbox 1189 543 1334 576; x_wconf 88' lang='lat' dir='ltr'><strong>audientes,</strong></span> <span class='ocrx_word' id='word_1_293' title='bbox 1348 544 1436 578; x_wconf 86' lang='lat' dir='ltr'><strong>posuit</strong></span> <span class='ocrx_word' id='word_1_294' title='bbox 1456 546 1481 571; x_wconf 93' lang='lat' dir='ltr'><strong>in</strong></span> <span class='ocrx_word' id='word_1_295' title='bbox 1499 545 1584 573; x_wconf 89' lang='lat' dir='ltr'><strong>medio</strong></span> <span class='ocrx_word' id='word_1_296' title='bbox 1601 545 1766 579; x_wconf 88' lang='lat' dir='ltr'><strong>fratrum;et</strong></span> <span class='ocrx_word' id='word_1_297' title='bbox 1781 548 1820 574; x_wconf 89' lang='lat' dir='ltr'><strong>eis</strong></span> 
     </span>
    </p>
   </div>
   <div class='ocr_carea' id='block_1_40' title="bbox 1038 586 1817 626">
    <p class='ocr_par' dir='ltr' id='par_1_40' title="bbox 1038 586 1817 626">
     <span class='ocr_line' id='line_1_40' title="bbox 1038 586 1817 626; baseline 0.006 -13"><span class='ocrx_word' id='word_1_298' title='bbox 1038 586 1146 622; x_wconf 89' lang='lat' dir='ltr'><strong>juravit,</strong></span> <span class='ocrx_word' id='word_1_299' title='bbox 1160 595 1269 615; x_wconf 84' lang='lat' dir='ltr'><strong>narrans</strong></span> <span class='ocrx_word' id='word_1_300' title='bbox 1285 590 1372 623; x_wconf 86' lang='lat' dir='ltr'><strong>magni</strong></span> <span class='ocrx_word' id='word_1_301' title='bbox 1387 590 1495 617; x_wconf 87' lang='lat' dir='ltr'><strong>Atttonii</strong></span> <span class='ocrx_word' id='word_1_302' title='bbox 1508 590 1542 617; x_wconf 90' lang='lat' dir='ltr'><strong>de</strong></span> <span class='ocrx_word' id='word_1_303' title='bbox 1557 591 1596 618; x_wconf 87' lang='lat' dir='ltr'><strong>Itis</strong></span> <span class='ocrx_word' id='word_1_304' title='bbox 1613 591 1817 626; x_wconf 74' lang='lat' dir='ltr'><strong>pratscientiam,</strong></span> 
     </span>
    </p>
   </div>
   <div class='ocr_carea' id='block_1_41' title="bbox 1041 633 1818 667">
    <p class='ocr_par' dir='ltr' id='par_1_41' title="bbox 1041 633 1818 667">
     <span class='ocr_line' id='line_1_41' title="bbox 1041 633 1818 667; baseline 0.006 -9"><span class='ocrx_word' id='word_1_305' title='bbox 1041 637 1066 658; x_wconf 88' lang='lat' dir='ltr'><strong>et</strong></span> <span class='ocrx_word' id='word_1_306' title='bbox 1088 633 1121 660; x_wconf 92' lang='lat' dir='ltr'><strong>de</strong></span> <span class='ocrx_word' id='word_1_307' title='bbox 1145 633 1268 660; x_wconf 87' lang='lat' dir='ltr'><strong>omnibus</strong></span> <span class='ocrx_word' id='word_1_308' title='bbox 1289 641 1348 667; x_wconf 68' lang='lat' dir='ltr'><strong>qua)</strong></span> <span class='ocrx_word' id='word_1_309' title='bbox 1369 635 1530 667; x_wconf 88' lang='lat' dir='ltr'><strong>acciderttnt,</strong></span> <span class='ocrx_word' id='word_1_310' title='bbox 1545 640 1571 662; x_wconf 88' lang='lat' dir='ltr'><strong>et</strong></span> <span class='ocrx_word' id='word_1_311' title='bbox 1594 635 1704 662; x_wconf 87' lang='lat' dir='ltr'><strong>dicens:</strong></span> <span class='ocrx_word' id='word_1_312' title='bbox 1719 636 1818 663; x_wconf 90' lang='lat' dir='ltr'><strong>llorutn</strong></span> 
     </span>
    </p>
   </div>
   <div class='ocr_carea' id='block_1_42' title="bbox 1040 677 1819 713">
    <p class='ocr_par' dir='ltr' id='par_1_42' title="bbox 1040 677 1819 713">
     <span class='ocr_line' id='line_1_42' title="bbox 1040 677 1819 713; baseline 0.008 -11"><span class='ocrx_word' id='word_1_313' title='bbox 1040 682 1104 709; x_wconf 80' lang='lat' dir='ltr'><strong>ergo</strong></span> <span class='ocrx_word' id='word_1_314' title='bbox 1127 677 1268 703; x_wconf 86' lang='lat' dir='ltr'><strong>verborum</strong></span> <span class='ocrx_word' id='word_1_315' title='bbox 1284 677 1319 704; x_wconf 89' lang='lat' dir='ltr'><strong>fui</strong></span> <span class='ocrx_word' id='word_1_316' title='bbox 1334 678 1478 713; x_wconf 87' lang='lat' dir='ltr'><strong>interpres,</strong></span> <span class='ocrx_word' id='word_1_317' title='bbox 1495 686 1554 706; x_wconf 92' lang='lat' dir='ltr'><strong>cum</strong></span> <span class='ocrx_word' id='word_1_318' title='bbox 1576 679 1670 707; x_wconf 87' lang='lat' dir='ltr'><strong>beatus</strong></span> <span class='ocrx_word' id='word_1_319' title='bbox 1688 681 1819 708; x_wconf 85' lang='lat' dir='ltr'><strong>Antonius</strong></span> 
     </span>
    </p>
   </div>
   <div class='ocr_carea' id='block_1_43' title="bbox 1041 720 1817 760">
    <p class='ocr_par' dir='ltr' id='par_1_43' title="bbox 1041 720 1817 760">
     <span class='ocr_line' id='line_1_43' title="bbox 1041 720 1817 760; baseline 0.006 -12"><span class='ocrx_word' id='word_1_320' title='bbox 1041 720 1132 749; x_wconf 71' lang='lat' dir='ltr'><strong>Grtcce</strong></span> <span class='ocrx_word' id='word_1_321' title='bbox 1144 723 1273 754; x_wconf 87' lang='lat' dir='ltr'><strong>nesciret;</strong></span> <span class='ocrx_word' id='word_1_322' title='bbox 1284 729 1332 757; x_wconf 88' lang='lat' dir='ltr'><strong>ego</strong></span> <span class='ocrx_word' id='word_1_323' title='bbox 1344 730 1406 750; x_wconf 88' lang='lat' dir='ltr'><strong>vero</strong></span> <span class='ocrx_word' id='word_1_324' title='bbox 1418 724 1533 751; x_wconf 86' lang='lat' dir='ltr'><strong>sciebam</strong></span> <span class='ocrx_word' id='word_1_325' title='bbox 1545 729 1683 759; x_wconf 90' lang='lat' dir='ltr'><strong>utramque</strong></span> <span class='ocrx_word' id='word_1_326' title='bbox 1691 725 1817 760; x_wconf 85' lang='lat' dir='ltr'><strong>linguam,</strong></span> 
     </span>
    </p>
   </div>
   <div class='ocr_carea' id='block_1_44' title="bbox 1041 767 1820 805">
    <p class='ocr_par' dir='ltr' id='par_1_44' title="bbox 1041 767 1820 805">
     <span class='ocr_line' id='line_1_44' title="bbox 1041 767 1820 805; baseline 0.008 -13"><span class='ocrx_word' id='word_1_327' title='bbox 1041 771 1067 793; x_wconf 86' lang='lat' dir='ltr'><strong>et</strong></span> <span class='ocrx_word' id='word_1_328' title='bbox 1081 767 1120 793; x_wconf 85' lang='lat' dir='ltr'><strong>eis</strong></span> <span class='ocrx_word' id='word_1_329' title='bbox 1135 773 1192 793; x_wconf 90' lang='lat' dir='ltr'><strong>sum</strong></span> <span class='ocrx_word' id='word_1_330' title='bbox 1206 767 1403 800; x_wconf 83' lang='lat' dir='ltr'><strong>interpretatus,</strong></span> <span class='ocrx_word' id='word_1_331' title='bbox 1418 769 1501 795; x_wconf 86' lang='lat' dir='ltr'><strong>beatis</strong></span> <span class='ocrx_word' id='word_1_332' title='bbox 1516 769 1623 803; x_wconf 87' lang='lat' dir='ltr'><strong>quidem</strong></span> <span class='ocrx_word' id='word_1_333' title='bbox 1635 769 1760 805; x_wconf 88' lang='lat' dir='ltr'><strong>deinceps</strong></span> <span class='ocrx_word' id='word_1_334' title='bbox 1771 777 1820 805; x_wconf 87' lang='lat' dir='ltr'><strong>per</strong></span> 
     </span>
    </p>
   </div>
   <div class='ocr_carea' id='block_1_45' title="bbox 1039 810 1817 848">
    <p class='ocr_par' dir='ltr' id='par_1_45' title="bbox 1039 810 1817 848">
     <span class='ocr_line' id='line_1_45' title="bbox 1039 810 1817 848; baseline 0.005 -11"><span class='ocrx_word' id='word_1_335' title='bbox 1039 810 1137 838; x_wconf 89' lang='lat' dir='ltr'><strong>Christi</strong></span> <span class='ocrx_word' id='word_1_336' title='bbox 1147 812 1257 845; x_wconf 83' lang='lat' dir='ltr'><strong>gratiam</strong></span> <span class='ocrx_word' id='word_1_337' title='bbox 1271 820 1278 837; x_wconf 88' lang='lat'>:</span> <span class='ocrx_word' id='word_1_338' title='bbox 1293 811 1402 846; x_wconf 85' lang='lat' dir='ltr'><strong>Eulogio</strong></span> <span class='ocrx_word' id='word_1_339' title='bbox 1415 816 1442 839; x_wconf 92' lang='lat' dir='ltr'><strong>et</strong></span> <span class='ocrx_word' id='word_1_340' title='bbox 1456 820 1569 846; x_wconf 89' lang='lat' dir='ltr'><strong>corpore</strong></span> <span class='ocrx_word' id='word_1_341' title='bbox 1581 813 1700 841; x_wconf 89' lang='lat' dir='ltr'><strong>mutilato</strong></span> <span class='ocrx_word' id='word_1_342' title='bbox 1714 814 1817 848; x_wconf 62' lang='lat' dir='ltr'><strong>Graece,</strong></span> 
     </span>
    </p>
   </div>
   <div class='ocr_carea' id='block_1_46' title="bbox 1040 857 1819 892">
    <p class='ocr_par' dir='ltr' id='par_1_46' title="bbox 1040 857 1819 892">
     <span class='ocr_line' id='line_1_46' title="bbox 1040 857 1819 892; baseline 0.006 -10"><span class='ocrx_word' id='word_1_343' title='bbox 1040 864 1099 890; x_wconf 65' lang='lat' dir='ltr'><strong>quae</strong></span> <span class='ocrx_word' id='word_1_344' title='bbox 1112 864 1124 882; x_wconf 83' lang='lat' dir='ltr'><strong>tl</strong></span> <span class='ocrx_word' id='word_1_345' title='bbox 1138 863 1235 890; x_wconf 82' lang='lat' dir='ltr'><strong>magno</strong></span> <span class='ocrx_word' id='word_1_346' title='bbox 1246 857 1315 883; x_wconf 91' lang='lat' dir='ltr'><strong>dicta</strong></span> <span class='ocrx_word' id='word_1_347' title='bbox 1331 863 1406 890; x_wconf 86' lang='lat' dir='ltr'><strong>sunt;</strong></span> <span class='ocrx_word' id='word_1_348' title='bbox 1429 858 1477 892; x_wconf 90' lang='lat' dir='ltr'><strong>ipsi</strong></span> <span class='ocrx_word' id='word_1_349' title='bbox 1491 862 1581 885; x_wconf 83' lang='lat' dir='ltr'><strong>autem</strong></span> <span class='ocrx_word' id='word_1_350' title='bbox 1595 863 1687 886; x_wconf 82' lang='lat' dir='ltr'><strong>sancto</strong></span> <span class='ocrx_word' id='word_1_351' title='bbox 1702 864 1728 886; x_wconf 90' lang='lat' dir='ltr'><strong>et</strong></span> <span class='ocrx_word' id='word_1_352' title='bbox 1740 859 1819 887; x_wconf 90' lang='lat' dir='ltr'><strong>beato</strong></span> 
     </span>
    </p>
   </div>
   <div class='ocr_carea' id='block_1_47' title="bbox 1004 900 1814 939">
    <p class='ocr_par' dir='ltr' id='par_1_47' title="bbox 1004 900 1814 939">
     <span class='ocr_line' id='line_1_47' title="bbox 1004 900 1814 939; baseline 0.005 -10"><span class='ocrx_word' id='word_1_353' title='bbox 1004 900 1027 929; x_wconf 78' lang='grc' dir='ltr'><strong>Β</strong></span> <span class='ocrx_word' id='word_1_354' title='bbox 1041 911 1187 939; x_wconf 83' lang='lat' dir='ltr'><strong>magnoque</strong></span> <span class='ocrx_word' id='word_1_355' title='bbox 1208 904 1322 932; x_wconf 89' lang='lat' dir='ltr'><strong>Antonio</strong></span> <span class='ocrx_word' id='word_1_356' title='bbox 1342 903 1507 939; x_wconf 66' lang='lat' dir='ltr'><strong>Egyptiace,</strong></span> <span class='ocrx_word' id='word_1_357' title='bbox 1521 912 1579 939; x_wconf 84' lang='lat' dir='ltr'><strong>qute</strong></span> <span class='ocrx_word' id='word_1_358' title='bbox 1602 905 1671 932; x_wconf 79' lang='lat' dir='ltr'><strong>dicta</strong></span> <span class='ocrx_word' id='word_1_359' title='bbox 1694 910 1756 933; x_wconf 87' lang='lat' dir='ltr'><strong>sunt</strong></span> <span class='ocrx_word' id='word_1_360' title='bbox 1779 905 1814 933; x_wconf 90' lang='lat' dir='ltr'><strong>ab</strong></span> 
     </span>
    </p>
   </div>
   <div class='ocr_carea' id='block_1_48' title="bbox 1040 955 1162 984">
    <p class='ocr_par' dir='ltr' id='par_1_48' title="bbox 1040 955 1162 984">
     <span class='ocr_line' id='line_1_48' title="bbox 1040 955 1162 984; baseline 0 -8"><span class='ocrx_word' id='word_1_361' title='bbox 1040 955 1162 984; x_wconf 90' lang='lat' dir='ltr'><strong>utroque.</strong></span> 
     </span>
    </p>
   </div>
   <div class='ocr_carea' id='block_1_49' title="bbox 1310 983 1547 1013">
    <p class='ocr_par' dir='ltr' id='par_1_49' title="bbox 1310 983 1547 1013">
     <span class='ocr_line' id='line_1_49' title="bbox 1310 983 1547 1013; baseline -0.013 0"><span class='ocrx_word' id='word_1_362' title='bbox 1310 984 1421 1013; x_wconf 83' lang='lat' dir='ltr'><strong>CAPUT</strong></span> <span class='ocrx_word' id='word_1_363' title='bbox 1440 983 1547 1011; x_wconf 72' lang='lat' dir='ltr'><strong>XXVII.</strong></span> 
     </span>
    </p>
   </div>
   <div class='ocr_carea' id='block_1_50' title="bbox 1075 1030 1785 1065">
    <p class='ocr_par' dir='ltr' id='par_1_50' title="bbox 1075 1030 1785 1065">
     <span class='ocr_line' id='line_1_50' title="bbox 1075 1030 1785 1065; baseline 0 -8"><span class='ocrx_word' id='word_1_364' title='bbox 1075 1030 1114 1057; x_wconf 76' lang='lat' dir='ltr'><strong>De</strong></span> <span class='ocrx_word' id='word_1_365' title='bbox 1136 1031 1344 1065; x_wconf 79' lang='lat' dir='ltr'><strong>contemplatione</strong></span> <span class='ocrx_word' id='word_1_366' title='bbox 1365 1039 1441 1065; x_wconf 82' lang='lat' dir='ltr'><strong>quam</strong></span> <span class='ocrx_word' id='word_1_367' title='bbox 1465 1031 1527 1057; x_wconf 80' lang='lat' dir='ltr'><strong>vidit</strong></span> <span class='ocrx_word' id='word_1_368' title='bbox 1549 1030 1624 1057; x_wconf 71' lang='lat' dir='ltr'><strong>abbas</strong></span> <span class='ocrx_word' id='word_1_369' title='bbox 1649 1030 1785 1057; x_wconf 70' lang='lat' dir='ltr'><strong>Antonius.</strong></span> 
     </span>
    </p>
   </div>
   <div class='ocr_carea' id='block_1_51' title="bbox 1075 1075 1820 1110">
    <p class='ocr_par' dir='ltr' id='par_1_51' title="bbox 1075 1075 1820 1110">
     <span class='ocr_line' id='line_1_51' title="bbox 1075 1075 1820 1110; baseline 0 -8"><span class='ocrx_word' id='word_1_370' title='bbox 1075 1076 1130 1104; x_wconf 82' lang='lat' dir='ltr'><strong>Hoc</strong></span> <span class='ocrx_word' id='word_1_371' title='bbox 1153 1083 1258 1110; x_wconf 90' lang='lat' dir='ltr'><strong>quoque</strong></span> <span class='ocrx_word' id='word_1_372' title='bbox 1273 1076 1389 1102; x_wconf 87' lang='lat' dir='ltr'><strong>narravit</strong></span> <span class='ocrx_word' id='word_1_373' title='bbox 1411 1075 1523 1103; x_wconf 85' lang='lat' dir='ltr'><strong>Cronius</strong></span> <span class='ocrx_word' id='word_1_374' title='bbox 1545 1075 1586 1102; x_wconf 91' lang='lat' dir='ltr'><strong>illa</strong></span> <span class='ocrx_word' id='word_1_375' title='bbox 1600 1080 1677 1103; x_wconf 87' lang='lat' dir='ltr'><strong>nocte</strong></span> <span class='ocrx_word' id='word_1_376' title='bbox 1697 1081 1820 1110; x_wconf 80' lang='lat' dir='ltr'><strong>magnum</strong></span> 
     </span>
    </p>
   </div>
   <div class='ocr_carea' id='block_1_52' title="bbox 1040 1121 1820 1157">
    <p class='ocr_par' dir='ltr' id='par_1_52' title="bbox 1040 1121 1820 1157">
     <span class='ocr_line' id='line_1_52' title="bbox 1040 1121 1820 1157; baseline 0 -7"><span class='ocrx_word' id='word_1_377' title='bbox 1040 1123 1078 1150; x_wconf 89' lang='lat' dir='ltr'><strong>eis</strong></span> <span class='ocrx_word' id='word_1_378' title='bbox 1100 1130 1223 1150; x_wconf 83' lang='lat' dir='ltr'><strong>narrasse</strong></span> <span class='ocrx_word' id='word_1_379' title='bbox 1246 1122 1388 1150; x_wconf 86' lang='lat' dir='ltr'><strong>Antonium</strong></span> <span class='ocrx_word' id='word_1_380' title='bbox 1402 1131 1408 1148; x_wconf 92' lang='lat'><strong>:</strong></span> <span class='ocrx_word' id='word_1_381' title='bbox 1422 1123 1486 1156; x_wconf 87' lang='lat' dir='ltr'><strong>Ego,</strong></span> <span class='ocrx_word' id='word_1_382' title='bbox 1501 1121 1598 1155; x_wconf 86' lang='lat' dir='ltr'><strong>aiebat,</strong></span> <span class='ocrx_word' id='word_1_383' title='bbox 1621 1129 1691 1150; x_wconf 89' lang='lat' dir='ltr'><strong>anno</strong></span> <span class='ocrx_word' id='word_1_384' title='bbox 1714 1123 1820 1157; x_wconf 88' lang='lat' dir='ltr'><strong>integro</strong></span> 
     </span>
    </p>
   </div>
   <div class='ocr_carea' id='block_1_53' title="bbox 1040 1167 1821 1202">
    <p class='ocr_par' dir='ltr' id='par_1_53' title="bbox 1040 1167 1821 1202">
     <span class='ocr_line' id='line_1_53' title="bbox 1040 1167 1821 1202; baseline 0.003 -8"><span class='ocrx_word' id='word_1_385' title='bbox 1040 1175 1177 1195; x_wconf 87' lang='lat' dir='ltr'><strong>oraveram</strong></span> <span class='ocrx_word' id='word_1_386' title='bbox 1192 1172 1220 1194; x_wconf 90' lang='lat' dir='ltr'><strong>ttt</strong></span> <span class='ocrx_word' id='word_1_387' title='bbox 1231 1168 1396 1195; x_wconf 87' lang='lat' dir='ltr'><strong>revelaretur</strong></span> <span class='ocrx_word' id='word_1_388' title='bbox 1410 1168 1472 1194; x_wconf 89' lang='lat' dir='ltr'><strong>mihi</strong></span> <span class='ocrx_word' id='word_1_389' title='bbox 1491 1167 1563 1195; x_wconf 87' lang='lat' dir='ltr'><strong>locus</strong></span> <span class='ocrx_word' id='word_1_390' title='bbox 1576 1168 1708 1201; x_wconf 89' lang='lat' dir='ltr'><strong>justorum</strong></span> <span class='ocrx_word' id='word_1_391' title='bbox 1719 1172 1745 1195; x_wconf 91' lang='lat' dir='ltr'><strong>et</strong></span> <span class='ocrx_word' id='word_1_392' title='bbox 1757 1175 1821 1202; x_wconf 84' lang='lat' dir='ltr'><strong>pec-</strong></span> 
     </span>
    </p>
   </div>
   <div class='ocr_carea' id='block_1_54' title="bbox 1040 1212 1821 1248">
    <p class='ocr_par' dir='ltr' id='par_1_54' title="bbox 1040 1212 1821 1248">
     <span class='ocr_line' id='line_1_54' title="bbox 1040 1212 1821 1248; baseline 0.001 -9"><span class='ocrx_word' id='word_1_393' title='bbox 1040 1218 1158 1240; x_wconf 91' lang='lat' dir='ltr'><strong>catorum</strong></span> <span class='ocrx_word' id='word_1_394' title='bbox 1172 1212 1270 1248; x_wconf 83' lang='lat' dir='ltr'><strong>(Supra</strong></span> <span class='ocrx_word' id='word_1_395' title='bbox 1279 1213 1297 1239; x_wconf 91' lang='lat' dir='ltr'><strong>I.</strong></span> <span class='ocrx_word' id='word_1_396' title='bbox 1312 1213 1366 1245; x_wconf 87' lang='lat' dir='ltr'><strong>t,irt</strong></span> <span class='ocrx_word' id='word_1_397' title='bbox 1381 1212 1440 1238; x_wconf 79' lang='lat' dir='ltr'><strong>Vita</strong></span> <span class='ocrx_word' id='word_1_398' title='bbox 1450 1212 1479 1240; x_wconf 89' lang='lat' dir='ltr'><strong>S.</strong></span> <span class='ocrx_word' id='word_1_399' title='bbox 1491 1212 1603 1244; x_wconf 78' lang='lat' dir='ltr'><strong>Antonii,</strong></span> <span class='ocrx_word' id='word_1_400' title='bbox 1615 1221 1636 1239; x_wconf 75' lang='grc' dir='ltr'><strong>ε.</strong></span> <span class='ocrx_word' id='word_1_401' title='bbox 1650 1213 1697 1244; x_wconf 78' lang='grc'><strong>58;</strong></span> <span class='ocrx_word' id='word_1_402' title='bbox 1712 1212 1821 1246; x_wconf 67' lang='grc' dir='ltr'><strong>Ραιεὴη</strong></span> 
     </span>
    </p>
   </div>
   <div class='ocr_carea' id='block_1_55' title="bbox 1040 1257 1821 1293">
    <p class='ocr_par' dir='ltr' id='par_1_55' title="bbox 1040 1257 1821 1293">
     <span class='ocr_line' id='line_1_55' title="bbox 1040 1257 1821 1293; baseline 0.001 -9"><span class='ocrx_word' id='word_1_403' title='bbox 1040 1267 1062 1284; x_wconf 85' lang='lat' dir='ltr'><strong>c.</strong></span> <span class='ocrx_word' id='word_1_404' title='bbox 1077 1257 1120 1291; x_wconf 86' lang='lat' dir='ltr'><strong>I9,</strong></span> <span class='ocrx_word' id='word_1_405' title='bbox 1131 1266 1158 1284; x_wconf 83' lang='grc' dir='ltr'><strong>η.</strong></span> <span class='ocrx_word' id='word_1_406' title='bbox 1170 1258 1209 1292; x_wconf 80' lang='grc'><strong>4).</strong></span> <span class='ocrx_word' id='word_1_407' title='bbox 1224 1257 1279 1285; x_wconf 87' lang='lat' dir='ltr'><strong>Vidi</strong></span> <span class='ocrx_word' id='word_1_408' title='bbox 1291 1262 1379 1285; x_wconf 89' lang='lat' dir='ltr'><strong>autem</strong></span> <span class='ocrx_word' id='word_1_409' title='bbox 1390 1258 1522 1292; x_wconf 79' lang='lat' dir='ltr'><strong>gigantem</strong></span> <span class='ocrx_word' id='word_1_410' title='bbox 1534 1258 1637 1293; x_wconf 88' lang='lat' dir='ltr'><strong>nigrum</strong></span> <span class='ocrx_word' id='word_1_411' title='bbox 1651 1258 1821 1293; x_wconf 82' lang='lat' dir='ltr'><strong>altissimum,</strong></span> 
     </span>
    </p>
   </div>
   <div class='ocr_carea' id='block_1_56' title="bbox 1040 1302 1822 1338">
    <p class='ocr_par' dir='ltr' id='par_1_56' title="bbox 1040 1302 1822 1338">
     <span class='ocr_line' id='line_1_56' title="bbox 1040 1302 1822 1338; baseline 0.001 -9"><span class='ocrx_word' id='word_1_412' title='bbox 1040 1304 1085 1337; x_wconf 91' lang='lat' dir='ltr'><strong>qui</strong></span> <span class='ocrx_word' id='word_1_413' title='bbox 1100 1303 1132 1329; x_wconf 85' lang='lat' dir='ltr'><strong>ad</strong></span> <span class='ocrx_word' id='word_1_414' title='bbox 1145 1302 1228 1330; x_wconf 90' lang='lat' dir='ltr'><strong>nubes</strong></span> <span class='ocrx_word' id='word_1_415' title='bbox 1244 1311 1326 1337; x_wconf 89' lang='lat' dir='ltr'><strong>usque</strong></span> <span class='ocrx_word' id='word_1_416' title='bbox 1341 1302 1519 1338; x_wconf 87' lang='lat' dir='ltr'><strong>pertingebat,</strong></span> <span class='ocrx_word' id='word_1_417' title='bbox 1536 1302 1650 1329; x_wconf 84' lang='lat' dir='ltr'><strong>habebat</strong></span> <span class='ocrx_word' id='word_1_418' title='bbox 1664 1308 1751 1330; x_wconf 90' lang='lat' dir='ltr'><strong>au&#39;em</strong></span> <span class='ocrx_word' id='word_1_419' title='bbox 1766 1310 1822 1330; x_wconf 89' lang='lat' dir='ltr'><strong>ma-</strong></span> 
     </span>
    </p>
   </div>
   <div class='ocr_carea' id='block_1_57' title="bbox 1041 1347 1822 1383">
    <p class='ocr_par' dir='ltr' id='par_1_57' title="bbox 1041 1347 1822 1383">
     <span class='ocr_line' id='line_1_57' title="bbox 1041 1347 1822 1383; baseline 0.001 -8"><span class='ocrx_word' id='word_1_420' title='bbox 1041 1355 1091 1375; x_wconf 89' lang='lat' dir='ltr'><strong>nus</strong></span> <span class='ocrx_word' id='word_1_421' title='bbox 1114 1348 1147 1375; x_wconf 92' lang='lat' dir='ltr'><strong>ad</strong></span> <span class='ocrx_word' id='word_1_422' title='bbox 1168 1349 1263 1375; x_wconf 77' lang='lat' dir='ltr'><strong>ctelum</strong></span> <span class='ocrx_word' id='word_1_423' title='bbox 1289 1356 1373 1383; x_wconf 87' lang='lat' dir='ltr'><strong>usque</strong></span> <span class='ocrx_word' id='word_1_424' title='bbox 1396 1353 1538 1381; x_wconf 86' lang='lat' dir='ltr'><strong>extensas;</strong></span> <span class='ocrx_word' id='word_1_425' title='bbox 1564 1347 1631 1374; x_wconf 90' lang='lat' dir='ltr'><strong>infra</strong></span> <span class='ocrx_word' id='word_1_426' title='bbox 1655 1353 1742 1375; x_wconf 88' lang='lat' dir='ltr'><strong>autem</strong></span> <span class='ocrx_word' id='word_1_427' title='bbox 1765 1354 1822 1376; x_wconf 88' lang='lat' dir='ltr'><strong>erat</strong></span> 
     </span>
    </p>
   </div>
   <div class='ocr_carea' id='block_1_58' title="bbox 1042 1393 1823 1428">
    <p class='ocr_par' dir='ltr' id='par_1_58' title="bbox 1042 1393 1823 1428">
     <span class='ocr_line' id='line_1_58' title="bbox 1042 1393 1823 1428; baseline -0.001 -7"><span class='ocrx_word' id='word_1_428' title='bbox 1042 1393 1115 1421; x_wconf 87' lang='lat' dir='ltr'><strong>lacus</strong></span> <span class='ocrx_word' id='word_1_429' title='bbox 1130 1394 1174 1428; x_wconf 89' lang='lat' dir='ltr'><strong>qui</strong></span> <span class='ocrx_word' id='word_1_430' title='bbox 1198 1401 1272 1421; x_wconf 87' lang='lat' dir='ltr'><strong>mare</strong></span> <span class='ocrx_word' id='word_1_431' title='bbox 1293 1394 1414 1428; x_wconf 73' lang='lat' dir='ltr'><strong>aequabat</strong></span> <span class='ocrx_word' id='word_1_432' title='bbox 1429 1394 1620 1428; x_wconf 88' lang='lat' dir='ltr'><strong>magnitudine.</strong></span> <span class='ocrx_word' id='word_1_433' title='bbox 1639 1393 1698 1421; x_wconf 89' lang='lat' dir='ltr'><strong>Vidi</strong></span> <span class='ocrx_word' id='word_1_434' title='bbox 1717 1401 1823 1428; x_wconf 89' lang='lat' dir='ltr'><strong>quoque</strong></span> 
     </span>
    </p>
   </div>
   <div class='ocr_carea' id='block_1_59' title="bbox 1042 1439 1823 1474">
    <p class='ocr_par' dir='ltr' id='par_1_59' title="bbox 1042 1439 1823 1474">
     <span class='ocr_line' id='line_1_59' title="bbox 1042 1439 1823 1474; baseline 0 -9"><span class='ocrx_word' id='word_1_435' title='bbox 1042 1439 1144 1467; x_wconf 81' lang='lat' dir='ltr'><strong>animas</strong></span> <span class='ocrx_word' id='word_1_436' title='bbox 1168 1443 1290 1474; x_wconf 88' lang='lat' dir='ltr'><strong>tauquam</strong></span> <span class='ocrx_word' id='word_1_437' title='bbox 1306 1446 1369 1466; x_wconf 85' lang='lat' dir='ltr'><strong>aves</strong></span> <span class='ocrx_word' id='word_1_438' title='bbox 1384 1446 1489 1467; x_wconf 88' lang='lat' dir='ltr'><strong>sursum</strong></span> <span class='ocrx_word' id='word_1_439' title='bbox 1506 1439 1641 1471; x_wconf 88' lang='lat' dir='ltr'><strong>volantes;</strong></span> <span class='ocrx_word' id='word_1_440' title='bbox 1657 1443 1683 1465; x_wconf 93' lang='lat' dir='ltr'><strong>et</strong></span> <span class='ocrx_word' id='word_1_441' title='bbox 1698 1446 1823 1473; x_wconf 82' lang='lat' dir='ltr'><strong>quaecun-</strong></span> 
     </span>
    </p>
   </div>
   <div class='ocr_carea' id='block_1_60' title="bbox 1042 1485 1823 1520">
    <p class='ocr_par' dir='ltr' id='par_1_60' title="bbox 1042 1485 1823 1520">
     <span class='ocr_line' id='line_1_60' title="bbox 1042 1485 1823 1520; baseline 0 -8"><span class='ocrx_word' id='word_1_442' title='bbox 1042 1493 1093 1520; x_wconf 86' lang='lat' dir='ltr'><strong>que</strong></span> <span class='ocrx_word' id='word_1_443' title='bbox 1107 1485 1213 1519; x_wconf 87' lang='lat' dir='ltr'><strong>quidem</strong></span> <span class='ocrx_word' id='word_1_444' title='bbox 1227 1485 1285 1520; x_wconf 87' lang='lat' dir='ltr'><strong>ejus</strong></span> <span class='ocrx_word' id='word_1_445' title='bbox 1300 1492 1392 1512; x_wconf 88' lang='lat' dir='ltr'><strong>manus</strong></span> <span class='ocrx_word' id='word_1_446' title='bbox 1405 1489 1432 1512; x_wconf 91' lang='lat' dir='ltr'><strong>et</strong></span> <span class='ocrx_word' id='word_1_447' title='bbox 1445 1489 1525 1519; x_wconf 86' lang='lat' dir='ltr'><strong>caput</strong></span> <span class='ocrx_word' id='word_1_448' title='bbox 1537 1485 1752 1520; x_wconf 88' lang='lat' dir='ltr'><strong>supervolabant,</strong></span> <span class='ocrx_word' id='word_1_449' title='bbox 1765 1492 1823 1512; x_wconf 84' lang='lat' dir='ltr'><strong>ser-</strong></span> 
     </span>
    </p>
   </div>
   <div class='ocr_carea' id='block_1_61' title="bbox 1042 1530 1820 1566">
    <p class='ocr_par' dir='ltr' id='par_1_61' title="bbox 1042 1530 1820 1566">
     <span class='ocr_line' id='line_1_61' title="bbox 1042 1530 1820 1566; baseline -0.001 -7"><span class='ocrx_word' id='word_1_450' title='bbox 1042 1532 1172 1559; x_wconf 86' lang='lat' dir='ltr'><strong>vabantur</strong></span> <span class='ocrx_word' id='word_1_451' title='bbox 1196 1532 1230 1559; x_wconf 91' lang='lat' dir='ltr'><strong>ab</strong></span> <span class='ocrx_word' id='word_1_452' title='bbox 1251 1532 1365 1566; x_wconf 76' lang='lat' dir='ltr'><strong>angelis;</strong></span> <span class='ocrx_word' id='word_1_453' title='bbox 1388 1539 1448 1566; x_wconf 67' lang='lat' dir='ltr'><strong>quae</strong></span> <span class='ocrx_word' id='word_1_454' title='bbox 1468 1537 1556 1559; x_wconf 88' lang='lat' dir='ltr'><strong>autem</strong></span> <span class='ocrx_word' id='word_1_455' title='bbox 1579 1539 1593 1558; x_wconf 88' lang='lat' dir='ltr'><strong>a</strong></span> <span class='ocrx_word' id='word_1_456' title='bbox 1618 1531 1739 1559; x_wconf 83' lang='lat' dir='ltr'><strong>manibus</strong></span> <span class='ocrx_word' id='word_1_457' title='bbox 1761 1530 1820 1565; x_wconf 84' lang='lat' dir='ltr'><strong>ejus</strong></span> 
     </span>
    </p>
   </div>
   <div class='ocr_carea' id='block_1_62' title="bbox 208 1576 1820 1612">
    <p class='ocr_par' dir='ltr' id='par_1_62' title="bbox 208 1576 1820 1612">
     <span class='ocr_line' id='line_1_62' title="bbox 208 1576 1820 1612; baseline 0 -9"><span class='ocrx_word' id='word_1_458' title='bbox 208 1577 263 1610; x_wconf 74' lang='lat' dir='ltr'><strong>eius</strong></span> <span class='ocrx_word' id='word_1_459' title='bbox 277 1581 302 1604; x_wconf 93' lang='lat' dir='ltr'><strong>tu</strong></span> <span class='ocrx_word' id='word_1_460' title='bbox 315 1584 386 1610; x_wconf 87' lang='lat' dir='ltr'><strong>eum,</strong></span> <span class='ocrx_word' id='word_1_461' title='bbox 396 1576 507 1612; x_wconf 70' lang='lat' dir='ltr'><strong>Eulogii</strong></span> <span class='ocrx_word' id='word_1_462' title='bbox 519 1582 544 1603; x_wconf 87' lang='lat' dir='ltr'><strong>at</strong></span> <span class='ocrx_word' id='word_1_463' title='bbox 555 1577 599 1612; x_wconf 89' lang='lat' dir='ltr'><strong>qui</strong></span> <span class='ocrx_word' id='word_1_464' title='bbox 610 1585 670 1604; x_wconf 86' lang='lat' dir='ltr'><strong>eum</strong></span> <span class='ocrx_word' id='word_1_465' title='bbox 682 1579 781 1604; x_wconf 85' lang='lat' dir='ltr'><strong>creavit</strong></span> <span class='ocrx_word' id='word_1_466' title='bbox 794 1586 846 1604; x_wconf 92' lang='lat' dir='ltr'><strong>non</strong></span> <span class='ocrx_word' id='word_1_467' title='bbox 856 1578 991 1612; x_wconf 80' lang='lat' dir='ltr'><strong>abjicit.SI</strong></span> <span class='ocrx_word' id='word_1_468' title='bbox 1007 1579 1029 1610; x_wconf 84' lang='lat' dir='ltr'><strong>C</strong></span> <span class='ocrx_word' id='word_1_469' title='bbox 1044 1577 1251 1604; x_wconf 82' lang='lat' dir='ltr'><strong>verberabantur</strong></span> <span class='ocrx_word' id='word_1_470' title='bbox 1262 1597 1269 1610; x_wconf 86' lang='lat'><strong>,</strong></span> <span class='ocrx_word' id='word_1_471' title='bbox 1285 1577 1434 1604; x_wconf 88' lang='lat' dir='ltr'><strong>incidebattt</strong></span> <span class='ocrx_word' id='word_1_472' title='bbox 1449 1577 1476 1604; x_wconf 91' lang='lat' dir='ltr'><strong>in</strong></span> <span class='ocrx_word' id='word_1_473' title='bbox 1492 1577 1589 1604; x_wconf 85' lang='lat' dir='ltr'><strong>laeum.</strong></span> <span class='ocrx_word' id='word_1_474' title='bbox 1609 1576 1649 1603; x_wconf 83' lang='lat' dir='ltr'><strong>Ad</strong></span> <span class='ocrx_word' id='word_1_475' title='bbox 1668 1583 1711 1604; x_wconf 86' lang='lat' dir='ltr'><strong>me</strong></span> <span class='ocrx_word' id='word_1_476' title='bbox 1731 1577 1820 1610; x_wconf 85' lang='lat' dir='ltr'><strong>itaque</strong></span> 
     </span>
    </p>
   </div>
   <div class='ocr_carea' id='block_1_63' title="bbox 209 1623 988 1658">
    <p class='ocr_par' dir='ltr' id='par_1_63' title="bbox 209 1623 988 1658">
     <span class='ocr_line' id='line_1_63' title="bbox 209 1623 988 1658; baseline 0.003 -9"><span class='ocrx_word' id='word_1_477' title='bbox 209 1627 305 1653; x_wconf 82' lang='lat' dir='ltr'><strong>tueum</strong></span> <span class='ocrx_word' id='word_1_478' title='bbox 320 1623 421 1657; x_wconf 86' lang='lat' dir='ltr'><strong>abjicis,</strong></span> <span class='ocrx_word' id='word_1_479' title='bbox 431 1624 500 1651; x_wconf 84' lang='lat' dir='ltr'><strong>Deus</strong></span> <span class='ocrx_word' id='word_1_480' title='bbox 508 1624 531 1650; x_wconf 93' lang='lat' dir='ltr'><strong>ei</strong></span> <span class='ocrx_word' id='word_1_481' title='bbox 543 1623 668 1651; x_wconf 78' lang='lat' dir='ltr'><strong>excitabit</strong></span> <span class='ocrx_word' id='word_1_482' title='bbox 681 1628 705 1651; x_wconf 90' lang='lat' dir='ltr'><strong>te</strong></span> <span class='ocrx_word' id='word_1_483' title='bbox 720 1625 856 1651; x_wconf 87' lang='lat' dir='ltr'><strong>meliorem</strong></span> <span class='ocrx_word' id='word_1_484' title='bbox 871 1624 915 1658; x_wconf 90' lang='lat' dir='ltr'><strong>qui</strong></span> <span class='ocrx_word' id='word_1_485' title='bbox 929 1632 988 1651; x_wconf 90' lang='lat' dir='ltr'><strong>eum</strong></span> 
     </span>
    </p>
   </div>
   <div class='ocr_carea' id='block_1_64' title="bbox 208 1670 990 1705">
    <p class='ocr_par' dir='ltr' id='par_1_64' title="bbox 208 1670 990 1705">
     <span class='ocr_line' id='line_1_64' title="bbox 208 1670 990 1705; baseline 0.001 -8"><span class='ocrx_word' id='word_1_486' title='bbox 208 1671 323 1705; x_wconf 88' lang='lat' dir='ltr'><strong>colligat.</strong></span> <span class='ocrx_word' id='word_1_487' title='bbox 339 1671 472 1698; x_wconf 88' lang='lat' dir='ltr'><strong>Conticuit</strong></span> <span class='ocrx_word' id='word_1_488' title='bbox 495 1670 622 1705; x_wconf 83' lang='lat' dir='ltr'><strong>Eulogius</strong></span> <span class='ocrx_word' id='word_1_489' title='bbox 635 1691 643 1703; x_wconf 89' lang='lat'><strong>,</strong></span> <span class='ocrx_word' id='word_1_490' title='bbox 658 1676 686 1698; x_wconf 93' lang='lat' dir='ltr'><strong>et</strong></span> <span class='ocrx_word' id='word_1_491' title='bbox 707 1670 830 1698; x_wconf 87' lang='lat' dir='ltr'><strong>extimuit</strong></span> <span class='ocrx_word' id='word_1_492' title='bbox 850 1678 909 1698; x_wconf 93' lang='lat' dir='ltr'><strong>cum</strong></span> <span class='ocrx_word' id='word_1_493' title='bbox 934 1671 990 1698; x_wconf 73' lang='lat' dir='ltr'><strong>ltzec</strong></span> 
     </span>
    </p>
   </div>
   <div class='ocr_carea' id='block_1_65' title="bbox 207 1715 990 1749">
    <p class='ocr_par' dir='ltr' id='par_1_65' title="bbox 207 1715 990 1749">
     <span class='ocr_line' id='line_1_65' title="bbox 207 1715 990 1749; baseline 0 -7"><span class='ocrx_word' id='word_1_494' title='bbox 207 1717 344 1743; x_wconf 86' lang='lat' dir='ltr'><strong>audiisset.</strong></span> <span class='ocrx_word' id='word_1_495' title='bbox 362 1715 463 1743; x_wconf 79' lang='lat' dir='ltr'><strong>Relicto</strong></span> <span class='ocrx_word' id='word_1_496' title='bbox 485 1722 572 1742; x_wconf 92' lang='lat' dir='ltr'><strong>autem</strong></span> <span class='ocrx_word' id='word_1_497' title='bbox 598 1716 720 1749; x_wconf 87' lang='lat' dir='ltr'><strong>Eulogio,</strong></span> <span class='ocrx_word' id='word_1_498' title='bbox 735 1723 845 1749; x_wconf 85' lang='lat' dir='ltr'><strong>magnus</strong></span> <span class='ocrx_word' id='word_1_499' title='bbox 860 1716 990 1742; x_wconf 86' lang='lat' dir='ltr'><strong>Antonius</strong></span> 
     </span>
    </p>
   </div>
   <div class='ocr_carea' id='block_1_66' title="bbox 208 1759 991 1794">
    <p class='ocr_par' dir='ltr' id='par_1_66' title="bbox 208 1759 991 1794">
     <span class='ocr_line' id='line_1_66' title="bbox 208 1759 991 1794; baseline -0.001 -7"><span class='ocrx_word' id='word_1_500' title='bbox 208 1760 303 1794; x_wconf 87' lang='lat' dir='ltr'><strong>incipit</strong></span> <span class='ocrx_word' id='word_1_501' title='bbox 315 1760 402 1793; x_wconf 85' lang='lat' dir='ltr'><strong>lingua</strong></span> <span class='ocrx_word' id='word_1_502' title='bbox 416 1759 551 1793; x_wconf 69' lang='lat' dir='ltr'><strong>flagellant</strong></span> <span class='ocrx_word' id='word_1_503' title='bbox 566 1760 727 1790; x_wconf 82' lang='lat' dir='ltr'><strong>mutilatum.</strong></span> <span class='ocrx_word' id='word_1_504' title='bbox 740 1765 766 1786; x_wconf 89' lang='lat' dir='ltr'><strong>et</strong></span> <span class='ocrx_word' id='word_1_505' title='bbox 781 1760 813 1785; x_wconf 88' lang='lat' dir='ltr'><strong>ad</strong></span> <span class='ocrx_word' id='word_1_506' title='bbox 828 1767 888 1785; x_wconf 87' lang='lat' dir='ltr'><strong>eum</strong></span> <span class='ocrx_word' id='word_1_507' title='bbox 903 1759 991 1786; x_wconf 83' lang='lat' dir='ltr'><strong>excla-</strong></span> 
     </span>
    </p>
   </div>
   <div class='ocr_carea' id='block_1_67' title="bbox 209 1802 990 1837">
    <p class='ocr_par' dir='ltr' id='par_1_67' title="bbox 209 1802 990 1837">
     <span class='ocr_line' id='line_1_67' title="bbox 209 1802 990 1837; baseline -0.001 -6"><span class='ocrx_word' id='word_1_508' title='bbox 209 1812 283 1831; x_wconf 87' lang='lat' dir='ltr'><strong>mare</strong></span> <span class='ocrx_word' id='word_1_509' title='bbox 296 1813 303 1830; x_wconf 89' lang='lat'><strong>:</strong></span> <span class='ocrx_word' id='word_1_510' title='bbox 317 1803 448 1834; x_wconf 82' lang='lat' dir='ltr'><strong>Mutilate,</strong></span> <span class='ocrx_word' id='word_1_511' title='bbox 457 1803 588 1829; x_wconf 84' lang='lat' dir='ltr'><strong>maculate</strong></span> <span class='ocrx_word' id='word_1_512' title='bbox 603 1802 672 1837; x_wconf 74' lang='grc'><strong>(65),</strong></span> <span class='ocrx_word' id='word_1_513' title='bbox 681 1807 751 1829; x_wconf 89' lang='lat' dir='ltr'><strong>terra</strong></span> <span class='ocrx_word' id='word_1_514' title='bbox 761 1808 787 1830; x_wconf 92' lang='lat' dir='ltr'><strong>et</strong></span> <span class='ocrx_word' id='word_1_515' title='bbox 796 1804 863 1829; x_wconf 60' lang='lat' dir='ltr'><strong>coelo</strong></span> <span class='ocrx_word' id='word_1_516' title='bbox 874 1803 990 1837; x_wconf 81' lang='lat' dir='ltr'><strong>indigne,</strong></span> 
     </span>
    </p>
   </div>
   <div class='ocr_carea' id='block_1_68' title="bbox 210 1846 993 1881">
    <p class='ocr_par' dir='ltr' id='par_1_68' title="bbox 210 1846 993 1881">
     <span class='ocr_line' id='line_1_68' title="bbox 210 1846 993 1881; baseline -0.003 -5"><span class='ocrx_word' id='word_1_517' title='bbox 210 1855 263 1877; x_wconf 92' lang='lat' dir='ltr'><strong>non</strong></span> <span class='ocrx_word' id='word_1_518' title='bbox 275 1856 364 1876; x_wconf 82' lang='lat' dir='ltr'><strong>cessas</strong></span> <span class='ocrx_word' id='word_1_519' title='bbox 377 1855 436 1874; x_wconf 93' lang='lat' dir='ltr'><strong>cum</strong></span> <span class='ocrx_word' id='word_1_520' title='bbox 455 1846 509 1874; x_wconf 89' lang='lat' dir='ltr'><strong>Deo</strong></span> <span class='ocrx_word' id='word_1_521' title='bbox 531 1854 648 1881; x_wconf 86' lang='lat' dir='ltr'><strong>pugnare</strong></span> <span class='ocrx_word' id='word_1_522' title='bbox 659 1867 666 1879; x_wconf 95' lang='lat'><strong>,</strong></span> <span class='ocrx_word' id='word_1_523' title='bbox 681 1852 708 1874; x_wconf 90' lang='lat' dir='ltr'><strong>et</strong></span> <span class='ocrx_word' id='word_1_524' title='bbox 723 1851 796 1873; x_wconf 89' lang='lat' dir='ltr'><strong>tuum</strong></span> <span class='ocrx_word' id='word_1_525' title='bbox 812 1847 919 1874; x_wconf 81' lang='lat' dir='ltr'><strong>fratrem</strong></span> <span class='ocrx_word' id='word_1_526' title='bbox 933 1848 993 1874; x_wconf 88' lang='lat' dir='ltr'><strong>irri-</strong></span> 
     </span>
    </p>
   </div>
   <div class='ocr_carea' id='block_1_69' title="bbox 210 1892 993 1926">
    <p class='ocr_par' dir='ltr' id='par_1_69' title="bbox 210 1892 993 1926">
     <span class='ocr_line' id='line_1_69' title="bbox 210 1892 993 1926; baseline 0 -6"><span class='ocrx_word' id='word_1_527' title='bbox 210 1894 284 1921; x_wconf 75' lang='lat' dir='ltr'><strong>tare?</strong></span> <span class='ocrx_word' id='word_1_528' title='bbox 299 1893 389 1920; x_wconf 86' lang='lat' dir='ltr'><strong>Nescis</strong></span> <span class='ocrx_word' id='word_1_529' title='bbox 402 1900 461 1920; x_wconf 82' lang='lat' dir='ltr'><strong>esse</strong></span> <span class='ocrx_word' id='word_1_530' title='bbox 482 1892 618 1920; x_wconf 86' lang='lat' dir='ltr'><strong>Christum</strong></span> <span class='ocrx_word' id='word_1_531' title='bbox 633 1893 678 1926; x_wconf 92' lang='lat' dir='ltr'><strong>qui</strong></span> <span class='ocrx_word' id='word_1_532' title='bbox 694 1892 740 1919; x_wconf 91' lang='lat' dir='ltr'><strong>tibi</strong></span> <span class='ocrx_word' id='word_1_533' title='bbox 753 1893 907 1919; x_wconf 77' lang='lat' dir='ltr'><strong>ministrat?</strong></span> <span class='ocrx_word' id='word_1_534' title='bbox 921 1893 993 1925; x_wconf 86' lang='lat' dir='ltr'><strong>Quo-</strong></span> 
     </span>
    </p>
   </div>
   <div class='ocr_carea' id='block_1_70' title="bbox 211 1937 993 1972">
    <p class='ocr_par' dir='ltr' id='par_1_70' title="bbox 211 1937 993 1972">
     <span class='ocr_line' id='line_1_70' title="bbox 211 1937 993 1972; baseline 0.001 -7"><span class='ocrx_word' id='word_1_535' title='bbox 211 1938 290 1966; x_wconf 91' lang='lat' dir='ltr'><strong>modo</strong></span> <span class='ocrx_word' id='word_1_536' title='bbox 303 1938 384 1965; x_wconf 88' lang='lat' dir='ltr'><strong>audes</strong></span> <span class='ocrx_word' id='word_1_537' title='bbox 397 1937 454 1965; x_wconf 85' lang='lat' dir='ltr'><strong>ltaec</strong></span> <span class='ocrx_word' id='word_1_538' title='bbox 469 1938 540 1972; x_wconf 89' lang='lat' dir='ltr'><strong>loqui</strong></span> <span class='ocrx_word' id='word_1_539' title='bbox 552 1937 678 1964; x_wconf 79' lang='lat' dir='ltr'><strong>adversus</strong></span> <span class='ocrx_word' id='word_1_540' title='bbox 692 1937 845 1965; x_wconf 82' lang='lat' dir='ltr'><strong>Christum?</strong></span> <span class='ocrx_word' id='word_1_541' title='bbox 861 1937 918 1965; x_wconf 83' lang='lat' dir='ltr'><strong>Non</strong></span> <span class='ocrx_word' id='word_1_542' title='bbox 933 1946 993 1972; x_wconf 84' lang='lat' dir='ltr'><strong>pro-</strong></span> 
     </span>
    </p>
   </div>
   <div class='ocr_carea' id='block_1_71' title="bbox 211 1983 993 2020">
    <p class='ocr_par' dir='ltr' id='par_1_71' title="bbox 211 1983 993 2020">
     <span class='ocr_line' id='line_1_71' title="bbox 211 1983 993 2020; baseline 0.001 -10"><span class='ocrx_word' id='word_1_543' title='bbox 211 1989 268 2019; x_wconf 89' lang='lat' dir='ltr'><strong>pter</strong></span> <span class='ocrx_word' id='word_1_544' title='bbox 282 1984 418 2011; x_wconf 85' lang='lat' dir='ltr'><strong>Christum</strong></span> <span class='ocrx_word' id='word_1_545' title='bbox 433 1991 462 2010; x_wconf 89' lang='lat' dir='ltr'><strong>se</strong></span> <span class='ocrx_word' id='word_1_546' title='bbox 475 1988 520 2010; x_wconf 91' lang='lat' dir='ltr'><strong>tuo</strong></span> <span class='ocrx_word' id='word_1_547' title='bbox 536 1983 695 2016; x_wconf 87' lang='lat' dir='ltr'><strong>mancipavit</strong></span> <span class='ocrx_word' id='word_1_548' title='bbox 709 1984 833 2010; x_wconf 50' lang='lat' dir='ltr'><strong>servitio?</strong></span> <span class='ocrx_word' id='word_1_549' title='bbox 849 1984 914 2011; x_wconf 91' lang='lat' dir='ltr'><strong>Cum</strong></span> <span class='ocrx_word' id='word_1_550' title='bbox 929 1992 993 2020; x_wconf 79' lang='lat' dir='ltr'><strong>ergo</strong></span> 
     </span>
    </p>
   </div>
   <div class='ocr_carea' id='block_1_72' title="bbox 210 2028 992 2064">
    <p class='ocr_par' dir='ltr' id='par_1_72' title="bbox 210 2028 992 2064">
     <span class='ocr_line' id='line_1_72' title="bbox 210 2028 992 2064; baseline 0 -8"><span class='ocrx_word' id='word_1_551' title='bbox 210 2036 270 2056; x_wconf 91' lang='lat' dir='ltr'><strong>eum</strong></span> <span class='ocrx_word' id='word_1_552' title='bbox 295 2035 399 2064; x_wconf 86' lang='lat' dir='ltr'><strong>quoque</strong></span> <span class='ocrx_word' id='word_1_553' title='bbox 423 2028 510 2056; x_wconf 75' lang='lat' dir='ltr'><strong>verbis</strong></span> <span class='ocrx_word' id='word_1_554' title='bbox 535 2029 698 2055; x_wconf 86' lang='lat' dir='ltr'><strong>coercuisset</strong></span> <span class='ocrx_word' id='word_1_555' title='bbox 722 2029 931 2062; x_wconf 83' lang='lat' dir='ltr'><strong>increpantibus,</strong></span> <span class='ocrx_word' id='word_1_556' title='bbox 946 2037 992 2057; x_wconf 90' lang='lat' dir='ltr'><strong>eos</strong></span> 
     </span>
    </p>
   </div>
   <div class='ocr_carea' id='block_1_73' title="bbox 209 2073 993 2106">
    <p class='ocr_par' dir='ltr' id='par_1_73' title="bbox 209 2073 993 2106">
     <span class='ocr_line' id='line_1_73' title="bbox 209 2073 993 2106; baseline 0 -5"><span class='ocrx_word' id='word_1_557' title='bbox 209 2075 335 2106; x_wconf 89' lang='lat' dir='ltr'><strong>dimittit;</strong></span> <span class='ocrx_word' id='word_1_558' title='bbox 357 2079 383 2101; x_wconf 92' lang='lat' dir='ltr'><strong>et</strong></span> <span class='ocrx_word' id='word_1_559' title='bbox 409 2081 467 2101; x_wconf 85' lang='lat' dir='ltr'><strong>cum</strong></span> <span class='ocrx_word' id='word_1_560' title='bbox 490 2073 659 2101; x_wconf 84' lang='lat' dir='ltr'><strong>dtsseruisset</strong></span> <span class='ocrx_word' id='word_1_561' title='bbox 678 2082 737 2101; x_wconf 89' lang='lat' dir='ltr'><strong>cum</strong></span> <span class='ocrx_word' id='word_1_562' title='bbox 762 2073 887 2100; x_wconf 87' lang='lat' dir='ltr'><strong>fratribus</strong></span> <span class='ocrx_word' id='word_1_563' title='bbox 909 2075 942 2101; x_wconf 91' lang='lat' dir='ltr'><strong>de</strong></span> <span class='ocrx_word' id='word_1_564' title='bbox 960 2074 993 2101; x_wconf 84' lang='lat' dir='ltr'><strong>iis</strong></span> 
     </span>
    </p>
   </div>
   <div class='ocr_carea' id='block_1_74' title="bbox 209 2119 991 2154">
    <p class='ocr_par' dir='ltr' id='par_1_74' title="bbox 209 2119 991 2154">
     <span class='ocr_line' id='line_1_74' title="bbox 209 2119 991 2154; baseline -0.001 -7"><span class='ocrx_word' id='word_1_565' title='bbox 209 2128 268 2154; x_wconf 69' lang='lat' dir='ltr'><strong>quae</strong></span> <span class='ocrx_word' id='word_1_566' title='bbox 290 2125 366 2147; x_wconf 83' lang='lat' dir='ltr'><strong>erant</strong></span> <span class='ocrx_word' id='word_1_567' title='bbox 389 2119 530 2154; x_wconf 67' lang='lat' dir='ltr'><strong>unicuique</strong></span> <span class='ocrx_word' id='word_1_568' title='bbox 553 2119 700 2146; x_wconf 79' lang='lat' dir='ltr'><strong>nccessaria</strong></span> <span class='ocrx_word' id='word_1_569' title='bbox 712 2139 718 2150; x_wconf 85' lang='lat'><strong>,</strong></span> <span class='ocrx_word' id='word_1_570' title='bbox 734 2127 826 2145; x_wconf 81' lang='lat' dir='ltr'><strong>rursus</strong></span> <span class='ocrx_word' id='word_1_571' title='bbox 841 2120 944 2146; x_wconf 84' lang='lat' dir='ltr'><strong>accedit</strong></span> <span class='ocrx_word' id='word_1_572' title='bbox 958 2120 991 2148; x_wconf 86' lang='lat' dir='ltr'><strong>ad</strong></span> 
     </span>
    </p>
   </div>
   <div class='ocr_carea' id='block_1_75' title="bbox 211 2164 994 2200">
    <p class='ocr_par' dir='ltr' id='par_1_75' title="bbox 211 2164 994 2200">
     <span class='ocr_line' id='line_1_75' title="bbox 211 2164 994 2200; baseline -0.001 -7"><span class='ocrx_word' id='word_1_573' title='bbox 211 2165 347 2200; x_wconf 79' lang='lat' dir='ltr'><strong>Eulogium</strong></span> <span class='ocrx_word' id='word_1_574' title='bbox 363 2169 390 2193; x_wconf 88' lang='lat' dir='ltr'><strong>et</strong></span> <span class='ocrx_word' id='word_1_575' title='bbox 405 2165 564 2197; x_wconf 82' lang='lat' dir='ltr'><strong>mutilatum,</strong></span> <span class='ocrx_word' id='word_1_576' title='bbox 579 2169 606 2192; x_wconf 90' lang='lat' dir='ltr'><strong>et</strong></span> <span class='ocrx_word' id='word_1_577' title='bbox 621 2164 683 2191; x_wconf 88' lang='lat' dir='ltr'><strong>dicit</strong></span> <span class='ocrx_word' id='word_1_578' title='bbox 696 2165 735 2192; x_wconf 86' lang='lat' dir='ltr'><strong>eis</strong></span> <span class='ocrx_word' id='word_1_579' title='bbox 748 2174 754 2192; x_wconf 92' lang='lat'><strong>:</strong></span> <span class='ocrx_word' id='word_1_580' title='bbox 768 2165 805 2191; x_wconf 86' lang='lat' dir='ltr'><strong>Ne</strong></span> <span class='ocrx_word' id='word_1_581' title='bbox 820 2173 930 2200; x_wconf 87' lang='lat' dir='ltr'><strong>usquam</strong></span> <span class='ocrx_word' id='word_1_582' title='bbox 944 2164 994 2192; x_wconf 89' lang='lat' dir='ltr'><strong>int-</strong></span> 
     </span>
    </p>
   </div>
   <div class='ocr_carea' id='block_1_76' title="bbox 212 2210 992 2245">
    <p class='ocr_par' dir='ltr' id='par_1_76' title="bbox 212 2210 992 2245">
     <span class='ocr_line' id='line_1_76' title="bbox 212 2210 992 2245; baseline -0.001 -7"><span class='ocrx_word' id='word_1_583' title='bbox 212 2211 362 2244; x_wconf 91' lang='lat' dir='ltr'><strong>ntoremini,</strong></span> <span class='ocrx_word' id='word_1_584' title='bbox 376 2219 393 2239; x_wconf 92' lang='grc' dir='ltr'>ο</span> <span class='ocrx_word' id='word_1_585' title='bbox 407 2211 511 2243; x_wconf 86' lang='lat' dir='ltr'><strong>fratres,</strong></span> <span class='ocrx_word' id='word_1_586' title='bbox 522 2211 567 2238; x_wconf 88' lang='lat' dir='ltr'><strong>sed</strong></span> <span class='ocrx_word' id='word_1_587' title='bbox 581 2211 650 2237; x_wconf 88' lang='lat' dir='ltr'><strong>abite</strong></span> <span class='ocrx_word' id='word_1_588' title='bbox 662 2211 688 2237; x_wconf 93' lang='lat' dir='ltr'><strong>in</strong></span> <span class='ocrx_word' id='word_1_589' title='bbox 701 2217 776 2245; x_wconf 89' lang='lat' dir='ltr'><strong>pace,</strong></span> <span class='ocrx_word' id='word_1_590' title='bbox 789 2215 816 2237; x_wconf 88' lang='lat' dir='ltr'><strong>et</strong></span> <span class='ocrx_word' id='word_1_591' title='bbox 829 2218 862 2237; x_wconf 92' lang='lat' dir='ltr'><strong>ne</strong></span> <span class='ocrx_word' id='word_1_592' title='bbox 877 2210 992 2237; x_wconf 87' lang='lat' dir='ltr'><strong>invicem</strong></span> 
     </span>
    </p>
   </div>
   <div class='ocr_carea' id='block_1_77' title="bbox 211 2252 1033 2292">
    <p class='ocr_par' dir='ltr' id='par_1_77' title="bbox 211 2252 1033 2292">
     <span class='ocr_line' id='line_1_77' title="bbox 211 2252 1033 2292; baseline -0.004 -8"><span class='ocrx_word' id='word_1_593' title='bbox 211 2257 508 2292; x_wconf 75' lang='lat' dir='ltr'><strong>Separemini,dcposita</strong></span> <span class='ocrx_word' id='word_1_594' title='bbox 523 2256 594 2282; x_wconf 90' lang='lat' dir='ltr'><strong>omni</strong></span> <span class='ocrx_word' id='word_1_595' title='bbox 610 2256 729 2282; x_wconf 85' lang='lat' dir='ltr'><strong>molestia</strong></span> <span class='ocrx_word' id='word_1_596' title='bbox 745 2263 823 2290; x_wconf 90' lang='lat' dir='ltr'><strong>quam</strong></span> <span class='ocrx_word' id='word_1_597' title='bbox 839 2256 914 2282; x_wconf 85' lang='lat' dir='ltr'><strong>vobis</strong></span> <span class='ocrx_word' id='word_1_598' title='bbox 927 2256 992 2289; x_wconf 92' lang='lat' dir='ltr'><strong>inje-</strong></span> <span class='ocrx_word' id='word_1_599' title='bbox 1008 2252 1033 2281; x_wconf 88' lang='lat' dir='ltr'><strong>D</strong></span> 
     </span>
    </p>
   </div>
   <div class='ocr_carea' id='block_1_78' title="bbox 213 2301 992 2335">
    <p class='ocr_par' dir='ltr' id='par_1_78' title="bbox 213 2301 992 2335">
     <span class='ocr_line' id='line_1_78' title="bbox 213 2301 992 2335; baseline -0.004 -5"><span class='ocrx_word' id='word_1_600' title='bbox 213 2304 249 2331; x_wconf 92' lang='lat' dir='ltr'><strong>cit</strong></span> <span class='ocrx_word' id='word_1_601' title='bbox 271 2303 390 2335; x_wconf 68' lang='lat' dir='ltr'><strong>daemon;</strong></span> <span class='ocrx_word' id='word_1_602' title='bbox 410 2307 437 2329; x_wconf 90' lang='lat' dir='ltr'><strong>et</strong></span> <span class='ocrx_word' id='word_1_603' title='bbox 459 2309 519 2329; x_wconf 88' lang='lat' dir='ltr'><strong>cum</strong></span> <span class='ocrx_word' id='word_1_604' title='bbox 547 2302 615 2328; x_wconf 91' lang='lat' dir='ltr'><strong>bona</strong></span> <span class='ocrx_word' id='word_1_605' title='bbox 631 2301 772 2328; x_wconf 88' lang='lat' dir='ltr'><strong>dilectione</strong></span> <span class='ocrx_word' id='word_1_606' title='bbox 787 2301 949 2328; x_wconf 86' lang='lat' dir='ltr'><strong>revertimini</strong></span> <span class='ocrx_word' id='word_1_607' title='bbox 966 2301 992 2327; x_wconf 92' lang='lat' dir='ltr'><strong>in</strong></span> 
     </span>
    </p>
   </div>
   <div class='ocr_carea' id='block_1_79' title="bbox 213 2345 992 2382">
    <p class='ocr_par' dir='ltr' id='par_1_79' title="bbox 213 2345 992 2382">
     <span class='ocr_line' id='line_1_79' title="bbox 213 2345 992 2382; baseline -0.005 -7"><span class='ocrx_word' id='word_1_608' title='bbox 213 2348 305 2375; x_wconf 86' lang='lat' dir='ltr'><strong>cellam</strong></span> <span class='ocrx_word' id='word_1_609' title='bbox 321 2349 346 2374; x_wconf 93' lang='lat' dir='ltr'><strong>in</strong></span> <span class='ocrx_word' id='word_1_610' title='bbox 363 2355 412 2382; x_wconf 87' lang='lat' dir='ltr'><strong>qua</strong></span> <span class='ocrx_word' id='word_1_611' title='bbox 426 2348 504 2382; x_wconf 85' lang='lat' dir='ltr'><strong>longo</strong></span> <span class='ocrx_word' id='word_1_612' title='bbox 521 2352 640 2380; x_wconf 85' lang='lat' dir='ltr'><strong>tempore</strong></span> <span class='ocrx_word' id='word_1_613' title='bbox 654 2346 750 2373; x_wconf 82' lang='lat' dir='ltr'><strong>versati</strong></span> <span class='ocrx_word' id='word_1_614' title='bbox 765 2347 844 2377; x_wconf 82' lang='lat' dir='ltr'><strong>estis;</strong></span> <span class='ocrx_word' id='word_1_615' title='bbox 856 2345 910 2379; x_wconf 89' lang='lat' dir='ltr'><strong>jam</strong></span> <span class='ocrx_word' id='word_1_616' title='bbox 923 2345 992 2372; x_wconf 88' lang='lat' dir='ltr'><strong>enim</strong></span> 
     </span>
    </p>
   </div>
   <div class='ocr_carea' id='block_1_80' title="bbox 215 2391 993 2421">
    <p class='ocr_par' dir='ltr' id='par_1_80' title="bbox 215 2391 993 2421">
     <span class='ocr_line' id='line_1_80' title="bbox 215 2391 993 2421; baseline -0.005 0"><span class='ocrx_word' id='word_1_617' title='bbox 215 2395 284 2421; x_wconf 85' lang='lat' dir='ltr'><strong>Deus</strong></span> <span class='ocrx_word' id='word_1_618' title='bbox 301 2394 386 2421; x_wconf 84' lang='lat' dir='ltr'><strong>mittet</strong></span> <span class='ocrx_word' id='word_1_619' title='bbox 400 2393 434 2420; x_wconf 84' lang='lat' dir='ltr'><strong>ad</strong></span> <span class='ocrx_word' id='word_1_620' title='bbox 449 2401 507 2421; x_wconf 88' lang='lat' dir='ltr'><strong>vos.</strong></span> <span class='ocrx_word' id='word_1_621' title='bbox 531 2393 593 2420; x_wconf 71' lang='lat' dir='ltr'><strong>Haec</strong></span> <span class='ocrx_word' id='word_1_622' title='bbox 606 2393 676 2420; x_wconf 91' lang='lat' dir='ltr'><strong>enim</strong></span> <span class='ocrx_word' id='word_1_623' title='bbox 691 2393 801 2420; x_wconf 90' lang='lat' dir='ltr'><strong>tetttatio</strong></span> <span class='ocrx_word' id='word_1_624' title='bbox 815 2392 842 2418; x_wconf 87' lang='lat' dir='ltr'><strong>itt</strong></span> <span class='ocrx_word' id='word_1_625' title='bbox 856 2399 902 2418; x_wconf 82' lang='lat' dir='ltr'><strong>vos</strong></span> <span class='ocrx_word' id='word_1_626' title='bbox 917 2391 993 2418; x_wconf 82' lang='lat' dir='ltr'><strong>exci-</strong></span> 
     </span>
    </p>
   </div>
   <div class='ocr_carea' id='block_1_81' title="bbox 215 2436 993 2473">
    <p class='ocr_par' dir='ltr' id='par_1_81' title="bbox 215 2436 993 2473">
     <span class='ocr_line' id='line_1_81' title="bbox 215 2436 993 2473; baseline -0.004 -8"><span class='ocrx_word' id='word_1_627' title='bbox 215 2444 269 2466; x_wconf 84' lang='lat' dir='ltr'><strong>tata</strong></span> <span class='ocrx_word' id='word_1_628' title='bbox 283 2444 323 2466; x_wconf 89' lang='lat' dir='ltr'><strong>est</strong></span> <span class='ocrx_word' id='word_1_629' title='bbox 337 2447 352 2466; x_wconf 92' lang='lat' dir='ltr'><strong>a</strong></span> <span class='ocrx_word' id='word_1_630' title='bbox 368 2440 481 2471; x_wconf 89' lang='lat' dir='ltr'><strong>Satana,</strong></span> <span class='ocrx_word' id='word_1_631' title='bbox 497 2439 620 2473; x_wconf 87' lang='lat' dir='ltr'><strong>quoniam</strong></span> <span class='ocrx_word' id='word_1_632' title='bbox 646 2439 696 2465; x_wconf 87' lang='lat' dir='ltr'><strong>scit</strong></span> <span class='ocrx_word' id='word_1_633' title='bbox 722 2445 767 2464; x_wconf 79' lang='lat' dir='ltr'><strong>vos</strong></span> <span class='ocrx_word' id='word_1_634' title='bbox 781 2437 834 2471; x_wconf 90' lang='lat' dir='ltr'><strong>jam</strong></span> <span class='ocrx_word' id='word_1_635' title='bbox 859 2436 890 2463; x_wconf 89' lang='lat' dir='ltr'><strong>ad</strong></span> <span class='ocrx_word' id='word_1_636' title='bbox 914 2437 993 2463; x_wconf 91' lang='lat' dir='ltr'><strong>finem</strong></span> 
     </span>
    </p>
   </div>
   <div class='ocr_carea' id='block_1_82' title="bbox 216 2483 993 2521">
    <p class='ocr_par' dir='ltr' id='par_1_82' title="bbox 216 2483 993 2521">
     <span class='ocr_line' id='line_1_82' title="bbox 216 2483 993 2521; baseline -0.008 -8"><span class='ocrx_word' id='word_1_637' title='bbox 216 2485 376 2521; x_wconf 68' lang='lat' dir='ltr'><strong>pervenisse,</strong></span> <span class='ocrx_word' id='word_1_638' title='bbox 391 2491 418 2512; x_wconf 89' lang='lat' dir='ltr'><strong>et</strong></span> <span class='ocrx_word' id='word_1_639' title='bbox 432 2486 547 2512; x_wconf 89' lang='lat' dir='ltr'><strong>futttrum</strong></span> <span class='ocrx_word' id='word_1_640' title='bbox 563 2492 622 2511; x_wconf 84' lang='lat' dir='ltr'><strong>esse</strong></span> <span class='ocrx_word' id='word_1_641' title='bbox 639 2489 665 2510; x_wconf 92' lang='lat' dir='ltr'><strong>ttt</strong></span> <span class='ocrx_word' id='word_1_642' title='bbox 677 2491 790 2511; x_wconf 86' lang='lat' dir='ltr'><strong>coronas</strong></span> <span class='ocrx_word' id='word_1_643' title='bbox 805 2491 819 2509; x_wconf 85' lang='lat' dir='ltr'><strong>a</strong></span> <span class='ocrx_word' id='word_1_644' title='bbox 830 2483 936 2509; x_wconf 87' lang='lat' dir='ltr'><strong>Christo</strong></span> <span class='ocrx_word' id='word_1_645' title='bbox 948 2489 993 2508; x_wconf 87' lang='lat' dir='ltr'><strong>ac-</strong></span> 
     </span>
    </p>
   </div>
   <div class='ocr_carea' id='block_1_83' title="bbox 213 2526 995 2565">
    <p class='ocr_par' dir='ltr' id='par_1_83' title="bbox 213 2526 995 2565">
     <span class='ocr_line' id='line_1_83' title="bbox 213 2526 995 2565; baseline -0.008 -7"><span class='ocrx_word' id='word_1_646' title='bbox 213 2530 328 2565; x_wconf 79' lang='lat' dir='ltr'><strong>cipiatis,</strong></span> <span class='ocrx_word' id='word_1_647' title='bbox 341 2531 425 2565; x_wconf 83' lang='lat' dir='ltr'><strong>ipsum</strong></span> <span class='ocrx_word' id='word_1_648' title='bbox 436 2539 482 2564; x_wconf 87' lang='lat' dir='ltr'><strong>per</strong></span> <span class='ocrx_word' id='word_1_649' title='bbox 494 2535 530 2563; x_wconf 86' lang='lat' dir='ltr'><strong>te,</strong></span> <span class='ocrx_word' id='word_1_650' title='bbox 544 2534 572 2556; x_wconf 83' lang='lat' dir='ltr'><strong>et</strong></span> <span class='ocrx_word' id='word_1_651' title='bbox 587 2534 611 2556; x_wconf 90' lang='lat' dir='ltr'><strong>te</strong></span> <span class='ocrx_word' id='word_1_652' title='bbox 623 2537 670 2564; x_wconf 86' lang='lat' dir='ltr'><strong>pct&#39;</strong></span> <span class='ocrx_word' id='word_1_653' title='bbox 681 2537 752 2556; x_wconf 91' lang='lat' dir='ltr'><strong>eum.</strong></span> <span class='ocrx_word' id='word_1_654' title='bbox 766 2528 835 2556; x_wconf 89' lang='lat' dir='ltr'><strong>Niltil</strong></span> <span class='ocrx_word' id='word_1_655' title='bbox 849 2535 913 2561; x_wconf 84' lang='lat' dir='ltr'><strong>ergo</strong></span> <span class='ocrx_word' id='word_1_656' title='bbox 925 2526 995 2555; x_wconf 81' lang='lat' dir='ltr'><strong>aliud</strong></span> 
     </span>
    </p>
   </div>
   <div class='ocr_carea' id='block_1_84' title="bbox 213 2571 997 2611">
    <p class='ocr_par' dir='ltr' id='par_1_84' title="bbox 213 2571 997 2611">
     <span class='ocr_line' id='line_1_84' title="bbox 213 2571 997 2611; baseline -0.005 -8"><span class='ocrx_word' id='word_1_657' title='bbox 213 2576 404 2611; x_wconf 74' lang='lat' dir='ltr'><strong>cogitaveritis.</strong></span> <span class='ocrx_word' id='word_1_658' title='bbox 420 2575 494 2609; x_wconf 83' lang='lat' dir='ltr'><strong>Quod</strong></span> <span class='ocrx_word' id='word_1_659' title='bbox 510 2576 533 2602; x_wconf 83' lang='lat' dir='ltr'><strong>si</strong></span> <span class='ocrx_word' id='word_1_660' title='bbox 547 2576 656 2602; x_wconf 86' lang='lat' dir='ltr'><strong>veniens</strong></span> <span class='ocrx_word' id='word_1_661' title='bbox 673 2575 783 2608; x_wconf 77' lang='lat' dir='ltr'><strong>angelus</strong></span> <span class='ocrx_word' id='word_1_662' title='bbox 798 2582 850 2601; x_wconf 90' lang='lat' dir='ltr'><strong>non</strong></span> <span class='ocrx_word' id='word_1_663' title='bbox 866 2571 997 2600; x_wconf 83' lang='lat' dir='ltr'><strong>invenerit</strong></span> 
     </span>
    </p>
   </div>
   <div class='ocr_carea' id='block_1_85' title="bbox 215 2620 994 2656">
    <p class='ocr_par' dir='ltr' id='par_1_85' title="bbox 215 2620 994 2656">
     <span class='ocr_line' id='line_1_85' title="bbox 215 2620 994 2656; baseline -0.005 -6"><span class='ocrx_word' id='word_1_664' title='bbox 215 2633 261 2651; x_wconf 75' lang='lat' dir='ltr'><strong>vos</strong></span> <span class='ocrx_word' id='word_1_665' title='bbox 276 2625 301 2650; x_wconf 95' lang='lat' dir='ltr'><strong>in</strong></span> <span class='ocrx_word' id='word_1_666' title='bbox 313 2624 406 2650; x_wconf 86' lang='lat' dir='ltr'><strong>eodem</strong></span> <span class='ocrx_word' id='word_1_667' title='bbox 421 2624 490 2654; x_wconf 81' lang='lat' dir='ltr'><strong>loco,</strong></span> <span class='ocrx_word' id='word_1_668' title='bbox 504 2623 620 2649; x_wconf 89' lang='lat' dir='ltr'><strong>futurttm</strong></span> <span class='ocrx_word' id='word_1_669' title='bbox 632 2627 672 2648; x_wconf 87' lang='lat' dir='ltr'><strong>est</strong></span> <span class='ocrx_word' id='word_1_670' title='bbox 685 2627 713 2649; x_wconf 91' lang='lat' dir='ltr'><strong>ut</strong></span> <span class='ocrx_word' id='word_1_671' title='bbox 726 2623 831 2649; x_wconf 86' lang='lat' dir='ltr'><strong>coronis</strong></span> <span class='ocrx_word' id='word_1_672' title='bbox 841 2620 994 2656; x_wconf 89' lang='lat' dir='ltr'><strong>privemitti.</strong></span> 
     </span>
    </p>
   </div>
   <div class='ocr_carea' id='block_1_86' title="bbox 214 2665 996 2704">
    <p class='ocr_par' dir='ltr' id='par_1_86' title="bbox 214 2665 996 2704">
     <span class='ocr_line' id='line_1_86' title="bbox 214 2665 996 2704; baseline -0.006 -7"><span class='ocrx_word' id='word_1_673' title='bbox 214 2670 272 2697; x_wconf 81' lang='lat' dir='ltr'><strong>Cito</strong></span> <span class='ocrx_word' id='word_1_674' title='bbox 291 2677 355 2704; x_wconf 82' lang='lat' dir='ltr'><strong>ergo</strong></span> <span class='ocrx_word' id='word_1_675' title='bbox 380 2668 535 2696; x_wconf 82' lang='lat' dir='ltr'><strong>festinantes</strong></span> <span class='ocrx_word' id='word_1_676' title='bbox 560 2667 672 2702; x_wconf 79' lang='lat' dir='ltr'><strong>ingressi</strong></span> <span class='ocrx_word' id='word_1_677' title='bbox 695 2672 771 2700; x_wconf 85' lang='lat' dir='ltr'><strong>sunt,</strong></span> <span class='ocrx_word' id='word_1_678' title='bbox 785 2672 810 2693; x_wconf 91' lang='lat' dir='ltr'><strong>et</strong></span> <span class='ocrx_word' id='word_1_679' title='bbox 825 2670 956 2693; x_wconf 78' lang='lat' dir='ltr'><strong>venerunt</strong></span> <span class='ocrx_word' id='word_1_680' title='bbox 969 2665 996 2692; x_wconf 88' lang='lat' dir='ltr'><strong>itt</strong></span> 
     </span>
    </p>
   </div>
   <div class='ocr_carea' id='block_1_87' title="bbox 215 2711 996 2747">
    <p class='ocr_par' dir='ltr' id='par_1_87' title="bbox 215 2711 996 2747">
     <span class='ocr_line' id='line_1_87' title="bbox 215 2711 996 2747; baseline -0.005 -7"><span class='ocrx_word' id='word_1_681' title='bbox 215 2721 289 2741; x_wconf 86' lang='lat' dir='ltr'><strong>suam</strong></span> <span class='ocrx_word' id='word_1_682' title='bbox 314 2714 407 2741; x_wconf 81' lang='lat' dir='ltr'><strong>cellam</strong></span> <span class='ocrx_word' id='word_1_683' title='bbox 431 2713 559 2740; x_wconf 82' lang='lat' dir='ltr'><strong>charitale</strong></span> <span class='ocrx_word' id='word_1_684' title='bbox 574 2712 631 2747; x_wconf 69' lang='grc'><strong>(64)</strong></span> <span class='ocrx_word' id='word_1_685' title='bbox 649 2713 775 2746; x_wconf 87' lang='lat' dir='ltr'><strong>perfecta.</strong></span> <span class='ocrx_word' id='word_1_686' title='bbox 802 2711 833 2738; x_wconf 86' lang='lat' dir='ltr'><strong>Et</strong></span> <span class='ocrx_word' id='word_1_687' title='bbox 849 2711 918 2737; x_wconf 90' lang='lat' dir='ltr'><strong>intra</strong></span> <span class='ocrx_word' id='word_1_688' title='bbox 932 2717 996 2745; x_wconf 91' lang='lat' dir='ltr'><strong>qna-</strong></span> 
     </span>
    </p>
   </div>
   <div class='ocr_carea' id='block_1_88' title="bbox 216 2757 995 2794">
    <p class='ocr_par' dir='ltr' id='par_1_88' title="bbox 216 2757 995 2794">
     <span class='ocr_line' id='line_1_88' title="bbox 216 2757 995 2794; baseline -0.005 -8"><span class='ocrx_word' id='word_1_689' title='bbox 216 2759 336 2794; x_wconf 76' lang='lat' dir='ltr'><strong>draginta</strong></span> <span class='ocrx_word' id='word_1_690' title='bbox 358 2760 432 2792; x_wconf 80' lang='lat' dir='ltr'><strong>dies,</strong></span> <span class='ocrx_word' id='word_1_691' title='bbox 447 2760 501 2786; x_wconf 82' lang='lat' dir='ltr'><strong>obit</strong></span> <span class='ocrx_word' id='word_1_692' title='bbox 517 2759 608 2785; x_wconf 74' lang='lat' dir='ltr'><strong>beatus</strong></span> <span class='ocrx_word' id='word_1_693' title='bbox 624 2757 749 2792; x_wconf 77' lang='lat' dir='ltr'><strong>Eulogius</strong></span> <span class='ocrx_word' id='word_1_694' title='bbox 763 2757 880 2791; x_wconf 89' lang='lat' dir='ltr'><strong>migrans</strong></span> <span class='ocrx_word' id='word_1_695' title='bbox 894 2757 926 2783; x_wconf 92' lang='lat' dir='ltr'><strong>ad</strong></span> <span class='ocrx_word' id='word_1_696' title='bbox 944 2758 995 2783; x_wconf 88' lang='lat' dir='ltr'><strong>Do-</strong></span> 
     </span>
    </p>
   </div>
   <div class='ocr_carea' id='block_1_89' title="bbox 218 2802 996 2836">
    <p class='ocr_par' dir='ltr' id='par_1_89' title="bbox 218 2802 996 2836">
     <span class='ocr_line' id='line_1_89' title="bbox 218 2802 996 2836; baseline -0.003 -5"><span class='ocrx_word' id='word_1_697' title='bbox 218 2804 327 2836; x_wconf 89' lang='lat' dir='ltr'><strong>minum,</strong></span> <span class='ocrx_word' id='word_1_698' title='bbox 340 2809 367 2832; x_wconf 89' lang='lat' dir='ltr'><strong>ct</strong></span> <span class='ocrx_word' id='word_1_699' title='bbox 383 2805 451 2832; x_wconf 87' lang='lat' dir='ltr'><strong>intra</strong></span> <span class='ocrx_word' id='word_1_700' title='bbox 464 2810 518 2831; x_wconf 84' lang='lat' dir='ltr'><strong>tres</strong></span> <span class='ocrx_word' id='word_1_701' title='bbox 543 2803 608 2830; x_wconf 88' lang='lat' dir='ltr'><strong>alios</strong></span> <span class='ocrx_word' id='word_1_702' title='bbox 628 2802 683 2830; x_wconf 87' lang='lat' dir='ltr'><strong>obit</strong></span> <span class='ocrx_word' id='word_1_703' title='bbox 700 2803 722 2828; x_wconf 85' lang='lat' dir='ltr'><strong>is</strong></span> <span class='ocrx_word' id='word_1_704' title='bbox 738 2802 783 2836; x_wconf 87' lang='lat' dir='ltr'><strong>qtti</strong></span> <span class='ocrx_word' id='word_1_705' title='bbox 805 2807 862 2829; x_wconf 85' lang='lat' dir='ltr'><strong>crat</strong></span> <span class='ocrx_word' id='word_1_706' title='bbox 883 2809 996 2836; x_wconf 83' lang='lat' dir='ltr'><strong>corpore</strong></span> 
     </span>
    </p>
   </div>
   <div class='ocr_carea' id='block_1_90' title="bbox 218 2847 995 2885">
    <p class='ocr_par' dir='ltr' id='par_1_90' title="bbox 218 2847 995 2885">
     <span class='ocr_line' id='line_1_90' title="bbox 218 2847 995 2885; baseline -0.004 -8"><span class='ocrx_word' id='word_1_707' title='bbox 218 2850 362 2885; x_wconf 73' lang='lat' dir='ltr'><strong>mutilatos,</strong></span> <span class='ocrx_word' id='word_1_708' title='bbox 378 2850 425 2878; x_wconf 85' lang='lat' dir='ltr'><strong>sed</strong></span> <span class='ocrx_word' id='word_1_709' title='bbox 448 2851 536 2877; x_wconf 82' lang='lat' dir='ltr'><strong>anima</strong></span> <span class='ocrx_word' id='word_1_710' title='bbox 560 2850 652 2876; x_wconf 83' lang='lat' dir='ltr'><strong>firmus</strong></span> <span class='ocrx_word' id='word_1_711' title='bbox 677 2855 708 2875; x_wconf 90' lang='lat' dir='ltr'><strong>ac</strong></span> <span class='ocrx_word' id='word_1_712' title='bbox 730 2849 865 2883; x_wconf 79' lang='lat' dir='ltr'><strong>robustus,</strong></span> <span class='ocrx_word' id='word_1_713' title='bbox 880 2848 923 2882; x_wconf 90' lang='lat' dir='ltr'><strong>qui</strong></span> <span class='ocrx_word' id='word_1_714' title='bbox 939 2847 995 2882; x_wconf 87' lang='lat' dir='ltr'><strong>ipse</strong></span> 
     </span>
    </p>
   </div>
   <div class='ocr_carea' id='block_1_91' title="bbox 1041 1622 1824 1657">
    <p class='ocr_par' dir='ltr' id='par_1_91' title="bbox 1041 1622 1824 1657">
     <span class='ocr_line' id='line_1_91' title="bbox 1041 1622 1824 1657; baseline -0.003 -7"><span class='ocrx_word' id='word_1_715' title='bbox 1041 1631 1090 1651; x_wconf 93' lang='lat' dir='ltr'><strong>vox</strong></span> <span class='ocrx_word' id='word_1_716' title='bbox 1116 1624 1246 1657; x_wconf 88' lang='lat' dir='ltr'><strong>pervenit,</strong></span> <span class='ocrx_word' id='word_1_717' title='bbox 1258 1631 1319 1657; x_wconf 64' lang='lat' dir='ltr'><strong>quae</strong></span> <span class='ocrx_word' id='word_1_718' title='bbox 1342 1622 1548 1655; x_wconf 85' lang='lat' dir='ltr'><strong>dicebat:Quas</strong></span> <span class='ocrx_word' id='word_1_719' title='bbox 1573 1622 1647 1649; x_wconf 91' lang='lat' dir='ltr'><strong>vides</strong></span> <span class='ocrx_word' id='word_1_720' title='bbox 1661 1622 1763 1649; x_wconf 87' lang='lat' dir='ltr'><strong>animas</strong></span> <span class='ocrx_word' id='word_1_721' title='bbox 1776 1628 1824 1648; x_wconf 71' lang='grc' dir='ltr'><strong>διιο</strong></span> 
     </span>
    </p>
   </div>
   <div class='ocr_carea' id='block_1_92' title="bbox 1040 1668 1825 1703">
    <p class='ocr_par' dir='ltr' id='par_1_92' title="bbox 1040 1668 1825 1703">
     <span class='ocr_line' id='line_1_92' title="bbox 1040 1668 1825 1703; baseline -0.003 -7"><span class='ocrx_word' id='word_1_722' title='bbox 1040 1669 1193 1703; x_wconf 75' lang='lat' dir='ltr'><strong>pervolasse</strong></span> <span class='ocrx_word' id='word_1_723' title='bbox 1218 1673 1298 1703; x_wconf 92' lang='lat' dir='ltr'><strong>caput</strong></span> <span class='ocrx_word' id='word_1_724' title='bbox 1319 1668 1430 1703; x_wconf 85' lang='lat' dir='ltr'><strong>gigantis</strong></span> <span class='ocrx_word' id='word_1_725' title='bbox 1450 1673 1478 1695; x_wconf 90' lang='lat' dir='ltr'><strong>et</strong></span> <span class='ocrx_word' id='word_1_726' title='bbox 1500 1669 1559 1703; x_wconf 88' lang='lat' dir='ltr'><strong>ejus</strong></span> <span class='ocrx_word' id='word_1_727' title='bbox 1584 1675 1688 1700; x_wconf 88' lang='lat' dir='ltr'><strong>manus,</strong></span> <span class='ocrx_word' id='word_1_728' title='bbox 1701 1675 1740 1695; x_wconf 72' lang='lat' dir='ltr'><strong>ere</strong></span> <span class='ocrx_word' id='word_1_729' title='bbox 1762 1671 1825 1695; x_wconf 85' lang='lat' dir='ltr'><strong>sunt</strong></span> 
     </span>
    </p>
   </div>
   <div class='ocr_carea' id='block_1_93' title="bbox 1040 1712 1826 1748">
    <p class='ocr_par' dir='ltr' id='par_1_93' title="bbox 1040 1712 1826 1748">
     <span class='ocr_line' id='line_1_93' title="bbox 1040 1712 1826 1748; baseline -0.001 -8"><span class='ocrx_word' id='word_1_730' title='bbox 1040 1715 1135 1741; x_wconf 69' lang='lat' dir='ltr'><strong>anima:</strong></span> <span class='ocrx_word' id='word_1_731' title='bbox 1148 1714 1293 1748; x_wconf 87' lang='lat' dir='ltr'><strong>justorum,</strong></span> <span class='ocrx_word' id='word_1_732' title='bbox 1308 1721 1367 1748; x_wconf 63' lang='lat' dir='ltr'><strong>qute</strong></span> <span class='ocrx_word' id='word_1_733' title='bbox 1381 1712 1488 1748; x_wconf 87' lang='lat' dir='ltr'><strong>quidem</strong></span> <span class='ocrx_word' id='word_1_734' title='bbox 1502 1713 1535 1741; x_wconf 92' lang='lat' dir='ltr'><strong>ab</strong></span> <span class='ocrx_word' id='word_1_735' title='bbox 1560 1713 1661 1748; x_wconf 83' lang='lat' dir='ltr'><strong>angelis</strong></span> <span class='ocrx_word' id='word_1_736' title='bbox 1684 1717 1826 1740; x_wconf 91' lang='lat' dir='ltr'><strong>servantur</strong></span> 
     </span>
    </p>
   </div>
   <div class='ocr_carea' id='block_1_94' title="bbox 1041 1758 1824 1793">
    <p class='ocr_par' dir='ltr' id='par_1_94' title="bbox 1041 1758 1824 1793">
     <span class='ocr_line' id='line_1_94' title="bbox 1041 1758 1824 1793; baseline -0.003 -7"><span class='ocrx_word' id='word_1_737' title='bbox 1041 1759 1067 1786; x_wconf 92' lang='lat' dir='ltr'><strong>in</strong></span> <span class='ocrx_word' id='word_1_738' title='bbox 1083 1760 1222 1793; x_wconf 84' lang='lat' dir='ltr'><strong>paradiso:</strong></span> <span class='ocrx_word' id='word_1_739' title='bbox 1236 1766 1295 1793; x_wconf 67' lang='lat' dir='ltr'><strong>quae</strong></span> <span class='ocrx_word' id='word_1_740' title='bbox 1309 1764 1396 1785; x_wconf 89' lang='lat' dir='ltr'><strong>autem</strong></span> <span class='ocrx_word' id='word_1_741' title='bbox 1412 1766 1426 1785; x_wconf 88' lang='lat' dir='ltr'><strong>a</strong></span> <span class='ocrx_word' id='word_1_742' title='bbox 1439 1759 1562 1786; x_wconf 87' lang='lat' dir='ltr'><strong>manibus</strong></span> <span class='ocrx_word' id='word_1_743' title='bbox 1587 1759 1654 1793; x_wconf 89' lang='lat' dir='ltr'><strong>ttigri</strong></span> <span class='ocrx_word' id='word_1_744' title='bbox 1670 1758 1824 1793; x_wconf 83' lang='lat' dir='ltr'><strong>percutiun-</strong></span> 
     </span>
    </p>
   </div>
   <div class='ocr_carea' id='block_1_95' title="bbox 1042 1803 1826 1838">
    <p class='ocr_par' dir='ltr' id='par_1_95' title="bbox 1042 1803 1826 1838">
     <span class='ocr_line' id='line_1_95' title="bbox 1042 1803 1826 1838; baseline 0 -8"><span class='ocrx_word' id='word_1_745' title='bbox 1042 1808 1096 1836; x_wconf 90' lang='lat' dir='ltr'><strong>tur,</strong></span> <span class='ocrx_word' id='word_1_746' title='bbox 1110 1812 1150 1831; x_wconf 63' lang='lat' dir='ltr'><strong>eae</strong></span> <span class='ocrx_word' id='word_1_747' title='bbox 1164 1804 1190 1830; x_wconf 96' lang='lat' dir='ltr'><strong>in</strong></span> <span class='ocrx_word' id='word_1_748' title='bbox 1204 1803 1307 1830; x_wconf 91' lang='lat' dir='ltr'><strong>inferno</strong></span> <span class='ocrx_word' id='word_1_749' title='bbox 1323 1803 1523 1837; x_wconf 84' lang='lat' dir='ltr'><strong>demerguntur.</strong></span> <span class='ocrx_word' id='word_1_750' title='bbox 1539 1804 1604 1836; x_wconf 67' lang='lat' dir='ltr'><strong>Quae</strong></span> <span class='ocrx_word' id='word_1_751' title='bbox 1623 1804 1729 1838; x_wconf 89' lang='lat' dir='ltr'><strong>quidem</strong></span> <span class='ocrx_word' id='word_1_752' title='bbox 1744 1807 1826 1830; x_wconf 86' lang='lat' dir='ltr'><strong>attra-</strong></span> 
     </span>
    </p>
   </div>
   <div class='ocr_carea' id='block_1_96' title="bbox 1041 1848 1824 1883">
    <p class='ocr_par' dir='ltr' id='par_1_96' title="bbox 1041 1848 1824 1883">
     <span class='ocr_line' id='line_1_96' title="bbox 1041 1848 1824 1883; baseline -0.001 -7"><span class='ocrx_word' id='word_1_753' title='bbox 1041 1854 1090 1876; x_wconf 74' lang='lat' dir='ltr'><strong>cta:</strong></span> <span class='ocrx_word' id='word_1_754' title='bbox 1102 1849 1207 1876; x_wconf 89' lang='lat' dir='ltr'><strong>fuerunt</strong></span> <span class='ocrx_word' id='word_1_755' title='bbox 1216 1856 1231 1875; x_wconf 85' lang='lat' dir='ltr'><strong>a</strong></span> <span class='ocrx_word' id='word_1_756' title='bbox 1245 1848 1378 1876; x_wconf 75' lang='lat' dir='ltr'><strong>voluntate</strong></span> <span class='ocrx_word' id='word_1_757' title='bbox 1392 1849 1489 1883; x_wconf 88' lang='lat' dir='ltr'><strong>carnis,</strong></span> <span class='ocrx_word' id='word_1_758' title='bbox 1503 1853 1530 1876; x_wconf 90' lang='lat' dir='ltr'><strong>et</strong></span> <span class='ocrx_word' id='word_1_759' title='bbox 1540 1849 1630 1876; x_wconf 90' lang='lat' dir='ltr'><strong>odium</strong></span> <span class='ocrx_word' id='word_1_760' title='bbox 1642 1854 1740 1876; x_wconf 75' lang='lat' dir='ltr'><strong>secutte</strong></span> <span class='ocrx_word' id='word_1_761' title='bbox 1751 1851 1824 1882; x_wconf 87' lang='lat' dir='ltr'><strong>sunt,</strong></span> 
     </span>
    </p>
   </div>
   <div class='ocr_carea' id='block_1_97' title="bbox 1042 1893 1539 1928">
    <p class='ocr_par' dir='ltr' id='par_1_97' title="bbox 1042 1893 1539 1928">
     <span class='ocr_line' id='line_1_97' title="bbox 1042 1893 1539 1928; baseline -0.002 -7"><span class='ocrx_word' id='word_1_762' title='bbox 1042 1899 1069 1921; x_wconf 92' lang='lat' dir='ltr'><strong>et</strong></span> <span class='ocrx_word' id='word_1_763' title='bbox 1083 1893 1230 1921; x_wconf 67' lang='lat' dir='ltr'><strong>referendae</strong></span> <span class='ocrx_word' id='word_1_764' title='bbox 1240 1894 1344 1928; x_wconf 85' lang='lat' dir='ltr'><strong>injuriae</strong></span> <span class='ocrx_word' id='word_1_765' title='bbox 1357 1895 1539 1928; x_wconf 81' lang='lat' dir='ltr'><strong>cupiditatem.</strong></span> 
     </span>
    </p>
   </div>
   <div class='ocr_carea' id='block_1_98' title="bbox 1308 1948 1561 1977">
    <p class='ocr_par' dir='ltr' id='par_1_98' title="bbox 1308 1948 1561 1977">
     <span class='ocr_line' id='line_1_98' title="bbox 1308 1948 1561 1977; baseline 0 -1"><span class='ocrx_word' id='word_1_766' title='bbox 1308 1948 1422 1976; x_wconf 84' lang='lat' dir='ltr'><strong>CAPUT</strong></span> <span class='ocrx_word' id='word_1_767' title='bbox 1442 1949 1561 1977; x_wconf 75' lang='lat' dir='ltr'><strong>XXVIII.</strong></span> 
     </span>
    </p>
   </div>
   <div class='ocr_carea' id='block_1_99' title="bbox 1189 1987 1684 2029">
    <p class='ocr_par' dir='ltr' id='par_1_99' title="bbox 1189 1987 1684 2029">
     <span class='ocr_line' id='line_1_99' title="bbox 1189 1987 1684 2029; baseline 0.004 -9"><span class='ocrx_word' id='word_1_768' title='bbox 1189 1994 1246 2021; x_wconf 81' lang='lat' dir='ltr'><strong>Vita</strong></span> <span class='ocrx_word' id='word_1_769' title='bbox 1261 1995 1357 2022; x_wconf 77' lang='lat' dir='ltr'><strong>abbatis</strong></span> <span class='ocrx_word' id='word_1_770' title='bbox 1376 1994 1453 2021; x_wconf 80' lang='lat' dir='ltr'><strong>Pauli</strong></span> <span class='ocrx_word' id='word_1_771' title='bbox 1468 1987 1601 2028; x_wconf 64' lang='lat' dir='ltr'><strong>Simplicis</strong></span> <span class='ocrx_word' id='word_1_772' title='bbox 1615 1993 1684 2029; x_wconf 79' lang='lat'><strong>(65).</strong></span> 
     </span>
    </p>
   </div>
   <div class='ocr_carea' id='block_1_100' title="bbox 1078 2039 1827 2071">
    <p class='ocr_par' dir='ltr' id='par_1_100' title="bbox 1078 2039 1827 2071">
     <span class='ocr_line' id='line_1_100' title="bbox 1078 2039 1827 2071; baseline 0.001 -5"><span class='ocrx_word' id='word_1_773' title='bbox 1078 2039 1199 2066; x_wconf 77' lang='lat' dir='ltr'><strong>Narravit</strong></span> <span class='ocrx_word' id='word_1_774' title='bbox 1217 2045 1305 2066; x_wconf 89' lang='lat' dir='ltr'><strong>autem</strong></span> <span class='ocrx_word' id='word_1_775' title='bbox 1327 2045 1435 2066; x_wconf 89' lang='lat' dir='ltr'><strong>sanctus</strong></span> <span class='ocrx_word' id='word_1_776' title='bbox 1454 2039 1552 2067; x_wconf 78' lang='lat' dir='ltr'><strong>Christi</strong></span> <span class='ocrx_word' id='word_1_777' title='bbox 1572 2047 1664 2067; x_wconf 90' lang='lat' dir='ltr'><strong>servus</strong></span> <span class='ocrx_word' id='word_1_778' title='bbox 1680 2039 1786 2071; x_wconf 85' lang='lat' dir='ltr'><strong>Hierax,</strong></span> <span class='ocrx_word' id='word_1_779' title='bbox 1800 2043 1827 2067; x_wconf 85' lang='lat' dir='ltr'><strong>et</strong></span> 
     </span>
    </p>
   </div>
   <div class='ocr_carea' id='block_1_101' title="bbox 1043 2085 1827 2120">
    <p class='ocr_par' dir='ltr' id='par_1_101' title="bbox 1043 2085 1827 2120">
     <span class='ocr_line' id='line_1_101' title="bbox 1043 2085 1827 2120; baseline -0.003 -7"><span class='ocrx_word' id='word_1_780' title='bbox 1043 2086 1167 2119; x_wconf 84' lang='lat' dir='ltr'><strong>Cronius,</strong></span> <span class='ocrx_word' id='word_1_781' title='bbox 1180 2091 1208 2113; x_wconf 88' lang='lat' dir='ltr'><strong>et</strong></span> <span class='ocrx_word' id='word_1_782' title='bbox 1219 2086 1308 2120; x_wconf 85' lang='lat' dir='ltr'><strong>plures</strong></span> <span class='ocrx_word' id='word_1_783' title='bbox 1321 2086 1365 2113; x_wconf 83' lang='lat' dir='ltr'><strong>alii</strong></span> <span class='ocrx_word' id='word_1_784' title='bbox 1377 2094 1410 2113; x_wconf 84' lang='lat' dir='ltr'><strong>ett</strong></span> <span class='ocrx_word' id='word_1_785' title='bbox 1421 2086 1546 2113; x_wconf 89' lang='lat' dir='ltr'><strong>fratribus</strong></span> <span class='ocrx_word' id='word_1_786' title='bbox 1557 2094 1588 2112; x_wconf 83' lang='lat' dir='ltr'><strong>ea</strong></span> <span class='ocrx_word' id='word_1_787' title='bbox 1601 2094 1660 2119; x_wconf 67' lang='lat' dir='ltr'><strong>qua:</strong></span> <span class='ocrx_word' id='word_1_788' title='bbox 1670 2093 1728 2113; x_wconf 85' lang='lat' dir='ltr'><strong>sum</strong></span> <span class='ocrx_word' id='word_1_789' title='bbox 1742 2085 1827 2112; x_wconf 89' lang='lat' dir='ltr'><strong>dictu-</strong></span> 
     </span>
    </p>
   </div>
   <div class='ocr_carea' id='block_1_102' title="bbox 1044 2129 1826 2166">
    <p class='ocr_par' dir='ltr' id='par_1_102' title="bbox 1044 2129 1826 2166">
     <span class='ocr_line' id='line_1_102' title="bbox 1044 2129 1826 2166; baseline -0.003 -8"><span class='ocrx_word' id='word_1_790' title='bbox 1044 2139 1088 2158; x_wconf 90' lang='lat' dir='ltr'><strong>rus</strong></span> <span class='ocrx_word' id='word_1_791' title='bbox 1103 2130 1200 2165; x_wconf 80' lang='lat' dir='ltr'><strong>(Ru/f.,</strong></span> <span class='ocrx_word' id='word_1_792' title='bbox 1213 2131 1232 2158; x_wconf 87' lang='grc' dir='ltr'><strong>ι.</strong></span> <span class='ocrx_word' id='word_1_793' title='bbox 1246 2138 1276 2164; x_wconf 84' lang='grc' dir='ltr'><strong>ιι,</strong></span> <span class='ocrx_word' id='word_1_794' title='bbox 1291 2138 1315 2157; x_wconf 83' lang='lat' dir='ltr'><strong>c.</strong></span> <span class='ocrx_word' id='word_1_795' title='bbox 1331 2130 1376 2166; x_wconf 66' lang='lat'><strong>31)</strong></span> <span class='ocrx_word' id='word_1_796' title='bbox 1387 2150 1396 2163; x_wconf 90' lang='lat'><strong>,</strong></span> <span class='ocrx_word' id='word_1_797' title='bbox 1444 2131 1516 2166; x_wconf 90' lang='lat' dir='ltr'><strong>quod</strong></span> <span class='ocrx_word' id='word_1_798' title='bbox 1562 2130 1671 2165; x_wconf 90' lang='lat' dir='ltr'><strong>quidam</strong></span> <span class='ocrx_word' id='word_1_799' title='bbox 1727 2129 1826 2157; x_wconf 86' lang='lat' dir='ltr'><strong>Paulus</strong></span> 
     </span>
    </p>
   </div>
   <div class='ocr_carea' id='block_1_103' title="bbox 1043 2174 1827 2212">
    <p class='ocr_par' dir='ltr' id='par_1_103' title="bbox 1043 2174 1827 2212">
     <span class='ocr_line' id='line_1_103' title="bbox 1043 2174 1827 2212; baseline -0.001 -10"><span class='ocrx_word' id='word_1_800' title='bbox 1043 2176 1157 2209; x_wconf 72' lang='lat' dir='ltr'><strong>agrestis</strong></span> <span class='ocrx_word' id='word_1_801' title='bbox 1170 2176 1297 2211; x_wconf 83' lang='lat' dir='ltr'><strong>agricola,</strong></span> <span class='ocrx_word' id='word_1_802' title='bbox 1309 2176 1448 2212; x_wconf 80' lang='lat' dir='ltr'><strong>insigniter</strong></span> <span class='ocrx_word' id='word_1_803' title='bbox 1460 2176 1586 2202; x_wconf 88' lang='lat' dir='ltr'><strong>innocens</strong></span> <span class='ocrx_word' id='word_1_804' title='bbox 1597 2179 1623 2202; x_wconf 89' lang='lat' dir='ltr'><strong>et</strong></span> <span class='ocrx_word' id='word_1_805' title='bbox 1635 2175 1752 2202; x_wconf 89' lang='lat' dir='ltr'><strong>moribus</strong></span> <span class='ocrx_word' id='word_1_806' title='bbox 1763 2174 1827 2201; x_wconf 86' lang='lat' dir='ltr'><strong>sitn-</strong></span> 
     </span>
    </p>
   </div>
   <div class='ocr_carea' id='block_1_104' title="bbox 1046 2220 1822 2257">
    <p class='ocr_par' dir='ltr' id='par_1_104' title="bbox 1046 2220 1822 2257">
     <span class='ocr_line' id='line_1_104' title="bbox 1046 2220 1822 2257; baseline -0.003 -9"><span class='ocrx_word' id='word_1_807' title='bbox 1046 2224 1104 2257; x_wconf 74' lang='lat' dir='ltr'><strong>plex</strong></span> <span class='ocrx_word' id='word_1_808' title='bbox 1119 2242 1127 2256; x_wconf 85' lang='lat'><strong>,</strong></span> <span class='ocrx_word' id='word_1_809' title='bbox 1151 2230 1261 2250; x_wconf 85' lang='lat' dir='ltr'><strong>uxorem</strong></span> <span class='ocrx_word' id='word_1_810' title='bbox 1285 2223 1399 2249; x_wconf 87' lang='lat' dir='ltr'><strong>duxerat</strong></span> <span class='ocrx_word' id='word_1_811' title='bbox 1421 2221 1559 2248; x_wconf 79' lang='lat' dir='ltr'><strong>mulierem</strong></span> <span class='ocrx_word' id='word_1_812' title='bbox 1582 2220 1800 2248; x_wconf 85' lang='lat' dir='ltr'><strong>formosissimam</strong></span> <span class='ocrx_word' id='word_1_813' title='bbox 1814 2240 1822 2252; x_wconf 90' lang='lat'><strong>,</strong></span> 
     </span>
    </p>
   </div>
   <div class='ocr_carea' id='block_1_105' title="bbox 1046 2265 1824 2300">
    <p class='ocr_par' dir='ltr' id='par_1_105' title="bbox 1046 2265 1824 2300">
     <span class='ocr_line' id='line_1_105' title="bbox 1046 2265 1824 2300; baseline -0.006 -5"><span class='ocrx_word' id='word_1_814' title='bbox 1046 2269 1092 2296; x_wconf 89' lang='lat' dir='ltr'><strong>sed</strong></span> <span class='ocrx_word' id='word_1_815' title='bbox 1116 2269 1234 2294; x_wconf 86' lang='lat' dir='ltr'><strong>moribus</strong></span> <span class='ocrx_word' id='word_1_816' title='bbox 1260 2267 1419 2300; x_wconf 85' lang='lat' dir='ltr'><strong>improbam,</strong></span> <span class='ocrx_word' id='word_1_817' title='bbox 1444 2273 1502 2300; x_wconf 70' lang='lat' dir='ltr'><strong>quae</strong></span> <span class='ocrx_word' id='word_1_818' title='bbox 1525 2265 1679 2300; x_wconf 86' lang='lat' dir='ltr'><strong>longissimo</strong></span> <span class='ocrx_word' id='word_1_819' title='bbox 1703 2269 1824 2299; x_wconf 86' lang='lat' dir='ltr'><strong>tempore</strong></span> 
     </span>
    </p>
   </div>
   <div class='ocr_carea' id='block_1_106' title="bbox 1048 2310 1825 2349">
    <p class='ocr_par' dir='ltr' id='par_1_106' title="bbox 1048 2310 1825 2349">
     <span class='ocr_line' id='line_1_106' title="bbox 1048 2310 1825 2349; baseline -0.005 -9"><span class='ocrx_word' id='word_1_820' title='bbox 1048 2321 1159 2349; x_wconf 86' lang='lat' dir='ltr'><strong>peccans</strong></span> <span class='ocrx_word' id='word_1_821' title='bbox 1174 2320 1234 2340; x_wconf 90' lang='lat' dir='ltr'><strong>eum</strong></span> <span class='ocrx_word' id='word_1_822' title='bbox 1251 2312 1337 2339; x_wconf 84' lang='lat' dir='ltr'><strong>latuit.</strong></span> <span class='ocrx_word' id='word_1_823' title='bbox 1353 2312 1500 2346; x_wconf 89' lang='lat' dir='ltr'><strong>Aliquando</strong></span> <span class='ocrx_word' id='word_1_824' title='bbox 1515 2315 1602 2338; x_wconf 89' lang='lat' dir='ltr'><strong>autetn</strong></span> <span class='ocrx_word' id='word_1_825' title='bbox 1626 2311 1660 2338; x_wconf 90' lang='lat' dir='ltr'><strong>de</strong></span> <span class='ocrx_word' id='word_1_826' title='bbox 1682 2310 1825 2344; x_wconf 88' lang='lat' dir='ltr'><strong>intproviso</strong></span> 
     </span>
    </p>
   </div>
   <div class='ocr_carea' id='block_1_107' title="bbox 1047 2355 1831 2393">
    <p class='ocr_par' dir='ltr' id='par_1_107' title="bbox 1047 2355 1831 2393">
     <span class='ocr_line' id='line_1_107' title="bbox 1047 2355 1831 2393; baseline -0.005 -7"><span class='ocrx_word' id='word_1_827' title='bbox 1047 2366 1184 2393; x_wconf 81' lang='lat' dir='ltr'><strong>regressus</strong></span> <span class='ocrx_word' id='word_1_828' title='bbox 1199 2365 1231 2384; x_wconf 91' lang='lat' dir='ltr'><strong>ex</strong></span> <span class='ocrx_word' id='word_1_829' title='bbox 1246 2365 1320 2392; x_wconf 85' lang='lat' dir='ltr'><strong>agro,</strong></span> <span class='ocrx_word' id='word_1_830' title='bbox 1339 2361 1366 2384; x_wconf 90' lang='lat' dir='ltr'><strong>et</strong></span> <span class='ocrx_word' id='word_1_831' title='bbox 1381 2357 1515 2391; x_wconf 84' lang='lat' dir='ltr'><strong>ingressus</strong></span> <span class='ocrx_word' id='word_1_832' title='bbox 1535 2357 1640 2383; x_wconf 84' lang='lat' dir='ltr'><strong>domum</strong></span> <span class='ocrx_word' id='word_1_833' title='bbox 1657 2363 1742 2389; x_wconf 86' lang='lat' dir='ltr'><strong>suam,</strong></span> <span class='ocrx_word' id='word_1_834' title='bbox 1757 2355 1831 2382; x_wconf 78' lang='lat' dir='ltr'><strong>inve-</strong></span> 
     </span>
    </p>
   </div>
   <div class='ocr_carea' id='block_1_108' title="bbox 1048 2402 1831 2438">
    <p class='ocr_par' dir='ltr' id='par_1_108' title="bbox 1048 2402 1831 2438">
     <span class='ocr_line' id='line_1_108' title="bbox 1048 2402 1831 2438; baseline -0.005 -7"><span class='ocrx_word' id='word_1_835' title='bbox 1048 2405 1086 2431; x_wconf 86' lang='lat' dir='ltr'><strong>nit</strong></span> <span class='ocrx_word' id='word_1_836' title='bbox 1101 2411 1147 2431; x_wconf 91' lang='lat' dir='ltr'><strong>eos</strong></span> <span class='ocrx_word' id='word_1_837' title='bbox 1163 2404 1247 2438; x_wconf 92' lang='lat' dir='ltr'><strong>turpia</strong></span> <span class='ocrx_word' id='word_1_838' title='bbox 1265 2407 1447 2438; x_wconf 87' lang='lat' dir='ltr'><strong>perpetrantes</strong></span> <span class='ocrx_word' id='word_1_839' title='bbox 1458 2425 1464 2435; x_wconf 92' lang='lat'><strong>,</strong></span> <span class='ocrx_word' id='word_1_840' title='bbox 1481 2403 1630 2430; x_wconf 86' lang='lat' dir='ltr'><strong>deduceute</strong></span> <span class='ocrx_word' id='word_1_841' title='bbox 1644 2402 1752 2429; x_wconf 84' lang='lat' dir='ltr'><strong>Paulum</strong></span> <span class='ocrx_word' id='word_1_842' title='bbox 1770 2410 1831 2436; x_wconf 87' lang='lat' dir='ltr'><strong>pro-</strong></span> 
     </span>
    </p>
   </div>
   <div class='ocr_carea' id='block_1_109' title="bbox 1047 2447 1832 2483">
    <p class='ocr_par' dir='ltr' id='par_1_109' title="bbox 1047 2447 1832 2483">
     <span class='ocr_line' id='line_1_109' title="bbox 1047 2447 1832 2483; baseline -0.004 -7"><span class='ocrx_word' id='word_1_843' title='bbox 1047 2450 1163 2477; x_wconf 87' lang='lat' dir='ltr'><strong>videntia</strong></span> <span class='ocrx_word' id='word_1_844' title='bbox 1179 2449 1210 2475; x_wconf 88' lang='lat' dir='ltr'><strong>ad</strong></span> <span class='ocrx_word' id='word_1_845' title='bbox 1226 2449 1251 2475; x_wconf 93' lang='lat' dir='ltr'><strong>id</strong></span> <span class='ocrx_word' id='word_1_846' title='bbox 1265 2448 1335 2483; x_wconf 91' lang='lat' dir='ltr'><strong>quod</strong></span> <span class='ocrx_word' id='word_1_847' title='bbox 1357 2453 1415 2476; x_wconf 78' lang='lat' dir='ltr'><strong>erat</strong></span> <span class='ocrx_word' id='word_1_848' title='bbox 1437 2449 1487 2475; x_wconf 84' lang='lat' dir='ltr'><strong>sibi</strong></span> <span class='ocrx_word' id='word_1_849' title='bbox 1513 2448 1690 2475; x_wconf 79' lang='lat' dir='ltr'><strong>conducibile.</strong></span> <span class='ocrx_word' id='word_1_850' title='bbox 1714 2447 1832 2480; x_wconf 87' lang='lat' dir='ltr'><strong>Eamque</strong></span> 
     </span>
    </p>
   </div>
   <div class='ocr_carea' id='block_1_110' title="bbox 1047 2493 1832 2528">
    <p class='ocr_par' dir='ltr' id='par_1_110' title="bbox 1047 2493 1832 2528">
     <span class='ocr_line' id='line_1_110' title="bbox 1047 2493 1832 2528; baseline -0.005 -6"><span class='ocrx_word' id='word_1_851' title='bbox 1047 2504 1107 2522; x_wconf 88' lang='lat' dir='ltr'><strong>cum</strong></span> <span class='ocrx_word' id='word_1_852' title='bbox 1122 2494 1250 2526; x_wconf 85' lang='lat' dir='ltr'><strong>vidisset,</strong></span> <span class='ocrx_word' id='word_1_853' title='bbox 1266 2501 1326 2521; x_wconf 90' lang='lat' dir='ltr'><strong>cum</strong></span> <span class='ocrx_word' id='word_1_854' title='bbox 1341 2501 1373 2521; x_wconf 93' lang='lat' dir='ltr'><strong>eo</strong></span> <span class='ocrx_word' id='word_1_855' title='bbox 1388 2501 1447 2520; x_wconf 92' lang='lat' dir='ltr'><strong>cum</strong></span> <span class='ocrx_word' id='word_1_856' title='bbox 1463 2501 1516 2528; x_wconf 92' lang='lat' dir='ltr'><strong>quo</strong></span> <span class='ocrx_word' id='word_1_857' title='bbox 1533 2493 1647 2520; x_wconf 86' lang='lat' dir='ltr'><strong>habebat</strong></span> <span class='ocrx_word' id='word_1_858' title='bbox 1668 2493 1750 2526; x_wconf 89' lang='lat' dir='ltr'><strong>stupri</strong></span> <span class='ocrx_word' id='word_1_859' title='bbox 1765 2499 1832 2519; x_wconf 91' lang='lat' dir='ltr'><strong>con-</strong></span> 
     </span>
    </p>
   </div>
   <div class='ocr_carea' id='block_1_111' title="bbox 1047 2537 1833 2570">
    <p class='ocr_par' dir='ltr' id='par_1_111' title="bbox 1047 2537 1833 2570">
     <span class='ocr_line' id='line_1_111' title="bbox 1047 2537 1833 2570; baseline -0.006 -4"><span class='ocrx_word' id='word_1_860' title='bbox 1047 2539 1225 2570; x_wconf 88' lang='lat' dir='ltr'><strong>suetudinem,</strong></span> <span class='ocrx_word' id='word_1_861' title='bbox 1242 2539 1352 2566; x_wconf 86' lang='lat' dir='ltr'><strong>honeste</strong></span> <span class='ocrx_word' id='word_1_862' title='bbox 1364 2546 1395 2565; x_wconf 91' lang='lat' dir='ltr'><strong>ac</strong></span> <span class='ocrx_word' id='word_1_863' title='bbox 1409 2538 1506 2565; x_wconf 87' lang='lat' dir='ltr'><strong>decore</strong></span> <span class='ocrx_word' id='word_1_864' title='bbox 1522 2537 1589 2570; x_wconf 87' lang='lat' dir='ltr'><strong>risit,</strong></span> <span class='ocrx_word' id='word_1_865' title='bbox 1604 2542 1631 2564; x_wconf 88' lang='lat' dir='ltr'><strong>et</strong></span> <span class='ocrx_word' id='word_1_866' title='bbox 1644 2539 1682 2564; x_wconf 88' lang='lat' dir='ltr'><strong>eis</strong></span> <span class='ocrx_word' id='word_1_867' title='bbox 1698 2537 1833 2564; x_wconf 89' lang='lat' dir='ltr'><strong>exclama-</strong></span> 
     </span>
    </p>
   </div>
   <div class='ocr_carea' id='block_1_112' title="bbox 1049 2582 1831 2618">
    <p class='ocr_par' dir='ltr' id='par_1_112' title="bbox 1049 2582 1831 2618">
     <span class='ocr_line' id='line_1_112' title="bbox 1049 2582 1831 2618; baseline -0.005 -6"><span class='ocrx_word' id='word_1_868' title='bbox 1049 2587 1094 2618; x_wconf 81' lang='lat' dir='ltr'><strong>vit,</strong></span> <span class='ocrx_word' id='word_1_869' title='bbox 1113 2586 1220 2612; x_wconf 89' lang='lat' dir='ltr'><strong>dicens:</strong></span> <span class='ocrx_word' id='word_1_870' title='bbox 1235 2585 1305 2611; x_wconf 83' lang='lat' dir='ltr'><strong>Bene</strong></span> <span class='ocrx_word' id='word_1_871' title='bbox 1320 2589 1370 2616; x_wconf 88' lang='lat' dir='ltr'><strong>est,</strong></span> <span class='ocrx_word' id='word_1_872' title='bbox 1385 2584 1452 2611; x_wconf 89' lang='lat' dir='ltr'><strong>bene</strong></span> <span class='ocrx_word' id='word_1_873' title='bbox 1465 2589 1516 2616; x_wconf 84' lang='lat' dir='ltr'><strong>est,</strong></span> <span class='ocrx_word' id='word_1_874' title='bbox 1529 2590 1622 2611; x_wconf 88' lang='lat' dir='ltr'><strong>revera</strong></span> <span class='ocrx_word' id='word_1_875' title='bbox 1643 2590 1695 2609; x_wconf 92' lang='lat' dir='ltr'><strong>non</strong></span> <span class='ocrx_word' id='word_1_876' title='bbox 1711 2587 1752 2610; x_wconf 86' lang='lat' dir='ltr'><strong>est</strong></span> <span class='ocrx_word' id='word_1_877' title='bbox 1767 2582 1831 2609; x_wconf 88' lang='lat' dir='ltr'><strong>mihi</strong></span> 
     </span>
    </p>
   </div>
   <div class='ocr_carea' id='block_1_113' title="bbox 1047 2627 1833 2664">
    <p class='ocr_par' dir='ltr' id='par_1_113' title="bbox 1047 2627 1833 2664">
     <span class='ocr_line' id='line_1_113' title="bbox 1047 2627 1833 2664; baseline -0.006 -6"><span class='ocrx_word' id='word_1_878' title='bbox 1047 2639 1127 2658; x_wconf 75' lang='lat' dir='ltr'><strong>curae.</strong></span> <span class='ocrx_word' id='word_1_879' title='bbox 1145 2631 1195 2658; x_wconf 86' lang='lat' dir='ltr'><strong>Per</strong></span> <span class='ocrx_word' id='word_1_880' title='bbox 1209 2630 1299 2658; x_wconf 83' lang='lat' dir='ltr'><strong>Jesum</strong></span> <span class='ocrx_word' id='word_1_881' title='bbox 1314 2650 1321 2662; x_wconf 92' lang='lat'><strong>,</strong></span> <span class='ocrx_word' id='word_1_882' title='bbox 1337 2637 1387 2664; x_wconf 91' lang='lat' dir='ltr'><strong>ego</strong></span> <span class='ocrx_word' id='word_1_883' title='bbox 1407 2637 1464 2656; x_wconf 86' lang='lat' dir='ltr'><strong>eam</strong></span> <span class='ocrx_word' id='word_1_884' title='bbox 1486 2636 1538 2656; x_wconf 93' lang='lat' dir='ltr'><strong>non</strong></span> <span class='ocrx_word' id='word_1_885' title='bbox 1559 2628 1687 2662; x_wconf 89' lang='lat' dir='ltr'><strong>accipiam</strong></span> <span class='ocrx_word' id='word_1_886' title='bbox 1709 2627 1833 2661; x_wconf 86' lang='lat' dir='ltr'><strong>amplius,</strong></span> 
     </span>
    </p>
   </div>
   <div class='ocr_carea' id='block_1_114' title="bbox 1048 2673 1833 2710">
    <p class='ocr_par' dir='ltr' id='par_1_114' title="bbox 1048 2673 1833 2710">
     <span class='ocr_line' id='line_1_114' title="bbox 1048 2673 1833 2710; baseline -0.009 -5"><span class='ocrx_word' id='word_1_887' title='bbox 1048 2677 1100 2710; x_wconf 88' lang='lat' dir='ltr'><strong>abi,</strong></span> <span class='ocrx_word' id='word_1_888' title='bbox 1117 2685 1176 2704; x_wconf 88' lang='lat' dir='ltr'><strong>eam</strong></span> <span class='ocrx_word' id='word_1_889' title='bbox 1191 2677 1238 2703; x_wconf 92' lang='lat' dir='ltr'><strong>tibi</strong></span> <span class='ocrx_word' id='word_1_890' title='bbox 1255 2676 1323 2703; x_wconf 91' lang='lat' dir='ltr'><strong>habe</strong></span> <span class='ocrx_word' id='word_1_891' title='bbox 1338 2681 1364 2702; x_wconf 92' lang='lat' dir='ltr'><strong>ct</strong></span> <span class='ocrx_word' id='word_1_892' title='bbox 1379 2675 1435 2709; x_wconf 89' lang='lat' dir='ltr'><strong>ejus</strong></span> <span class='ocrx_word' id='word_1_893' title='bbox 1457 2674 1543 2706; x_wconf 82' lang='lat' dir='ltr'><strong>ﬁlios;</strong></span> <span class='ocrx_word' id='word_1_894' title='bbox 1558 2681 1607 2708; x_wconf 80' lang='lat' dir='ltr'><strong>ego</strong></span> <span class='ocrx_word' id='word_1_895' title='bbox 1629 2673 1701 2700; x_wconf 87' lang='lat' dir='ltr'><strong>enim</strong></span> <span class='ocrx_word' id='word_1_896' title='bbox 1727 2673 1833 2704; x_wconf 88' lang='lat' dir='ltr'><strong>recedo,</strong></span> 
     </span>
    </p>
   </div>
   <div class='ocr_carea' id='block_1_115' title="bbox 1048 2713 1835 2747">
    <p class='ocr_par' dir='ltr' id='par_1_115' title="bbox 1048 2713 1835 2747">
     <span class='ocr_line' id='line_1_115' title="bbox 1048 2713 1835 2747; baseline -0.009 0"><span class='ocrx_word' id='word_1_897' title='bbox 1048 2725 1072 2747; x_wconf 90' lang='lat' dir='ltr'><strong>et</strong></span> <span class='ocrx_word' id='word_1_898' title='bbox 1087 2720 1188 2747; x_wconf 83' lang='lat' dir='ltr'><strong>efﬁcior</strong></span> <span class='ocrx_word' id='word_1_899' title='bbox 1202 2717 1359 2746; x_wconf 88' lang='lat' dir='ltr'><strong>monachus.</strong></span> <span class='ocrx_word' id='word_1_900' title='bbox 1383 2717 1449 2744; x_wconf 89' lang='lat' dir='ltr'><strong>Cutn</strong></span> <span class='ocrx_word' id='word_1_901' title='bbox 1467 2717 1531 2743; x_wconf 88' lang='lat' dir='ltr'><strong>nulli</strong></span> <span class='ocrx_word' id='word_1_902' title='bbox 1557 2720 1645 2742; x_wconf 87' lang='lat' dir='ltr'><strong>autem</strong></span> <span class='ocrx_word' id='word_1_903' title='bbox 1661 2714 1772 2742; x_wconf 79' lang='lat' dir='ltr'><strong>dixisset</strong></span> <span class='ocrx_word' id='word_1_904' title='bbox 1787 2713 1835 2740; x_wconf 60' lang='lat' dir='ltr'><strong>ali:</strong></span> 
     </span>
    </p>
   </div>
   <div class='ocr_carea' id='block_1_116' title="bbox 1047 2759 1835 2800">
    <p class='ocr_par' dir='ltr' id='par_1_116' title="bbox 1047 2759 1835 2800">
     <span class='ocr_line' id='line_1_116' title="bbox 1047 2759 1835 2800; baseline -0.009 -8"><span class='ocrx_word' id='word_1_905' title='bbox 1047 2765 1122 2800; x_wconf 89' lang='lat' dir='ltr'><strong>qttid,</strong></span> <span class='ocrx_word' id='word_1_906' title='bbox 1137 2764 1281 2799; x_wconf 84' lang='lat' dir='ltr'><strong>pertransit</strong></span> <span class='ocrx_word' id='word_1_907' title='bbox 1295 2768 1356 2790; x_wconf 87' lang='lat' dir='ltr'><strong>octo</strong></span> <span class='ocrx_word' id='word_1_908' title='bbox 1370 2760 1599 2796; x_wconf 79' lang='lat' dir='ltr'><strong>mansiones(66),</strong></span> <span class='ocrx_word' id='word_1_909' title='bbox 1614 2765 1640 2788; x_wconf 89' lang='lat' dir='ltr'><strong>et</strong></span> <span class='ocrx_word' id='word_1_910' title='bbox 1655 2760 1711 2787; x_wconf 90' lang='lat' dir='ltr'><strong>abit</strong></span> <span class='ocrx_word' id='word_1_911' title='bbox 1724 2759 1756 2787; x_wconf 86' lang='lat' dir='ltr'><strong>ad</strong></span> <span class='ocrx_word' id='word_1_912' title='bbox 1772 2765 1835 2785; x_wconf 86' lang='lat' dir='ltr'><strong>san-</strong></span> 
     </span>
    </p>
   </div>
   <div class='ocr_carea' id='block_1_117' title="bbox 1048 2805 1833 2842">
    <p class='ocr_par' dir='ltr' id='par_1_117' title="bbox 1048 2805 1833 2842">
     <span class='ocr_line' id='line_1_117' title="bbox 1048 2805 1833 2842; baseline -0.009 -5"><span class='ocrx_word' id='word_1_913' title='bbox 1048 2816 1118 2837; x_wconf 89' lang='lat' dir='ltr'><strong>ctum</strong></span> <span class='ocrx_word' id='word_1_914' title='bbox 1140 2810 1300 2840; x_wconf 80' lang='lat' dir='ltr'><strong>Antonium,</strong></span> <span class='ocrx_word' id='word_1_915' title='bbox 1315 2814 1342 2835; x_wconf 90' lang='lat' dir='ltr'><strong>et</strong></span> <span class='ocrx_word' id='word_1_916' title='bbox 1361 2808 1448 2842; x_wconf 87' lang='lat' dir='ltr'><strong>pulsat</strong></span> <span class='ocrx_word' id='word_1_917' title='bbox 1469 2807 1576 2834; x_wconf 88' lang='lat' dir='ltr'><strong>ostiuut.</strong></span> <span class='ocrx_word' id='word_1_918' title='bbox 1603 2805 1730 2840; x_wconf 74' lang='lat' dir='ltr'><strong>Egressus</strong></span> <span class='ocrx_word' id='word_1_919' title='bbox 1744 2808 1833 2830; x_wconf 83' lang='lat' dir='ltr'><strong>autem</strong></span> 
     </span>
    </p>
   </div>
   <div class='ocr_carea' id='block_1_118' title="bbox 1047 2847 1834 2888">
    <p class='ocr_par' dir='ltr' id='par_1_118' title="bbox 1047 2847 1834 2888">
     <span class='ocr_line' id='line_1_118' title="bbox 1047 2847 1834 2888; baseline -0.009 -6"><span class='ocrx_word' id='word_1_920' title='bbox 1047 2860 1153 2882; x_wconf 87' lang='lat' dir='ltr'><strong>sanctus</strong></span> <span class='ocrx_word' id='word_1_921' title='bbox 1171 2855 1311 2887; x_wconf 86' lang='lat' dir='ltr'><strong>Antonius,</strong></span> <span class='ocrx_word' id='word_1_922' title='bbox 1329 2862 1388 2882; x_wconf 90' lang='lat' dir='ltr'><strong>cum</strong></span> <span class='ocrx_word' id='word_1_923' title='bbox 1399 2854 1543 2888; x_wconf 82' lang='lat' dir='ltr'><strong>interrogat</strong></span> <span class='ocrx_word' id='word_1_924' title='bbox 1560 2860 1568 2880; x_wconf 88' lang='lat'><strong>:</strong></span> <span class='ocrx_word' id='word_1_925' title='bbox 1587 2850 1653 2885; x_wconf 83' lang='lat' dir='ltr'><strong>Quid</strong></span> <span class='ocrx_word' id='word_1_926' title='bbox 1666 2850 1717 2878; x_wconf 80' lang='lat' dir='ltr'><strong>vis?</strong></span> <span class='ocrx_word' id='word_1_927' title='bbox 1727 2849 1760 2883; x_wconf 75' lang='lat' dir='ltr'><strong>Et</strong></span> <span class='ocrx_word' id='word_1_928' title='bbox 1769 2847 1834 2877; x_wconf 86' lang='lat' dir='ltr'><strong>dicit</strong></span> 
     </span>
    </p>
   </div>
  </div>
