2077 3154
673 147 714 157 ρ..

234 174 305 203 ιογο

250 243 350 272 Paulus
358 254 364 271 ς
372 245 439 272 Volo
453 245 508 272 fieri
521 245 674 272 monachus.
683 245 835 280 Respondet
844 245 869 273 ei
882 245 1025 273 Antonius:

248 288 335 316 Senex
350 289 535 324 sexagenarius
558 296 609 316 non
632 293 718 324 potest
730 290 772 315 hic
787 289 843 316 fieri
857 290 1002 316 monachus
1015 298 1023 323 ;

247 333 294 360 sed
310 334 396 368 potius
411 334 451 360 abi
467 333 494 360 in
508 333 594 360 vicum
607 355 614 366 ,
630 339 657 360 et
679 341 800 367 operare,
813 339 841 361 et
863 336 942 361 vitam
957 334 1024 369 dege

247 378 405 412 operariam,
420 378 473 404 Deo
483 385 564 412 agens
578 379 686 412 gratias.
702 378 757 405 Non
772 383 846 413 potes
858 380 928 406 enim
944 379 1025 405 susti-

247 430 312 450 nere
324 423 481 450 afﬂictiones
493 416 652 450 solitudinis.
670 424 822 458 Respondet
837 431 928 456 senex,
943 429 969 450 et
983 424 1024 450 di-

247 468 283 495 cit
298 476 305 493 :
321 468 348 494 Si
364 469 426 502 quid
441 476 483 494 me
497 469 629 501 docueris,
646 468 708 496 illud
732 469 836 495 faciam.
855 470 919 495 Dicit
933 470 957 496 ei
971 470 1026 496 An-

248 511 334 538 tonius
346 519 354 537 :
366 510 424 538 Dixi
444 512 490 538 tibi
506 517 531 538 te
545 519 605 539 esse
625 520 730 544 senem,
748 517 775 539 et
798 521 849 539 non
869 521 945 546 posse
965 521 1025 541 esse

248 556 421 588 monachum;
439 557 493 583 abi.
508 557 535 584 Si
550 556 622 583 enim
638 557 677 582 vis
697 564 756 583 esse
770 558 925 586 monachus.
940 557 1026 592 ingre-

247 601 310 627 dere
322 601 471 628 coenobium
485 602 528 628 ubi
544 606 604 627 sunt
621 602 771 634 complures
794 602 888 628 fratres
903 604 946 636 qui
961 610 1024 637 pos-

247 649 308 671 sunt
321 649 391 671 tuam
412 645 482 671 ferre
496 646 711 672 imbecillitatem.
737 646 793 680 Ego
813 647 882 673 enim
898 648 969 674 solus
983 648 1026 675 hic

249 691 340 722 sedeo,
364 691 478 724 quinque
494 691 594 716 dierqu
609 690 694 723 spatio
718 691 856 725 interjecto
870 692 1024 726 comedens,

249 736 328 770 idque
351 737 481 763 esuriens.
509 736 554 763 His
579 743 642 770 ergo
666 736 752 762 verbis
771 737 879 763 Paulum
894 737 1025 771 abigebat.

248 781 391 816 Postquam
407 788 493 808 autem
508 789 568 808 eum
584 789 634 808 nou
650 782 766 813 admisit,
782 783 871 808 clauso
885 782 953 808 ostio
971 784 1025 809 An-

250 829 337 854 tonius
349 828 432 854 tribus
448 828 541 854 diebus
556 827 625 854 foras
646 835 698 853 non
713 832 753 854 est
773 834 905 861 egressus,
921 832 1027 862 propter

248 873 345 907 ipsum,
359 880 390 899 ne
405 872 510 906 quidem
524 872 555 898 ad
570 873 742 899 necessitates
757 879 828 897 suas.
841 872 926 899 Senex
937 877 1025 899 autem

249 918 390 951 permansit
406 925 457 944 non
472 916 609 944 recedens.
633 916 730 950 Quarto
746 923 808 943 vero
828 916 871 943 die
884 924 944 944 cum
960 924 1022 944 eum

249 967 382 996 premeret
406 962 560 993 necessitas,
572 967 664 995 aperto
683 962 750 988 ostio
772 969 894 994 egressus
920 966 970 988 est.
995 962 1028 988 Et

248 1013 310 1032 cum
326 1014 418 1032 rursus
434 1006 543 1032 vidisset
564 1005 672 1032 Paulum
685 1026 692 1037 ,
707 1006 731 1032 ei
746 1005 809 1031 dicit
821 1013 828 1031 :
840 1006 888 1032 Abi
903 1006 974 1038 hinc,
988 1013 1030 1033 se-

249 1057 311 1077 nex.
327 1050 395 1082 Quid
411 1050 474 1076 mihi
489 1057 518 1076 es
534 1049 677 1076 molestus?
691 1057 741 1076 non
759 1055 835 1084 putes
852 1050 894 1077 hic
909 1058 1028 1078 manere.

249 1094 316 1122 Dicit
328 1095 352 1121 ei
368 1094 466 1121 Paulus
478 1103 485 1120 :
497 1093 569 1121 Fieri
593 1102 644 1121 non
665 1099 750 1128 potest
765 1100 791 1121 ut
807 1102 856 1128 ego
870 1096 932 1122 alibi
951 1103 1028 1130 quam

249 1139 291 1167 hic
315 1139 423 1167 moriar.
440 1139 506 1166 Cum
521 1139 667 1174 aspexisset
691 1144 778 1166 autem
794 1140 934 1173 Antonius,
949 1146 975 1168 et
991 1141 1030 1168 vi-

249 1184 332 1212 disset
343 1191 402 1211 eum
416 1192 468 1211 non
479 1184 548 1211 ferre
560 1191 590 1211 ea
604 1191 662 1218 quae
675 1190 736 1211 sunt
749 1185 781 1211 ad
795 1186 892 1212 victum
905 1193 1029 1213 necessa-

248 1229 299 1262 ria,
315 1236 367 1256 non
389 1236 495 1264 panem,
511 1237 564 1256 nou
584 1237 691 1264 aquam,
708 1236 758 1257 non
782 1230 881 1264 aliquid
905 1231 988 1265 aliud,
1003 1237 1030 1259 et

248 1274 302 1310 jam
318 1279 441 1308 quartum
456 1275 525 1302 diem
551 1282 737 1309 perseverasse
758 1275 889 1310 jejunum,
905 1278 1031 1311 cogitavit

252 1319 322 1353 apud
331 1327 359 1346 se
370 1328 376 1345 :
386 1320 424 1347 Ne
434 1321 502 1347 forte
512 1320 650 1353 moriatur,
661 1324 689 1348 ut
697 1321 741 1353 qui
753 1328 805 1347 non
815 1322 849 1348 sit
859 1329 979 1349 assuetus
990 1323 1031 1357 je-

249 1363 355 1398 junare,
368 1368 395 1392 et
407 1371 492 1391 meam
500 1365 613 1392 maculet
622 1366 748 1392 animam.
758 1366 823 1393 Eum
832 1374 896 1401 ergo
905 1367 1028 1395 admittit.

252 1409 326 1436 Tunc
348 1410 372 1437 ei
386 1410 447 1437 dicit
464 1411 596 1437 Antonius
609 1419 616 1438 :
627 1411 706 1438 Potes
725 1418 785 1439 esse
798 1412 885 1439 salvus
896 1413 919 1439 si
934 1413 1031 1441 habeas

249 1454 442 1488 obedientiam,
455 1459 482 1482 et
492 1455 561 1489 quod
575 1463 590 1482 a
603 1463 645 1482 me
658 1457 773 1484 audieris
786 1457 835 1484 hoc
849 1457 952 1485 feceris.
965 1458 1032 1484 Pau-

250 1501 292 1528 lus
313 1505 401 1528 autem
425 1501 610 1534 respondens,
634 1501 700 1529 dixit
715 1510 724 1528 :
738 1502 842 1529 Faciam
867 1510 1031 1538 quaecunque

250 1545 373 1581 iusseris.
391 1545 534 1578 Talemque
549 1546 609 1572 vita:
623 1552 725 1579 aspera:
739 1547 847 1580 agendae
862 1547 990 1574 rationem
1005 1553 1032 1575 et

968 177 1127 206 PALLADII

1793 173 1804 200 ί
1809 174 1860 202 080

1041 247 1067 277 Α
1078 252 1160 273 unum
1183 245 1332 278 madefecit,
1346 249 1421 272 erant
1434 244 1507 273 enim
1525 244 1606 277 sicci;
1623 244 1661 272 illi
1675 247 1762 272 autem
1784 247 1849 272 tres.

1075 292 1208 319 Psalmum
1231 291 1320 325 psallit
1343 291 1473 318 Antonius
1496 298 1574 325 quem
1599 295 1724 322 noverat;
1743 295 1771 318 et
1790 299 1849 319 cum

1074 342 1135 363 eum
1150 336 1291 363 duodecies
1303 336 1454 366 cecinisset,
1468 335 1611 362 duodecies
1622 335 1706 361 oravit
1719 340 1747 362 ut
1761 337 1786 362 in
1801 336 1851 363 hoc

1075 387 1177 414 quoque
1194 381 1300 406 Paulum
1314 380 1446 415 probaret.
1462 380 1547 407 Senex
1563 384 1651 407 autem
1665 381 1743 407 simul
1759 388 1851 414 preca-

1075 430 1118 451 tus
1131 430 1171 451 est
1184 425 1241 458 ipso
1261 432 1355 459 magno
1378 425 1493 452 Antonio
1515 427 1662 459 promptius
1677 430 1703 452 et
1725 425 1850 453 alacrius.

1075 469 1187 495 Malebat
1207 470 1289 502 enim,
1306 474 1333 495 ut
1357 470 1480 501 arbitror,
1497 477 1605 502 pascere
1628 469 1756 502 scorpios,
1770 477 1851 504 quam
1875 497 1884 510 ί,

1075 522 1126 541 una
1141 515 1229 541 vivere
1243 522 1302 541 cum
1317 514 1446 541 adultera.
1459 515 1521 541 Post
1535 515 1550 540 d
1559 514 1678 541 uodecim
1692 521 1778 542 autem
1792 523 1851 542 ora:

1077 559 1172 591 tiones,
1186 559 1267 586 Paulo
1286 559 1351 585 dicit
1372 567 1481 592 magnus
1496 560 1626 586 Antonius
1641 568 1647 585 :
1661 559 1738 591 Sede,
1754 560 1850 595 inquit,

1076 610 1102 632 et
1115 612 1147 631 ne
1159 605 1282 631 comedas
1294 612 1375 638 usque
1387 605 1420 631 ad
1432 612 1566 639 vesperam
1577 613 1584 637 ;
1596 605 1641 631 sed
1652 606 1737 632 solum
1746 606 1851 634 attende

1076 650 1228 676 esculen:is.
1252 649 1316 676 Cum
1340 656 1428 676 autem
1453 650 1546 677 fuisset
1570 657 1690 684 vespera,
1706 656 1734 678 et
1757 650 1852 679 Paulus

1077 702 1129 721 non
1155 694 1325 727 comedisset,
1347 695 1413 725 dixit
1435 694 1458 721 ei
1478 695 1739 729 Antonius:Surge,
1755 704 1812 730 ora,
1825 702 1852 725 et

1076 739 1173 765 dormi.
1190 739 1236 766 llle
1250 745 1336 766 autem
1358 747 1449 766 mensa
1465 739 1555 766 relicta
1570 741 1609 766 sic
1624 741 1694 767 fecit.
1711 741 1794 769 Media
1807 749 1852 768 au-

1078 787 1130 810 tem
1145 789 1221 810 nocte
1235 784 1360 811 excitavit
1379 792 1438 810 eum
1458 784 1490 811 ad
1506 785 1663 819 orationem,
1678 790 1704 812 et
1725 793 1808 820 usque
1820 787 1853 813 ad

1078 829 1170 855 horam
1186 836 1281 855 nonam
1295 829 1418 862 produxit
1428 830 1572 857 orationes.
1590 830 1678 856 Mensa
1692 835 1781 857 autem
1796 839 1853 858 rur-

1077 881 1122 900 sus
1142 873 1261 907 apposita
1283 881 1341 900 cum
1364 879 1389 900 et
1413 881 1503 900 rursus
1528 875 1669 901 cecinisset
1692 879 1718 901 et
1739 880 1852 907 orasset,

1043 920 1064 948 Β
1077 926 1136 945 sero
1154 926 1266 952 vespere
1288 918 1414 945 sederunt
1433 919 1465 944 ad
1487 918 1691 946 comedendum.
1706 919 1770 946 Cum
1791 927 1854 954 ergo

1077 963 1235 989 comedisset
1244 971 1353 998 magnus
1364 963 1493 990 Antonius
1505 971 1584 990 unum
1599 970 1774 998 paxamatem,
1784 965 1854 992 aliud

1078 1016 1129 1034 non
1155 1008 1247 1042 tetigit.
1264 1009 1350 1035 Senex
1372 1013 1458 1034 autem
1483 1009 1625 1036 comedens
1649 1009 1855 1043 tardius,adbuc

1078 1053 1185 1080 tenebat
1200 1054 1374 1087 paxamidium
1391 1055 1459 1088 quod
1475 1058 1590 1087 ceperat.
1604 1054 1780 1089 Exspectabat
1793 1063 1855 1091 ergo

1078 1098 1208 1125 Antonius
1219 1099 1302 1124 donec
1318 1099 1480 1132 perfecisset,
1495 1103 1520 1125 et
1535 1099 1597 1126 dicit
1612 1100 1636 1126 ei
1648 1107 1656 1126 :
1668 1098 1796 1133 Comede,
1808 1108 1856 1134 pa--

1079 1143 1189 1175 tercule,
1205 1143 1284 1170 etiam
1296 1151 1375 1170 unum
1388 1145 1458 1171 aliud
1472 1146 1658 1179 paxamidium.
1673 1145 1741 1173 Dicit
1751 1147 1776 1173 ei
1790 1146 1856 1174 Pau-

1079 1188 1120 1215 lus
1146 1195 1154 1214 :
1175 1188 1201 1214 Si
1230 1193 1257 1214 tu
1282 1189 1420 1222 comedas,
1446 1198 1495 1224 ego
1520 1198 1625 1225 quoque
1648 1191 1806 1224 comedam;
1831 1197 1856 1219 te

1079 1239 1166 1262 autem
1181 1242 1232 1262 non
1253 1235 1416 1268 comedente,
1429 1243 1477 1264 nec
1496 1244 1545 1271 ego
1567 1237 1714 1264 comedam.
1738 1237 1804 1265 Dicit
1831 1239 1856 1266 ei

1080 1280 1237 1308 Antonius":
1270 1281 1334 1309 Mihi
1370 1282 1492 1316 sufﬁcit,
1535 1291 1594 1310 sum
1609 1284 1679 1310 enim
1701 1284 1856 1312 monachus.

1081 1326 1114 1352 Et
1128 1325 1189 1353 ille:
1203 1326 1235 1352 Et
1253 1325 1316 1352 mihi
1336 1326 1452 1358 sufﬁcit;
1468 1334 1527 1353 nam
1548 1334 1596 1361 ego
1610 1335 1713 1362 quoque
1726 1329 1785 1355 volo
1801 1328 1856 1355 ﬁeri

1080 1371 1236 1398 monachus.
1258 1370 1348 1404 Surgit
1362 1379 1463 1403 rursus,
1479 1377 1506 1399 et
1528 1372 1590 1399 facit
1603 1373 1740 1400 duodecim
1759 1373 1856 1400 oratio-

1081 1422 1139 1447 nes,
1155 1420 1181 1441 et
1196 1415 1284 1449 psallit
1299 1416 1436 1443 duodecim
1455 1417 1581 1450 psalmos.
1608 1417 1642 1444 Et
1656 1423 1714 1452 post
1726 1419 1858 1446 orationes

1082 1460 1160 1494 primi
1170 1462 1255 1487 somni
1269 1468 1359 1495 parum
1372 1462 1517 1494 dormiunt;
1532 1467 1559 1489 et
1570 1470 1662 1490 rursus
1672 1464 1858 1499 expergiscan-

1083 1510 1124 1532 tur
1138 1506 1169 1531 ad
1186 1506 1346 1539 psallendum
1362 1514 1378 1533 a
1392 1507 1475 1533 media
1490 1512 1566 1534 nocte
1584 1507 1616 1535 ad
1630 1507 1700 1535 diem
1715 1515 1805 1543 usque.

1119 1550 1218 1577 Deinde
1234 1551 1303 1577 misit
1315 1558 1373 1577 eum
1396 1550 1428 1577 ad
1443 1551 1589 1578 obeundum
1612 1552 1791 1583 solitudinem,
1817 1552 1858 1579 di-

250 1591 305 1617 illis
325 1589 418 1617 diebus
438 1592 555 1624 suscepit
575 1590 720 1623 Antonius,
737 1592 841 1625 qualem
856 1592 961 1626 quando
975 1599 1030 1620 erat
1044 1596 1066 1626 C
1082 1604 1145 1624 cens
1160 1598 1202 1624 ei:
1220 1597 1283 1624 Veni
1309 1597 1358 1624 huc
1375 1602 1432 1630 post
1451 1602 1505 1624 tres
1529 1597 1595 1625 dies.
1618 1598 1683 1625 Cum
1707 1598 1757 1625 hoc
1771 1602 1857 1625 antem

253 1635 279 1661 in
296 1634 423 1668 principio
435 1633 593 1669 juventutis.
616 1634 681 1669 Ejus
700 1642 763 1669 ergo
783 1641 899 1663 mentem
919 1636 1033 1671 probans

251 1680 392 1712 Antonius,
409 1681 432 1706 ei
448 1680 604 1713 dixit:Sta,
617 1685 645 1707 et
665 1688 713 1708 ora
736 1682 762 1708 in
787 1681 837 1708 hoc
859 1682 927 1715 loco,
949 1683 1034 1710 donec

251 1725 394 1759 ingrediar,
406 1729 434 1752 et
456 1725 564 1752 afferam
590 1726 635 1752 tibi
659 1726 728 1760 quod
751 1728 879 1761 opereris.
897 1727 1033 1762 ingressus

251 1776 340 1799 autem
357 1771 522 1806 speluncam,
541 1779 588 1806 per
608 1772 751 1799 fenestram
773 1773 959 1800 animadvertit
972 1781 1033 1800 eum

252 1817 280 1844 in
295 1824 327 1844 eo
349 1817 406 1843 loco
422 1821 504 1843 totam
520 1817 712 1844 hebdomadam
728 1825 836 1844 manere
859 1818 1032 1852 immobilem,

252 1869 312 1888 curn
323 1864 356 1889 ab
371 1865 437 1888 testu
450 1867 605 1888 terreretur.
621 1862 748 1895 Egressus
761 1867 847 1888 autem
861 1866 921 1896 post
934 1861 1033 1888 hebdo-

253 1907 370 1941 madam,
382 1914 442 1934 cum
457 1915 490 1934 ex
506 1907 599 1941 palmis
615 1914 703 1934 ramos
718 1906 1031 1940 madefecisset,eidicit:

253 1953 360 1987 Accipe,
373 1958 399 1979 et
412 1958 522 1979 contexe
544 1951 633 1979 funem
656 1956 684 1979 ut
698 1961 740 1979 tne
754 1953 837 1980 vides.
857 1953 935 1980 Tcxit
949 1960 1032 1980 senex

252 1998 287 2025 ad
301 1999 393 2024 horam
407 2004 490 2031 usque
514 2005 609 2024 nonam
628 1998 777 2032 quindecim
797 2000 871 2026 ulnas
888 2007 983 2033 magno
996 2000 1034 2026 la-

253 2046 330 2073 bore.
355 2046 420 2073 Cum
444 2051 531 2072 autem
555 2046 663 2072 vidisset
678 2046 807 2073 Antonius
831 2047 855 2073 id
878 2049 947 2081 quod
970 2054 1034 2074 ροη-

254 2095 385 2123 texuerat,
401 2091 426 2118 id
441 2091 551 2118 minime
572 2092 597 2118 ei
619 2091 724 2125 placuit,
740 2096 767 2119 et
792 2092 842 2126 ipsi
864 2092 929 2119 dicit
944 2101 950 2119 :
966 2092 1034 2119 Male

255 2138 434 2170 contexuisti,
450 2142 559 2170 retexe,
582 2141 609 2164 et
633 2137 719 2164 denuo
744 2143 871 2169 contexe;
897 2145 956 2164 cum
980 2138 1034 2171 jam

255 2182 368 2217 septimo
380 2182 423 2209 die
432 2181 539 2217 jejunus
554 2185 661 2215 ageret.
676 2181 753 2216 idque
769 2189 828 2208 cum
842 2186 912 2208 esset
926 2182 1034 2216 grandis

254 2232 343 2256 atate.
368 2227 480 2254 Tantum
500 2231 589 2254 autem
611 2234 671 2254 eum
687 2227 735 2254 hac
749 2227 782 2254 de
798 2234 875 2254 causa
888 2227 992 2260 al‘tlixit,
1007 2231 1035 2254 ut

255 2281 327 2310 agre
339 2274 426 2301 ferens
436 2280 519 2300 senex
534 2273 635 2308 fugeret
649 2273 802 2305 Antonium,
814 2277 840 2300 et
852 2273 932 2299 vitam
946 2281 1033 2300 mona-

255 2320 377 2347 chorum.
392 2319 416 2346 ls
429 2323 516 2345 autem
531 2318 639 2346 eosdem
654 2326 740 2345 ramos
753 2323 780 2345 et
801 2319 930 2353 retexuit,
945 2324 972 2346 et
986 2319 1036 2346 ite-

256 2373 315 2393 rum
327 2364 462 2392 contexuit
474 2372 532 2392 cum
544 2372 640 2399 magno
653 2365 753 2397 labore,
761 2364 831 2399 quod
839 2372 871 2391 ex
882 2369 1036 2392 contextura

256 2413 344 2448 prima
359 2412 470 2439 fuissent
483 2412 626 2446 corrugati.
650 2411 715 2438 Cum
730 2418 793 2444 ergo
807 2411 914 2438 vidisset
928 2418 1037 2445 magnus

257 2456 389 2484 Antonius
401 2464 462 2483 eum
477 2463 526 2483 nec
536 2464 724 2488 murmurasse,
738 2464 821 2491 neque
833 2457 949 2484 animum
965 2456 1037 2490 abje-

257 2502 338 2536 cissel
351 2510 436 2536 neque
447 2502 548 2528 vultum
557 2510 633 2529 suum
647 2503 755 2529 omnino
768 2503 906 2535 avertisse,
918 2506 945 2529 ct
952 2508 1037 2536 neque

257 2548 302 2575 vel
317 2548 447 2575 tantillum
458 2550 650 2581 succensuisse,
667 2552 772 2582 propter
785 2556 845 2575 eum
860 2552 900 2575 est
912 2555 1038 2582 compun-

257 2597 326 2620 ctus.
340 2592 373 2619 Et
385 2592 442 2619 sole
455 2592 590 2620 occidente
604 2593 628 2620 ei
642 2592 707 2619 dicit
719 2601 724 2617 :
736 2592 884 2626 Patercule,
897 2592 936 2618 vis
947 2598 1037 2618 eome-

256 2640 354 2666 damus
376 2638 553 2673 fragmentum
576 2638 668 2673 panis?
694 2637 762 2664 Dicit
774 2638 799 2665 ei
815 2638 909 2664 Paulus
922 2645 930 2664 :
942 2637 977 2664 Ut
991 2636 1038 2665 tibi

259 2684 375 2718 videtur,
391 2684 469 2712 abba.
481 2683 536 2710 Hoc
548 2691 652 2718 quoque
662 2691 753 2710 rursus
769 2683 870 2710 inﬂexit
883 2683 1037 2716 Antonium,

258 2729 331 2766 quod
348 2737 401 2757 non
421 2730 455 2756 ad
474 2729 525 2757 cibi
545 2729 664 2756 nuntium
684 2728 802 2764 protinus
823 2729 978 2761 accurrerit,
990 2729 1037 2755 sed

260 2775 287 2803 ei
299 2781 457 2810 potestatem
469 2775 628 2810 permiserit.
642 2774 707 2801 Para
719 2781 793 2808 ergo,
801 2773 894 2808 inquit,
902 2781 1035 2806 mensam;

260 2824 289 2847 et
302 2820 413 2848 obediit.
437 2820 499 2847 Fert
519 2827 601 2854 panes
615 2818 754 2852 Antonius,
768 2822 795 2845 et
816 2818 927 2853 imponit
940 2825 1038 2845 mensae

265 2869 376 2898 quatuor
398 2870 567 2899 paxamates,
586 2872 632 2893 sex
655 2863 806 2896 unciarum;
823 2867 848 2891 ct
863 2863 913 2891 sibi
934 2863 1037 2897 quidem

1083 1641 1180 1669 factum
1194 1647 1273 1675 esset,
1299 1647 1326 1669 et
1339 1643 1444 1676 quidam
1470 1642 1564 1670 fratres
1586 1643 1618 1670 ad
1641 1651 1700 1671 eum
1714 1643 1858 1675 venissent.

1083 1688 1241 1715 observabat
1257 1688 1350 1715 Paulus
1367 1688 1507 1715 Antonium
1521 1688 1642 1723 quidnam
1656 1688 1734 1715 vellet
1747 1695 1806 1714 cum
1822 1686 1858 1713 fa-

1084 1741 1154 1760 cere.
1171 1735 1194 1761 Is
1215 1739 1302 1760 autem
1323 1733 1389 1760 dixit
1409 1733 1453 1760 ei:
1469 1733 1571 1760 Tacens
1585 1733 1702 1760 ministra
1719 1733 1859 1765 fratribus;

1084 1787 1170 1813 neque
1180 1779 1277 1813 aliquid
1291 1779 1437 1813 gustaveris
1451 1779 1534 1806 donec
1546 1778 1641 1805 fratres
1655 1778 1749 1804 fuerint
1762 1779 1810 1804 iter
1821 1778 1860 1804 in<

1084 1824 1176 1858 gressi.
1193 1823 1333 1857 Postquam
1345 1829 1431 1850 autem
1443 1823 1517 1850 tertia
1529 1824 1581 1856 jam
1593 1822 1700 1856 impleta
1712 1827 1782 1849 esset
1798 1822 1860 1849 heb-

1084 1870 1196 1896 domada
1210 1877 1241 1896 ex
1256 1876 1308 1903 quo
1329 1876 1380 1896 non
1392 1869 1543 1896 eomederat
1558 1868 1664 1901 Paulus,
1682 1867 1776 1894 fratres
1799 1875 1858 1894 eum

1084 1913 1229 1948 rogabant:
1244 1914 1299 1947 Qua
1311 1913 1344 1940 de
1358 1920 1435 1940 causa
1450 1917 1520 1939 taces
1530 1913 1540 1939 Ῥ
1552 1913 1670 1946 Cumque
1681 1911 1725 1938 ille
1738 1919 1789 1938 non
1803 1918 1858 1938 res-

1085 1959 1224 1993 ponderet,
1241 1959 1304 1985 dicit
1317 1959 1340 1985 ei
1355 1959 1484 1984 Antonius
1500 1967 1506 1983 :
1523 1957 1589 1990 Quid
1605 1957 1696 1984 taces?
1711 1956 1862 1989 colloquere

1085 2011 1145 2030 cum
1170 2003 1304 2030 fratribus.
1335 2002 1379 2029 ille
1400 2010 1464 2030 vero
1487 2007 1527 2030 est
1549 2002 1702 2029 collocutus.
1726 2001 1791 2028 Cum
1815 2001 1863 2027 ali-

1085 2049 1189 2084 quando
1210 2049 1234 2076 ei
1249 2048 1341 2075 fuisset
1361 2048 1439 2074 allata
1456 2055 1519 2074 urna
1535 2047 1629 2079 mellis,
1644 2046 1709 2073 dixit
1730 2048 1753 2072 ei
1779 2047 1862 2072 Anto-

1086 2094 1145 2120 nius
1162 2102 1168 2119 ε
1185 2092 1287 2128 Frange
1303 2100 1359 2125 vas,
1375 2096 1402 2119 et
1417 2092 1468 2119 mel
1483 2091 1641 2119 eli‘umlatur.
1657 2091 1701 2119 Sic
1722 2095 1808 2117 autem
1822 2088 1862 2116 fe-

1086 2139 1129 2165 cit.
1148 2138 1180 2165 Et
1199 2138 1223 2165 ei
1243 2144 1334 2165 rursus
1358 2138 1421 2164 dicit
1437 2145 1444 2163 :
1461 2137 1561 2171 Collige
1584 2143 1675 2163 rursus
1689 2135 1739 2162 mel
1752 2134 1863 2167 concha,

1087 2191 1119 2210 ne
1146 2184 1237 2210 sordes
1271 2183 1371 2216 aliquas
1396 2182 1504 2210 inferas.
1533 2182 1565 2208 Et
1588 2188 1678 2208 rursus
1700 2181 1779 2214 jussit
1803 2187 1863 2206 eum

1089 2236 1182 2263 aquam
1203 2228 1309 2255 haurire
1323 2232 1377 2254 toto
1390 2227 1442 2254 die.
1463 2227 1496 2254 Et
1515 2234 1604 2253 rursus
1617 2233 1675 2253 cum
1689 2230 1789 2252 vestem
1808 2225 1863 2258 ejus

1051 2278 1074 2308 D
1089 2273 1264 2305 dissolvisset,
1277 2272 1356 2307 jussit
1365 2280 1503 2300 censuere.
1517 2272 1626 2299 Tantam
1639 2271 1752 2305 denique
1766 2270 1809 2297 hic
1825 2271 1863 2297 vir

1090 2319 1204 2353 possedit
1224 2318 1413 2350 obedientiam,
1430 2322 1458 2344 ut
1471 2318 1495 2344 ei
1508 2317 1586 2344 etiam
1600 2317 1658 2342 data
1672 2315 1707 2342 sit
1720 2314 1802 2349 gratia
1823 2314 1864 2342 di-

1091 2364 1200 2396 vinitus,
1217 2371 1313 2397 nempe
1328 2369 1355 2389 ut
1367 2363 1474 2396 ejiceret
1488 2363 1631 2389 daemones.
1646 2361 1789 2395 Postquam
1801 2367 1865 2396 ergo

1090 2409 1154 2435 vidit
1174 2416 1265 2436 senem
1281 2415 1392 2442 magnus
1406 2408 1545 2440 Antonius,
1558 2410 1678 2441 prompte
1692 2413 1752 2433 eum
1762 2412 1822 2433 esse
1832 2405 1866 2433 ad

1091 2455 1178 2481 omnia
1199 2458 1316 2481 secutum
1335 2454 1361 2480 iu
1376 2454 1435 2480 vitae
1450 2453 1604 2480 excreenda:
1615 2452 1727 2485 ratione,
1743 2453 1766 2479 ei
1781 2452 1844 2479 dicit
1857 2460 1866 2479 ε

1092 2499 1167 2532 Vide,
1182 2499 1273 2532 frater,
1287 2499 1309 2526 si
1324 2499 1363 2526 sic
1382 2499 1407 2526 in
1421 2498 1478 2526 dies
1488 2502 1573 2533 potes,
1587 2505 1663 2525 mane
1675 2504 1787 2524 mecum.
1801 2497 1868 2524 Dicit

1091 2546 1114 2572 ei
1130 2545 1227 2572 Paulus
1242 2554 1249 2570 τ
1263 2546 1304 2573 An
1328 2544 1390 2579 quid
1403 2545 1467 2570 mihi
1487 2544 1572 2578 possis
1588 2543 1701 2577 amplius
1715 2542 1868 2574 ostendero,

1092 2590 1193 2616 nescio.
1208 2589 1274 2616 Nam
1286 2597 1316 2616 ea
1330 2597 1389 2624 quae
1402 2588 1455 2616 vidi
1474 2596 1489 2615 a
1505 2592 1530 2615 te
1543 2588 1610 2621 ﬁeri,
1624 2595 1673 2622 ego
1687 2594 1791 2622 quoque
1803 2586 1868 2614 facio

1091 2635 1167 2662 facile
1179 2640 1206 2663 et
1216 2636 1282 2663 citra
1298 2635 1427 2667 laborem,
1440 2634 1495 2662 Deo
1508 2634 1572 2661 mihi
1583 2641 1659 2667 opem
1673 2633 1783 2660 ferente.
1796 2631 1870 2659 Tunc

1091 2682 1114 2708 ei
1129 2681 1193 2708 dicit
1211 2681 1342 2708 Antonius
1353 2681 1403 2707 alio
1416 2680 1477 2707 die:
1493 2679 1520 2706 lu
1535 2678 1641 2706 nomine
1655 2678 1729 2710 Iesu,
1742 2684 1805 2704 ecce
1816 2675 1870 2704 fac-

1093 2731 1134 2752 tus
1148 2733 1178 2753 es
1192 2727 1347 2753 monachus.
1357 2725 1422 2752 Cum
1434 2729 1521 2752 autem
1531 2723 1595 2751 satis
1609 2729 1738 2757 superque
1748 2727 1869 2754 comper-

1093 2777 1146 2798 tum
1164 2771 1272 2799 haberet
1285 2772 1313 2799 in
1327 2771 1450 2799 omnibus
1460 2777 1570 2805 magnus
1583 2773 1608 2796 et
1621 2768 1714 2796 beatus
1728 2765 1870 2796 Antonius,

1093 2825 1151 2846 esse
1164 2817 1304 2846 admodum
1318 2817 1460 2851 perfectam
1472 2818 1585 2843 animam
1599 2814 1698 2842 Christi
1711 2818 1827 2843 servum,
1841 2815 1871 2838 ut

1093 2863 1136 2897 qui
1158 2867 1228 2891 esset
1247 2863 1387 2890 admodum
1412 2862 1539 2896 simplex;
1567 2865 1623 2894 post
1647 2863 1733 2894 certos
1754 2863 1869 2886 trientes,
