2079 3157
6 156 9 198 ι

6 227 14 296 ἲ

6 301 14 415 ἶ

209 164 273 198 1081
816 153 989 194 hlsTb'm

1041 153 1206 192 mm
1767 160 1835 197 1082

207 221 305 257 αὐτῷδ
321 220 472 254 ’Δντὼ-ιιος,
490 220 536 247 καὶ
546 218 630 254 λέγει·
654 218 736 246 Ἐτῶν
750 217 882 254 ἐξήκοντα
908 217 996 253 γέρων
1049 215 1158 252 έϐρεξεν
1182 217 1231 244 ἕνα
1254 216 1344 254 (ξηροὶ
1368 217 1424 254 γὰρ
1444 215 1536 255 ἦσαν),
1552 218 1648 254 ἐκείνῳ
1675 218 1705 245 δέ
1733 222 1808 255 τρεῖς
1824 228 1833 237 ο

206 263 350 299 ἄνθρωπος
376 260 428 290 ὦδε
456 261 572 298 μοναχὸς
587 260 713 294 γενέσθαι
728 261 758 287 06
779 260 892 286 δύνασαι
905 268 911 275 ’
928 258 996 286 ἀλλὰ

209 305 308 341 μᾶλλον
333 305 434 332 ἀπελθε
457 304 498 336 είς
522 303 630 338 κώμην,
646 303 694 329 καὶ
718 302 846 339 ἐργάζου,
858 302 905 328 καὶ
932 300 995 336 ζῆθι

207 348 353 383 ἐργατικὸν
369 348 426 382 βίον
439 347 610 382 εὐχαριστῶν
623 346 662 381 τῷ
677 346 747 380 Θεῷ.
767 345 929 380 Ύπομεῐναι
940 344 995 379 γὰρ

207 391 239 417 σὺ
254 390 303 421 τάς
314 389 418 424 θλίψεις
446 389 496 424 τῆς
516 388 618 423 ἐρήμου
633 388 663 414 ού
677 387 800 414 δύνασαι.
838 386 993 421 Ἀποκρίνε-

205 437 250 457 ται
266 431 345 458 πάλιν
357 431 371 457 6
394 430 494 466 γέρων,
512 430 559 456 καὶ
573 429 656 462 λέγει·
675 429 709 455 Et
719 437 745 455 τι
763 428 796 455 ἄν
812 436 845 463 με
873 426 990 462 διδάξῃς,

206 474 294 500 ἐκεῖνο
306 474 424 510 ποιήσωτ
438 473 519 507 Λέγει
534 472 609 506 αύτῴ
625 472 639 497 6
664 471 816 503 Ἀντώνιος·
830 470 937 505 Εἴρηκά
951 478 993 496 σοι

204 516 245 542 ὅτι
257 516 347 550 γέρων
364 513 399 546 εἴ,
413 515 460 541 καὶ
480 515 510 540 οὐ
536 514 648 540 δύνασαι
673 514 799 549 μονάσαι,
817 511 945 538 Ἀπελθε.
961 512 992 538 El

204 557 259 592 ἄρα
291 556 378 587 θέλεις
401 555 517 591 μοναχὸς
545 553 632 586 εἶναι,
661 554 766 581 εἴσελθε
795 555 834 585 είς
861 553 992 580 κοινόϐιον

205 598 337 624 πλειόνων
366 594 498 632 ἀδελφῶν,
514 597 613 628 οἵτινες
634 596 758 623 δύνανταί
775 605 821 623 σου
841 597 891 630 τῆς
914 595 993 622 ἀσθε-

208 639 279 671 νείας
293 639 448 674 ἀνέχεσθαι.
472 638 544 672 Ἐγὼ
564 639 618 673 γὰρ
638 638 717 673 μόνος
743 638 866 672 κάθημαι
883 634 933 663 ὧδε
949 637 992 663 διὰ

204 681 285 707 πέντε
301 681 413 716 ἡμερῶν
431 680 539 714 ἐσθίων,
554 680 601 706 καὶ
618 680 695 706 τοῦτο
708 679 861 714 λιμώττων.
880 679 990 710 Τούτοις
1012 684 1028 696 α*

204 724 315 755 καὶτοῖς
343 724 475 754 τοιούτοις
503 724 623 758 ῥήμασιν
646 723 776 749 ἀπεσόϐει
802 723 848 749 τὸν
873 722 987 749 Παῦλον.

204 767 260 793 Καὶ
277 767 314 798 ὡς
330 766 380 792 οὐκ
396 766 526 804 ἠνέσχετο
550 765 642 797 αὑτοῦ,
664 765 774 797 κλείσας
801 765 851 799 τὴν
877 765 961 801 θύραν
976 765 989 790 6

210 807 352 839 ’Λντώνιος
371 808 421 834 οὐκ
433 806 544 841 ἐξῆλθεν
562 808 607 833 ἐπὶ
632 808 739 842 ἡμέρας
756 808 830 841 τρεῖς
848 806 881 832 δι’
899 806 989 838 αὑτὸν,

203 849 264 875 οὐδὲ
281 850 349 883 πρὸς
363 848 412 884 τὴν
429 848 497 874 ἰδίαν
508 849 613 883 χρείαν.
634 849 664 875 '0
679 848 707 874 δὲ
722 848 811 883 γέρων
834 847 991 882 παρέμενεν

1020 256 1024 260 ’
1051 258 1142 293 βάλλει
1157 258 1266 294 ψαλμὸν
1290 260 1305 285 6
1325 260 1465 292 Ἀντώνιος
1485 261 1515 287 δν
1537 260 1605 296 ᾔδει,
1622 261 1670 288 καὶ
1685 261 1835 289 δωδέκατον

1050 297 1131 328 αὑτὸν
1145 300 1244 336 ψάλας,
1258 301 1408 328 δωδέκατον
1431 302 1543 336 ηῦξατο,
1559 303 1602 330 ἵνα
1625 303 1674 330 καὶ
1694 304 1724 330 ἐν
1747 304 1835 339 τούτῳ

1048 341 1183 378 δοκιμάσῃ
1211 342 1256 369 τὸν
1275 343 1390 372 Παῦλον.
1416 343 1446 371 Ὀ
1472 344 1500 371 δέ
1520 345 1612 379 γέρων
1630 344 1834 381 προθυμότερον

1050 384 1200 419 συνηύξατο
1219 383 1258 419 τῷ
1271 385 1390 421 μεγάλῳ.
1406 386 1512 421 ᾙρεῖτο
1524 386 1588 421 γὰρ,
1599 386 1637 417 ὡς
1649 384 1738 420 οἶμαι,
1752 395 1834 422 σκορ-

1048 427 1126 458 πίους
1150 427 1249 461 μᾶλλον
1288 428 1435 462 ποιμᾶναι,
1462 427 1478 462 ἢ
1508 428 1641 463 μοιχαλίδι
1669 427 1832 463 συξῆσαι....

1047 467 1125 494 Μετὰ
1143 469 1171 494 δὲ
1187 468 1235 501 τὰς
1258 469 1360 496 δώδεκα
1384 469 1547 505 προσευχάς,
1564 468 1624 496 εῐπε
1642 469 1711 505 πρὸς
1732 470 1832 498 αὐτόν·

1047 508 1141 544 Δεῦρο,
1168 511 1303 545 μετάλαϐε
1332 511 1382 545 τῆς
1408 511 1522 546 τροφῆς.
1559 511 1604 543 Ὠς
1635 511 1664 538 δὲ
1692 511 1833 547 παρέθηκε

1047 549 1198 583 τράπεζαν,
1211 551 1259 577 καὶ
1273 550 1308 577 τά
1321 550 1402 583 σιτία,
1418 551 1547 584 Κάθισον,
1568 550 1646 585 φησὶ,
1663 552 1711 578 καὶ
1724 550 1762 586 μὴ
1779 551 1833 586 φά-

1046 598 1097 627 γῃς
1110 591 1161 623 ἕως
1180 592 1310 627 ἑσπέρας,
1339 592 1406 619 ἀλλὰ
1425 592 1543 628 πρόσεχε
1578 593 1658 627 μόνον
1682 594 1739 625 τοῖς
1765 594 1833 621 ἐδω-

1045 632 1143 666 δίμοις.
1163 633 1298 670 Ἐσπέρας
1323 634 1351 660 δὲ
1366 635 1525 670 γενομένης,
1544 634 1590 660 καὶ
1606 634 1653 662 τοῦ
1669 635 1775 663 Παύλου
1794 636 1831 672 μὴ

1046 672 1225 708 βεϐρωκότος,
1239 675 1313 709 λέγει
1328 676 1397 711 πρὸς
1409 676 1489 702 αὐτὸν
1501 676 1514 702 6
1527 675 1680 708 Ἀντώνιοςι
1699 677 1830 709 Ἀναστὰς

1045 714 1129 748 εὖξαι,
1148 717 1194 742 καὶ
1207 716 1329 743 κάθευδε.
1352 717 1381 743 '0
1398 717 1426 743 δέ
1444 716 1601 744 καταλιπὼν
1614 716 1663 752 τὴν
1678 717 1829 752 τράπεζαν,

1044 757 1171 791 ἐποίησεν
1186 757 1327 791 ὡσαύτως.
1341 757 1521 793 Μεσαζούσης
1534 757 1564 783 δὲ
1577 758 1627 793 τῆς
1642 757 1739 788 νυκτὸς
1755 759 1830 792 ἐγει..

1046 807 1086 834 ρει
1101 800 1182 827 αὐτὸν
1202 801 1242 831 είς
1257 800 1410 835 προσευχὴν
1422 800 1501 835 ἄχρις
1521 799 1635 834 ἐννάτης
1646 799 1720 834 ὧρας
1730 799 1830 835 ἡμερι-

1044 843 1092 876 νῆς
1108 843 1275 878 παρατείνας
1301 843 1352 874 τὰς
1379 843 1470 877 εὐχάς.
1483 842 1622 877 Παραθεὶς
1641 841 1669 868 δὲ
1690 841 1829 878 τράπεζαν

202 891 252 915 οὐκ
267 883 426 925 ἀναχωρῶν.
448 890 486 924 Τῇ
503 888 549 916 οὖν
572 890 691 925 τετάρτῃ
711 890 804 924 ἡμέρᾳ
825 888 918 924 χρείας
940 889 989 914 αὑ.
1007 890 1027 916 Β
1043 885 1121 911 πάλιν
1137 884 1262 910 ἐκέλευσε
1279 884 1450 918 μεταλαϐεῖν,
1466 883 1707 925 καὶέκαθέσθησαν
1720 883 1768 910 τοῦ
1778 892 1830 918 φαο

202 931 249 958 τὸν
283 931 491 966 ἀναγκαζούσης
533 931 641 964 ἀνοίξας
687 931 809 966 ἐξῆλθεν.
839 931 894 957 Καὶ
928 929 990 956 ἰδὼν

203 974 283 1000 αὑτὸν
309 973 389 1000 πάλιν
416 972 492 1007 λέγει
516 973 555 1008 τῷ
584 973 683 1008 Παύλῳ
699 981 705 988 ·
736 971 855 999 ’Λπελθε
888 971 964 998 ἔνθεν
982 992 990 1004 ,

204 1015 294 1049 γέρον,
313 1015 339 1041 τί
370 1023 403 1047 με
434 1014 617 1048 ὑποπιάξεις;
634 1015 663 1042 ού
680 1014 793 1041 δύνασαι
819 1011 871 1040 ὧδε
889 1015 988 1049 μεῖναι.

203 1057 283 1091 Λέγει
314 1060 389 1094 αὺτῷ
424 1061 438 1087 6
484 1059 599 1090 Παῦλος.
637 1057 789 1092 Ἀμήχανον
818 1057 876 1082 ἐστι
911 1055 991 1082 ἀλλα-

204 1099 253 1133 χοῦ
287 1109 321 1135 με
357 1101 502 1129 ἀποθανεῖν
532 1101 549 1136 ἢ
574 1096 636 1127 ὦδε.
664 1098 903 1133 Περιϐλεψάμενος
943 1096 990 1124 οὖν

203 1141 217 1166 6
250 1141 412 1176 Ἀντώνιος,
438 1143 486 1170 καὶ
515 1142 577 1169 ἰδὼν
609 1142 650 1168 δτι
672 1141 706 1168 τὰ
737 1141 806 1176 πρὸς
833 1140 935 1175 τροφὴν
958 1140 989 1166 οὐ

204 1182 345 1217 βαστάζει,
362 1184 412 1210 οὑκ
435 1185 528 1220 ἄρτον,
544 1184 594 1218 οὐχ
609 1183 691 1217 ὕδωρ,
704 1182 753 1216 οὐχ
773 1181 865 1216 ἕτερόν
888 1189 925 1211 τι,
942 1181 990 1206 καὶ

153 1249 156 1251 ,
203 1225 340 1260 τετάρτην
352 1225 409 1260 ἔχει
436 1227 608 1262 καρτερήσας
623 1225 726 1259 νῆστις,
741 1222 882 1256 ἐλογίσατο
901 1224 915 1249 6
942 1222 990 1257 μέ-

202 1275 254 1300 γας
286 1267 436 1298 Ἀντώνιος,
453 1267 494 1293 ὅτι
513 1267 557 1301 Μή
583 1273 648 1292 ποτε
665 1265 711 1291 καὶ
734 1264 857 1300 ἀποθάνῃ
877 1264 990 1299 ἄπειρος

202 1308 240 1335 ὢν
262 1308 308 1335 τοῦ
335 1310 486 1344 νηστεύειν,
505 1309 551 1335 καὶ
577 1307 715 1343 κηλιδώσῃ
742 1315 792 1342 μου
816 1306 865 1341 τὴν
887 1305 988 1341 ψυχήν.

203 1350 359 1385 Εἰσδέχεται
374 1350 420 1376 οὖν
435 1350 517 1377 αὐτὸν
534 1350 605 1376 τότε.
623 1349 696 1383 Ἔφη
713 1348 780 1382 πρὸς
793 1349 873 1375 αὑτὸν
893 1347 990 1374 Ἀντώ-

202 1398 267 1423 νιος·
282 1392 352 1428 Δύνῃ
368 1391 497 1426 σωθῆναι,
513 1391 560 1417 ἐὰν
576 1390 640 1426 ἔχῃς
658 1389 792 1424 ὑπακοὴν,
806 1390 852 1416 καὶ
867 1390 935 1423 ὅπερ
956 1388 990 1415 ἂν

201 1433 266 1468 παρ’
293 1432 360 1467 ἐμοῦ
382 1432 512 1468 ἀκούσῃς,
527 1431 606 1458 τοῦτο
631 1431 766 1467 ποιήσῃς;
782 1430 810 1456 '0
834 1430 862 1457 δέ
884 1429 989 1461 Παῦλος

201 1473 373 1508 ἀποκριθεὶς,
389 1471 460 1500 εἶπε·
478 1474 571 1499 Πάντα
595 1472 702 1507 ποιήσω
727 1473 831 1506 ὅσαπερ
849 1471 882 1498 ἂν
902 1479 987 1506 προσ-

199 1514 295 1551 τάξῃς.
321 1516 375 1541 Καὶ
399 1515 527 1550 τοιαύτην
544 1513 676 1541 ἀνέλαϐεν
697 1514 711 1540 6
742 1512 883 1544 Ἀντώνιος
909 1512 987 1538 πολι-

1044 928 1102 961 γεῖν
1116 927 1235 960 ἑσπέρας
1247 925 1330 961 οῦσης
1341 925 1461 960 βαθείας.
1475 924 1570 958 Φαγὼν
1581 923 1627 952 οὖν
1635 926 1649 952 6
1662 925 1749 960 μέγας
1767 925 1830 952 Ἀν-

1041 969 1137 1000 τώνιος
1151 968 1196 994 τδν
1216 968 1346 1002 παξαμᾶν
1363 968 1405 994 16v
1420 967 1478 1000 ἐνα,
1489 966 1570 994 ἄλλου
1581 966 1630 1002 οὐχ
1644 967 1742 1002 ἥψατο.
1760 966 1789 993 Ὀ
1801 966 1831 993 δὲ

1042 1010 1130 1045 γέρων
1143 1009 1329 1045 σχολαιότερον
1346 1009 1453 1042 ἐσθίων,
1469 1009 1509 1035 ἐτι
1518 1005 1591 1044 εἶχεν
1598 1008 1645 1035 τοῦ
1658 1007 1830 1043 παξαμαδίου

1040 1050 1070 1079 οὗ
1082 1050 1181 1087 ἤρξατο
1191 1060 1198 1068 '
1209 1051 1347 1083 ἐξεδέξατο
1358 1048 1404 1078 οὖν
1415 1051 1430 1077 6
1447 1050 1599 1082 ’Δντώνιος,
1609 1049 1662 1082 ἓως
1671 1046 1702 1076 οὖ
1711 1049 1808 1086 τελέσῃ
1820 1056 1829 1065 ο

1040 1095 1088 1121 καὶ
1099 1094 1172 1128 λέγει
1186 1092 1260 1128 αὺτῷ
1270 1101 1276 1108 ·
1296 1092 1379 1126 Φάγε,
1393 1091 1514 1125 παππία,
1530 1092 1578 1118 καὶ⁵
1595 1091 1675 1118 ἄλλον
1688 1091 1828 1127 παξαμᾶν.

1041 1137 1122 1170 Λέγει
1145 1135 1218 1169 αὺτῷ
1233 1135 1247 1160 6
1261 1134 1378 1165 Παῦλος-
1399 1133 1462 1161 Ἐὰν
1481 1134 1514 1160 σὺ
1543 1133 1647 1169 ἐσθίῃς,
1663 1133 1741 1168 κάγώ
1756 1141 1764 1149 ³
1781 1132 1830 1160 σοῦ

1040 1179 1068 1205 δέ
1095 1178 1131 1212 μὴ
1158 1177 1304 1209 ἐσθίοντος,
1319 1176 1368 1202 οὐκ
1385 1175 1478 1203 ἐσθίω.
1493 1175 1575 1210 Λέγει
1590 1176 1665 1211 αὐτῷ
1680 1176 1695 1202 ὁ
1727 1175 1829 1202 Ἀντώ-

1041 1228 1106 1252 νιος·
1135 1219 1213 1254 Ἐμοὶ
1232 1220 1357 1254 ἐπαρκεῖ·
1372 1219 1487 1254 μοναχδς
1508 1219 1563 1253 γάρ
1583 1219 1650 1253 εἰμι.
1674 1218 1830 1253 Ἀποκρίνε-

1040 1271 1085 1289 ται
1106 1261 1144 1296 τῷ
1167 1261 1276 1295 μεγάλῳ
1292 1262 1306 1286 6
1327 1260 1444 1292 Παῦλος.
1463 1261 1556 1295 Ἀρκεῖ
1579 1259 1628 1286 καὶ
1655 1260 1727 1295 ἐμοί.
1743 1258 1829 1293 Κάγὼ

1040 1305 1094 1341 γάρ
1110 1304 1180 1330 θέλω
1201 1303 1318 1338 μοναχδς
1334 1302 1472 1336 γενέσθαι.
1494 1302 1662 1337 Ἐγείρονται
1678 1301 1771 1333 πάλιν,
1782 1301 1830 1329 καὶ

1040 1347 1112 1372 ποιεῖ
1133 1345 1237 1372 δώδεκα
1263 1345 1428 1380 προσευχὰς.
1445 1344 1492 1371 καὶ
1521 1342 1625 1370 δώδεκα
1641 1342 1738 1378 ψάλλει
1760 1342 1830 1378 ψαλ-

1042 1388 1118 1424 μούς.
1135 1388 1192 1414 Καὶ
1214 1387 1282 1423 μετὰ
1298 1387 1348 1419 τάς
1373 1386 1527 1422 προσευχάς
1544 1385 1705 1412 καθεύδουσι
1730 1385 1830 1420 μικρὸν

1039 1430 1086 1457 τοῦ
1106 1430 1214 1465 πρώτου
1230 1429 1325 1456 ὺπνίου
1342 1436 1349 1443 ·
1370 1429 1416 1455 καὶ
1444 1427 1525 1454 πάλιν
1541 1426 1693 1463 ἐγείρονται
1717 1426 1828 1461 ψάλλειν

1043 1472 1097 1499 ἀπὸ
1114 1470 1288 1506 μεσονυκτίου
1303 1471 1355 1502 ἓως
1370 1469 1485 1505 ἡμέρας.

1074 1511 1140 1539 Εἶτα
1151 1513 1274 1547 ἔπεμπεν
1295 1511 1375 1538 αὑτὸν
1389 1512 1428 1542 είς
1441 1510 1491 1546 τὴν
1503 1509 1606 1545 ἐρημον
1618 1510 1771 1545 περιάγειν,
1784 1509 1829 1538 λέ-

200 1549 276 1583 τείαν
292 1549 509 1592 σκληραγωγίας
520 1557 549 1583 ἐν
573 1556 634 1587 ταῖς
653 1554 771 1590 ἡμέραις
785 1555 914 1586 ἐκείναις,
929 1554 987 1581 οἵαν
1000 1558 1023 1589 α
1039 1564 1095 1590 γων
1106 1554 1191 1590 αὐτῷ’
1205 1553 1283 1581 Μετὰ
1295 1555 1369 1588 τρεῖς
1384 1553 1490 1588 ἡμέρας
1514 1549 1565 1588 ἧκε
1584 1552 1710 1579 ἐνταῦθα.
1725 1551 1829 1580 Τούτου

199 1598 261 1625 οὔτε
268 1599 296 1625 ἐν
305 1599 403 1634 ἀρχαῖς
417 1599 467 1633 τῆς
482 1598 618 1632 νεότητος.
633 1595 794 1631 Δοκιμάζων
803 1596 830 1622 δέ
842 1595 924 1622 αὑτοῦ
937 1595 987 1631 τὴν

199 1639 312 1675 γνώμην
329 1642 342 1666 6
368 1639 521 1672 ⁷Λντώνιος,
539 1639 590 1675 ἐφη
622 1638 691 1673 πρὸς
706 1638 788 1665 αὐτόν
806 1646 814 1655 ·
832 1638 914 1673 Στῆθι
940 1639 988 1665 καὶ

200 1682 348 1716 πρόσευξαι
361 1683 390 1708 ἐν
410 1681 450 1716 τῷ
469 1682 545 1716 τόπῳ
567 1680 665 1716 τούτῳ,
680 1679 734 1712 ἐως
757 1679 873 1714 ἐξελθὼν
899 1680 987 1714 ἐξενέ-

200 1731 260 1757 γκω
287 1728 328 1749 σοι
349 1723 439 1758 ἔργον,
462 1723 532 1758 ὅπερ
558 1722 674 1757 ἐργάσῃ.
708 1721 763 1747 Καὶ
783 1720 912 1748 εἰσελθὼν
947 1722 987 1753 είς

199 1766 229 1791 τὸ
250 1765 383 1799 σπήλαιον
404 1766 548 1800 προσεῖχεν
575 1763 651 1798 αὐτῷ
673 1763 717 1789 διὰ
743 1763 850 1798 θυρίδος
867 1764 987 1798 ἀκινήτῳ

202 1806 308 1841 μένοντι
324 1807 352 1831 ἐν
365 1806 404 1838 τῷ
412 1806 488 1840 τόπῳ
502 1805 566 1839 ὅλην
576 1805 625 1839 τὴν
642 1804 777 1838 ἑϐδομάδα
787 1805 839 1830 ὑπὸ
848 1804 989 1839 καύματος

200 1848 374 1881 φρυγομένῳ.
411 1847 466 1872 Καὶ
496 1845 593 1880 βρέξας
621 1845 736 1876 θαλλοὺς
763 1846 795 1871 ὲκ
832 1845 961 1879 φοινίκων
978 1867 985 1878 ,

201 1888 275 1921 λέγει
290 1887 373 1922 αὐτῷ’
389 1887 479 1920 Δέξαι,
495 1887 590 1919 πλέξον
616 1886 720 1921 σειρὰν,
737 1886 773 1917 ὠς
795 1886 904 1921 βλέπεις
925 1888 986 1922 ἐμέ.

200 1930 298 1957 Πλέκει
324 1930 338 1956 6
355 1930 443 1964 γέρων
472 1929 552 1964 μέχρι
571 1929 684 1964 ἐννάτης
703 1929 816 1963 ὀργυιᾶς
840 1929 988 1956 δεκαπέντε

201 1972 294 2006 μόχθῳ
317 1971 415 2005 πολλῷ,
435 1970 610 2005 Θεασάμενος
628 1970 656 1996 δὲ
669 1971 683 1996 6
697 1971 783 2005 μέγας
800 1970 941 2003 Ἀντώνιος
957 1973 988 1999 τὸ

201 2013 311 2047 πλέγμα
347 2012 555 2048 δυσηρεστήθη·
588 2012 636 2038 καὶ
668 2011 887 2046 ἐπιφερόμενος,
914 2013 987 2047 λέγει

200 2055 285 2089 αὐτῷ·
299 2054 336 2081 Οὐ
365 2053 456 2085 καλῶς
475 2053 602 2086 ἐπλεξας,
617 2053 782 2085 ἀπόπλεξον,
809 2054 858 2080 καὶ
884 2054 987 2082 ἄνωθεν

201 2097 307 2129 πλέξον.
323 2097 409 2131 Νήστι
427 2096 501 2131 αὐτῷ
517 2096 573 2122 ὄντι
588 2095 721 2130 τετάρτην
746 2095 853 2131 ἡμέραν
879 2096 986 2132 ἄγοντι,

200 2140 249 2166 καὶ
257 2138 400 2173 ἡλικιώτῃ,
412 2137 540 2164 τοσοῦτον
549 2137 624 2172 αὐτῷ
631 2137 768 2172 ἐπήνεγκε
776 2137 822 2164 τὸν
834 2138 927 2172 κόπον,
943 2140 987 2167 ἵνα

200 2181 368 2216 δυσφορήσας
381 2181 394 2207 6
403 2180 491 2215 γέρων
503 2179 576 2215 φύγῃ
587 2180 633 2206 16v
650 2179 802 2213 Ἀντώνιον,
817 2181 864 2208 καὶ
875 2182 920 2208 τὸν
928 2182 986 2217 βίον

1039 1599 1068 1626 δὲ
1079 1597 1225 1633 γενομένου
1238 1596 1284 1623 καὶ
1298 1595 1420 1629 ἀδελφῶν
1432 1603 1513 1622 τινων
1528 1595 1596 1630 πρὸς
1611 1594 1692 1621 αὑτὸν
1700 1593 1829 1629 ἐληλυθό-

1039 1650 1092 1668 των
1113 1641 1257 1674 προσεῖχεν
1272 1639 1287 1664 6
1304 1637 1410 1669 Παῦλος
1432 1636 1471 1672 τῷ
1497 1635 1643 1671 Ἀντωνίῳ,
1668 1636 1695 1662 τί
1720 1635 1827 1662 κελεύοι

1038 1683 1120 1710 αὐτὸν
1139 1680 1317 1716 ἐργάσασθαι.
1331 1678 1398 1706 Eine
1410 1680 1438 1706 δὲ
1453 1679 1522 1715 πρὸς
1538 1679 1619 1706 αὺτδν
1632 1679 1646 1705 6
1671 1678 1825 1711 Ἀντώνιος,

1040 1724 1150 1752 σιωπῶν
1163 1717 1323 1758 διακόνησον
1331 1723 1386 1753 τοῖς
1398 1721 1532 1756 ἀδελφοῖς,
1545 1721 1592 1747 καὶ
1607 1720 1721 1756 μηδενὸς
1734 1719 1823 1757 γεύσῃ

1039 1766 1117 1801 ἄχρις
1134 1765 1167 1791 ἂν
1178 1766 1202 1791 οἱ
1214 1763 1322 1798 ἀδελφοὶ
1341 1763 1503 1789 ὁδεύσωσιν.
1524 1763 1569 1792 Ὧς
1584 1762 1613 1788 δέ
1629 1762 1724 1789 λοιπὸν
1742 1761 1822 1797 τρίτη

1039 1807 1157 1842 ἑϐδομὰς
1185 1805 1330 1840 ἐπληρώθη
1346 1806 1351 1838 ἶ
1357 1805 1394 1840 μὴ
1410 1804 1580 1840 βεϐρωκότος
1598 1805 1645 1831 τοῦ
1662 1805 1779 1837 Παύλου,
1797 1805 1822 1830 οί

1038 1848 1148 1881 ἀδελφοὶ
1161 1847 1275 1882 ἠρώτων
1287 1847 1377 1878 αὐτὸν,
1392 1846 1470 1877 Τίνος
1483 1845 1575 1872 ἐνεκεν
1592 1846 1695 1881 σιωπᾷς
1709 1854 1716 1878 ;
1728 1846 1782 1873 Τοῦ
1793 1846 1821 1873 δὲ

1040 1890 1078 1925 μὴ
1098 1888 1313 1923 ἀποκρινομένου
1334 1888 1407 1921 λέγει
1436 1887 1503 1921 πρὸς
1529 1887 1610 1913 αὑτὸν
1634 1887 1649 1913 6
1673 1887 1823 1918 Ἀντώνιος·

1039 1932 1071 1958 Τί
1084 1932 1205 1966 σιωπᾷς;
1220 1930 1349 1965 ὀμίλησον
1366 1931 1421 1960 τοῖς
1435 1929 1568 1964 ἀδελφοῖς.
1592 1929 1622 1956 '0
1634 1929 1662 1955 δὲ
1675 1930 1824 1964 ὡμίλησεν.

1041 1974 1151 1999 Ἀλλοτε
1174 1972 1202 1998 δὲ
1220 1973 1339 2006 στάμνου
1354 1971 1461 2006 μέλιτος
1472 1972 1546 2006 αὐτῷ
1563 1971 1728 2006 ἐνεχθέντος,
1745 1969 1823 1998 εἶπεν

1044 2015 1184 2046 Ἀντώνιος
1200 2015 1267 2049 πρὸς
1294 2014 1383 2040 αὐτόν·
1398 2013 1505 2041 Κλᾱσον
1520 2013 1551 2040 τὸ
1573 2014 1694 2047 ἀγγεῖον,
1710 2013 1758 2039 καὶ
1777 2014 1825 2040 ἐκ·

1038 2058 1147 2094 χυθὴτω
1165 2057 1195 2083 τὸ
1211 2056 1283 2092 μέλι.
1300 2056 1427 2091 Ἐποίησε
1442 2056 1471 2082 δὲ
1489 2054 1575 2082 οὕτω·
1590 2056 1638 2083 καὶ
1654 2057 1728 2091 λέγει
1738 2056 1823 2092 αὐτῷ·

1039 2099 1155 2131 Σύναξον
1170 2098 1250 2125 πάλιν
1261 2097 1293 2124 16
1305 2097 1375 2132 μέλι.
1396 2096 1523 2132 Ἐποίησε
1533 2097 1562 2124 δέ
1575 2097 1647 2125 οὓτω
1658 2105 1666 2114 ·
1683 2099 1730 2125 καὶ
1750 2098 1824 2133 λέγει

1038 2141 1122 2176 αὐτῷ·
1133 2140 1247 2172 Σύναξον
1261 2139 1343 2166 πάλιν
1355 2139 1385 2165 τὸ
1396 2139 1456 2174 μέλι
1472 2139 1580 2175 μυακίῳ
1601 2139 1714 2173 ἀνωθεν,
1730 2139 1773 2167 ενα
1785 2141 1824 2177 μὴ

1040 2183 1176 2218 ῥυπαρίαν
1198 2182 1257 2208 τινὰ
1283 2181 1452 2217 εἰσενέγκῃς.
1467 2182 1524 2208 Καὶ
1538 2182 1620 2209 πάλιν
1631 2182 1736 2209 ἀντλεῖν
1751 2182 1825 2218 ὕδωρ

200 2223 256 2249 τῶν
270 2222 406 2257 μοναχῶν.
423 2221 540 2254 Ὁδέκαὶ
552 2219 715 2254 άπέπλεξεν,
725 2222 771 2248 καὶ
781 2222 863 2249 πάλιν
873 2222 985 2257 ἐπλεξεν
1001 2228 1024 2257 ι)
1038 2224 1188 2260 προσέταξε
1215 2224 1305 2250 πᾶσαν
1327 2222 1444 2258 ἡμέραν.
1473 2224 1528 2250 Καὶ
1557 2224 1717 2259 παραλύσας
1742 2225 1824 2252 αὐτοῦ

201 2265 265 2296 τοὺς
284 2263 384 2294 αὐτοὺς
409 2262 524 2294 θαλλοὺς
552 2263 622 2289 πάνυ
641 2262 871 2299 δυσχερεστέρους
893 2264 937 2292 διὰ
955 2268 987 2293 τὸ

201 2305 271 2333 εἶναι
286 2305 386 2336 αὐτοὺς
403 2305 435 2331 ἐκ
447 2305 496 2339 τῆς
511 2304 623 2340 πρώτης
639 2305 743 2340 πλοκῆς
759 2306 986 2342 ἐρυσιδωμένους.

201 2348 373 2382 Θεασάμενος
395 2345 441 2373 οῦν
471 2347 485 2372 6
515 2346 600 2381 μέγας
636 2346 798 2381 Ἀντώνιος,
824 2348 865 2374 ὅτι
885 2348 947 2376 οὔτε
974 2351 988 2376 6

201 2389 290 2424 γέρων
314 2388 458 2422 ἐγόγγυσε,
488 2386 550 2413 οῦτε
580 2388 818 2424 ἐμικροψύχησεν,
845 2389 906 2417 οὔτε
935 2392 988 2418 κᾶν

203 2430 272 2465 πρὸς
291 2430 376 2465 βραχὺ
400 2428 603 2463 ἠγανάκτησεν,
627 2429 682 2456 066‘
703 2430 771 2462 ὅλως
790 2432 821 2458 τὸ
843 2433 987 2468 πρόσωπον

202 2471 284 2499 αὐτοῦ
299 2471 464 2506 διέπρεψεν,
477 2471 614 2506 κατενύγη
632 2471 675 2498 ἐπ’
690 2472 775 2507 αὐτῷ.
791 2474 847 2500 Καὶ
865 2474 988 2509 δύνοντος

202 2513 249 2541 τοῦ
265 2514 351 2549 ἡλίου,
368 2513 442 2547 λέγει
463 2513 537 2548 αὺτῷ
549 2515 563 2540 6
590 2514 740 2547 ’Λντώνιος-
754 2517 880 2550 Παππία,
900 2518 988 2551 θέλεις

203 2557 335 2590 φάγωμεν
360 2555 443 2590 ἄρτου
469 2555 595 2590 κλάσμα;
618 2556 699 2591 Λέγει
726 2558 800 2593 αὐτῷ
816 2560 830 2584 6
860 2559 987 2592 Παῦλοςο

207 2598 252 2630 Ὦς
276 2597 351 2625 δοκεῖ
374 2606 423 2628 σοι,
448 2597 530 2625 ἀϐδᾶ,
544 2599 598 2625 Καὶ
623 2599 701 2625 τοῦτο
724 2600 805 2626 πάλιν
829 2602 875 2628 ἐπὶ
897 2603 989 2630 πλεῖον

205 2639 310 2675 ἔκαμψε
331 2639 378 2666 16v
405 2639 558 2673 Ἀντώνιον,
575 2641 606 2668 τδ
623 2641 661 2677 μὴ
675 2643 860 2678 προσδραμεῖν
886 2645 989 2680 προθύ-

207 2690 264 2715 μως
281 2683 314 2716 τῇ
328 2681 378 2716 τῆς
396 2682 501 2717 τροφῆς
517 2682 644 2718 ἀγγελίᾳ,
658 2683 717 2710 ἀλλ’
742 2685 816 2721 αὑτῷ
844 2688 989 2722 ἐπιτρέψαι

205 2724 252 2766 τήν
263 2723 396 2756 ἐξουσίαν.
409 2724 461 2757 Θὲς
472 2725 530 2759 οὖν,
542 2726 624 2760 φησὶν
635 2727 650 2752 6
666 2726 806 2760 ¹Αντώνιος
819 2729 858 2764 τῷ
868 2730 988 2766 γέροντι,

208 2765 253 2806 την
267 2765 416 2799 τράπεζαν·
432 2767 479 2793 καὶ
496 2767 663 2803 ὑπήκουσεν.
684 2767 764 2805 Φέρει
778 2770 877 2806 ἄρτους
894 2765 908 2799 6
928 2774 990 2800 'Av-

204 2804 309 2839 τώνιος,
322 2807 369 2834 καὶ⁹
386 2808 524 2844 ἐπιτίθησι
545 2810 578 2844 τῇ
598 2809 722 2846 τραπέζῃ
738 2804 902 2847 παξαμάτας
926 2816 989 2842 τέσ-

209 2853 293 2881 σαρας
307 2848 417 2884 ἔχοντας
427 2851 465 2883 ὼς
481 2851 535 2879 ἀπὸ
548 2851 577 2884 ἓξ
594 2852 722 2887 οὺγκιῶν.
740 2855 795 2883 Καὶ
820 2856 909 2893 ἐαυτῷ
941 2858 989 2894 μὲν

1038 2266 1068 2292 τὸ
1081 2266 1189 2300 ἱμάτιον
1211 2265 1338 2291 ἐκέλευσε
1355 2266 1479 2300 ῥάπτειν,
1496 2267 1543 2292 καὶ
1564 2266 1645 2293 πάλιν
1658 2267 1762 2298 ἐκεῖνος
1777 2267 1825 2304 ἐρ-

1039 2308 1136 2344 ραπτε.
1164 2307 1219 2333 Καὶ
1242 2307 1374 2341 τοσαύτην
1402 2308 1417 2334 6
1437 2307 1506 2342 ἀνὴρ
1528 2309 1662 2343 ἐκτήσατο
1690 2309 1823 2343 ὑπακοὴν,

1037 2350 1108 2377 ὥστε
1124 2350 1172 2376 καὶ
1188 2350 1268 2385 χάριν
1281 2349 1356 2385 αὐτῷ
1370 2349 1492 2376 δεδόσθαι
1511 2349 1614 2377 θειόθεν
1623 2350 1672 2386 τὴν
1682 2350 1752 2378 κατά
1768 2351 1824 2378 τῶν

1038 2393 1172 2428 δαιμόνων
1192 2392 1313 2418 ἐλασίαν.
1337 2392 1380 2423 Ὧς
1394 2390 1439 2418 οὖν
1464 2391 1500 2418 ίδε
1515 2393 1560 2419 16v
1578 2392 1694 2426 γέροντα
1709 2393 1724 2418 6
1737 2393 1824 2427 μέγας

1045 2435 1187 2466 Ἀντώνιος
1205 2435 1244 2465 είς
1266 2434 1356 2460 πάντα
1377 2434 1526 2470 προθύμως
1548 2434 1623 2469 αὐτῷ
1637 2434 1824 2470 ἐπακολουθὴ-

1039 2485 1125 2504 σαντα
1142 2477 1183 2507 εἰς
1206 2476 1256 2511 τὴν
1279 2476 1330 2510 τῆς
1347 2476 1488 2511 ἀσκήσεως
1506 2473 1643 2503 πολιτείαν
1658 2484 1666 2492 ·
1685 2476 1766 2504 πάλιν
1780 2477 1824 2504 λά-

1038 2529 1082 2555 γει
1114 2519 1197 2554 αὐτῷ’
1215 2518 1279 2551 Ἴδε,
1291 2518 1400 2552 ἀδελφέ,
1422 2519 1470 2545 ἐὰν
1494 2519 1606 2545 δύνασαι
1634 2519 1695 2546 καθ’
1718 2520 1825 2555 ἡμέραν

1039 2562 1136 2593 οὕτως,
1156 2563 1247 2596 μεῖνον
1274 2560 1332 2596 μετ’
1357 2561 1436 2596 ἐμοῦ.
1453 2561 1534 2595 Λέγει
1558 2560 1632 2597 αὐτῷ
1656 2562 1671 2588 6
1695 2562 1822 2595 Παῦλος·

1046 2606 1109 2633 Ἐἑιν
1138 2605 1186 2640 μέν
1204 2605 1284 2632 πλέον
1298 2605 1325 2632 τί
1347 2613 1412 2632 ποτε
1426 2604 1490 2641 ἐχῃς
1507 2613 1551 2640 μοι
1568 2605 1664 2638 δεῖξαι,
1679 2607 1730 2634 οὐκ
1753 2605 1823 2640 οἶδα,

1040 2648 1101 2676 ἐπεὶ
1115 2648 1201 2675 ταῦτα
1210 2647 1229 2675 ἃ
1243 2645 1312 2674 εἶδον
1327 2647 1456 2675 ποιοῦντά
1472 2656 1512 2679 σε,
1525 2647 1595 2674 ποιῶ
1604 2648 1683 2682 κάγὼ
1692 2649 1823 2685 εὐχερῶς.

1040 2691 1107 2718 Τότε
1119 2690 1191 2724 λέγει
1207 2690 1281 2725 αὐτῷ
1294 2690 1308 2716 6
1327 2689 1468 2721 ’Δντώνιος
1482 2689 1531 2725 τὴν
1543 2689 1626 2726 ἄλλην
1640 2687 1757 2727 ἡμέραν·
1779 2691 1825 2719 Ἐν

1039 2733 1152 2768 ὀνόματι
1167 2732 1214 2759 τοῦ
1231 2733 1346 2768 Κυρίου,
1363 2732 1417 2760 ίδοὺ
1439 2733 1553 2768 γέγονας
1574 2734 1699 2769 μοναχός.
1718 2734 1825 2771 Πληρος

1040 2775 1168 2810 φορηθεὶς
1188 2772 1236 2801 οὖν
1254 2775 1315 2802 καθ’
1338 2775 1490 2811 ὑπερϐολὴν
1514 2777 1543 2803 ἐν
1570 2776 1652 2803 πᾶσιν
1677 2777 1717 2809 είς
1743 2776 1825 2804 αὑτὸν

1040 2819 1058 2844 6
1070 2817 1204 2852 μακάριος
1223 2818 1269 2844 καὶ
1297 2817 1384 2854 μέγας
1409 2817 1562 2851 Ἀντώνιος,
1577 2819 1619 2846 ὅτι
1641 2818 1743 2852 τέλειός
1766 2819 1824 2847 ἐστι

1042 2860 1110 2887 πάνυ
1125 2859 1214 2895 ψυχῆς
1224 2861 1238 2887 6
1252 2860 1300 2888 τοῦ
1312 2860 1430 2896 Χριστοῦ
1439 2859 1530 2893 δοῦλος
1545 2860 1650 2894 Παῦλος
1660 2861 1674 2888 6
1688 2861 1825 2894 άπλαστις
