2079 3157
200 136 269 167 1085

832 130 993 160 lllSTORIA
1011 127 1192 158 LAUSIACA.

1748 124 1816 154 1086

199 198 246 227 Dei
260 197 346 233 gratia
360 203 438 230 opem
451 195 554 223 ferente
563 194 641 221 beato
655 191 779 223 Antonio,
793 190 854 218 facit
867 190 892 216 ei
906 189 980 216 dein-

1043 189 1116 211 nstus
1126 181 1291 211 annuntiabit
1304 180 1394 216 (Prov.
1411 188 1471 215 xu).
1486 180 1519 208 Et
1532 186 1624 207 rursus
1635 179 1698 207 alibi
1711 188 1719 207 :
1731 180 1816 215 Super
1833 174 1844 178 ”

198 251 261 276 cepa
275 243 369 271 cellam
383 241 414 268 ad
435 246 487 268 tres
498 239 542 266 vel
562 242 677 273 quatuor
689 237 790 270 lapides
813 243 828 262 a
842 242 889 262 ana
903 235 980 261 cella.

202 289 235 316 Et
248 288 314 316 dicit
328 287 352 315 ei
367 295 374 314 :
391 286 459 313 Ecce
468 284 565 312 Christi
580 284 676 310 virtute
693 289 769 316 opem
789 281 889 308 ferente
903 284 929 306 tu
945 280 982 305 fa-

206 339 265 360 ctus
277 340 306 359 es
320 331 474 362 monachus,
488 336 564 356 mane
574 329 699 361 deinceps
713 334 844 357 secrattm,
859 329 888 352 ut
901 325 982 352 etiam

203 378 284 405 facias
310 376 454 410 periculum
479 375 638 401 daemonum.
663 371 729 399 Cutn
751 378 814 405 ergo
840 378 910 397 anno
928 376 982 396 uno

197 424 266 458 apud
282 430 311 450 se
324 422 470 450 habitasset
491 420 588 447 Paulus
610 417 838 453 Simplicissimus,
858 419 885 443 et
898 415 982 451 gratia

198 469 319 503 dignatus
341 471 382 495 est
409 467 534 494 adversus
560 465 695 493 daemones
710 468 737 491 et
762 464 889 490 adversus
903 469 983 489 omne

198 521 283 549 genus
295 513 414 546 morbos,
429 520 458 540 se
469 511 586 547 perfecte
596 517 691 546 gerens
702 510 728 537 in
743 510 840 537 virtute
851 509 982 536 exercita-

197 558 288 586 tionis.

233 602 352 636 Quodam
367 608 429 636 ergo
441 600 485 629 die
496 599 712 628 adolescentulus
727 599 772 633 qui
782 606 860 633 supra
875 598 982 626 modum

198 647 313 682 graviter
326 647 470 674 vexabatur
483 653 497 672 a
511 643 642 677 denione,
658 645 755 671 allatus
769 649 811 671 est
824 645 857 670 ad
871 644 979 671 beatmn

198 692 350 724 Antonium,
379 691 479 718 habens
502 691 674 724 principalem
691 689 865 716 saevissimum
881 689 984 715 daemo-

198 745 259 766 nem
273 737 343 772 (67),
355 737 398 772 qui
412 736 492 764 etiam
505 737 589 771 ipsutn
603 736 699 763 ctelum
715 735 863 762 maledictis
877 739 903 762 et
918 742 982 768 pro-

197 783 254 812 bris
271 783 470 818 insequebatur.
494 782 560 810 Cum
576 782 654 816 igitur
668 782 863 809 adolescentem
889 780 983 808 obser-

198 832 290 857 vasset
302 835 413 863 magnus
427 828 569 861 Antonius,
583 827 646 855 dicit
659 828 692 855 iis
706 827 749 862 qui
761 834 820 854 eum
832 827 981 854 ducebant:

199 874 258 902 Non
273 879 314 902 est
329 874 380 901 hoc
393 881 480 901 meum
496 881 581 908 opus;
597 880 658 900 natu
670 877 762 901 contra
778 872 848 900 ltunc
862 873 982 900 ordinem

201 920 363 952 daemonum,
384 926 478 953 nempe
498 918 682 953 principalem,
696 918 813 945 nondum
835 925 892 946 sum
903 917 985 944 dotta-

176 995 179 998 ,
199 969 243 993 tus
256 966 352 1001 gratia,
365 964 411 993 sed
426 964 483 992 haec
495 968 538 992 est
552 964 624 991 Pauli
636 964 718 998 gratia
730 964 873 998 Simplicis.
885 963 984 991 Abiens

200 1019 263 1047 ergo
289 1019 398 1046 magnus
413 1011 544 1039 Antonius
567 1011 600 1038 ad
623 1011 837 1044 probatissimum
865 1011 985 1044 Paulum.

200 1057 271 1092 Ipsos
285 1065 391 1093 quoque
405 1058 523 1089 deduxit.
540 1062 568 1085 et
581 1057 646 1085 dicit
660 1057 683 1085 ei
699 1066 706 1084 :
721 1057 796 1085 Abba
813 1057 902 1090 Paule,
918 1057 985 1092 ejire

200 1104 271 1131 hunc
285 1103 433 1130 daemonem
448 1103 482 1130 ab
496 1102 547 1130 hoc
561 1103 678 1134 homine,
694 1107 721 1129 ut
739 1110 821 1130 sanus
833 1102 866 1130 ad
879 1110 925 1130 sua
940 1111 984 1130 re-

200 1147 273 1182 deat,
285 1153 312 1175 et
323 1148 462 1175 Dominutn
474 1146 613 1182 glorificet.
628 1147 696 1174 Dicit
707 1147 731 1173 ei
745 1146 840 1174 Paulus
852 1154 859 1174 :
871 1146 910 1174 Tit
922 1154 986 1174 vero

201 1192 284 1227 quid?
308 1192 376 1218 Dicit
400 1193 424 1219 ei
441 1192 571 1219 Antonius
593 1199 600 1216 :
626 1191 682 1217 Non
702 1195 744 1218 est
757 1191 821 1218 mihi
836 1190 929 1225 otium,
945 1196 986 1218 est

201 1236 271 1264 aliud
285 1236 355 1270 quod
372 1243 459 1271 agam.
476 1236 507 1263 Et
522 1236 613 1262 relicto
628 1235 682 1262 illic
696 1243 788 1269 puero,
810 1242 933 1263 reverSus
946 1240 987 1263 est

202 1289 313 1317 magnus
335 1281 466 1309 Antonius
489 1281 514 1308 in
528 1288 603 1308 suam
617 1281 721 1308 cellam.
738 1281 802 1308 Cum
817 1289 879 1316 ergo
894 1288 985 1309 surre-

203 1328 286 1356 xisset
304 1328 433 1355 innocens
447 1334 541 1360 senex,
558 1331 586 1354 et
604 1326 739 1353 efficacem
761 1325 872 1353 fudisset
886 1327 986 1353 oratio-

203 1382 276 1408 nem,
293 1374 358 1402 dicit
372 1380 518 1408 provocans
530 1372 722 1400 daamoniacum
737 1380 744 1398 :
759 1371 920 1400 Dixitabbas
932 1373 988 1399 An-

201 1419 298 1451 tonius,
312 1419 447 1454 Egredere
455 1418 489 1445 ab
501 1418 617 1446 homine.
631 1418 738 1445 Daemon
750 1422 837 1444 autem
851 1424 912 1445 cum
924 1425 987 1451 pro-

202 1463 256 1493 bris
266 1472 297 1492 ac
308 1463 455 1491 maledictis
466 1462 641 1495 exclamabat,
655 1462 745 1490 dicens
763 1471 769 1488 :
784 1462 842 1489 Non
853 1462 984 1497 egrediar,

202 1507 303 1543 helluo,
319 1517 400 1537 senex
416 1508 472 1543 (68)
486 1513 605 1543 nugator.
619 1509 733 1542 Accepta
749 1507 836 1541 itaque
849 1507 918 1541 pelle
933 1514 980 1535 sua

999 863 1023 892 B

1033 236 1112 263 quem
1123 228 1273 262 respiciam,
1289 226 1373 261 inquit
1387 225 1524 258 Dominus,
1537 224 1588 252 nisi
1600 233 1679 259 super
1694 232 1818 252 ntansue<

1033 278 1089 301 tum
1101 278 1129 301 et
1142 273 1266 300 humilem
1281 277 1308 299 et
1318 276 1474 298 trementem
1489 271 1567 298 verba
1579 278 1636 297 mea
1649 269 1717 306 (ιω.
1733 273 1819 300 vat)?

1034 318 1126 347 Solent
1146 319 1218 346 enim
1239 318 1394 345 humiliores
1408 317 1542 344 dmutones
1554 316 1613 351 ejici
1624 317 1657 343 ab
1671 316 1822 344 hominibus

1034 365 1088 393 ﬁde
1135 364 1330 399 principalibus
1343 384 1351 397 ,
1405 365 1565 399 principales
1579 372 1670 392 rursus
1685 364 1820 392 daamones

1034 410 1118 444 fugari
1131 410 1164 437 ab
1178 409 1332 437 humilibus.
1355 409 1417 436 Haec
1431 414 1491 436 sunt
1506 410 1631 437 tuiracula
1646 411 1729 437 sancti
1746 410 1820 437 Pauli

1034 455 1170 489 Simplicis
1184 459 1211 482 et
1225 455 1342 486 humilis,
1359 455 1462 488 aliaque
1474 455 1546 489 plura
1558 459 1584 482 et
1596 455 1636 482 his
1651 455 1759 491 n’tajora.
1773 456 1822 484 llic

1034 506 1144 530 vocatus
1159 507 1199 529 est
1209 501 1327 536 Simplex
1343 507 1358 527 a
1370 505 1424 527 tota
1439 500 1614 528 fraternitate.

1314 586 1426 614 CAPUT
1443 586 1535 614 XXIX.

1231 662 1291 690 Vita
1313 663 1411 690 abbatir
1431 664 1537 691 Pisc/ton
1551 665 1619 700 (70).

1069 738 1179 772 Quidam
1195 738 1302 766 Pachon
1325 740 1441 773 nemine,
1458 748 1519 767 cum
1544 742 1708 775 pervenisset
1724 743 1756 770 ad
1771 751 1820 771 au—

1034 792 1097 811 num
1112 785 1350 819 septuagesimum,
1363 786 1471 814 sedebat
1491 786 1516 813 in
1537 787 1624 814 Scete.
1648 788 1751 816 Accidit
1775 798 1822 817 au-

1036 833 1087 855 tem
1099 834 1127 855 ut
1141 837 1189 863 ego
1200 834 1308 857 vexatus
1321 831 1356 857 ab
1370 830 1507 859 affectione
1521 832 1641 860 feminea:
1660 835 1821 869 cupiditatis,

1039 875 1296 910 cogitationibusque
1315 881 1340 903 et
1351 877 1417 903 visis
1431 878 1578 909 nocturnis,
1595 878 1693 906 ferrem
1705 879 1822 908 difficili-

1039 923 1089 946 ter.
1105 919 1225 954 Cumque
1241 928 1334 954 parum
1354 921 1458 948 abesset
1473 922 1534 956 quin
1551 927 1658 957 propter
1674 923 1741 951 hanc
1761 930 1822 952 ten-

1038 963 1166 990 tationem
1191 963 1291 991 exirem
1305 972 1320 991 e
1341 964 1494 996 solitudine,
1511 966 1581 1000 quod
1606 975 1648 994 me
1673 967 1730 995 hzec
1742 969 1824 996 anitui

1037 1009 1203 1043 perturbatio
1224 1015 1316 1045 ageret
1338 1010 1580 1044 vehementissitue,
1607 1012 1701 1040 vicinis
1714 1014 1821 1048 quidem

1037 1054 1104 1095 tricis
1117 1062 1173 1081 rem
1186 1061 1239 1082 non
1251 1056 1376 1089 exposui:
1389 1056 1435 1082 sed
1449 1063 1535 1091 neque
1545 1064 1605 1084 meo
1618 1058 1742 1092 magistro
1757 1059 1824 1085 Eva-

1036 1098 1094 1133 grio
1109 1098 1175 1135 [Αι.,
1193 1099 1314 1135 Eulogio]
1331 1109 1337 1127 :
1353 1100 1400 1128 sed
1415 1101 1528 1129 latenter
1542 1102 1650 1129 veniens
1661 1103 1687 1130 in
1700 1103 1822 1131 solitudi-

1037 1150 1097 1170 nem
1113 1144 1264 1178 quindecim
1289 1144 1384 1171 diebus
1403 1151 1524 1173 versatus
1539 1154 1597 1173 sum
1620 1154 1680 1174 cunt
1702 1148 1822 1181 patribus

1038 1189 1240 1216 senescentibus
1254 1190 1280 1216 in
1292 1189 1445 1222 solitudine,
1459 1191 1503 1225 qui
1515 1195 1592 1218 erant
1607 1191 1632 1218 in
1646 1191 1734 1219 Scete.
1750 1192 1823 1220 inter

1037 1240 1104 1268 quos
1119 1233 1199 1261 incidi
1211 1233 1290 1261 etiam
1302 1234 1328 1260 in
1343 1238 1463 1261 sanctum
1479 1234 1563 1262 virum
1579 1235 1738 1264 Pacltonem.
1754 1236 1821 1264 Cum

1041 1285 1105 1312 ergo
1119 1278 1279 1306 invenissem
1293 1286 1354 1306 eum
1368 1279 1541 1307 sincerioreut
1555 1285 1581 1307 et
1592 1281 1676 1316 magis
1691 1286 1823 1312 versatum

1038 1323 1065 1350 in
1076 1323 1275 1357 exercitatione,
1286 1332 1366 1352 ausus
1375 1332 1434 1352 sum
1445 1325 1469 1353 ei
1480 1333 1568 1353 tneutn
1580 1327 1696 1354 animum
1708 1327 1823 1361 aperire.

1038 1368 1110 1396 Dixit
1125 1373 1213 1396 autem
1235 1369 1299 1396 mihi
1322 1370 1369 1397 ille
1384 1376 1491 1398 sanctus
1507 1379 1515 1397 :
1531 1371 1569 1398 Ne
1584 1371 1631 1398 tibi
1645 1371 1764 1399 videatur
1778 1381 1822 1400 res

1037 1410 1102 1437 mira
1113 1411 1235 1439 etaliena
1248 1420 1255 1444 ;
1272 1411 1323 1439 hnc
1336 1412 1406 1439 enim
1421 1420 1474 1440 non
1486 1412 1532 1440 tibi
1545 1414 1643 1442 accidit
1656 1415 1690 1443 ob
1703 1415 1823 1448 delicias,

1038 1455 1174 1490 otiumque
1185 1461 1212 1483 et
1226 1456 1424 1492 negligentiam.
1441 1457 1507 1484 Nam
1521 1461 1549 1485 et
1568 1465 1658 1486 mores
1678 1459 1724 1486 tibi
1735 1460 1824 1487 ferunt

1039 1500 1232 1534 testimonium,
1247 1506 1274 1528 et
1287 1502 1395 1535 penuria
1410 1509 1501 1529 eorum
1512 1510 1572 1538 quae
1586 1508 1648 1530 sunt
1661 1505 1823 1538 necessaria,

202 1539 469 1588 ovilla,'ve,bera},.[
480 1539 540 1582 ευῶ
556 1554 583 1581 in
599 1539 814 1589 ιετεο,ἀίεεης’τ
839 1539 985 1589 taedere.
1003 1539 1026 1572 C
1041 1545 1152 1580 etquod
1174 1545 1245 1572 nulla
1260 1546 1293 1573 sit
1308 1546 1351 1573 hic
1374 1546 1420 1574 tibi
1434 1548 1600 1574 consuetudo
1620 1555 1680 1576 cum
1700 1548 1825 1584 feminis;

202 1601 268 1628 dixit
279 1600 362 1628 abbas
373 1600 514 1627 Antonius.
531 1600 638 1627 Daemon
652 1604 739 1628 autem
754 1599 903 1627 maledictis
918 1599 989 1627 inse-

203 1646 334 1680 quebatur
353 1645 463 1673 Paulum
483 1650 510 1673 et
521 1645 676 1673 Antonium.
689 1644 833 1672 Hellnones
849 1645 891 1672 isti
905 1646 931 1672 in
945 1652 989 1672 se-

203 1695 309 1719 nectute
332 1690 403 1726 (69),
427 1690 571 1722 veternosi,
599 1689 776 1721 insatiabiles,
804 1691 848 1724 qui
877 1690 990 1724 propriis

203 1742 335 1770 nunquam
351 1739 413 1764 sunt
426 1735 554 1768 contenti,
571 1735 633 1769 quid
647 1739 686 1761 est
700 1735 774 1761 vobis
785 1741 926 1761 commune
941 1742 989 1761 no-

204 1779 304 1808 biscum
317 1780 329 1807 7
341 1780 403 1814 quid
419 1780 444 1806 in
460 1786 508 1806 nos
526 1779 655 1806 exercetis
671 1778 836 1813 tyrannidem
848 1779 860 1804 1'
871 1778 989 1805 Tandem

204 1826 269 1853 dicit
292 1826 315 1852 ei
341 1825 437 1852 Paulus
454 1833 460 1850 :
477 1825 528 1851 Aut
543 1823 637 1856 exibis,
653 1828 697 1850 aut
719 1824 786 1851 abeo
810 1829 837 1849 ut
864 1824 888 1850 id
904 1824 989 1851 dicant

203 1870 321 1903 Christo,
334 1870 408 1904 isque
428 1869 505 1896 faciet
515 1873 543 1896 ut
564 1869 598 1895 sit
613 1868 659 1894 tibi
674 1876 722 1895 vas.
740 1868 772 1894 At
786 1867 875 1895 .lesum
887 1876 991 1902 quoque

207 1914 312 1949 probris
336 1919 363 1941 et
377 1913 525 1940 maledictis
547 1912 726 1940 insectabatur
749 1912 857 1940 immitis
878 1913 922 1940 ille
935 1913 991 1940 daa-

203 1963 277 1992 mon,
297 1959 415 1987 clamans
431 1957 510 1986 :Non
531 1958 619 1985 exibo.
647 1957 683 1984 Ea
697 1957 730 1985 de
743 1964 821 1985 causa
838 1958 990 1993 indignatus

204 2003 302 2031 Paulus
316 2003 443 2030 adversus
457 2003 615 2034 daemonem.
641 2009 764 2036 egre5sus
778 2007 818 2030 est
832 2010 848 2030 e
861 2010 910 2029 suo
925 2003 989 2030 hos-

204 2048 269 2084 pitio
284 2048 310 2075 in
326 2049 384 2082 ipso
395 2052 492 2082 puncto
506 2046 624 2074 meridiei
635 2055 642 2080 ;
654 2047 729 2074 testui
746 2051 834 2074 autem
850 2047 991 2083 Egyptia-

204 2099 262 2119 rum
288 2092 428 2120 intercedit
457 2092 580 2127 cognatio
607 2099 666 2118 cum
694 2092 801 2119 fornace
835 2092 990 2128 Babylonia.

205 2137 286 2165 Stans
311 2145 375 2172 ergo
398 2143 505 2164 sanctus
530 2143 610 2164 senex
628 2142 750 2171 tanquam
766 2137 890 2164 columna
912 2145 993 2171 super

205 2187 306 2217 petram
318 2202 325 2214 ,
346 2183 384 2209 sic
397 2186 456 2209 orat
474 2180 619 2216 Christum,
635 2181 727 2208 dicens
743 2191 749 2208 :
766 2181 806 2208 Tu
825 2182 910 2215 vides,
927 2183 990 2210 Jesu

204 2227 320 2260 Christe,
336 2227 380 2261 qui
403 2227 473 2254 fuisti
488 2228 630 2254 cruciﬁxus
653 2228 701 2254 sub
723 2227 819 2254 Pontio
835 2227 932 2261 Pilato,
948 2236 991 2256 tne

205 2281 257 2300 non
273 2274 463 2301 descensurum
486 2281 516 2300 ex
534 2273 583 2300 hac
607 2277 694 2307 petra,
723 2281 808 2308 neqtte
821 2281 927 2301 esuruin
942 2282 992 2302 nec

207 2318 351 2346 bibiturum
365 2319 450 2345 donec
473 2319 580 2351 moriar,
604 2319 654 2346 nisi
671 2327 713 2347 me
736 2327 805 2346 nunc
818 2320 944 2353 audieris,
965 2325 993 2348 et

207 2362 278 2390 hunc
293 2364 441 2390 daemonem
456 2363 489 2390 ab
505 2363 612 2391 homine
627 2363 747 2398 ejcceris,
763 2368 788 2391 et
804 2372 818 2391 a
833 2365 926 2399 spiritu
942 2365 993 2392 im-

208 2407 308 2435 mundo
331 2409 416 2442 ipsum
433 2408 595 2436 liberareris.
611 2409 704 2436 Adhuc
718 2417 778 2436 cum
791 2409 854 2437 Iesu
868 2410 993 2444 loquente

205 2453 317 2488 simplici
325 2459 351 2480 et
358 2454 448 2480 humili
459 2454 705 2488 Paulo,priusquam
713 2455 768 2489 ipse
777 2463 867 2489 preces
874 2456 994 2490 perfecis~

205 2502 256 2531 set,
263 2499 537 2532 exclamavitdatmon,
545 2500 636 2527 dicens
644 2509 651 2526 :
660 2500 774 2532 Recedo,
782 2502 916 2535 recedo,vi
924 2509 994 2535 egre-

205 2545 275 2577 dior,
288 2550 313 2572 et
325 2552 372 2579 per
383 2545 550 2581 tyrannidem
563 2553 595 2572 ex
601 2545 700 2580 pellor;
712 2547 819 2573 discedo
829 2547 861 2574 ah
874 2546 991 2581 homine,

205 2599 257 2619 non
272 2593 383 2626 amplius
398 2592 430 2619 ad
442 2600 502 2620 eum
521 2593 629 2620 accedo.
647 2591 719 2619 Pauli
736 2593 888 2627 simplicitas
903 2598 930 2620 et
944 2593 994 2619 ltu-

206 2637 302 2663 militas
315 2644 357 2664 me
370 2637 489 2671 expellit,
504 2644 590 2671 neque
602 2637 659 2665 scio
672 2645 724 2672 quo
738 2638 841 2665 abeam.
854 2637 993 2665 Protinus-

206 2688 257 2715 que
270 2681 335 2708 exiit
348 2681 464 2715 daemon,
483 2687 509 2709 et
523 2686 640 2709 mutatus
665 2688 705 2710 est
720 2683 747 2709 in
771 2684 914 2710 maximum
930 2683 993 2710 dra-

206 2731 299 2753 ceuem
312 2727 416 2754 circiter
427 2729 594 2762 septuaginta
609 2728 769 2761 cubitorum,
787 2729 939 2763 receditque
951 2736 994 2756 re-

208 2774 284 2804 ptans
300 2772 324 2798 in
340 2780 412 2799 mare
436 2773 552 2801 Rubrum
582 2779 609 2801 ut
623 2774 778 2807 impleretur
800 2775 868 2807 quod
893 2775 991 2808 dictum

208 2821 251 2843 est
265 2824 310 2851 per
321 2824 439 2847 sanetum
454 2818 579 2853 Spiritum
595 2829 602 2848 :
619 2820 709 2848 Fidem
720 2828 779 2855 qua:
793 2812 992 2848 demonstratur

1005 2216 1032 2245 D

1039 1589 1087 1617 sed
1102 1590 1190 1625 potius
1211 1590 1262 1617 hoc
1278 1591 1322 1618 tibi
1338 1591 1434 1619 accidit
1448 1592 1481 1619 ab
1492 1592 1646 1620 adversario
1660 1594 1694 1621 ob
1706 1595 1824 1622 studium

1041 1634 1159 1662 virtutis.
1176 1634 1224 1662 Est
1236 1636 1308 1663 enim
1323 1636 1419 1670 triplex
1434 1636 1518 1664 boatis
1529 1637 1574 1671 qui
1595 1638 1707 1671 impellit
1719 1639 1753 1666 ad
1768 1640 1825 1666 for-

1041 1681 1211 1709 nicationem.
1227 1681 1375 1716 Aliquando
1394 1683 1465 1708 euittt
1487 1689 1536 1708 nos
1554 1689 1619 1709 caro
1636 1682 1738 1710 invadit
1750 1683 1824 1711 luxu-

1040 1727 1123 1761 rians,
1139 1733 1164 1755 et
1177 1735 1236 1762 quae
1251 1727 1329 1755 nimis
1344 1727 1413 1755 laute
1427 1733 1453 1754 et
1468 1727 1579 1755 delicate
1593 1732 1635 1755 est
1648 1734 1740 1756 curata
1753 1738 1759 1762 ;
1777 1731 1826 1757 ali.

1040 1772 1146 1805 quando
1156 1775 1245 1799 autem
1260 1771 1285 1798 in
1301 1779 1350 1799 nos
1367 1772 1505 1806 insurgunt
1520 1777 1608 1799 motus
1623 1774 1704 1800 animi
1721 1780 1827 1808 propter

1040 1818 1233 1850 cogitationes;
1257 1818 1398 1851 aliquando
1419 1823 1508 1844 autem
1532 1818 1587 1851 ipse
1602 1826 1708 1853 quoque
1722 1819 1827 1847 damon

1041 1861 1067 1888 in
1088 1869 1137 1889 nos
1157 1867 1263 1889 exercet
1288 1862 1454 1898 tyrannidem
1478 1867 1586 1897 propter
1607 1864 1751 1896 invidiam;
1767 1872 1827 1892 nam

1042 1913 1091 1941 ego
1105 1914 1213 1941 quoque
1234 1907 1315 1934 multa
1331 1907 1489 1940 observans,
1512 1908 1562 1934 hoc
1576 1908 1674 1934 inveni.
1688 1908 1759 1936 Ecce
1774 1917 1827 1941 tne,

1043 1957 1070 1979 ut
1082 1953 1167 1985 vides,
1182 1952 1316 1980 hominem
1330 1961 1439 1986 senem;
1456 1961 1515 1980 cum
1527 1954 1583 1988 jam
1598 1955 1828 1989 quadragesimum

1042 2005 1140 2025 annum
1152 1998 1246 2033 degam
1262 1999 1288 2026 in
1303 2000 1352 2027 hac
1365 1999 1439 2032 cella,
1456 2007 1547 2027 curam
1567 2007 1661 2035 gerens
1676 2009 1742 2028 mea:
1756 2002 1828 2029 salu-

1043 2043 1087 2076 tis,
1101 2048 1129 2071 et
1143 2045 1176 2072 ad
1197 2044 1264 2073 hanc
1283 2050 1388 2073 aetatem
1403 2047 1580 2080 pervenerim,
1596 2051 1682 2074 tenter
1703 2055 1786 2082 usque
1801 2049 1827 2076 in

1043 2089 1200 2118 hodiernum
1215 2091 1295 2118 diem.
1312 2091 1345 2119 Et
1367 2091 1465 2125 juravit
1485 2092 1576 2119 dicens
1592 2100 1599 2119 :
1615 2092 1673 2120 .lam
1688 2093 1828 2123 duodecim

1042 2134 1120 2161 annis
1143 2141 1281 2170 postquam
1308 2136 1422 2170 transegi
1443 2144 1540 2163 annum
1569 2138 1828 2172 quinquagesimum,

1043 2182 1142 2209 nullam
1154 2183 1224 2209 diem
1239 2190 1289 2210 nec
1301 2188 1405 2210 noctem
1417 2183 1559 2211 intermisit
1569 2192 1619 2218 qua
1634 2191 1676 2211 me
1689 2193 1740 2212 non
1757 2186 1829 2212 inva-

1045 2228 1121 2254 serit.
1140 2227 1205 2254 Cutn
1221 2227 1308 2262 itaque
1331 2229 1481 2262 suspicatus
1495 2236 1580 2256 essent
1602 2229 1684 2256 Deuut
1701 2238 1715 2256 a
1730 2238 1772 2257 me
1787 2239 1829 2258 re-

1045 2274 1167 2306 cessisse,
1183 2274 1394 2308 quandoquidem
1412 2279 1482 2300 tanta
1494 2274 1519 2300 in
1535 2282 1577 2301 me
1591 2275 1695 2301 dromon
1709 2280 1829 2303 uteretur

1046 2323 1186 2353 potestate.
1213 2320 1300 2353 potius
1314 2319 1399 2354 delegi
1416 2320 1482 2346 mori
1502 2319 1601 2354 absque
1617 2321 1728 2352 ratione,
1749 2329 1828 2355 quam

1047 2364 1110 2390 vitio
1132 2364 1326 2398 aiiectioneque
1350 2364 1488 2398 corporis.
1513 2372 1556 2391 me
1583 2366 1696 2398 turpiter
1721 2373 1826 2400 gerere.

1046 2409 1227 2444 Egressusqne
1246 2417 1260 2436 a
1276 2410 1344 2436 cella
1358 2417 1427 2443 mea,
1442 2414 1468 2436 et
1481 2410 1573 2437 obiens
1589 2411 1768 2444 solitudinem,
1786 2413 1827 2438 in-

1046 2455 1105 2482 veni
1121 2454 1273 2489 speluncam
1290 2455 1400 2490 hya‘nat.
1424 2455 1450 2481 ln
1465 2462 1543 2489 quam
1559 2457 1712 2489 speluncam
1727 2465 1770 2484 me
1782 2465 1830 2484 nn-

1046 2500 1108 2526 dum
1122 2500 1218 2526 immisi
1234 2503 1289 2526 toto
1302 2499 1354 2532 die,
1370 2499 1468 2526 utfnrte
1481 2507 1594 2533 egressa:
1609 2509 1650 2528 mc
1661 2501 1828 2529 dcvorarent.

1047 2546 1188 2580 Postquam
1210 2551 1297 2572 autem
1316 2546 1365 2572 fuit
1386 2554 1513 2580 vespera,
1537 2552 1613 2579 prout
1627 2548 1754 2580 scriptum
1777 2554 1830 2580 est,

1046 2590 1092 2617 Sol
1103 2590 1372 2625 cognovitoccasum.
1389 2590 1502 2618 Posuisti
1519 2591 1651 2623 tenebras,
1668 2598 1694 2618 et
1711 2593 1777 2619 facta
1790 2597 1830 2619 est

1048 2643 1110 2662 nox.
1127 2635 1154 2662 ln
1170 2636 1226 2669 ipsa
1242 2636 1390 2663 transibunt
1413 2643 1505 2663 omnes
1529 2636 1620 2664 bestia:
1645 2637 1729 2664 silvte.
1745 2639 1830 2665 CatuEi

1045 2681 1150 2708 leonum
1165 2682 1300 2716 rugientes
1313 2686 1340 2708 ut
1355 2682 1459 2715 rapiant
1472 2687 1498 2708 et
1513 2686 1633 2716 qumt‘ant
1647 2690 1661 2709 a
1674 2682 1727 2709 Deo
1739 2691 1826 2709 escam

1045 2727 1094 2754 sibi
1111 2726 1195 2761 (Paul.
1211 2729 1280 2761 ctu).
1306 2727 1428 2763 Egresste
1449 2735 1512 2762 ergo
1528 2728 1589 2754 fune
1611 2728 1637 2755 in
1652 2728 1694 2755 illa
1711 2728 1785 2761 hora,
1802 2733 1830 2756 et

1046 2774 1179 2800 masculus
1200 2777 1225 2800 et
1249 2773 1356 2805 femina,
1382 2781 1423 2800 me
1438 2781 1452 2799 a
1468 2774 1577 2806 pedibus
1592 2774 1623 2801 ad
1645 2779 1722 2808 caput
1746 2782 1829 2808 usque

1046 2820 1148 2848 odorati
1164 2823 1233 2851 sunt,
1251 2820 1492 2854 circunilingentes.
1515 2819 1634 2855 Cumque
1646 2825 1830 2855 exspectarem
