2077 3154
256 148 325 180 1087

987 144 1146 174 PALLADII

1811 140 1881 172 1088

259 220 317 246 fore
337 221 366 244 ut
378 215 530 245 devorarer,
546 220 560 238 τι
574 218 617 239 me
635 213 813 238 recesserunt.
828 207 895 235 Cum
911 213 974 240 ergo
989 206 1041 232 illic
1055 208 1080 237 Α
1092 204 1320 236 rescinderentur,
1334 210 1387 230 non
1400 209 1477 230 secus
1490 208 1522 229 ae
1534 201 1556 228 si
1571 203 1662 228 essent
1677 199 1720 234 pili
1729 198 1880 232 insensites,

261 269 316 292 tota
329 266 405 290 nocte
417 261 570 296 jacuissem,
587 264 640 284 non
660 255 699 284 fui
712 255 864 283 devoratus.
881 253 1045 280 Existimnns

261 318 323 345 ergo
336 309 418 337 Deum
433 306 540 334 omnino
552 303 615 331 mihi
627 301 790 337 pepercisse,
806 299 920 327 surrexi.
943 298 1045 325 Rursus

263 343 327 383 vero
341 354 367 382 in
388 352 482 380 cellam
502 349 580 377 redii.
605 349 670 375 Cum
694 351 782 374 autem
804 353 834 372 se
848 344 938 380 paucis
953 343 1046 370 diebus

263 398 434 428 continuisset
456 397 570 428 daemon.
593 400 636 420 me
660 397 700 420 est
725 391 834 418 adortus
860 388 1046 416 vehementius

265 453 343 480 quam
357 448 446 476 antea,
462 446 492 470 ut
503 448 595 476 parum
610 438 724 465 abfuerit
742 437 805 471 quin
820 436 1045 468 blasphemarem.

263 479 477 520 ’l‘ransformatus
489 488 561 515 enim
575 493 635 512 cum
647 488 718 511 esset
730 484 756 510 in
764 482 885 517 ~puellam
901 479 1048 512 Ethiopis-

265 544 332 568 sam,
348 542 426 568 quam
442 534 468 560 in
483 539 540 559 mea
554 531 692 565 juventute
706 528 822 555 videram
843 530 936 554 aestate
961 525 1049 557 spicas

265 582 408 615 legentem,
424 586 454 605 ea
475 576 540 604 mihi
565 577 620 602 visa
641 579 682 602 est
697 574 763 600 meis
778 572 893 599 insidere
916 570 1048 606 genibus;

266 633 360 659 meque
372 632 454 658 usque
469 622 536 649 adeo
551 620 695 648 commovit
708 623 736 646 ut
747 623 867 652 putarem
888 624 931 644 me
945 623 1004 642 cum
1018 623 1048 642 ea

265 671 390 698 coivisse.
405 669 505 696 Furore
519 674 582 701 ergo
602 665 719 700 percitus
744 664 839 697 impegi
854 662 877 689 ei
891 661 1049 694 colaphum;

266 723 350 750 eaque
364 715 403 742 sic
426 713 542 741 evanuit.
567 712 621 738 Hoc
641 714 729 737 autem
752 709 815 736 mihi
829 707 909 735 crede
932 706 1049 734 dicenti:

267 762 374 789 biennio
388 768 439 787 non
455 764 572 793 poteram
590 757 659 784 ferre
670 763 763 782 manus
775 762 840 782 meae
850 753 972 781 fetorem.
987 752 1050 779 Cum

269 815 331 840 ergo
347 806 396 832 hac
410 805 442 832 de
457 811 535 831 causa
551 802 638 837 pusilli
649 806 675 828 ct
689 799 784 834 abjecti
800 799 879 826 animi
894 799 1051 829 evasisscm,

268 857 293 879 et
309 852 342 878 de
353 858 396 877 me
409 857 514 877 omnem
523 855 596 881 spem
610 846 777 880 abjecissem,
791 851 915 878 egressus
925 849 983 870 sum
994 849 1054 876 per-

269 903 362 924 errans
385 900 485 922 vastam
506 893 686 924 solitudinem,
707 895 734 918 et
749 890 837 918 inveni
862 896 969 922 parvam
983 888 1053 921 aspi-

267 943 339 970 dem.
355 942 439 975 Quam
449 947 508 967 cum
525 939 699 972 accepissem,
712 943 770 963 eam
782 935 913 962 admoveo
926 933 994 960 meis
1006 940 1052 967 ge-

268 989 402 1018 nitalibus,
418 991 447 1013 ut
457 986 497 1012 vel
511 984 549 1011 sic
563 990 665 1010 morsus
679 988 816 1013 morerer;
834 984 931 1007 etcum
952 978 990 1005 eis
1005 985 1051 1004 ca-

270 1040 319 1070 put
330 1032 448 1060 virilibus
457 1030 642 1064 applicassem,
657 1032 684 1054 ut
698 1034 757 1062 qua:
770 1026 833 1053 mihi
848 1024 957 1051 fuissent
973 1030 1052 1050 causa

268 1069 430 1108 tentationis,
457 1083 490 1102 ne
508 1075 546 1101 sic
566 1073 672 1107 quidem
699 1078 803 1098 morsus
818 1077 875 1097 sum
890 1069 979 1103 gratiae
994 1075 1054 1102 pro-

269 1121 394 1151 videntia.
419 1121 482 1148 Post
505 1119 561 1146 htec
583 1123 670 1145 autem
693 1117 784 1144 audivi
803 1122 896 1142 vocem
919 1114 1052 1141 dicentem

272 1170 335 1197 mihi
358 1168 385 1195 iu
408 1173 465 1194 mea
491 1165 674 1200 cogitatione:
696 1163 755 1195 Abi,
788 1161 905 1194 Pachon,
929 1159 1053 1188 decerta;

270 1215 332 1242 ideo
346 1213 415 1240 enim
437 1210 544 1246 permisi
558 1212 583 1236 in
598 1214 623 1236 te
637 1213 735 1235 tantam
753 1207 870 1234 exerceri
886 1209 1053 1239 potestatem,

271 1270 305 1288 ne
320 1260 366 1287 tibi
383 1262 453 1286 esset
467 1257 562 1284 elatior
576 1259 604 1282 et
618 1254 785 1288 arrogantior
799 1251 918 1286 spiritus,
945 1249 1056 1285 perinde

271 1313 304 1333 ac
317 1306 373 1339 ipse
387 1310 478 1335 posses
501 1302 569 1327 hanc
583 1306 708 1333 superare
719 1297 885 1324 al'ectiouem
903 1305 909 1323 :
923 1296 968 1322 sed
985 1300 1055 1321 tuam

271 1356 428 1385 agnosceres
443 1346 661 1376 imbecillitatem,
682 1348 710 1371 et
732 1344 758 1369 iu
783 1347 835 1369 tuae
852 1343 912 1368 vita:
935 1341 1055 1368 instituto

273 1383 406 1428 nunquam
423 1393 534 1419 haberes
559 1390 697 1420 ﬁduciam,
723 1387 769 1415 sed
794 1393 947 1414 recurrercs
962 1385 993 1411 ad
1011 1383 1056 1410 Dei

271 1441 407 1469 auxilium.
424 1439 469 1466 Sic
490 1442 577 1464 autem
603 1435 756 1462 admonitus
772 1438 798 1460 et
820 1432 1003 1463 confirmatus,
1024 1430 1056 1456 ad

273 1487 367 1514 cellam
379 1492 439 1512 sum
451 1489 584 1513 reversus,
597 1485 624 1507 et
637 1480 762 1513 deinceps
774 1478 870 1506 sedens
881 1485 940 1504 cum
952 1476 1055 1508 fiducia,

272 1539 299 1562 et
323 1531 422 1559 nullam
446 1528 508 1556 belli
533 1535 623 1554 curatn
639 1533 744 1559 gerens,
765 1525 880 1558 reliquos
899 1523 954 1550 dies
969 1522 1011 1557 egi
1028 1521 1056 1548 in

275 1585 350 1615 pace.
374 1577 483 1603 Daemon
507 1577 594 1600 autem
619 1579 677 1598 cum
700 1571 868 1605 cognovisset
891 1576 975 1596 meam
999 1567 1058 1603 ejus

276 1622 489 1658 despicientiam,
514 1619 613 1654 pudore
629 1617 754 1651 deinceps
768 1615 887 1647 affectus,
902 1615 934 1642 ad
950 1621 992 1642 me
1007 1621 1058 1640 non

277 1668 389 1697 accessit
399 1665 523 1700 amplius.
536 1663 585 1691 llis
597 1662 684 1689 verbis
698 1669 757 1688 cum
774 1661 805 1687 ad
822 1660 918 1686 luetam
933 1659 1061 1686 adversus

277 1713 403 1742 Satanam
420 1720 463 1738 me
477 1710 669 1740 conﬁrmasset,
683 1711 710 1734 et
720 1706 752 1733 ad
768 1705 865 1733 bellum
880 1704 1058 1736 instruxisset,

278 1767 305 1790 et
319 1762 458 1789 adversum
478 1759 625 1786 da-monem
641 1753 825 1782 fornicationis
842 1759 883 1779 me
898 1755 1016 1786 parasset
1032 1758 1062 1777 ac

279 1808 422 1838 docuisset,
438 1804 546 1836 dimisit,
556 1802 652 1837 jubens
672 1804 701 1828 ut
715 1800 774 1827 forti
786 1800 875 1826 animo
886 1805 928 1825 me
942 1805 1061 1833 gererem

279 1852 304 1878 in
317 1851 448 1878 omnibus.

568 1891 680 1919 CAPUT
692 1890 777 1918 XXX.

474 1937 535 1965 Vita
550 1937 652 1963 Abbati:
667 1935 793 1970 Stephani
805 1935 873 1971 (7|).

313 1986 463 2021 Stephanus
485 1984 592 2019 quidam
619 1984 680 2010 Libs
704 1991 812 2017 genere,
837 1983 905 2010 sedit
926 1981 1061 2016 sexaginta

279 2039 362 2059 annos
377 2039 409 2058 ex
431 2031 512 2057 latere
525 2029 581 2063 (79.)
595 2028 757 2056 Marmarica:
770 2033 796 2054 et
811 2028 945 2054 Marcone.
966 2027 989 2054 ls
1002 2035 1062 2055 cum

284 2077 378 2104 fuisset
391 2082 495 2102 summe
506 2079 624 2101 versatus
637 2074 663 2100 itt
674 2073 872 2105 exercitatione,
886 2078 913 2100 et
924 2077 995 2100 esset
1006 2072 1063 2100 dis-

279 2121 404 2149 cernendi
417 2123 547 2154 potestate
560 2117 704 2155 prazditus.
743 2116 813 2143 hanc
856 2116 970 2151 gratiam
1012 2120 1056 2143 est

278 2171 447 2197 cnttsecutus,
457 2170 485 2192 ut
497 2165 646 2199 quicunque
656 2170 716 2190 eum
730 2164 893 2195 conveniret,
914 2171 928 2189 a
947 2171 1066 2198 quacun-

279 2220 331 2246 que
344 2211 508 2239 cruciaretur
527 2209 659 2241 molestia,
676 2207 699 2235 is
715 2208 835 2235 molestia
852 2217 949 2236 vacuus
973 2209 1007 2235 ab
1030 2216 1062 2236 eo

283 2256 432 2285 recederet.
455 2255 516 2282 Fuit
531 2259 619 2281 autem
634 2254 656 2281 is
672 2260 779 2288 quoque
793 2256 871 2280 notus
892 2254 969 2280 beato
984 2254 1066 2281 Anto-

279 2303 334 2331 nio.
350 2301 472 2330 Pervenit
486 2305 573 2327 autem
585 2300 665 2327 etiam
682 2299 714 2325 ad
731 2303 821 2326 nostra
832 2306 915 2333 usque
928 2304 1063 2333 tempora;

278 2354 357 2383 atque
369 2354 419 2382 ego
434 2346 541 2380 quidem
560 2352 619 2371 cum
641 2351 673 2371 eo
687 2351 738 2371 non
752 2351 810 2371 sum
824 2349 943 2371 versatus
955 2348 1065 2378 propter

279 2394 329 2421 vite
341 2391 533 2427 longitudinem
549 2398 556 2417 :
571 2395 679 2417 sanctus
692 2395 779 2417 autem
793 2389 949 2417 Ammonius
961 2395 987 2417 et
998 2389 1067 2416 Eva-

278 2439 363 2474 grlus,
379 2438 424 2473 qui
438 2444 498 2464 eum
514 2440 706 2468 convenerunt,
721 2440 894 2462 narraverunt
905 2442 934 2463 se
948 2443 1008 2462 eum
1023 2435 1067 2462 in-

278 2484 384 2512 venisse
398 2484 424 2510 in
439 2482 519 2509 talem
534 2481 686 2515 prolapsum
700 2481 881 2514 regritudinem
898 2481 924 2508 in
949 2481 1013 2514 ipsis
1028 2481 1067 2508 lo-

278 2530 318 2557 cis
332 2528 524 2559 testiculorum,
549 2530 577 2554 et
602 2526 677 2560 penis
700 2533 833 2553 summum
848 2526 982 2554 ulcerasse
1000 2533 1066 2553 can-

278 2583 365 2609 crum,
391 2575 436 2609 qui
459 2573 595 2612 φαγέδαινα
620 2573 726 2600 dicitur.
754 2573 831 2605 Eum,
854 2573 970 2606 aiebant,
994 2573 1068 2601 inve-

279 2622 368 2650 nimus
382 2621 444 2648 dum
457 2627 472 2647 a
486 2619 601 2654 quodam
616 2618 720 2645 medico
731 2624 878 2646 curaretur.
898 2619 930 2646 Et
944 2619 1066 2646 manibus

279 2667 386 2702 quidem
401 2665 561 2700 operabatur
573 2672 580 2696 ;
592 2667 620 2690 et
632 2663 726 2698 palmae
747 2671 836 2691 ramos
853 2664 1024 2697 contexebat,
1038 2668 1066 2691 et

279 2713 418 2740 nobiscum
441 2712 521 2737 etiam
537 2709 693 2744 loquebatur
709 2710 832 2745 :reliquo
848 2715 937 2738 autem
960 2711 1065 2745 corpori

280 2765 388 2785 manum
405 2755 547 2783 adhibebat
561 2754 710 2789 chirurgus.
727 2754 791 2781 Erat
803 2759 891 2782 autem
909 2754 955 2782 Dei
970 2755 1066 2789 gratia,

280 2810 312 2830 es
335 2802 462 2837 praeditus
474 2800 610 2836 patientia,
627 2804 656 2827 ut
670 2799 781 2834 perinde
796 2800 905 2827 affectus
920 2801 1066 2833 videretur,

281 2855 312 2874 se
322 2849 345 2875 si
360 2854 456 2883 corpus
468 2847 578 2874 alterius
592 2849 746 2877 secaretur;
764 2849 791 2873 et
803 2852 862 2872 cum
875 2846 932 2880 ejus
948 2846 1066 2874 membra

1095 251 1132 278 ita
1151 249 1249 276 mansit
1268 248 1458 281 immutabilis,
1478 252 1531 274 tam
1548 246 1686 281 insigniter
1699 249 1727 273 et
1739 245 1883 273 admirabia

1095 294 1156 322 liter
1165 299 1223 322 erat
1236 301 1251 321 a
1267 294 1322 321 Deo
1344 293 1499 320 instructus.
1521 292 1588 319 Cum
1609 298 1658 318 nos
1672 294 1773 323 autem,
1786 290 1880 324 inquit,

1095 340 1191 376 partim
1218 347 1393 375 angere-mur,
1409 339 1504 373 partim
1526 345 1590 366 vero
1616 341 1790 369 terreremur,
1812 335 1882 371 quod

1096 386 1162 413 tanti
1177 386 1227 412 viri
1244 385 1306 412 talis
1324 385 1377 411 vita
1391 385 1417 411 in
1433 387 1535 411 tantum
1551 382 1672 410 morbum
1693 381 1843 415 incidisset,
1856 386 1885 409 et

1097 431 1164 458 tales
1177 430 1340 458 medicorum
1355 430 1532 462 exsectioues,
1548 431 1654 456 nostras
1675 432 1765 455 autem
1780 427 1884 462 cogita-

1099 476 1185 503 tiones
1197 476 1324 503 sensisset
1338 475 1432 502 beatus
1444 474 1595 508 Stephanus
1614 473 1718 501 dicebat
1730 473 1808 501 nobis
1824 482 1831 499 :
1848 473 1887 500 No

1099 528 1132 548 ex
1146 521 1195 547 hac
1209 527 1239 547 re
1248 519 1430 550 offendamini.
1445 526 1461 546 o
1472 518 1518 546 ﬁlii
1533 525 1542 551 ;
1566 518 1631 545 nihil
1644 518 1715 545 enim
1729 517 1800 552 quod
1815 517 1886 545 Deus

1100 565 1174 599 facit,
1190 565 1224 592 ad
1237 565 1335 592 malum
1352 571 1467 598 unquam
1484 563 1556 595 facit,
1573 562 1621 590 sed
1635 562 1668 590 ad
1682 563 1780 590 bonum
1796 563 1886 590 finem.

1102 612 1227 640 Fortasse
1248 611 1321 638 enim
1342 611 1460 637 membra
1482 609 1653 637 merebantur
1674 609 1845 643 supplicium,
1861 615 1888 636 et

1101 659 1195 686 melius
1207 662 1248 685 est
1261 665 1293 685 ea
1310 657 1353 684 hic
1367 657 1431 684 dare
1450 663 1552 691 poenas,
1568 663 1646 690 quam
1672 659 1731 689 post
1744 661 1888 683 excessum

1101 713 1133 733 ex
1148 705 1199 731 hoc
1212 703 1307 731 stadio.
1321 703 1387 730 Cum
1399 709 1448 729 nos
1459 709 1523 736 ergo
1534 701 1573 728 sic
1587 704 1628 728 est
1641 701 1760 729 hortatus
1769 720 1778 733 ,
1789 705 1816 727 et
1828 707 1889 727 ver-

1102 750 1143 777 bis
1158 748 1326 776 confirmavit
1339 747 1372 774 ad
1389 746 1568 778 tolerantiam,
1588 745 1730 773 aediﬁcavit
1740 745 1772 772 ad
1788 744 1888 772 fortiter

1104 795 1226 823 ferendas
1239 793 1406 820 afflictiones.
1421 792 1482 819 llaec
1495 795 1583 818 autem
1596 790 1711 822 narravi,
1724 797 1758 818 ne
1769 790 1889 817 videatur

1104 839 1184 867 nobis
1198 839 1324 871 alienum,
1336 837 1441 872 quando
1455 837 1600 865 viderimus
1614 836 1717 871 aliquos
1726 840 1835 864 sanctos
1849 835 1890 862 in-

1072 885 1092 914 B
1106 885 1203 913 cidisse
1215 885 1241 912 in
1253 884 1320 911 tales
1334 883 1510 911 calamitates.

1384 938 1497 966 CAPUT
1511 938 1607 966 XX-Xi.

1284 985 1322 1012 De
1342 984 1446 1012 Valente
1461 984 1528 1019 (75)
1544 985 1587 1019 qui
1607 984 1713 1012 excidit.

1141 1032 1203 1060 Fuit
1223 1031 1329 1066 quidam
1344 1030 1444 1057 Valens
1454 1048 1463 1063 ,
1477 1037 1575 1065 genere
1588 1030 1696 1064 quidem
1711 1030 1885 1064 Palatinus,

1105 1083 1195 1107 mente
1219 1082 1309 1105 autem
1338 1077 1511 1109 Corinthius;
1536 1075 1682 1103 Corinthiis
1702 1076 1773 1103 enim
1798 1076 1891 1103 vitium

1105 1125 1250 1152 inﬁationis
1263 1123 1357 1151 tribuit
1367 1128 1474 1150 sanctus
1486 1122 1593 1156 Paulus,
1607 1121 1698 1149 dicens
1714 1129 1722 1149 :
1737 1121 1771 1149 Et
1786 1128 1834 1149 vos
1849 1122 1892 1148 in-

1105 1172 1159 1199 llati
1174 1172 1239 1198 estis
1250 1171 1273 1206 (Ι
1288 1170 1399 1205 Conv).
1414 1169 1464 1203 Qui
1477 1177 1537 1197 eum
1548 1169 1663 1196 venisset
1673 1169 1700 1196 in
1711 1169 1891 1202 solitudinem,

1107 1219 1163 1253 ipse
1170 1225 1274 1252 quoque
1280 1217 1369 1251 plures
1375 1223 1459 1243 annos
1466 1215 1751 1247 habitavitlnobiscum.
1758 1215 1797 1242 Eo
1804 1219 1892 1242 autem

1112 1263 1240 1297 processit
1246 1261 1388 1296 superbiae,
1400 1265 1427 1288 ut
1433 1261 1560 1296 deceptus
1568 1261 1624 1288 sita
1631 1261 1809 1288 dtemonibus.
1818 1260 1855 1288 Ex
1861 1267 1893 1287 eo

1107 1310 1177 1335 enim
1201 1307 1271 1342 quod
1287 1307 1345 1342 ipse
1361 1306 1484 1341 paulatim
1499 1306 1683 1341 deciperetur,
1709 1305 1772 1333 fecit
1796 1310 1824 1332 ut
1837 1305 1894 1340 ipse

1107 1354 1141 1380 de
1156 1360 1185 1380 se
1199 1352 1338 1387 magnifice
1352 1359 1383 1379 ac
1397 1352 1524 1386 praeclare
1538 1351 1659 1384 sentiret,
1686 1356 1811 1386 tanquam
1833 1358 1893 1378 eum

1107 1406 1139 1425 eo
1164 1403 1333 1425 versarentur
1347 1397 1447 1432 angeli,
1463 1398 1539 1431 eique
1555 1398 1581 1424 iu
1604 1397 1716 1432 singulis
1741 1397 1894 1424 ministeriis

1109 1445 1277 1472 inservirent.
1291 1444 1412 1477 Quodam
1423 1449 1495 1470 certe
1509 1444 1568 1476 die,
1593 1448 1620 1470 ut
1643 1443 1798 1477 narrabant,
1824 1450 1888 1470 cum

1109 1494 1265 1524 operaretur
1279 1490 1305 1516 in
1321 1489 1455 1523 tenebris,
1472 1497 1547 1516 acum
1560 1489 1664 1516 dimisit
1685 1496 1737 1524 qua
1750 1488 1895 1516 consuebat

1110 1539 1242 1569 sportam.
1259 1535 1342 1568 Quam
1364 1542 1424 1563 cum
1445 1536 1502 1569 ipse
1517 1542 1568 1560 non
1585 1534 1739 1568 invenisset,
1754 1534 1857 1561 daemon
1870 1534 1896 1561 ei

1111 1581 1172 1607 fecit
1186 1581 1347 1614 lampadem,
1362 1584 1389 1607 et
1400 1580 1500 1607 invenit
1514 1587 1601 1606 acum.
1614 1579 1671 1606 Hoc
1682 1578 1790 1606 nomine
1802 1585 1896 1606 rursus

1111 1626 1229 1658 inflatus,
1246 1625 1414 1659 magniﬁcam
1430 1625 1464 1652 de
1478 1632 1506 1652 se
1523 1624 1608 1652 induit
1621 1625 1773 1659 opinionem
1785 1644 1794 1657 ,
1810 1628 1836 1650 et
1850 1630 1896 1652 us-

1110 1678 1162 1704 que
1184 1670 1250 1697 adeo
1274 1669 1358 1697 elatus
1373 1675 1424 1702 est,
1450 1674 1479 1696 ut
1501 1670 1581 1697 etiam
1603 1673 1785 1697 contemneret
1808 1668 1896 1703 ipsam

1111 1715 1344 1743 Sacramentorum
1358 1714 1582 1741 communionem.
1596 1714 1660 1741 Cum
1671 1718 1759 1741 autem
1772 1713 1897 1741 Christus

1115 1762 1242 1789 Dominus
1258 1761 1315 1795 ejus
1330 1764 1403 1789 esset
1426 1762 1561 1794 misertus,
1586 1761 1624 1787 sic
1647 1760 1765 1795 providit
1788 1764 1817 1786 ut
1839 1759 1898 1794 ejus

1113 1806 1302 1834 detrimentum
1318 1805 1372 1832 cito
1395 1804 1471 1832 ﬁeret
1494 1804 1664 1831 manifestum
1689 1804 1822 1832 universae
1844 1803 1898 1830 fra-

1114 1852 1242 1879 ternitati.
1268 1851 1370 1878 Accidit
1391 1855 1418 1877 ut
1438 1850 1544 1884 quidam
1571 1849 1707 1876 venientes
1728 1849 1845 1882 hospites
1859 1847 1899 1875 af-

1115 1897 1217 1924 ferrent
1227 1895 1259 1922 ad
1275 1895 1468 1922 fraternitatem
1483 1894 1594 1921 bellaria
1609 1896 1635 1920 in
1649 1893 1800 1920 ecclesiam.
1816 1892 1900 1920 Porro

1114 1948 1201 1970 autem
1217 1950 1277 1970 cum
1297 1948 1343 1968 eas
1357 1941 1506 1975 accepisset
1519 1944 1630 1967 sanctus
1643 1938 1776 1967 Macarius
1790 1937 1900 1973 presby-

1115 1993 1155 2015 ter
1173 1992 1274 2018 noster,
1291 1986 1364 2013 misit
1377 1986 1409 2013 ad
1422 1992 1636 2020 unumquemque
1648 1985 1674 2012 in
1686 1985 1779 2012 cellam
1793 1984 1899 2012 circiter

1116 2033 1254 2069 pugillum,
1271 2032 1338 2058 inter
1352 2038 1419 2066 quos
1429 2030 1509 2058 etiam
1522 2031 1555 2057 ad
1569 2030 1717 2057 Valentem.
1731 2030 1796 2057 Cum
1811 2034 1904 2056 autem.

1116 2078 1265 2113 accepisset
1279 2077 1388 2109 Valens,
1406 2083 1466 2103 eum
1482 2075 1527 2110 qui
1540 2075 1666 2102 attulerat
1681 2074 1841 2102 contumelia
1859 2072 1904 2099 af.

1117 2123 1189 2156 fecit,
1205 2128 1231 2150 et
1247 2122 1408 2154 verberavit,
1418 2126 1445 2149 et
1455 2121 1479 2148 ei
1489 2121 1555 2148 dicit
1569 2128 1576 2146 :
1590 2120 1650 2153 Abi,
1665 2125 1692 2147 et
1716 2120 1758 2146 die
1768 2119 1882 2147 Macario
1892 2129 1901 2147 :

1118 2170 1175 2197 Non
1188 2176 1248 2197 sum
1264 2173 1291 2195 te
1305 2168 1432 2200 deterior,
1449 2171 1478 2194 ut
1492 2173 1520 2194 tu
1534 2166 1567 2193 ad
1582 2173 1626 2194 me
1637 2167 1726 2193 mittas
1739 2165 1904 2193 benedictio-

1118 2222 1176 2242 nes.
1192 2214 1258 2241 Cum
1283 2214 1454 2248 cognovisset
1476 2219 1540 2246 ergo
1561 2216 1669 2246 sanctus
1690 2210 1820 2238 Macarius
1841 2217 1903 2237 eum

1079 2250 1104 2279 ι)
1117 2267 1178 2287 esse
1193 2259 1342 2290 seductum,
1368 2257 1481 2284 accessit
1496 2263 1548 2283 uno
1570 2256 1613 2283 die
1629 2260 1719 2290 postea
1734 2255 1767 2282 ad
1782 2262 1841 2282 eum
1855 2262 1905 2282 ex-

1118 2306 1290 2333 hortandum.
1306 2304 1340 2331 Et
1352 2304 1376 2331 ei
1391 2303 1455 2330 dicit
1468 2311 1476 2329 :
1492 2302 1603 2335 Valens,
1620 2295 1713 2329 illusus
1728 2308 1774 2334 es,
1790 2301 1901 2334 desino,

1119 2351 1255 2385 Deumque
1276 2350 1431 2384 deprecare.
1449 2348 1592 2382 Postquam
1614 2352 1702 2374 autem
1728 2354 1782 2374 non
1797 2346 1904 2374 audivit

1118 2397 1176 2432 ejus
1198 2396 1403 2428 admonitiones,
1431 2395 1542 2422 recessit
1564 2394 1707 2421 admodum
1734 2393 1850 2420 afflictus
1874 2399 1903 2420 et

1120 2450 1236 2470 maerens
1258 2442 1292 2469 ob
1319 2441 1437 2468 Valentis
1452 2441 1566 2467 ruinam.
1583 2440 1647 2467 Cum
1672 2447 1736 2474 ergo
1759 2443 1834 2467 certo
1854 2439 1907 2466 sibi

1120 2488 1296 2523 persuasisset
1314 2486 1435 2519 daemon,
1451 2493 1513 2513 eum
1536 2486 1594 2520 ejus
1615 2485 1764 2520 deceptioni
1792 2485 1908 2513 maxime

1121 2535 1198 2562 fidem
1214 2533 1350 2566 habuisse,
1365 2533 1434 2566 abit,
1450 2536 1477 2560 et
1499 2532 1610 2568 ﬁguram
1635 2532 1784 2560 Servatoris
1801 2531 1905 2565 induit,

1119 2586 1146 2608 et
1160 2585 1239 2607 noctu
1264 2579 1366 2607 accedit
1379 2579 1405 2607 in
1430 2579 1624 2614 phantasmate,
1641 2578 1712 2605 mille
1726 2578 1827 2612 angelis
1841 2578 1909 2605 iam-

1121 2626 1201 2662 padas
1217 2621 1381 2659 tenentibus,
1392 2628 1420 2652 et
1433 2629 1518 2652 rotam
1535 2625 1650 2660 igneam,
1668 2625 1693 2650 in
1708 2631 1760 2658 qua
1775 2624 1847 2651 visus
1866 2628 1910 2651 est

1118 2674 1228 2708 figuram
1241 2673 1391 2707 exprimere
1401 2671 1560 2699 Servatoris.
1574 2670 1699 2705 Unusque
1709 2678 1768 2697 eum
1778 2669 1909 2704 praecedit

1117 2722 1144 2746 et
1158 2718 1223 2745 dicit
1237 2727 1242 2744 :
1266 2717 1388 2745 Christus
1402 2715 1496 2743 dilexit
1509 2721 1583 2744 tuum
1597 2717 1758 2749 institutum,
1783 2720 1911 2750 tuamque

1116 2763 1223 2790 vivendi
1235 2762 1386 2790 libertatem
1397 2767 1424 2789 et
1438 2761 1637 2796 conﬁdentiam,
1653 2766 1679 2789 et
1693 2761 1766 2788 venit
1779 2766 1807 2787 ut
1826 2764 1853 2788 te
1868 2761 1910 2788 vi-

1117 2810 1150 2837 de
1159 2815 1193 2841 ut;
1206 2808 1334 2844 egredere
1347 2815 1408 2843 ergo
1418 2815 1434 2836 e
1446 2808 1524 2841 cella,
1535 2812 1564 2836 et
1574 2808 1639 2835 nihil
1652 2807 1723 2835 aliud
1734 2807 1842 2840 feceris,
1857 2807 1909 2834 nisi

1118 2863 1176 2883 cum
1195 2853 1286 2888 procul
1301 2861 1360 2881 eum
1379 2853 1491 2886 videris,
1507 2855 1685 2886 procumbens
1700 2860 1760 2882 eum
1773 2853 1869 2885 adora.
1883 2857 1910 2882 et
