2077 3154
216 178 226 205 f
231 176 283 205 095

838 178 997 208 HISTORIA
1018 178 1198 207 LAUSIACA.

1761 175 1829 204 109l-

212 236 353 271 ingredere
364 236 392 263 in
406 238 479 262 tuam
493 234 598 262 cellam.
617 215 747 269 [Egressus
762 242 825 270 ergo
838 242 899 262 cum
911 235 994 263 vidis—
1008 239 1034 268 Α
1048 235 1170 264 Accessit
1182 235 1253 263 enim
1269 234 1302 262 ad
1318 234 1419 261 theatra
1435 239 1463 262 et
1482 235 1618 270 equestria
1630 235 1787 270 certamina,
1809 239 1840 264 et

207 286 250 309 set
264 287 421 316 apparatum
448 281 610 315 Iatupadum,
634 281 741 308 circiter
761 289 776 308 a
792 282 878 310 stadio
903 282 997 316 procul

207 326 403 353 Antichristum
431 326 560 352 adoravit.
586 325 645 352 Alio
672 326 761 360 itaque
783 327 828 354 die
851 327 920 354 adeo
948 327 998 354 fuit

209 377 306 398 etnon:
321 372 429 403 mentis,
446 375 473 397 ut
487 371 673 405 ingrederetur
687 372 845 406 ecclesiam,
862 378 888 400 et
903 372 998 400 frater-

208 417 292 443 nitate
316 420 477 451 congrcgata
506 417 630 444 diceret:
647 416 704 452 Ego
731 426 784 445 non
814 418 903 446 habeo
930 426 998 453 opus

207 462 408 494 communione;
419 461 554 489 Christum
564 463 635 489 enim
645 463 699 490 vidi
712 463 800 491 hodie.
813 464 888 491 Tunc
898 465 993 492 Patres

207 514 268 533 eum
292 514 362 533 anno
387 513 440 533 uno
462 506 613 540 vinxerunt,
635 511 664 535 et
685 508 712 536 in
734 508 835 536 ferreos
849 510 997 543 compedes

207 557 389 586 coniecerunt,
401 558 428 578 et
439 557 583 586 curarunt;
600 554 736 587 precibus,
748 555 859 590 ejusque
872 561 997 584 contem-

210 599 316 633 ptione.
327 599 436 632 vitaque
457 600 604 626 austeriore
619 599 791 628 detrahentes
807 602 864 635 ejus
885 609 996 636 persua-

209 646 330 676 sionem;
347 651 409 671 nam
421 664 427 676 ,
444 650 471 671 ut
494 645 601 678 dicitur,
625 646 759 673 contraria
776 648 915 675 contrariis
940 656 997 675 me-

209 690 368 718 dicamentis
381 694 515 718 curantur.

244 735 360 763 Necesse
375 741 418 763 est
440 741 528 764 autem
544 745 636 765 eorum
661 746 766 774 quoque
789 740 833 771 qui
849 746 910 768 sunt
932 742 998 770 tales

210 782 290 808 vitam
306 782 330 808 in
347 782 398 809 ltoc
415 782 483 810 libro
508 783 643 816 inserere,
660 784 692 811 ad
707 786 879 813 securitatem
901 795 994 815 eorum

209 828 252 862 qui
265 828 353 862 legunt
368 836 375 855 :
389 829 455 855 sicut
466 829 546 856 etiam
557 830 656 857 snnctis
667 830 761 864 plantis
772 833 885 859 accessit
896 832 997 868 lignum

210 874 337 908 paradisi,
350 881 446 908 nempe
460 875 574 910 cognitio
586 875 647 903 boni
662 881 689 903 et
703 877 765 904 mali
783 876 858 912 (Gen.
874 880 919 912 tt);
934 883 962 905 ut
974 879 997 906 si

1030 281 1206 308 ‘versabatur
1217 281 1243 307 in
1265 280 1407 314 cauponis;
1432 281 1454 308 is
1476 287 1566 309 autem
1588 288 1649 308 cum
1673 282 1742 316 gula:
1761 289 1836 309 esset

1050 327 1157 353 deditus
1173 331 1199 353 et
1209 326 1344 359 ebrietati,
1360 327 1453 353 incidit
1464 327 1490 353 in
1506 334 1611 354 C(Bnttm
1628 323 1750 355 feminezé
1761 328 1836 363 cupi-

1050 373 1157 404 ditatis;
1171 377 1198 398 et
1212 380 1272 399 cum
1287 379 1398 407 peccare
1412 373 1613 404 constituisset,
1640 380 1700 400 cutn
1718 373 1833 408 quatiam

1051 419 1131 444 mima
1148 418 1253 445 assidue
1276 418 1434 450 collocutus,
1456 418 1531 445 ulcus
1546 425 1621 444 suum
1637 418 1752 452 aperuit.
1767 418 1833 446 Cum

1051 463 1107 490 haec
1121 463 1159 490 sic
1173 463 1282 498 ﬁerent,
1299 463 1393 490 divino
1419 463 1533 497 quodam
1549 463 1659 490 consilio
1684 467 1779 491 enatus
1794 468 1837 491 est

1049 508 1075 535 ei
1089 508 1201 535 anthrax
1226 509 1253 535 in
1274 508 1384 543 glande;
1409 513 1435 536 et
1459 513 1579 543 tempore
1601 510 1725 536 semestri
1751 517 1835 544 usque

1050 553 1117 580 adeo
1144 554 1299 588 tcgrotavit,
1328 558 1356 580 ιιι
1380 555 1438 593 ejus
1464 554 1549 580 virilia
1581 554 1699 580 membra
1729 561 1837 588 compn-

1050 597 1183 631 truerint,
1211 602 1237 625 et
1261 605 1308 624 sua
1342 604 1437 632 sponte
1463 598 1619 625 ceciderint.
1649 597 1713 625 Cum
1745 604 1837 633 postea

1050 648 1139 670 autem
1156 644 1346 674 convaluisset,
1363 651 1486 671 reversus
1508 648 1551 671 est
1563 645 1595 671 ad
1621 645 1672 672 hoc
1686 651 1714 672 ut
1729 653 1759 673 ea
1776 653 1836 672 sen-

1052 689 1113 717 tiret
1128 698 1187 724 quae
1203 690 1249 717 Det
1275 696 1352 722 sunt,
1381 695 1408 717 et
1433 690 1504 717 venit
1520 690 1546 717 in
1572 690 1754 723 solitudinem,
1779 691 1836 719 haec

1050 736 1138 761 omnia
1158 735 1293 763 conﬁtens
1308 735 1441 770 patribus;
1469 740 1497 763 et
1518 743 1578 763 cum
1594 744 1647 762 non
1668 735 1836 771 pervenisset

1051 779 1085 806 ad
1095 779 1290 814 operationem,
1309 780 1399 814 paucis
1414 785 1474 814 post
1489 780 1584 807 diebus
1596 780 1749 808 obdormilt.

1322 835 1436 862 CAPUT
1455 834 1564 861 XXXIII

1263 881 1300 908 De
1317 880 1456 908 Ptolemwo
1468 882 1510 915 qui
1524 881 1626 908 excidit.

209 918 316 952 quando
330 919 472 953 contigerit
486 926 532 946 eos
547 919 572 946 in
601 921 688 955 aliqua
711 929 740 948 re
755 929 783 949 se
799 926 871 949 recte
885 930 995 957 gerere,
1013 925 1036 954 B
1085 924 1159 951 Alius
1173 924 1280 959 quidam
1305 932 1415 959 rursus,
1441 925 1551 952 nomine
1573 925 1747 958 Ptolemaeus,
1773 932 1833 953 cum

211 970 266 990 non
281 970 310 990 se
330 963 442 991 efferant
456 968 484 991 et
497 971 527 992 se
543 964 645 999 iactent
658 965 692 993 de
712 965 819 993 virtute.
839 967 905 994 Nam
929 975 1000 1003 saepe

211 1017 315 1045 quoque
331 1011 414 1038 virtus
429 1011 544 1039 eflicitur
556 1013 662 1040 occasio
677 1014 870 1048 prolapsionis,
894 1016 1001 1049 quando

210 1062 263 1082 non
286 1059 360 1083 recto
382 1063 463 1091 scopo
488 1056 556 1085 facta
579 1057 668 1085 fuerit.
693 1058 826 1092 Scriptum
843 1066 884 1087 est
907 1062 998 1089 enim:

213 1099 272 1127 Vidi
295 1100 397 1135 justum
417 1107 573 1136 pereuntem
590 1104 615 1130 in
631 1110 678 1130 sua
692 1104 792 1138 justitia
815 1105 921 1140 (Eccle.
937 1107 998 1141 ut).

212 1145 240 1173 Id
253 1154 359 1181 quoque
371 1153 413 1174 est
424 1148 536 1175 vanitas.

486 1193 598 1221 CAPUT
618 1195 725 1223 XXXII.

497 1237 534 1265 De
548 1239 633 1266 Eronc
647 1241 714 1276 (74).

249 1282 308 1309 Fuit
322 1283 429 1318 quidam
439 1304 446 1315 ,
463 1284 517 1311 Ero
530 1288 648 1318 nomine,
665 1287 728 1314 milii
752 1288 866 1321 vicinus,
881 1288 998 1316 Alexan-

211 1329 304 1356 drinus
319 1337 434 1364 genere,
453 1331 571 1359 urbanus
595 1333 768 1366 adolescens,
786 1336 857 1361 bono
872 1334 997 1369 ingenio,

211 1375 265 1401 vita
292 1375 417 1403 mundus.
458 1376 511 1410 Qui
555 1378 613 1413 ipse
654 1387 763 1414 qttoque
801 1384 861 1414 post
887 1387 997 1414 magnos

211 1419 315 1446 labores
331 1426 357 1447 et
370 1421 511 1455 prmclaros
525 1423 646 1456 sudores,
662 1424 695 1450 ab
710 1425 860 1459 arrogantia
874 1432 998 1460 arreptus

210 1469 237 1492 et
249 1465 362 1492 elatiOne
375 1486 382 1497 ,
408 1474 527 1500 praeceps
541 1468 607 1498 ruit.
634 1472 660 1494 et
684 1469 812 1496 adversus
837 1475 929 1503 patres
944 1479 992 1498 su—

211 1510 308 1541 perbus
321 1510 407 1536 cvasit
419 1516 446 1537 et
462 1512 588 1543 insolens.
603 1516 630 1551 et
644 1520 703 1539 cum
720 1513 772 1540 illis
785 1514 892 1542 beatum
912 1517 993 1544 etiant

211 1555 352 1589 Evagrium
378 1556 438 1592 [AL
456 1557 599 1584 Macariutn
616 1566 724 1594 quoque
742 1561 944 1597 presbyterum]
959 1563 997 1589 af-

1052 974 1159 996 narratu
1171 969 1316 1001 difﬁcilem,
1339 970 1380 997 vel
1403 970 1489 1004 potius
1500 978 1558 1005 quae
1573 973 1675 999 narrari
1686 980 1738 1000 non
1749 978 1836 1007 potest

1051 1015 1130 1040 vitam
1148 1014 1330 1048 Iransegisset,
1360 1014 1486 1042 habitavit
1505 1015 1581 1042 initio
1596 1016 1665 1043 ultra
1679 1016 1786 1045 Scetem
1807 1017 1835 1044 in

1045 1066 1081 1086 ea
1095 1067 1153 1093 quae
1163 1058 1259 1085 dicitur
1271 1059 1372 1094 κλίμαξ,
1387 1059 1413 1086 id
1427 1063 1470 1086 est
1490 1060 1572 1087 scala.
1595 1060 1643 1087 Est
1661 1066 1747 1089 autem
1762 1062 1836 1089 locus

1051 1105 1096 1138 qui
1113 1104 1151 1131 sic
1164 1104 1264 1131 dicitur
1280 1105 1305 1131 in
1321 1111 1373 1139 quo
1388 1112 1466 1132 nemo
1481 1109 1568 1140 potest
1581 1107 1711 1140 habitare,
1728 1113 1836 1142 propte-

1050 1156 1095 1176 rea
1115 1149 1184 1183 quod
1201 1154 1296 1184 puteus
1310 1157 1436 1184 aquarum
1452 1150 1532 1178 distet
1542 1151 1635 1179 decem
1650 1156 1678 1179 et
1696 1158 1755 1179 octo
1771 1153 1833 1179 mil-

1050 1195 1167 1223 Iiaribus.
1183 1196 1249 1223 Cum
1271 1196 1293 1223 is
1307 1203 1370 1230 ergo
1394 1196 1476 1223 multa
1496 1204 1556 1224 vasa
1582 1198 1672 1224 ﬁctilia
1688 1203 1833 1234 portasset,

1049 1246 1076 1269 et
1097 1242 1236 1269 Decembri
1260 1246 1287 1269 ct
1308 1242 1435 1269 Januario
1460 1250 1552 1271 mense
1575 1251 1662 1270 rorem
1685 1244 1835 1278 collegisset

1049 1287 1102 1322 (est
1118 1288 1188 1314 enim
1205 1289 1363 1322 permultum
1380 1290 1449 1317 roris
1462 1290 1488 1316 in
1504 1290 1555 1317 illis
1570 1289 1700 1327 partibus)
1714 1295 1742 1318 et
1755 1298 1836 1326 spon-

1049 1333 1091 1368 gia
1105 1341 1137 1361 ex
1152 1334 1284 1367 lapidibus
1311 1336 1500 1369 expressisset,
1516 1335 1632 1370 perstitit
1645 1336 1700 1364 illic
1712 1338 1834 1365 habitans

1049 1386 1131 1406 annos
1165 1380 1326 1414 quindecim.
1365 1380 1415 1414 Qui
1444 1381 1607 1409 abalienatus
1628 1390 1642 1409 a
1663 1383 1782 1410 doctrina
1810 1388 1834 1411 ει

1049 1425 1239 1458 congressione
1273 1425 1392 1453 virorum
1421 1432 1572 1454 sanctorum
1608 1432 1634 1454 et
1662 1427 1775 1456 utilitate
1809 1435 1835 1456 et

1048 1471 1173 1497 continua
1199 1478 1426 1499 sacramentorum
1468 1473 1681 1506 communione,
1711 1481 1727 1501 τι
1764 1479 1836 1502 recta

1050 1517 1091 1543 via
1120 1523 1203 1551 usque
1224 1517 1290 1544 adeo
1311 1518 1433 1550 recessit,
1459 1522 1487 1544 ut
1510 1517 1579 1552 quod
1606 1518 1725 1545 nonnulli
1747 1519 1836 1547 dicunt

1049 1562 1142 1596 impii,
1166 1569 1227 1589 casu
1243 1562 1330 1589 omnia
1360 1562 1429 1595 ﬁeri,
1457 1563 1480 1589 is
1504 1570 1608 1598 quoque
1622 1563 1711 1590 infelix
1724 1562 1750 1591 id
1766 1564 1835 1592 fate-

211 1602 274 1629 fccit
287 1604 465 1635 contumelia,
482 1604 574 1631 dicens
588 1613 594 1631 :
606 1605 655 1638 Qui
671 1610 720 1633 tua:
742 1606 871 1634 doctrina:
887 1613 995 1642 parent,
1011 1604 1034 1636 C
1050 1613 1133 1640 retur,
1157 1607 1279 1635 daamoce
1306 1608 1406 1635 erroris
1430 1608 1555 1643 deinceps
1577 1609 1602 1635 in
1616 1617 1676 1636 eum
1697 1609 1835 1637 obtinente

210 1647 392 1683 decipiuntur;
412 1657 464 1676 non
476 1655 579 1684 oportet
595 1651 665 1677 enim
678 1652 744 1679 alios
755 1653 897 1687 magistros
907 1660 996 1681 atten-

210 1693 272 1720 dere
287 1699 383 1728 praeter
397 1694 544 1723 Christum.
561 1696 666 1724 Abusus
680 1701 721 1724 est
736 1702 823 1724 autem
838 1699 990 1726 testimonio

209 1746 314 1773 quoque
326 1739 360 1766 ad
373 1748 525 1773 perversum
540 1748 650 1775 scopum
667 1750 722 1769 sua:
733 1743 849 1770 stultitia:
859 1765 867 1776 ,
884 1744 976 1772 dicens
989 1753 996 1771 :

210 1784 248 1811 Ne
263 1785 420 1811 vocaveritis
433 1786 588 1819 magistrum
601 1794 683 1820 super
691 1791 788 1814 terram
805 1788 911 1822 (Matth.
926 1790 997 1824 xxv).

212 1830 260 1862 Qui
276 1830 332 1863 ipse
347 1838 453 1864 quoque
476 1837 592 1857 mentem
608 1831 676 1858 adeo
691 1831 781 1859 habuit
795 1833 998 1862 obtencbratam

213 1882 280 1900 vana
296 1876 466 1908 persuasione
481 1883 536 1902 suae
551 1876 683 1910 opinionis
693 1897 700 1908 ,
718 1881 746 1903 ut
759 1876 839 1904 fuerit
855 1880 998 1906 etiam‘fer-

213 1928 244 1948 ro
269 1922 373 1947 vinctus
397 1929 456 1948 cum
482 1921 564 1948 nollet
591 1923 736 1950 convenire
760 1925 792 1950 ad
816 1929 996 1951 sacramenta.

213 1968 306 1994 Amica
320 1972 406 1994 atttem
423 1969 529 1994 veritas.
547 1968 636 1994 Fuitis
647 1969 707 1995 vitre
720 1969 838 1996 instituto
850 1970 994 1997 admodum

213 2013 300 2039 subtili
317 2017 343 2040 et
357 2017 494 2044 accurato.
509 2013 576 2040 atleo
588 2019 616 2040 ut
626 2014 703 2041 multi
716 2015 814 2047 dicant,
826 2016 923 2049 quibus
938 2023 998 2043 cum

212 2065 245 2085 co
259 2058 411 2085 intercesit
428 2059 615 2092 consuetudo,
637 2060 706 2093 quod
721 2068 792 2095 saepe
807 2069 859 2088 non
874 2061 924 2088 nisi
940 2068 999 2096 post

214 2108 268 2130 tres
283 2111 388 2130 nienses
413 2104 580 2137 comedebat,
595 2110 734 2132 contentus
750 2107 937 2133 communione
958 2115 999 2133 sa—

214 2155 419 2182 cramentorum,
435 2155 461 2177 et
473 2151 556 2177 sicubi
577 2151 600 2177 ei
615 2151 783 2185 apparuisset
801 2153 859 2179 olus
882 2158 997 2186 agreste.

215 2196 312 2229 Accepi
337 2200 424 2222 autent
450 2203 499 2230 ego
523 2203 628 2230 quoque
652 2197 710 2228 ejus
732 2197 924 2230 expetit-titiam
939 2196 1004 2224 rant'

218 2241 296 2268 beato
310 2241 418 2274 Albino,
441 2249 500 2268 cum
525 2242 590 2268 irem
615 2242 641 2267 in
657 2241 887 2270 Sectemzaheiat
910 2247 998 2269 autem

1049 1653 1202 1687 imperium.
1230 1654 1277 1680 llic
1307 1654 1377 1681 enim
1401 1654 1524 1681 inimictts
1552 1662 1620 1681 vano
1645 1655 1705 1682 huic
1733 1655 1833 1682 homini

1049 1700 1196 1733 suggessit,
1213 1703 1242 1725 ut
1256 1699 1355 1726 diceret
1369 1707 1412 1726 res
1427 1700 1526 1726 nullam
1547 1699 1588 1726 hai
1599 1707 1645 1727 ere
1669 1701 1812 1727 essentiam
1826 1709 1833 1733 ;

1050 1746 1095 1771 sed
1118 1745 1226 1771 omnino
1253 1751 1313 1771 esse
1328 1745 1416 1770 omnia
1436 1751 1469 1771 ex
1485 1752 1517 1771 eo
1544 1745 1613 1779 quod
1641 1746 1755 1772 mundus
1780 1744 1835 1772 fer-

1050 1794 1125 1815 retur
1147 1797 1193 1815 sua
1211 1794 1315 1823 sponte.
1331 1789 1358 1815 lu
1374 1788 1451 1822 hujus
1477 1797 1541 1823 ergo
1565 1790 1680 1816 animam
1706 1790 1764 1817 time
1787 1791 1835 1817 im-

1050 1834 1123 1860 misit
1148 1835 1265 1860 omuium
1289 1835 1351 1861 vita:
1376 1834 1476 1865 hostis,
1498 1835 1710 1863 dicendo:Cnm
1737 1845 1780 1864 res
1799 1838 1834 1863 ita

1050 1887 1080 1906 se
1105 1879 1235 1911 habeant,
1265 1879 1327 1913 qttid
1354 1879 1452 1906 frustra
1481 1881 1593 1914 tcipsutn
1623 1882 1686 1908 foris
1721 1882 1832 1910 domas?

1050 1924 1179 1957 Quidnam
1201 1929 1226 1950 te
1253 1924 1370 1958 juvabit,
1392 1923 1550 1958 Ptolemaee,
1567 1925 1588 1952 si
1615 1932 1668 1952 non
1688 1926 1723 1953 sit
1746 1933 1835 1953 remu-

1052 1969 1170 1997 neratio?
1185 1969 1312 2002 Quaenam
1337 1973 1423 1996 autent
1441 1969 1487 1996 tibi
1513 1970 1649 1998 sufficeret
1672 1979 1774 1998 merces
1798 1977 1837 1999 tot

1051 2020 1079 2042 ct
1104 2018 1235 2041 tantorum
1252 2014 1387 2044 laborum.
1403 2015 1507 2041 etiamsi
1530 2019 1602 2042 esset
1625 2015 1669 2050 qui
1694 2015 1837 2044 redderet?

1052 2061 1192 2094 Quodnam
1217 2066 1304 2087 autem
1328 2065 1371 2087 est
1382 2060 1510 2095 judicium
1526 2061 1595 2095 quod
1616 2062 1749 2089 minantur
1764 2063 1837 2089 Scri-

1053 2112 1146 2140 pturze.
1163 2107 1184 2133 si
1201 2107 1272 2132 nulla
1286 2106 1319 2133 sit
1333 2106 1518 2139 providentia?
1530 2105 1576 2133 llis
1586 2107 1712 2134 satanicis
1723 2107 1837 2135 circum-

1051 2157 1142 2185 septus
1155 2151 1358 2185 cogitationibus
1374 2151 1539 2178 miserrimus
1555 2152 1725 2184 Ptolemaeus,
1738 2152 1838 2181 dicitur

1051 2204 1111 2224 esse
1123 2203 1218 2223 emotae
1233 2196 1329 2223 mentis
1340 2217 1347 2229 ,
1363 2200 1390 2223 et
1405 2196 1540 2231 hucusque
1554 2205 1644 2225 errare
1665 2197 1691 2224 iu
1706 2198 1837 2233 Egypto,

1052 2249 1079 2270 ct
1094 2244 1210 2277 seipsuttt
1225 2243 1359 2270 dedidisse
1372 2243 1441 2277 gula:
1456 2248 1483 2270 et
1503 2243 1640 2276 ebrietati,
1656 2251 1715 2271 cum
1733 2246 1838 2272 nemine

215 2287 294 2314 Scete
310 2295 324 2313 a
340 2287 416 2314 nobis
427 2288 598 2321 quadraginta
617 2288 680 2314 milli
691 2288 782 2314 Iriltns.
799 2287 826 2314 Iu
839 2289 878 2315 his
890 2289 1000 2323 quadra-
1017 2288 1040 2317 D
1054 2289 1278 2320 eottversans,setl
1288 2293 1375 2315 mutus
1387 2288 1472 2314 forum
1485 2289 1588 2321 obiens,
1601 2290 1752 2317 miserabile
1765 2296 1790 2316 et
1805 2290 1838 2316 la-

213 2336 285 2368 ginta
301 2333 460 2360 milliaribus
476 2340 525 2359 nos
544 2332 586 2359 bis
602 2333 776 2363 comedimus,
801 2338 826 2360 ct
851 2337 890 2359 tcr
903 2341 996 2367 aquam

216 2379 347 2410 bibimus;
364 2378 408 2405 ille
424 2385 485 2404 vero
501 2385 560 2404 cum
586 2378 648 2404 nihil
670 2382 799 2411 gustasset
816 2379 895 2411 pedes
912 2380 999 2411 ingre-

216 2425 307 2457 diens,
329 2423 511 2458 pronuntiavit
527 2424 682 2450 memoriter
701 2423 850 2457 quindecim
868 2423 997 2457 psalmus,

214 2470 312 2496 deinde
334 2477 458 2504 magnum
476 2470 617 2503 psalmum,
633 2468 729 2495 deinde
743 2469 881 2501 cpismlam
899 2468 931 2494 ad
949 2470 1000 2495 Ile-

212 2515 308 2548 brmos,
322 2515 418 2542 deinde
439 2515 575 2548 lsaiam,et
586 2520 684 2549 partem
697 2516 912 2549 proplicticorum
922 2514 999 2541 Jerc-

211 2562 280 2593 litim,
292 2561 389 2588 deinde
402 2561 497 2587 Lucam
513 2560 720 2594 Evangelistatn,
736 2560 831 2587 deinde
842 2559 997 2587 Proverbia.
1011 2557 1016 2563 ’

212 2607 278 2633 Eum
288 2611 377 2632 autent
393 2605 572 2632 ambulantem
589 2613 640 2631 non
656 2611 807 2638 poteramus
819 2605 956 2639 consequi.
975 2605 998 2631 Is

212 2657 349 2686 postremo
363 2656 485 2684 arreptus
500 2658 514 2677 a
527 2652 588 2676 mali
605 2650 908 2684 tlzemmiisoperatiOne,
918 2655 946 2677 ut
954 2650 998 2684 qni

212 2704 336 2734 ageretur
348 2697 381 2723 ab
395 2697 454 2730 igne
463 2697 705 2728 tcltemcntissinm,
716 2697 740 2722 in
755 2704 801 2722 sua
814 2697 920 2730 quidem
932 2697 998 2722 cella

212 2745 305 2770 sedere
328 2750 380 2769 non
408 2747 510 2776 poterat
530 2751 536 2768 :
553 2741 687 2775 proiecms
698 2746 786 2769 autent
799 2742 998 2773 Alexandriam,

213 2787 302 2815 divino
333 2788 447 2822 quodam
483 2787 595 2814 consilio
627 2788 728 2814 clavum
764 2788 836 2814 clavo
875 2789 998 2814 extrusit.

214 2833 266 2860 Sua
282 2837 374 2867 sponte
389 2835 460 2861 enim
474 2832 565 2860 incidit
579 2833 604 2859 in
615 2834 794 2867 promiscuum
809 2837 835 2860 et
846 2833 1000 2860 indifferen-

215 2883 266 2906 tem
282 2885 371 2905 rerum
386 2886 473 2912 usum,
488 2878 595 2906 inventa
606 2883 697 2913 postea
712 2879 797 2907 salute
809 2879 998 2908 involuntaria.

1050 2333 1195 2367 crymabilc
1218 2332 1399 2366 spectaculum
1413 2332 1622 2359 Christianorum
1643 2334 1728 2360 oculis
1739 2354 1747 2366 ,
1764 2334 1834 2360 Indi-

1051 2378 1137 2405 brium
1160 2383 1246 2405 autem
1264 2378 1295 2405 iis
1310 2379 1353 2413 qui
1376 2377 1456 2406 vitam
1473 2385 1591 2405 nom-am
1615 2380 1749 2406 nesciunt.
1773 2380 1837 2407 llzcc

1051 2429 1139 2450 autem
1154 2423 1291 2450 calamitas
1303 2423 1505 2450 immedicabilis
1521 2423 1645 2450 miserttm
1661 2424 1756 2450 invasit
1771 2424 1833 2452 Pto-

1052 2469 1185 2500 lemaeum,
1209 2476 1240 2495 ex
1267 2468 1379 2495 rationis
1403 2472 1512 2502 experte
1537 2469 1650 2501 quadam
1675 2470 1836 2503 arrogantia,

1053 2513 1122 2548 quod
1146 2521 1161 2540 ιι
1182 2513 1321 2540 sednctore
1345 2514 1466 2540 daemone
1491 2513 1597 2544 illusus,
1619 2513 1784 2541 existimaret
1809 2523 1839 2542 se

1054 2560 1165 2587 scientia
1192 2560 1292 2594 pollere
1315 2566 1394 2593 super
1418 2566 1511 2586 omnes
1531 2563 1636 2585 sanctos
1662 2558 1774 2586 Patres:
1792 2569 1840 2593 per

1052 2612 1130 2639 quam
1153 2605 1273 2636 inflatus,
1298 2605 1338 2631 sui
1355 2605 1437 2637 ipsius
1452 2604 1545 2634 hostis.
1564 2612 1683 2639 praeceps
1703 2605 1781 2632 datus
1795 2611 1838 2634 est

1053 2652 1078 2678 in
1092 2651 1250 2686 profundum
1263 2651 1397 2683 interitus,
1414 2658 1473 2677 cum
1489 2651 1587 2677 nullum
1603 2658 1717 2684 unquam
1733 2658 1834 2678 conve-

1054 2696 1136 2722 nisset
1149 2703 1181 2722 ex
1199 2695 1297 2721 sanctis
1314 2695 1437 2722 Patribus
1449 2694 1493 2729 qui
1515 2695 1648 2729 sapienter
1669 2695 1837 2729 gubernave-

1053 2744 1123 2773 rant,
1142 2747 1190 2766 nec
1205 2747 1298 2766 eorum
1324 2739 1403 2766 fuerit
1419 2739 1543 2766 fundatus
1567 2739 1677 2773 spiritali
1699 2740 1835 2773 doctrina;

1052 2787 1098 2814 sed
1114 2787 1237 2813 inventus
1250 2787 1350 2819 absone
1361 2786 1549 2820 gubernatore,
1566 2787 1592 2813 in
1604 2791 1751 2813 extremum
1766 2794 1838 2815 mor-

1053 2832 1087 2858 tis
1101 2831 1258 2865 profuudutn
1275 2831 1387 2865 cecidit,
1403 2835 1429 2858 ct
1443 2831 1510 2858 sicut
1525 2831 1604 2859 arbor
1625 2831 1754 2860 viridibus
1767 2832 1838 2860 foliis

1052 2883 1167 2911 comata,
1185 2881 1212 2905 ct
1227 2877 1358 2904 fructibus
1372 2880 1477 2910 ornata,
1492 2885 1551 2911 qua:
1566 2884 1621 2906 uno
1635 2878 1762 2913 temporis
1776 2885 1837 2906 mo-
