2077 3154
254 174 323 203 i095

984 173 1142 202 PALLADII

1810 172 1880 202 I046

258 243 349 266 mento
361 239 485 266 omnibus
497 239 575 266 simul
592 244 631 267 est
647 241 758 272 nudata.
783 240 884 268 reddita
899 245 941 268 est
954 240 1039 268 arida.
1054 241 1078 270 Α
1092 239 1134 267 fer
1155 237 1334 269 affectionem.
1350 240 1379 263 ut
1393 243 1483 263 earum
1499 242 1589 262 curam
1605 241 1694 269 geram
1715 237 1746 261 ut
1766 234 1882 269 postulat

258 284 324 313 ham
338 290 366 313 ut
380 286 507 320 scriptum
519 290 560 313 est
573 294 580 312 :
591 286 693 320 Quibus
707 294 758 313 non
774 291 816 314 est
827 287 1002 322 gubernatio,
1022 285 1039 313 ii

257 331 355 359 cadunt
370 337 398 358 ut
412 332 472 358 folia
486 331 575 367 (Prov.
587 332 635 367 χι).

527 388 639 415 CAPUT
659 389 766 416 XXXV.

530 433 567 459 l)e
581 435 676 469 t't'rgt'ne
688 435 770 469 lapsa.

293 476 357 502 Novi
373 483 465 503 rursus
479 477 619 510 quamdam
635 479 760 512 virginem
777 477 964 512 Ierosolymis,
981 484 1040 511 qua:

258 528 363 547 saccum
381 521 494 555 gestavit
516 522 645 549 sexennio
667 543 676 557 ,
723 524 751 548 et
798 519 847 546 fuit
906 520 1008 548 inclusa
1032 530 1039 554 ;

255 574 304 593 nec
313 567 410 600 aliquid
423 567 524 601 accepit
535 575 567 594 ex
580 566 613 594 iis
623 574 680 600 quae
692 565 805 593 tendunt
819 565 852 592 ad
865 565 1038 599 voluptatem,

256 611 302 638 sed
318 620 449 638 summam
470 612 664 639 continentiam
685 611 809 638 exercuit
823 611 894 637 inter
916 609 1040 637 feminas.

255 656 349 684 Postea
365 662 452 684 autem
469 666 482 683 a
500 657 591 684 divino
604 657 708 684 deserta
731 656 830 683 auxilio
845 659 953 689 propter
966 662 1040 681 sum-

255 712 325 731 mam
345 702 496 738 superbiam
512 711 571 738 qua:
590 703 720 729 malorum
745 702 863 729 omnium
878 705 920 728 est
934 701 1038 733 nutrix,

253 749 325 783 lapsa
340 755 396 781 est,
412 754 437 775 et
452 754 543 782 aperta
560 748 675 775 fenestra
700 747 807 774 admisit
822 754 882 773 eum
898 746 941 780 qtti
957 746 981 773 ei
998 745 1040 772 itt-

253 796 396 827 serriebat,
411 801 437 822 et
456 802 518 822 cum
543 802 576 821 eo
591 794 640 821 fuit
654 794 816 826 commixta;
833 801 866 821 eo
890 792 961 828 quod
988 799 1040 819 non

253 841 342 868 divino
359 842 493 876 proposito
507 846 534 869 et
549 849 582 869 ex
596 842 728 868 charltate
751 848 780 868 se
801 843 976 874 exercuerat,
992 839 1041 866 sed

253 893 279 914 ut
293 887 414 915 humana:
428 895 515 915 saeua:
530 888 653 919 servire',
677 888 747 922 quod
771 887 878 922 quidem
902 891 943 913 est
965 893 1039 912 vanze

253 934 343 967 gloriae
358 939 385 961 et
400 935 472 968 pravi
494 934 616 961 instituti.
633 919 699 960 Nam
721 919 786 960 cum.
797 933 855 966 ejus
872 932 920 967 pia:
935 931 1037 965 cogita-
1057 920 1079 951 Β
1094 919 1125 946 Vi

254 979 339 1005 tiones
354 984 488 1012 occupata:
502 984 593 1006 essent
608 979 633 1006 in
647 978 804 1006 damnandis
820 979 895 1010 aliis,
912 977 1038 1005 incitare-

256 1031 300 1052 tur
321 1030 408 1052 autem
426 1024 516 1052 furore
531 1033 545 1052 a
561 1026 683 1052 daemone
697 1025 839 1059 superbiae,
856 1032 941 1059 eoque
965 1024 1040 1050 valde

254 1071 441 1104 delectaretur,
457 1071 490 1102 ab
505 1078 536 1098 ea
558 1071 671 1098 recessit
688 1075 796 1098 sanctus
818 1070 927 1105 angelus
949 1075 1040 1096 custos

254 1120 388 1150 temperan
393 1116 444 1143 tite.

291 1162 352 1189 Ideo
363 1167 451 1190 autem
465 1171 508 1190 St'r
519 1163 630 1197 psimns,
648 1169 664 1189 ο
685 1164 800 1189 virorum
825 1162 991 1194 ﬁdelissime,
1013 1165 1042 1189 et

253 1208 332 1234 vitam
345 1215 436 1235 corum
452 1209 495 1243 qui
511 1216 540 1235 se
556 1214 627 1235 recte
641 1212 667 1235 et
682 1215 714 1236 ex
726 1208 823 1235 virtute
843 1211 994 1242 gesserunt,
1016 1211 1042 1233 et

254 1262 343 1281 eorum
360 1253 403 1287 qui
428 1258 487 1287 post
509 1254 606 1280 multos
621 1253 724 1279 labores
746 1260 793 1286 per
811 1253 894 1279 otimn
911 1257 938 1280 et
952 1260 1043 1279 socor-

254 1301 323 1326 tliam
337 1307 350 1325 a
365 1307 469 1326 sunnno
483 1304 510 1326 et
523 1298 717 1333 perfectissimo
728 1299 788 1325 vita:
801 1298 922 1326 instituto
933 1295 1043 1326 excide-

255 1351 327 1379 runt,
345 1346 414 1380 capti
429 1353 443 1372 a
465 1345 571 1372 diabolo
586 1352 666 1372 omne
681 1352 763 1380 genus
786 1345 896 1380 laqueis,
920 1349 949 1371 ut
962 1351 1043 1371 unus-

254 1393 363 1426 quisque
378 1399 411 1418 cx
429 1398 484 1417 sua:
499 1391 560 1417 vita:
580 1391 702 1417 instituto
718 1391 867 1425 intelligens
881 1391 985 1418 occulta
1002 1398 1044 1417 re-

254 1437 288 1464 tia
305 1437 387 1463 hostis
410 1436 551 1468 bonorum,
577 1435 659 1470 fugiat
683 1436 741 1470 ejus
754 1437 873 1471 laqueos.
901 1435 968 1463 Cum
992 1437 1046 1463 sint

251 1489 316 1517 ergo
327 1482 413 1514 multi,
427 1482 497 1515 iique
508 1483 595 1515 magni
609 1481 657 1508 viri
668 1486 694 1508 et
709 1481 843 1513 mulieres.
860 1481 903 1516 qui
919 1481 952 1508 ab
967 1480 1044 1508 initio

252 1536 282 1557 se
296 1533 368 1554 recte
380 1531 520 1562 gesserunt
536 1527 560 1553 itt
574 1527 686 1553 honesto
699 1527 818 1554 instituto
832 1527 1044 1559 exercitationis,

256 1573 360 1600 tandem
375 1578 462 1600 autem
482 1572 589 1599 fuerunt
614 1572 701 1599 eversi
720 1573 847 1599 radicitus
875 1572 909 1599 ab
923 1573 1043 1600 omnium

255 1619 389 1645 hominum
403 1618 571 1649 adversario;
586 1625 618 1644 ex
635 1617 725 1644 multis
747 1619 814 1645 facta
827 1618 962 1646 mentione
977 1626 1042 1652 pau-

253 1672 355 1698 corum,
373 1665 500 1699 plurimos
514 1664 657 1699 praeteribo
671 1664 787 1696 silentio,
801 1669 830 1691 ut
847 1664 891 1698 qui
907 1671 991 1698 neque
1005 1665 1041 1699 ip-

254 1717 300 1738 sos
314 1710 425 1745 erigam,
443 1718 528 1745 neque
544 1710 608 1736 mihi
631 1710 740 1744 prosim,
762 1709 824 1736 dum
842 1710 867 1736 in
884 1710 917 1736 iis
932 1710 1043 1737 multum

258 1757 395 1789 immoror,
411 1760 437 1783 ct
457 1757 570 1783 exitnios
584 1756 683 1782 Christi
708 1755 822 1782 athletas
848 1755 964 1789 negligo,
991 1763 1043 1782 non

257 1809 368 1830 narrans
378 1802 490 1829 virtutes
505 1802 603 1829 divinae
614 1809 705 1828 eorum
721 1801 931 1829 exercitationis.

527 1846 640 1874 CAPUT
662 1846 770 1875 XXXV.

513 1892 570 1919 Vita
594 1893 693 1920 abbatis
719 1891 795 1919 Elite.

291 1938 363 1966 Elias
382 1938 488 1973 quidam
514 1939 630 1973 optimus
646 1939 818 1970 exercitator,
844 1938 892 1965 fuit
915 1937 1044 1972 virginum

257 1985 464 2017 amantissimus,
474 1991 565 2011 curam
577 1992 671 2019 gerens
683 1983 963 2019 partisimbecillioris.
976 1984 1045 2011 Sunt

257 2030 330 2057 enim
353 2031 419 2057 tales
443 2031 550 2064 animas,
570 2030 666 2064 quibus
690 2030 741 2057 fert
764 2030 825 2056 linis
851 2029 1044 2060 testimonium,

258 2076 326 2111 quod
341 2076 366 2103 id
382 2076 480 2103 faciant
490 2083 523 2103 ex
535 2076 643 2102 virtute.
659 2075 683 2102 Is
697 2083 757 2102 cum
781 2075 904 2101 misertus
920 2080 989 2101 esset
1002 2081 1045 2100 or-

258 2121 325 2147 dinis
336 2121 491 2148 fetninarum
503 2128 561 2155 qua:
576 2127 606 2147 Se
617 2124 757 2154 exercent,
772 2120 880 2147 haberet
894 2123 983 2146 autern
1000 2118 1038 2145 fa-

258 2168 369 2195 cultates
383 2166 410 2193 in
426 2167 536 2193 Athribe
552 2165 618 2202 [Al.,
631 2164 756 2200 Athlebe]
769 2165 887 2195 civitate,
903 2164 1046 2191 aedificavit

258 2220 383 2247 magnum
402 2211 604 2246 monasterium,
629 2214 657 2237 et
682 2211 736 2237 illic
759 2211 928 2244 congregavit
953 2217 1046 2237 omnes

258 2265 317 2293 quae
331 2257 458 2285 errabant
472 2257 598 2291 virgines,
618 2260 813 2290 consequenter
840 2262 932 2282 earum
947 2255 974 2282 in
990 2263 1046 2282 orn-

1093 284 1171 310 ratio.
1184 282 1249 311 Cum
1263 282 1352 310 fuisset
1367 289 1430 316 ergo
1444 287 1563 313 vespera,
1575 287 1635 307 eum
1647 286 1758 306 somnus
1767 286 1879 315 oppres-

1093 329 1127 356 sit
1143 329 1168 355 in
1182 328 1332 355 solitudine.
1350 327 1492 354 Venientes
1515 331 1603 352 autem
1628 325 1660 351 ad
1676 332 1737 352 eutn
1753 329 1807 352 tres
1825 331 1879 352 anu

1092 374 1155 409 geli,
1169 378 1198 400 ut
1221 374 1278 408 ipse
1302 373 1366 400 milii
1390 372 1516 402 narravit.
1532 378 1592 398 eum
1608 370 1766 402 retinentes,
1793 369 1818 397 ei
1839 369 1880 397 di-

1091 425 1156 447 cunt
1171 427 1179 446 :
1195 418 1249 446 Cur
1263 417 1349 446 exiisii
1378 425 1411 444 ex
1436 416 1596 443 monasterio
1620 414 1798 442 feminarum?
1815 415 1879 442 Item

1093 464 1182 498 itaque
1201 463 1240 490 eis
1254 462 1380 493 narravit,
1396 461 1487 488 dicens
1504 469 1510 486 :
1527 460 1615 486 Timui
1630 466 1663 486 ne
1675 463 1702 486 et
1721 459 1780 486 illas
1801 459 1880 486 laede-

1092 518 1148 538 retn
1164 514 1190 537 et
1209 509 1350 543 meipsum.
1373 508 1468 535 Dicunt
1481 507 1506 533 ei
1528 505 1632 540 angeli:
1655 505 1684 533 Si
1700 510 1725 532 te
1739 511 1802 539 ergo
1817 505 1882 531 Iibe-

1093 556 1240 583 raverimus
1254 555 1288 581 ab
1304 554 1353 581 hac
1368 553 1518 586 afl‘ccrionc,
1540 552 1649 584 redibis,
1671 556 1697 578 et
1717 558 1809 578 earum
1832 558 1881 577 cu-

1092 608 1149 627 ram
1164 600 1259 635 geres?
1274 600 1320 626 llis
1335 606 1459 626 assensus
1474 602 1525 625 εει.
1547 598 1587 624 Ab
1598 604 1629 624 eo
1644 601 1731 623 autem
1745 595 1882 631 jusjuran-

1092 646 1155 673 dum
1170 646 1299 679 exigunt:
1327 645 1452 671 narrabat.
1477 648 1566 670 autem
1591 642 1790 676 jusjurandum.
1814 641 1880 669 Jura

1093 691 1169 718 nobis
1181 692 1231 717 tale
1240 689 1424 725 jusjurandum
1443 697 1449 716 :
1466 689 1516 716 I’cr
1530 696 1590 715 eum
1604 688 1648 722 qui
1664 688 1716 714 mei
1731 695 1822 714 curam
1833 695 1881 721 ge-

1092 737 1137 768 rit,
1150 743 1242 763 earum
1255 742 1346 762 curam
1364 742 1466 769 gerant.
1482 734 1538 760 Hoc
1552 733 1592 760 eis
1609 732 1718 767 jnravit.
1743 731 1818 758 Tunc
1831 739 1882 758 an-

1091 782 1144 816 geli
1158 789 1219 809 eum
1245 784 1410 808 tenuerunt:
1440 787 1507 806 unus
1533 785 1637 810 manus,
1658 782 1685 804 et
1700 777 1768 804 alter
1788 776 1881 810 pedes.

1093 828 1187 855 tertius
1206 831 1294 853 autem
1315 831 1423 859 accepta
1439 824 1566 852 novacula
1580 822 1678 851 excidit
1700 821 1757 856 ejus
1775 820 1882 848 testicu-

1091 874 1132 900 los
1143 878 1267 907 tanquam
1278 872 1304 899 in
1316 871 1426 904 exstasi,
1439 878 1491 898 non
1505 877 1578 901 vere,
1587 868 1634 896 sed
1645 867 1757 902 quadam
1768 867 1881 894 visione.

1127 926 1172 946 sus
1186 923 1229 945 est
1241 924 1305 952 ergo
1319 917 1346 944 in
1370 917 1414 943 illa
1428 916 1528 944 exstasi
1544 915 1626 942 veluti
1641 914 1745 941 excisus
1761 912 1843 939 fuisse
1855 914 1884 938 et

1089 968 1208 991 curatus.
1223 963 1288 990 Post
1302 962 1353 989 hoc
1371 962 1535 995 interrogant
1557 960 1642 994 ipsum
1666 959 1765 994 angeli,
1786 957 1881 984 dicen-

1090 1013 1154 1036 tes:
1179 1008 1293 1036 Sensisti
1321 1007 1463 1034 utilitatem
1488 1004 1621 1039 aliquam?
1649 1004 1696 1031 Eis
1725 1003 1790 1030 dicit
1814 1001 1880 1028 ille:

1090 1053 1175 1081 Valde
1190 1060 1311 1087 magnam
1323 1051 1412 1084 accepi
1428 1046 1584 1082 utilitatem;
1599 1048 1676 1076 valde
1695 1048 1766 1075 enim
1779 1047 1883 1074 levatus

1093 1106 1164 1131 sum,
1179 1102 1206 1124 ct
1222 1103 1376 1131 persuasum
1390 1095 1475 1122 habeo
1490 1102 1532 1122 me
1546 1102 1604 1121 esse
1619 1093 1757 1120 liberatum
1768 1099 1783 1119 a
1793 1091 1883 1119 labore

1091 1147 1118 1170 et
1130 1141 1278 1169 affectione.
1303 1141 1377 1167 'I‘uuc
1401 1139 1486 1174 angeli
1502 1139 1525 1166 ei
1546 1139 1657 1166 dicunt:
1681 1138 1732 1165 Abi
1757 1144 1822 1171 ergo
1849 1137 1883 1163 ad

1092 1193 1165 1215 tuutn
1180 1186 1380 1214 monasterium.
1395 1185 1526 1212 Reversus
1537 1188 1578 1211 est
1589 1187 1677 1210 autem
1692 1187 1750 1217 pOst
1763 1182 1882 1216 quinque

1093 1234 1161 1265 dies,
1177 1240 1236 1260 eum
1248 1233 1354 1266 lugente
1366 1235 1421 1258 toto
1435 1230 1608 1261 monasterio,
1620 1233 1648 1256 et
1660 1230 1731 1256 intus
1747 1229 1882 1262 ingressus

1095 1284 1151 1312 est;
1161 1283 1240 1313 atque
1250 1285 1283 1305 ex
1292 1285 1325 1305 eo
1340 1281 1459 1310 tempore
1467 1276 1565 1302 mansit
1576 1275 1601 1301 in
1612 1274 1677 1301 cella
1686 1273 1718 1300 ad
1729 1274 1812 1299 Iactus
1824 1271 1884 1306 (sic)

1095 1322 1262 1355 monasterii,
1271 1321 1484 1356 quandoquidem
1493 1328 1552 1347 cum
1568 1325 1640 1346 esset
1648 1326 1739 1353 prope,
1750 1325 1794 1344 eas
1805 1316 1884 1344 corri~

1094 1365 1516 1404 gebatassidue,quantuminillo
1530 1369 1597 1392 erat.
1611 1364 1677 1391 Cum
1690 1369 1777 1390 autem
1792 1367 1882 1397 postea

1095 1417 1208 1444 vixisset
1221 1416 1286 1450 alios
1297 1414 1468 1450 quadraginta
1481 1419 1575 1444 annus,
1587 1411 1737 1438 affirmabat
1751 1409 1883 1440 Patribus,

1097 1461 1169 1496 quod
1183 1461 1216 1488 ab
1230 1468 1263 1488 eo
1283 1463 1402 1494 tempore
1419 1465 1470 1484 non
1491 1456 1650 1483 ascenderat
1671 1455 1697 1480 in
1713 1461 1760 1481 eor
1774 1453 1831 1487 ejus
1845 1452 1883 1479 af-

1098 1508 1178 1536 fectio
1192 1507 1344 1542 cupiditatis
1358 1505 1486 1533 feminim.
1499 1505 1560 1531 Haec
1574 1508 1615 1531 est
1635 1502 1719 1537 gratia
1739 1501 1825 1528 sancti
1836 1499 1884 1529 viti

1100 1554 1175 1586 Elite,
1190 1558 1216 1581 et
1229 1553 1286 1580 haec
1301 1552 1471 1582 exercitatto,
1495 1555 1520 1577 et
1546 1547 1768 1584 quemadmodum
1790 1553 1884 1574 curam

1057 1604 1080 1635 ο
1096 1600 1179 1635 gessit
1189 1597 1343 1626 monasterii
1355 1597 1496 1631 virginum.

1367 1653 1479 1680 CAPUT
1502 1651 1619 1679 XXXVI.

1328 1699 1387 1725 Vita
1406 1698 1504 1725 abbatis
1521 1696 1650 1724 Durat/rei.

1131 1748 1178 1775 Cui
1191 1746 1320 1774 successit
1332 1745 1482 1772 Dorotheus
1503 1744 1541 1769 vir
1555 1741 1768 1782 probatissimns,
1790 1739 1834 1774 qui
1856 1739 1883 1766 in

1100 1794 1168 1820 bona
1183 1795 1245 1825 vita,
1264 1797 1291 1818 et
1301 1800 1360 1826 qua-
1372 1791 1379 1817 i
1393 1802 1396 1815 l
1413 1786 1515 1825 agendo
1529 1793 1658 1819 versatur,
1675 1785 1823 1813 consenuit.
1835 1785 1886 1818 Qui

1096 1847 1156 1866 cum
1173 1848 1224 1864 non
1240 1842 1330 1871 posset
1342 1837 1447 1871 quidem
1461 1836 1498 1862 sic
1513 1842 1602 1861 curam
1616 1839 1710 1868 gerere
1729 1830 1884 1858 monasterii

1097 1890 1125 1912 ut
1142 1886 1183 1912 hic
1204 1886 1308 1916 beatus,
1323 1890 1408 1916 neque
1422 1881 1563 1908 mansisset
1581 1880 1607 1907 in
1625 1879 1669 1906 illa
1691 1879 1768 1909 cella.
1784 1878 1809 1904 in
1828 1877 1885 1911 ipso

1098 1931 1259 1957 munasterio
1275 1930 1300 1956 in
1317 1927 1447 1962 superiori
1471 1925 1610 1953 cmnaculo
1633 1926 1752 1959 seipsnm
1768 1923 1886 1954 inclusit,

1096 1981 1123 2003 et
1138 1976 1199 2003 fecit
1215 1976 1358 2002 fenestram
1373 1982 1431 2008 qua:
1448 1974 1585 2007 spectabat
1597 1971 1629 1997 ad
1641 1970 1829 1997 monasterium
1846 1968 1887 1994 fe-

1098 2020 1240 2052 miuarum.
1267 2027 1345 2055 quam
1370 2019 1511 2046 claudebat
1535 2023 1562 2046 et
1590 2017 1735 2051 aperiebat.
1758 2016 1888 2049 Perpetuo

1098 2074 1162 2101 ergo
1177 2067 1312 2093 assidebat
1329 2066 1462 2097 fenestra),
1488 2071 1633 2099 procurans
1648 2068 1676 2089 ttt
1698 2063 1766 2089 inter
1779 2069 1824 2088 eas
1838 2068 1888 2095 pu-

1097 2119 1156 2146 gnre
1172 2115 1316 2139 cessarent.
1332 2110 1427 2144 Sicque
1447 2110 1473 2136 in
1489 2108 1620 2142 superiori
1633 2107 1770 2135 caenaculo
1793 2112 1888 2133 conse-

1099 2158 1166 2190 nuit,
1184 2164 1243 2184 cum
1267 2164 1315 2183 nec
1329 2156 1399 2183 ullus
1415 2162 1535 2182 seorsum
1550 2153 1704 2184 ascendere,
1734 2159 1819 2186 neque
1843 2150 1888 2178 ille

1100 2208 1188 2238 posset
1202 2201 1372 2234 descendere,
1389 2208 1440 2227 non
1456 2201 1525 2226 enim
1541 2199 1647 2226 stabant
1665 2197 1754 2225 scalze.
1771 2197 1833 2224 Haec
1846 2200 1888 2223 est

1100 2250 1170 2277 beati
1199 2249 1323 2276 Dorothei
1349 2248 1472 2282 religiosa
1499 2250 1526 2273 et
1539 2245 1681 2272 virtutibus
1707 2249 1800 2271 ornata
1823 2243 1889 2270 vita.

259 2289 336 2332 uibus
350 2311 440 2331 curam
455 2289 561 2338 gerens,
579 2289 752 2336 suppeditans
769 2301 808 2328 eis
829 2300 918 2327 omnia
940 2308 998 2335 qua:
1014 2300 1047 2327 ad
1066 2289 1089 2318 ί)
1102 2297 1150 2324 llic
1165 2297 1285 2331 ejusdem
1300 2295 1360 2322 vitm
1381 2294 1449 2320 finis.

259 2357 335 2377 usum
358 2350 492 2384 pertinertt
517 2347 697 2375 necessarium
714 2356 720 2374 :
743 2347 846 2379 hortos,
864 2351 891 2373 et
903 2346 937 2372 ad
953 2353 1046 2372 eorum

261 2397 390 2425 culturam
408 2396 582 2423 instrumenta
606 2393 675 2429 (75),
700 2397 778 2428 atque
803 2397 831 2420 ut
845 2392 927 2420 semel
950 2393 1047 2425 dicam,

261 2442 349 2471 omnia
364 2449 422 2477 quae
433 2440 548 2475 postulat
559 2439 612 2466 vita
627 2439 834 2467 exercitationis.
853 2437 897 2465 Ea:
912 2443 1000 2465 autem
1014 2445 1046 2464 ex

261 2489 373 2516 diversis
386 2489 447 2515 vitte
461 2487 587 2515 institutis
601 2492 628 2515 et
650 2487 752 2521 privata
767 2486 889 2514 deducta:
907 2490 1050 2513 consuetu-

261 2536 334 2569 dine,
347 2535 415 2563 inter
425 2542 454 2562 se
467 2533 654 2569 depugnabant
675 2533 792 2560 assidue.
809 2531 876 2559 Cum
887 2539 951 2566 ergo
970 2538 1050 2566 opor-

261 2585 329 2608 teret
344 2581 414 2608 hunc
425 2586 546 2607 sanctum
568 2583 598 2607 et
611 2585 657 2607 eas
671 2579 774 2612 audire,
790 2583 818 2605 et
831 2577 939 2605 efficere
953 2581 982 2604 ut
1002 2584 1050 2611 pa-

261 2634 320 2654 cem
333 2626 403 2654 inter
416 2633 446 2652 se
460 2629 607 2658 servarent,
620 2625 765 2660 collegerat
778 2624 849 2651 enim
861 2623 892 2650 ad
907 2627 1049 2655 trecentas,

262 2676 290 2700 et
303 2679 412 2700 necesse
426 2672 452 2700 ei
466 2671 552 2699 fuerat
565 2678 626 2698 esse
645 2677 736 2698 earum
751 2669 913 2697 intercessor
929 2668 1048 2700 biennio,

263 2718 327 2746 licet
350 2723 429 2746 :etate
442 2718 550 2753 juveni;
574 2722 631 2744 erat
658 2716 727 2744 enim
747 2715 854 2742 circiter
877 2714 983 2749 triginta
1007 2716 1053 2739 aut

264 2764 436 2800 quadraginta
449 2771 533 2791 annos
547 2767 637 2795 natus,
652 2761 676 2790 is
689 2765 805 2789 tentatus
819 2760 868 2787 fuit
879 2767 894 2787 a
906 2760 1051 2793 voluptate.

264 2811 286 2836 Δ
300 2811 461 2838 monasterio
484 2815 572 2837 autent
595 2808 722 2836 recedens
742 2807 859 2842 jejunus,
883 2805 991 2834 errabat
1006 2812 1053 2839 per

266 2857 435 2884 solitudinem
450 2858 516 2885 duos
531 2857 599 2889 dies,
615 2857 666 2884 hoc
686 2863 794 2893 rogans,
820 2859 848 2882 et
864 2855 974 2882 dicens:
1000 2855 1052 2880 Aut

267 2901 361 2929 occide
370 2909 425 2937 me,
439 2910 472 2930 ne
488 2904 558 2936 ipsas
574 2902 677 2930 videam
699 2901 829 2932 afflictus;
845 2905 890 2928 aut
904 2907 989 2928 meam
1003 2906 1050 2926 au-

1358 2351 1378 2377 C
1388 2349 1471 2376 \PUT
1490 2347 1623 2375 XXXVII.

1363 2394 1399 2421 De
1412 2396 1502 2420 Ammu
1513 2393 1633 2419 Piantun.

1157 2444 1218 2472 Fuit
1263 2442 1384 2479 quaedam
1440 2440 1514 2474 virgo
1528 2438 1652 2470 Piarnuu,
1664 2444 1722 2471 qutc
1735 2443 1818 2462 annos
1831 2435 1891 2461 vita:

1103 2495 1157 2515 sure
1173 2487 1236 2514 vixit
1251 2494 1310 2513 curn
1332 2489 1416 2512 matre
1432 2484 1550 2519 propria,
1567 2483 1624 2510 sola
1637 2490 1696 2509 cum
1713 2482 1768 2508 sola
1780 2489 1892 2515 vespere

1103 2533 1257 2563 comedens.
1270 2536 1297 2559 et
1308 2531 1391 2558 linum
1403 2537 1478 2557 ttens.
1492 2529 1554 2556 Ilmc
1564 2529 1667 2563 dignata
1681 2526 1812 2562 estgratia
1825 2534 1893 2560 pra:-

1101 2578 1223 2606 dictionis
1238 2577 1385 2603 futurorum
1400 2576 1469 2602 inter
1485 2574 1617 2601 homines.
1631 2572 1734 2600 Accidit
1748 2571 1893 2604 aliquando

1103 2625 1130 2652 in
1143 2624 1268 2659 Egypto,
1284 2630 1343 2649 cum
1357 2622 1431 2649 Nilus
1443 2621 1612 2652 ascenderet,
1625 2623 1653 2645 ut
1664 2619 1736 2644 vicus
1748 2617 1835 2643 vicum
1848 2616 1891 2642 in-

1104 2671 1233 2702 vaderet;
1250 2672 1369 2703 pugnant
1383 2668 1454 2694 enim
1468 2675 1515 2701 pro
1530 2673 1659 2701 aquarum
1671 2664 1812 2694 divisione,
1826 2662 1894 2689 adeo

1104 2721 1134 2743 ut
1155 2720 1300 2749 sequatur
1322 2714 1407 2741 ea:ch
1422 2718 1449 2740 et
1470 2712 1659 2740 sauciationes.
1682 2709 1817 2737 Potentior
1829 2715 1894 2743 ergo

1101 2762 1175 2789 vicus
1187 2762 1243 2795 ejus
1257 2761 1344 2788 vicum
1360 2759 1466 2788 invasit,
1482 2763 1509 2785 et
1520 2757 1593 2785 venit
1608 2757 1726 2784 virorum
1749 2754 1893 2782 multitudo

1105 2814 1165 2833 cum
1181 2806 1281 2833 lanceis
1301 2810 1329 2832 et
1351 2805 1443 2837 clavis,
1467 2808 1496 2831 ut
1518 2804 1577 2837 ejus
1603 2802 1691 2830 vicum
1714 2798 1884 2827 exscindere!

1102 2850 1193 2878 Astitit
1207 2856 1295 2878 autem
1311 2850 1371 2877 huic
1386 2849 1470 2877 beata:
1485 2847 1594 2883 angelus
1608 2846 1731 2874 revelant
1745 2850 1839 2872 eorum
1851 2842 1896 2870 ins

1103 2895 1257 2927 vasiuuem;
1279 2900 1305 2923 et
1329 2894 1466 2922 accersitis
1486 2892 1537 2921 vici
1552 2891 1726 2925 presbyteris,
1749 2890 1788 2918 eis
1805 2889 1896 2917 dicit:
