2079 3157
225 166 288 195 “(Il
845 164 1002 193 HISTORIA

1024 165 1201 193 LAUSIACA.
1759 165 1830 196 Ηυξ

221 224 306 257 Exite,
317 228 344 251 et
355 230 387 251 es
399 223 449 251 hoc
462 222 521 250 vico
533 223 665 251 occurrite
675 223 712 250 eis
724 223 768 257 qui
783 223 890 250 veniunt
902 227 994 250 contra
1011 226 1032 252 Α
1050 227 1110 249 ιιιοι·
1127 222 1234 249 ordines
1256 222 1376 255 fratrum,
1391 229 1423 249 ex
1440 229 1549 250 numero
1560 223 1650 258 viginti
1663 228 1774 258 quatuor
1786 225 1830 252 Iit-

220 277 278 301 Vos,
293 277 326 296 ne
341 276 386 297 vos
400 277 504 304 auoque
521 276 572 296 una
582 277 642 296 cum
657 270 715 297 vico
727 270 850 303 pereatis,
864 273 892 296 et
905 275 996 304 rogate

219 323 266 342 eos
278 321 305 342 ιιι
317 315 444 342 desistam
456 315 489 342 ab
503 315 604 342 insidiis
612 315 738 343 adversus
753 323 799 342 vos
810 315 919 350 paratis.
932 315 997 343 Ter-

220 361 262 388 riti
276 365 362 387 autem
379 361 524 395 presbyteri
546 360 570 388 ei
595 360 628 387 ad
642 360 722 394 pedes
737 360 923 394 procumbunt.
938 368 997 388 eam

220 409 344 438 rogantes
363 409 389 431 et
401 405 538 433 dicentes:
555 406 607 432 Nos
630 412 680 431 non
695 405 822 432 audemus
832 405 871 432 eis
885 405 924 432 ire
947 405 998 432 ob-

221 449 301 481 viam;
315 449 413 477 scimus
436 451 506 477 enim
521 458 611 478 eorum
634 450 813 477 temulentiam
828 455 855 477 et
878 451 998 484 petulan-

220 494 296 525 tiam;
312 494 358 521 sed
371 494 393 520 si
406 494 472 521 facis
493 495 697 522 misericordiam
721 495 747 521 in
771 502 820 521 nos
834 499 861 521 et
874 495 900 521 in
915 499 997 522 totum

219 539 316 570 vicum,
332 543 359 565 et
372 539 399 565 in
409 539 515 566 domum
531 543 611 571 tuam,
625 540 681 574 ipsa
693 540 730 566 cis
740 540 867 573 egredere
880 540 997 573 obviam,

221 583 330 618 illosque
345 589 450 619 pacatos
463 589 562 612 averte.
578 585 622 611 Illa
641 590 729 612 autem
741 592 800 612 cum
816 593 867 612 non
889 592 997 612 assensa

220 633 300 661 esset,
315 629 424 656 veniens
445 630 470 656 in
492 637 566 656 suam
584 630 781 660 domunculatn,
796 630 869 656 stetit
883 634 936 657 tota
951 637 999 657 no—

219 678 262 701 cte
279 681 357 700 orans
368 679 394 701 et
417 682 484 708 genu
508 674 616 702 minime
630 674 750 708 ﬂectens,
765 675 812 702 sed
835 682 939 710 rogans,
956 675 998 703 di-

219 721 304 747 cendo
320 729 326 746 :
344 720 454 747 Domine
477 721 522 755 qui
536 721 638 755 judicas
654 725 762 754 terram,
779 721 821 748 cui
836 721 901 749 nihil
915 722 1000 756 placet

219 765 287 798 quod
299 770 338 791 est
351 765 486 799 injustam,
498 773 556 792 cum
569 765 624 792 haec
638 766 670 792 ad
685 770 711 793 te
725 767 825 793 venerit
836 766 929 799 oratio,
945 767 998 793 vir-

219 813 261 836 ttts
275 813 318 836 tua
346 817 391 836 eos
411 811 486 836 sistat
512 810 660 837 immobiles
688 814 812 845 tanquam
838 811 997 844 columnam,

219 855 367 889 ubicunque
381 862 426 882 eos
442 855 654 889 deprehenderit.
670 856 734 882 Cum
751 856 807 883 haec
820 861 909 883 sancta
924 857 997 891 virgo

219 901 257 927 sic
282 905 393 932 orasset,
409 900 461 928 tale
483 901 544 935 quid
559 901 664 928 accidit.
691 901 786 928 llostes
812 902 882 928 circa
906 901 998 928 horam

220 947 342 979 primatu,
361 953 377 972 a
392 946 474 972 tribus
488 946 654 977 milliaribns,
675 946 701 973 in
728 947 785 974 loco
805 947 850 974 (Isi
875 951 998 981 tanquam

218 990 350 1021 columna,
366 989 516 1017 labefactari
528 998 579 1017 non
597 995 725 1024 poterant.
742 990 796 1018 Illis
807 986 912 1025 quoque
924 999 999 1018 reve-

219 1034 300 1061 latum
322 1039 362 1061 est
374 1036 442 1069 quod
464 1042 548 1062 serva:
562 1035 658 1062 Christi
674 1035 782 1062 Piamuu
797 1036 997 1063 intercessioni-

218 1079 268 1106 bus
283 1079 380 1106 factum
393 1084 433 1107 est
455 1080 494 1107 eis
517 1080 749 1114 impedimentum;
775 1081 844 1115 iique
865 1081 897 1108 ad
911 1082 996 1108 vicum

219 1124 350 1150 mittentes
365 1131 455 1158 pacem
471 1124 611 1159 petierunl,
624 1125 741 1151 dicentes
755 1133 762 1151 ε
777 1126 853 1159 Agite
867 1125 919 1152 Deo
932 1133 995 1160 gra-

219 1169 269 1195 tias
291 1173 318 1196 et
344 1169 466 1202 precibus
494 1169 603 1196 Piamun
618 1177 676 1204 qua:
691 1176 738 1196 nos
763 1169 949 1203 impedierunt,
965 1178 998 1197 ne

219 1221 340 1248 magnum
356 1214 430 1241 vobis
443 1214 539 1240 malum
555 1214 721 1241 inferremus.

471 1258 582 1285 CAPUT
603 1258 740 1285 XXXVIII.

226 1301 281 1328 Vita
303 1303 399 1330 abbatis
422 1301 555 1329 Pachomii
578 1302 646 1338 (76),
662 1308 686 1329 et
705 1310 791 1329 eorum
812 1302 854 1337 qui
872 1310 929 1329 cum
943 1303 998 1337 ipso

566 1355 647 1376 erant.

252 1393 414 1422 Tabennesls
430 1394 486 1429 (77)
503 1399 543 1422 est
567 1395 639 1421 locus
652 1395 691 1422 sic
711 1395 855 1429 appellatus
880 1395 907 1422 in
928 1395 998 1423 The-

218 1438 305 1470 baide,
331 1440 357 1466 in
378 1447 431 1473 quo
453 1439 502 1466 fuit
515 1439 670 1466 Pachomius
693 1440 846 1472 monachus,
862 1440 902 1466 vir
917 1439 997 1467 exiis

218 1484 261 1516 qui
276 1483 399 1510 vixerunt
422 1484 447 1510 in
473 1491 577 1510 summo
597 1488 624 1510 et
649 1485 766 1519 perfecto
790 1485 849 1512 vitzc
877 1484 996 1512 instituto

219 1528 292 1563 (Vita
306 1530 360 1563 ejus
373 1537 460 1563 supra,
477 1529 495 1556 Ι.
512 1528 541 1562 i),
555 1530 621 1556 adeo
635 1534 662 1556 ut
683 1529 704 1555 is
724 1528 801 1556 fuerit
822 1529 942 1563 dignatus
969 1534 997 1557 ct

218 1574 362 1600 futurorum
383 1573 596 1607 prmdictionibus
613 1578 640 1600 et
655 1574 779 1609 angelicis
794 1575 946 1602 visionibus.
972 1575 995 1601 Is

220 1619 267 1645 fuit
281 1619 355 1646 valde
373 1626 465 1646 amans
490 1626 643 1653 pauperum,
660 1625 685 1646 et
710 1627 804 1654 magna
820 1620 947 1647 charitate
970 1621 996 1647 in

217 1661 349 1690 homines.
362 1663 400 1690 Eo
411 1671 474 1698 ergo
485 1664 593 1691 sedente
602 1666 626 1691 in
638 1666 686 1692 hac
697 1666 829 1698 spelunca,
846 1666 915 1693 visus
922 1670 962 1692 est
973 1666 996 1692 ei

218 1708 327 1741 angelus
348 1709 460 1740 Domini,
484 1709 527 1743 qui
543 1709 566 1736 ei
581 1709 645 1736 dicit
666 1718 672 1736 :
689 1710 823 1742 Pachomi,
839 1718 868 1736 ea
891 1711 996 1744 quidem

218 1761 276 1788 qua:
291 1753 323 1779 ad
338 1756 363 1780 le
377 1754 517 1787 pertinent,
533 1759 604 1781 recte
618 1758 644 1781 et
665 1762 696 1781 ex
709 1754 803 1781 virtute
816 1756 936 1789 gessisti;
953 1764 997 1782 su-

218 1804 378 1831 pervaeanee
393 1805 456 1832 ergo
467 1798 543 1824 sedes
558 1798 584 1824 in
604 1799 655 1824 hoc
676 1798 748 1831 loco;
765 1807 813 1833 age
832 1807 904 1834 crgo,
920 1807 996 1835 egre-

217 1843 291 1874 dcre,
303 1847 329 1868 et
345 1849 475 1876 congregat
499 1849 590 1869 omnes
603 1843 720 1877 juniores
738 1845 892 1877 monachos,
908 1851 934 1872 et
950 1846 997 1872 Ita-

218 1887 270 1913 bita
285 1893 343 1913 cum
357 1887 406 1919 eis,
419 1891 446 1914 et
459 1895 572 1920 sequens
588 1887 697 1915 formam
712 1897 789 1923 quam
801 1889 870 1917 dabo
889 1891 943 1921 tibi.
957 1892 995 1919 eis

218 1933 288 1966 leges
302 1933 441 1959 constitue.
462 1933 543 1966 Eique
554 1934 625 1961 dedit
645 1935 758 1962 tabulam
774 1943 883 1970 teneam.
898 1938 925 1965 in
945 1946 995 1973 qua

217 1977 275 2004 hinc
289 1978 386 2012 scripta
399 1977 501 2005 fuerant
516 1987 523 2005 :
544 1979 666 2007 Concede
685 1981 824 2017 unicuique
835 1987 862 2010 ut
876 1985 998 2012 comedat

217 2027 243 2050 et
257 2023 328 2050 bibat
342 2031 388 2057 pro
403 2025 501 2052 viribus
513 2025 707 2053 comedentium
718 2035 724 2059 ;
734 2028 772 2055 eis
787 2036 889 2063 quoque
901 2030 995 2057 manda

216 2076 295 2102 opera
311 2077 369 2103 qua:
388 2071 556 2104 proportione
571 2073 729 2100 conveniant
750 2081 781 2101 ac
807 2075 994 2109 respondeant,

216 2118 244 2141 et
256 2123 340 2149 neque
350 2115 469 2149 jejunare
485 2117 593 2150 prohibe
608 2125 656 2145 nec
670 2120 820 2147 comedere.
832 2121 876 2148 Sic
889 2122 996 2156 quidem

217 2159 327 2186 fortibus
343 2160 416 2186 lortia
431 2162 526 2188 manda
540 2170 630 2196 opera,
647 2163 777 2192 imbecilla
792 2171 878 2194 autem
890 2172 916 2194 et
930 2168 996 2195 levia

217 2204 248 2230 iis
263 2204 304 2238 qui
319 2206 447 2239 semagis
457 2213 592 2240 exercuit,
613 2213 640 2235 et
655 2214 715 2236 sunt
730 2209 926 2239 imbecilliores.
944 2213 995 2239 Fac

216 2255 303 2276 autem
315 2250 432 2277 diversas
447 2251 528 2278 cellas
544 2252 569 2278 in
585 2253 677 2280 eadem
694 2254 766 2287 aula,
783 2259 810 2282 et
821 2260 874 2283 tres
888 2257 914 2283 in
929 2258 995 2285 cella

216 2301 348 2323 maneant.
364 2297 492 2324 Omnibus
500 2302 586 2325 autem
598 2299 674 2326 cibus
687 2300 714 2327 in
726 2308 777 2327 una
789 2300 866 2330 domo
877 2309 995 2337 paretur.

216 2341 351 2368 Dormiant
377 2347 464 2370 autem
493 2351 544 2370 non
569 2345 762 2379 recumbentes,
785 2347 831 2374 sed
856 2350 996 2377 exstructis

215 2386 264 2412 sibi
279 2387 384 2413 sedibus
400 2388 479 2421 paulo
493 2388 680 2421 supinioribns,
692 2395 718 2417 et
731 2391 785 2418 illic
799 2392 853 2419 suis
867 2393 994 2428 impositis

215 2432 337 2465 stragulis
352 2432 482 2459 dormiant
495 2435 627 2462 sedentes.
644 2436 726 2463 Noctu
738 2443 825 2464 autem
840 2443 943 2472 gestent
956 2440 994 2467 le-

214 2476 317 2503 bilones
333 2478 428 2509 lineos,
443 2479 579 2506 succincti.
597 2480 697 2508 Habeat
711 2484 891 2518 unusquisque
907 2493 939 2512 cx
955 2486 994 2513 his

215 2521 309 2555 pellem
321 2521 425 2549 ovillam
436 2523 522 2549 albam
535 2524 689 2557 laboratam.
701 2526 800 2561 absque
811 2536 841 2555 ca
854 2537 938 2564 neque
950 2538 994 2557 co-

212 2565 331 2599 medent,
344 2574 428 2602 neque
438 2568 578 2596 dormiant.
587 2570 764 2604 lngredicntes
775 2578 861 2600 autem
873 2576 905 2602 ad
918 2576 994 2603 Chri-

212 2612 246 2639 sti
260 2614 473 2641 communionem
492 2615 608 2643 Sabbato
631 2622 657 2644 ct
681 2618 825 2652 Dominica,
843 2627 922 2648 zonas
941 2622 993 2649 sol-

213 2662 284 2689 vant,
296 2663 321 2685 et
333 2659 428 2693 pellem
440 2660 544 2687 ovillam
556 2661 699 2695 deponant,
717 2669 742 2690 et
757 2672 815 2691 cum
825 2665 879 2692 sola
891 2667 993 2694 cuculla

213 2702 402 2738 ingrediantur.
419 2704 492 2732 Fecit
507 2712 593 2733 autem
606 2708 643 2734 eis
655 2709 773 2735 cucullos
787 2710 844 2737 sine
856 2711 924 2738 villis
936 2710 993 2747 ('18)

214 2752 334 2782 tanquam
352 2750 448 2783 pueris,
465 2751 490 2778 in
507 2752 602 2785 quibus
622 2753 700 2780 etiam
714 2754 793 2788 jussit
806 2755 906 2790 imponi
929 2757 993 2792 ﬁgu-

215 2799 268 2818 rqu
283 2795 370 2822 crucis
388 2803 535 2829 purpurezc,
552 2797 632 2825 Jussit
647 2803 734 2827 autem
749 2807 808 2828 esse
821 2802 911 2837 viginti
926 2811 991 2837 qua-

250 2847 258 2862 ‘
275 2847 322 2875 llic
345 2852 504 2884 quaedamin
527 2853 628 2886 Cra-co,
653 2862 711 2889 qua:
736 2855 816 2884 habet
840 2857 992 2887 Heraclides

1049 272 1180 299 terarum;
1195 268 1370 302 precepitque
1381 268 1521 303 unicuique
1534 269 1619 296 ordini
1632 269 1767 303 imponere
1784 279 1831 296 nn-

1048 320 1108 340 men
1124 313 1284 340 elementum
1299 311 1430 345 Griccum,
1454 313 1487 340 ab
1502 325 1528 346 α,
1545 314 1572 349 β,
1587 318 1614 341 et
1633 322 1691 348 quae
1705 314 1830 349 deinceps

1047 363 1202 391 sequuntur,
1218 365 1300 392 usque
1317 357 1349 385 ad
1361 370 1390 392 ω,
1403 363 1432 385 ιιι
1444 358 1506 385 dum
1522 359 1664 392 interrogat
1678 359 1830 387 archiman-

1048 403 1115 430 drita
1129 403 1162 430 de
1177 403 1264 437 aliquo
1280 404 1305 430 in
1321 409 1392 431 tanta
1406 404 1584 437 multitudine,
1600 405 1748 432 sciscitetur
1768 413 1828 432 eum

1047 447 1092 482 qui
1107 453 1146 476 est
1160 449 1193 475 ab
1216 455 1248 475 eo
1267 449 1410 481 secundus,
1431 449 1563 482 quomodo
1578 456 1606 476 se
1622 449 1701 476 habet
1722 449 1788 477 ordo
1802 461 1828 481 α.

1048 497 1092 520 aut
1105 494 1236 528 quomodo
1258 501 1288 520 se
1312 493 1392 520 habet
1405 494 1470 520 ordo
1485 494 1511 529 β,
1527 493 1627 521 Rursus
1641 495 1723 522 saluta
1745 506 1770 534 ρ,
1786 502 1829 522 se—

1048 538 1153 571 quendo
1178 538 1308 571 quoddam
1331 539 1465 572 proprium
1491 546 1587 566 nomen
1611 539 1782 567 litterarum:
1804 545 1831 567 et

1048 581 1253 614 simplicioribus
1265 582 1371 616 quidem
1384 587 1410 609 et
1430 583 1619 611 sincerioribus
1645 585 1766 618 impones
1780 593 1828 612 no-

1049 633 1109 653 men
1124 634 1141 658 t;
1155 626 1346 654 difﬁcilioribus
1356 633 1442 654 autem
1457 629 1471 660 ξ
1485 637 1491 654 :
1504 633 1530 656 et
1543 629 1581 655 sic
1592 630 1778 657 convenienter
1790 630 1830 657 in-

1049 671 1148 697 stitutis
1171 678 1262 698 eorum
1278 676 1305 698 et
1320 671 1380 699 vita:
1396 677 1424 699 et
1443 673 1570 705 moribus,
1587 674 1726 708 unicuique
1741 675 1828 703 ordini

1048 715 1207 742 elementum
1235 716 1327 743 litteras
1343 717 1572 751 accommodabis;
1590 719 1653 746 solis
1668 719 1830 753 spiritalibus

1048 760 1254 794 intelligentibus
1266 768 1296 788 ea
1311 769 1369 796 quae
1383 762 1572 796 signiﬁcantur.
1595 763 1728 798 Scriptum
1742 770 1828 792 autem

1048 810 1105 833 erat
1120 806 1146 832 in
1160 806 1267 832 tabula:
1293 807 1320 834 Si
1338 808 1440 834 venerit
1462 810 1557 842 hospes
1575 809 1683 837 alterius
1698 816 1830 838 monaste‘

1049 850 1091 882 rii,
1105 851 1174 885 qttod
1190 851 1269 878 habet
1287 852 1364 879 aliam
1379 853 1501 885 formam,
1518 862 1576 881 cum
1592 856 1631 882 eis
1648 863 1696 882 nec
1708 857 1830 883 comedat

1014 893 1038 922 B
1052 903 1100 923 nec
1116 896 1198 927 bibat,
1219 901 1246 924 et
1268 904 1316 924 nec
1331 898 1493 931 ingrediatur
1516 900 1542 925 in
1566 901 1764 932 monasterium,
1781 901 1830 928 nisi

1049 939 1129 967 fuerit
1143 941 1264 968 inventus
1277 941 1302 968 in
1317 942 1369 968 via.
1384 942 1465 968 Porro
1481 951 1542 970 eum
1558 944 1603 977 qui
1622 945 1703 971 semel
1718 945 1830 979 ingredi-

1050 989 1102 1014 tur.
1116 993 1165 1012 nec
1187 990 1273 1020 potest
1286 993 1344 1013 cum
1360 988 1399 1013 eis
1414 988 1446 1014 ad
1463 988 1604 1015 triennium
1627 990 1759 1016 sustinere
1774 997 1830 1016 εει--

1051 1034 1148 1062 tamen,
1165 1030 1427 1063 nonadmtttes;sed
1448 1040 1507 1058 cum
1532 1040 1611 1065 opera
1636 1033 1725 1060 fecerit
1735 1033 1830 1061 diffici-

1050 1075 1124 1107 liora,
1142 1076 1181 1102 sic
1197 1076 1306 1110 prodeat
1329 1077 1354 1103 in
1369 1077 1480 1104 stadium
1498 1082 1556 1112 post
1572 1078 1719 1105 triennium.
1737 1079 1830 1106 Come-

1049 1120 1142 1147 dentes
1155 1125 1242 1148 autent
1257 1121 1346 1148 velent
1369 1123 1452 1154 capita
1475 1123 1593 1155 cucullis,
1618 1132 1650 1150 ne
1678 1124 1760 1151 frater
1779 1124 1829 1151 fra-

1050 1170 1114 1191 tretn
1133 1165 1220 1192 videat
1235 1166 1414 1193 mandentem.
1430 1167 1583 1194 Comedeuti
1605 1177 1656 1195 nun
1673 1169 1732 1196 licet
1746 1169 1827 1204 loqui,

1049 1217 1096 1237 nec
1107 1215 1179 1237 extra
1195 1212 1321 1244 quadram
1337 1216 1363 1238 et
1386 1220 1503 1240 mensam
1528 1221 1638 1248 usquam
1663 1215 1714 1242 alio
1737 1216 1828 1242 oculos

1047 1260 1211 1281 convertere.
1227 1255 1367 1282 Constituit
1381 1261 1468 1283 autem
1480 1263 1508 1284 ut
1524 1266 1570 1292 per
1581 1263 1662 1286 totum
1673 1260 1743 1287 diem
1759 1261 1828 1288 face-

1048 1304 1108 1326 rent
1123 1299 1262 1326 duodecim
1283 1301 1425 1334 orationes,
1442 1307 1468 1329 et
1481 1309 1539 1330 cum
1555 1303 1587 1330 ad
1601 1306 1778 1338 vespertinum
1792 1308 1817 1334 lu

1048 1351 1108 1372 men
1121 1343 1178 1379 (79)
1190 1344 1321 1377 venirent,
1338 1350 1362 1373 et
1377 1346 1402 1373 in
1424 1347 1559 1374 nocturnis
1574 1349 1667 1382 vigiliis
1678 1350 1827 1385 duodecim,

1047 1393 1075 1416 et
1121 1390 1189 1418 hora
1231 1397 1304 1418 nona
1348 1395 1412 1419 tres.
1455 1392 1566 1425 Quando
1591 1399 1676 1421 autem
1694 1396 1827 1423 videretur

1047 1433 1237 1461 comedendum
1252 1442 1311 1462 esse
1335 1435 1506 1471 multitudini,
1535 1439 1671 1466 constituit
1696 1445 1723 1467 ut
1748 1449 1830 1468 unus-

1047 1478 1159 1513 quisque
1173 1480 1238 1506 ordo
1254 1480 1279 1506 in
1294 1488 1450 1515 unaquaque
1469 1483 1587 1510 oratione
1610 1485 1738 1518 psalmum
1753 1487 1826 1520 prius

1047 1527 1164 1550 caneret.
1180 1523 1245 1550 Ctun
1264 1529 1352 1552 autem
1368 1533 1477 1560 magnus
1500 1526 1655 1555 Pachomius
1670 1535 1760 1557 contra
1781 1539 1830 1558 ιιιι-

1010 1566 1031 1597 C
1046 1568 1132 1602 gelum
1148 1569 1246 1595 diceret
1265 1577 1323 1597 esse
1344 1577 1439 1604 paucas
1450 1573 1597 1608 orationes,
1613 1575 1638 1601 ei
1664 1575 1725 1602 dicit
1746 1584 1828 1613 ange-

1048 1613 1107 1640 lus:
1124 1613 1175 1639 ilus
1191 1614 1326 1647 consutui,
1344 1619 1371 1642 ut
1387 1617 1459 1649 parvi
1483 1625 1588 1652 quoque
1611 1620 1710 1654 possint
1737 1629 1828 1655 proce-

1047 1657 1110 1684 dere
1120 1658 1153 1684 ad
1168 1660 1353 1692 perliciendum
1370 1661 1496 1696 regulam,
1511 1671 1558 1690 nec
1573 1665 1612 1691 eis
1622 1666 1657 1692 sit
1667 1667 1806 1695 molestum
1819 1677 1826 1700 ;

1046 1704 1089 1738 qui
1106 1710 1193 1731 autem
1209 1710 1269 1732 sunt
1284 1705 1404 1740 perfecti,
1430 1715 1481 1735 nun
1497 1716 1563 1743 opus
1587 1710 1683 1738 habent
1704 1717 1732 1739 ut
1757 1713 1828 1747 lege!

1046 1750 1085 1777 eis
1100 1750 1234 1783 ferantur;
1259 1759 1320 1778 nam
1340 1760 1399 1779 cum
1421 1761 1468 1786 per
1482 1761 1511 1781 se
1533 1761 1592 1782 sunt
1609 1757 1634 1783 in
1649 1758 1734 1790 cellis,
1748 1763 1829 1786 totam

1048 1801 1122 1820 suam
1140 1795 1218 1821 vitam
1234 1796 1616 1832 attribuuntcontemplationi.
1633 1801 1678 1828 llis
1693 1808 1778 1830 autem
1791 1804 1828 1831 le-

1047 1846 1105 1874 gem
1122 1841 1179 1871 tuli,
1193 1841 1237 1874 qui
1253 1846 1368 1869 mentem
1382 1843 1491 1871 minimc
1510 1844 1606 1872 habent
1626 1847 1828 1881 iutelligentem.

1048 1891 1076 1911 ut
1087 1886 1155 1912 sicut
1172 1886 1241 1912 servi
1256 1892 1435 1921 contumaces,
1450 1895 1520 1916 metu
1544 1891 1643 1918 domini
1668 1897 1752 1920 totum
1771 1894 1831 1921 vita)

1048 1930 1196 1958 institutum
1215 1931 1366 1967 implentes,
1381 1941 1475 1962 secure
1495 1940 1522 1963 et
1540 1937 1620 1964 libere
1636 1938 1742 1972 degant.
1759 1939 1826 1967 Cum

1048 1976 1106 2004 haec
1119 1977 1268 2004 ordinasset
1291 1979 1412 2013 angelus,
1434 1984 1461 2007 et
1484 1981 1620 2016 implestet
1640 1984 1828 2018 miniStetium,

1047 2023 1156 2050 recessit
1170 2031 1184 2049 a
1198 2031 1292 2057 magno
1312 2024 1463 2053 Pachomio.
1484 2027 1552 2054 Sunt
1564 2033 1650 2056 autem
1668 2031 1724 2057 hac
1739 2039 1830 2058 mena.

1047 2068 1127 2096 steria
1144 2075 1202 2102 qua:
1217 2069 1327 2096 formam
1343 2070 1410 2097 hanc
1423 2072 1605 2104 obtittuerunt,
1621 2074 1742 2103 habentia
1758 2078 1830 2103 viro-

1048 2119 1106 2139 rum
1122 2112 1228 2139 circitcr
1242 2118 1343 2147 septem
1369 2115 1461 2142 millia.
1488 2116 1535 2144 Est
1557 2124 1643 2146 autem
1667 2119 1778 2153 primum
1803 2126 1830 2149 et

1048 2164 1170 2192 magnum
1188 2159 1389 2192 monasterium,
1417 2161 1510 2196 inquo
1535 2163 1592 2197 ipse
1613 2164 1713 2192 habitat
1737 2167 1830 2198 beatus

1048 2201 1214 2235 Pachomius,
1231 2203 1301 2237 quod
1315 2204 1365 2231 alia
1387 2206 1485 2240 peperit
1502 2210 1671 2241 monasteria,
1688 2212 1828 2240 continens

1012 2250 1036 2280 ι)
1049 2254 1188 2274 numerum
1209 2248 1316 2276 circiter
1338 2250 1411 2277 tuille
1430 2252 1680 2287 quadringentorum
1697 2257 1822 2285 virorum.

1310 2304 1423 2333 CAPUT
1444 2306 1562 2336 XXXIX.

1233 2349 1291 2376 Vita
1305 2351 1400 2378 abbatis
1418 2352 1557 2387 Aplttltonit'
1578 2355 1644 2389 (80).

1084 2395 1154 2422 Inter
1161 2402 1228 2430 quos
1241 2401 1282 2423 est
1292 2397 1369 2424 etiam
1381 2406 1474 2426 seri-us
1486 2400 1530 2427 Dei
1539 2401 1582 2435 qui
1592 2407 1700 2430 vocatur
1708 2404 1727 2430 A
1732 2405 1828 2439 pbtho-

1045 2443 1114 2475 nius,
1136 2445 1180 2478 qui
1195 2449 1236 2471 est
1247 2444 1311 2471 mihi
1323 2453 1464 2479 gem-anus
1479 2455 1510 2474 ac
1523 2448 1643 2475 sincerus
1657 2450 1769 2482 atuicus,
1783 2451 1828 2486 qui

1046 2495 1115 2515 nunc
1130 2489 1231 2516 obtinet
1253 2491 1397 2518 secundum
1419 2492 1504 2519 locmu
1530 2493 1555 2520 iu
1581 2494 1624 2520 illo
1654 2497 1828 2524 monasterio.

1046 2533 1130 2566 Quem
1146 2535 1228 2568 utqui
1244 2536 1276 2562 sit
1291 2541 1382 2570 potens
1397 2537 1423 2564 in
1439 2539 1554 2571 Christo,
1571 2539 1713 2574 ﬁrmusque
1727 2548 1758 2568 ac
1772 2547 1827 2568 sta-

1046 2578 1116 2613 bilis,
1131 2586 1180 2606 uec
1192 2579 1269 2607 facile
1281 2581 1376 2608 offendi
1393 2583 1486 2616 possit,
1503 2584 1610 2612 mittunt
1631 2587 1664 2611 ad
1686 2593 1749 2613 suos
1766 2594 1828 2615 usus

1046 2624 1244 2658 Alexandriam,
1269 2633 1296 2653 ιιι
1319 2628 1412 2654 vendat
1428 2629 1532 2662 quidem
1548 2638 1639 2657 eorum
1651 2639 1741 2665 opera,
1756 2637 1827 2660 emat

1045 2673 1131 2696 autem
1149 2677 1207 2703 qua)
1222 2676 1282 2697 sunt
1293 2671 1330 2698 eis
1344 2673 1502 2701 necessaria.
1518 2674 1583 2701 Sunt
1595 2680 1682 2702 autem
1697 2676 1748 2702 alia
1757 2685 1825 2711 quo-

1044 2721 1095 2746 que
1111 2716 1269 2741 monasteria
1282 2724 1339 2748 qua:
1352 2722 1473 2744 constant
1486 2727 1517 2745 ex
1529 2720 1649 2746 ducentis
1660 2725 1686 2748 ct
1699 2723 1826 2749 trecentis

1044 2760 1182 2786 animabus
1209 2762 1227 2787 ί.
1251 2763 1334 2796 Atque
1356 2763 1381 2789 in
1404 2763 1482 2791 I’anis
1496 2765 1600 2799 quidem
1617 2766 1752 2802 ingressus
1765 2774 1824 2794 sum

1044 2804 1175 2832 civitatem
1193 2805 1261 2841 (8|),
1279 2806 1303 2833 in
1328 2815 1376 2841 qua
1393 2809 1580 2838 rnonnsteriutn
1594 2816 1696 2839 constat
1709 2819 1742 2840 ex
1758 2813 1822 2840 viris

1010 2867 1069 2893 cap.
1085 2861 1124 2888 I9.
