  <div class='ocr_page' id='page_1' title='image "/cluster/home/n/w/nwhite01/storage/ocr_20150623/34/njp.32101077772547/587.png"; bbox 0 0 2077 3154; ppageno 0'>
   <div class='ocr_carea' id='block_1_1' title="bbox 250 158 322 188">
    <p class='ocr_par' dir='ltr' id='par_1_1' title="bbox 250 158 322 188">
     <span class='ocr_line' id='line_1_1' title="bbox 250 158 322 188; baseline 0.028 -2"><span class='ocrx_word' id='word_1_1' title='bbox 250 158 322 188; x_wconf 77' lang='lat'><strong>“03</strong></span> 
     </span>
    </p>
   </div>
   <div class='ocr_carea' id='block_1_2' title="bbox 256 272 1037 308">
    <p class='ocr_par' dir='ltr' id='par_1_2' title="bbox 256 272 1037 308">
     <span class='ocr_line' id='line_1_2' title="bbox 256 272 1037 308; baseline 0 -8"><span class='ocrx_word' id='word_1_2' title='bbox 256 281 317 308; x_wconf 68' lang='lat' dir='ltr'><strong>qua</strong></span> <span class='ocrx_word' id='word_1_3' title='bbox 330 277 482 308; x_wconf 80' lang='lat' dir='ltr'><strong>supersunt,</strong></span> <span class='ocrx_word' id='word_1_4' title='bbox 496 272 626 300; x_wconf 71' lang='lat' dir='ltr'><strong>trdilicant</strong></span> <span class='ocrx_word' id='word_1_5' title='bbox 637 272 693 308; x_wconf 69' lang='grc' dir='ltr'><strong>(εἳ)</strong></span> <span class='ocrx_word' id='word_1_6' title='bbox 706 274 784 300; x_wconf 83' lang='lat' dir='ltr'><strong>etiam</strong></span> <span class='ocrx_word' id='word_1_7' title='bbox 798 273 937 300; x_wconf 89' lang='lat' dir='ltr'><strong>mulierum</strong></span> <span class='ocrx_word' id='word_1_8' title='bbox 948 281 1037 300; x_wconf 89' lang='lat' dir='ltr'><strong>mona-</strong></span> 
     </span>
    </p>
   </div>
   <div class='ocr_carea' id='block_1_3' title="bbox 259 317 1038 353">
    <p class='ocr_par' dir='ltr' id='par_1_3' title="bbox 259 317 1038 353">
     <span class='ocr_line' id='line_1_3' title="bbox 259 317 1038 353; baseline 0 -7"><span class='ocrx_word' id='word_1_9' title='bbox 259 319 348 350; x_wconf 72' lang='lat' dir='ltr'><strong>steria.</strong></span> <span class='ocrx_word' id='word_1_10' title='bbox 369 323 397 345; x_wconf 90' lang='lat' dir='ltr'><strong>et</strong></span> <span class='ocrx_word' id='word_1_11' title='bbox 419 318 563 345; x_wconf 77' lang='lat' dir='ltr'><strong>custodias.</strong></span> <span class='ocrx_word' id='word_1_12' title='bbox 586 317 661 344; x_wconf 85' lang='lat' dir='ltr'><strong>Mane</strong></span> <span class='ocrx_word' id='word_1_13' title='bbox 676 325 739 353; x_wconf 80' lang='lat' dir='ltr'><strong>ergo</strong></span> <span class='ocrx_word' id='word_1_14' title='bbox 761 323 899 352; x_wconf 79' lang='lat' dir='ltr'><strong>surgentes</strong></span> <span class='ocrx_word' id='word_1_15' title='bbox 913 318 930 345; x_wconf 90' lang='lat' dir='ltr'><strong>ii</strong></span> <span class='ocrx_word' id='word_1_16' title='bbox 944 319 1038 352; x_wconf 84' lang='lat' dir='ltr'><strong>quibus</strong></span> 
     </span>
    </p>
   </div>
   <div class='ocr_carea' id='block_1_4' title="bbox 255 362 1039 397">
    <p class='ocr_par' dir='ltr' id='par_1_4' title="bbox 255 362 1039 397">
     <span class='ocr_line' id='line_1_4' title="bbox 255 362 1039 397; baseline -0.001 -6"><span class='ocrx_word' id='word_1_17' title='bbox 255 372 303 392; x_wconf 55' lang='lat' dir='ltr'><strong>sua</strong></span> <span class='ocrx_word' id='word_1_18' title='bbox 319 365 377 391; x_wconf 82' lang='lat' dir='ltr'><strong>vice</strong></span> <span class='ocrx_word' id='word_1_19' title='bbox 392 363 442 390; x_wconf 84' lang='lat' dir='ltr'><strong>hoc</strong></span> <span class='ocrx_word' id='word_1_20' title='bbox 457 371 552 390; x_wconf 91' lang='lat' dir='ltr'><strong>munus</strong></span> <span class='ocrx_word' id='word_1_21' title='bbox 565 362 686 397; x_wconf 88' lang='lat' dir='ltr'><strong>obtingit,</strong></span> <span class='ocrx_word' id='word_1_22' title='bbox 702 363 745 389; x_wconf 82' lang='lat' dir='ltr'><strong>alii</strong></span> <span class='ocrx_word' id='word_1_23' title='bbox 761 363 866 397; x_wconf 81' lang='lat' dir='ltr'><strong>quidem</strong></span> <span class='ocrx_word' id='word_1_24' title='bbox 886 369 946 390; x_wconf 88' lang='lat' dir='ltr'><strong>sunt</strong></span> <span class='ocrx_word' id='word_1_25' title='bbox 961 371 1039 390; x_wconf 91' lang='lat' dir='ltr'><strong>oecu-</strong></span> 
     </span>
    </p>
   </div>
   <div class='ocr_carea' id='block_1_5' title="bbox 260 411 1037 446">
    <p class='ocr_par' dir='ltr' id='par_1_5' title="bbox 260 411 1037 446">
     <span class='ocr_line' id='line_1_5' title="bbox 260 411 1037 446; baseline 0.001 -10"><span class='ocrx_word' id='word_1_26' title='bbox 260 411 313 446; x_wconf 65' lang='grc' dir='ltr'><strong>,ιιιί</strong></span> <span class='ocrx_word' id='word_1_27' title='bbox 325 412 350 438; x_wconf 94' lang='lat' dir='ltr'><strong>in</strong></span> <span class='ocrx_word' id='word_1_28' title='bbox 361 412 458 445; x_wconf 88' lang='lat' dir='ltr'><strong>culina,</strong></span> <span class='ocrx_word' id='word_1_29' title='bbox 470 411 515 438; x_wconf 94' lang='lat' dir='ltr'><strong>alii</strong></span> <span class='ocrx_word' id='word_1_30' title='bbox 530 419 592 438; x_wconf 86' lang='lat' dir='ltr'><strong>vero</strong></span> <span class='ocrx_word' id='word_1_31' title='bbox 604 416 742 438; x_wconf 72' lang='lat' dir='ltr'><strong>versantur</strong></span> <span class='ocrx_word' id='word_1_32' title='bbox 754 411 779 437; x_wconf 90' lang='lat' dir='ltr'><strong>in</strong></span> <span class='ocrx_word' id='word_1_33' title='bbox 793 411 890 438; x_wconf 85' lang='lat' dir='ltr'><strong>mensis</strong></span> <span class='ocrx_word' id='word_1_34' title='bbox 904 411 1037 444; x_wconf 76' lang='lat' dir='ltr'><strong>parandis,</strong></span> 
     </span>
    </p>
   </div>
   <div class='ocr_carea' id='block_1_6' title="bbox 256 456 1039 491">
    <p class='ocr_par' dir='ltr' id='par_1_6' title="bbox 256 456 1039 491">
     <span class='ocr_line' id='line_1_6' title="bbox 256 456 1039 491; baseline -0.003 -8"><span class='ocrx_word' id='word_1_35' title='bbox 256 463 356 483; x_wconf 69' lang='lat' dir='ltr'><strong>mensa:</strong></span> <span class='ocrx_word' id='word_1_36' title='bbox 367 457 532 490; x_wconf 84' lang='lat' dir='ltr'><strong>itnponentes</strong></span> <span class='ocrx_word' id='word_1_37' title='bbox 546 463 627 490; x_wconf 85' lang='lat' dir='ltr'><strong>panes</strong></span> <span class='ocrx_word' id='word_1_38' title='bbox 636 461 663 483; x_wconf 90' lang='lat' dir='ltr'><strong>et</strong></span> <span class='ocrx_word' id='word_1_39' title='bbox 671 456 741 483; x_wconf 92' lang='lat' dir='ltr'><strong>olera</strong></span> <span class='ocrx_word' id='word_1_40' title='bbox 755 456 879 491; x_wconf 69' lang='lat' dir='ltr'><strong>agrestia,</strong></span> <span class='ocrx_word' id='word_1_41' title='bbox 889 456 982 488; x_wconf 81' lang='lat' dir='ltr'><strong>olivas,</strong></span> <span class='ocrx_word' id='word_1_42' title='bbox 994 463 1039 482; x_wconf 73' lang='lat' dir='ltr'><strong>ca&lt;</strong></span> 
     </span>
    </p>
   </div>
   <div class='ocr_carea' id='block_1_7' title="bbox 257 500 1039 535">
    <p class='ocr_par' dir='ltr' id='par_1_7' title="bbox 257 500 1039 535">
     <span class='ocr_line' id='line_1_7' title="bbox 257 500 1039 535; baseline -0.004 -6"><span class='ocrx_word' id='word_1_43' title='bbox 257 509 327 534; x_wconf 80' lang='lat' dir='ltr'><strong>sees,</strong></span> <span class='ocrx_word' id='word_1_44' title='bbox 342 506 369 528; x_wconf 87' lang='lat' dir='ltr'><strong>et</strong></span> <span class='ocrx_word' id='word_1_45' title='bbox 382 507 514 529; x_wconf 81' lang='lat' dir='ltr'><strong>extremas</strong></span> <span class='ocrx_word' id='word_1_46' title='bbox 527 502 645 529; x_wconf 90' lang='lat' dir='ltr'><strong>carnium</strong></span> <span class='ocrx_word' id='word_1_47' title='bbox 661 506 759 535; x_wconf 80' lang='lat' dir='ltr'><strong>partes,</strong></span> <span class='ocrx_word' id='word_1_48' title='bbox 772 505 799 527; x_wconf 91' lang='lat' dir='ltr'><strong>et</strong></span> <span class='ocrx_word' id='word_1_49' title='bbox 811 500 972 528; x_wconf 86' lang='lat' dir='ltr'><strong>comminuta</strong></span> <span class='ocrx_word' id='word_1_50' title='bbox 984 500 1039 527; x_wconf 76' lang='lat' dir='ltr'><strong>ole—</strong></span> 
     </span>
    </p>
   </div>
   <div class='ocr_carea' id='block_1_8' title="bbox 256 546 1038 582">
    <p class='ocr_par' dir='ltr' id='par_1_8' title="bbox 256 546 1038 582">
     <span class='ocr_line' id='line_1_8' title="bbox 256 546 1038 582; baseline -0.004 -8"><span class='ocrx_word' id='word_1_51' title='bbox 256 555 296 574; x_wconf 87' lang='lat' dir='ltr'><strong>ra.</strong></span> <span class='ocrx_word' id='word_1_52' title='bbox 311 547 396 582; x_wconf 84' lang='lat' dir='ltr'><strong>Atque</strong></span> <span class='ocrx_word' id='word_1_53' title='bbox 407 547 590 581; x_wconf 84' lang='lat' dir='ltr'><strong>ingrediuntur</strong></span> <span class='ocrx_word' id='word_1_54' title='bbox 600 546 716 581; x_wconf 84' lang='lat' dir='ltr'><strong>quidem,</strong></span> <span class='ocrx_word' id='word_1_55' title='bbox 731 546 774 581; x_wconf 86' lang='lat' dir='ltr'><strong>qui</strong></span> <span class='ocrx_word' id='word_1_56' title='bbox 789 546 875 573; x_wconf 87' lang='lat' dir='ltr'><strong>minus</strong></span> <span class='ocrx_word' id='word_1_57' title='bbox 888 550 949 572; x_wconf 87' lang='lat' dir='ltr'><strong>sunt</strong></span> <span class='ocrx_word' id='word_1_58' title='bbox 959 547 1038 572; x_wconf 90' lang='lat' dir='ltr'><strong>robu-</strong></span> 
     </span>
    </p>
   </div>
   <div class='ocr_carea' id='block_1_9' title="bbox 255 591 1038 627">
    <p class='ocr_par' dir='ltr' id='par_1_9' title="bbox 255 591 1038 627">
     <span class='ocr_line' id='line_1_9' title="bbox 255 591 1038 627; baseline -0.003 -8"><span class='ocrx_word' id='word_1_59' title='bbox 255 593 299 625; x_wconf 89' lang='lat' dir='ltr'><strong>sti,</strong></span> <span class='ocrx_word' id='word_1_60' title='bbox 314 593 377 620; x_wconf 83' lang='lat' dir='ltr'><strong>hora</strong></span> <span class='ocrx_word' id='word_1_61' title='bbox 392 594 515 627; x_wconf 86' lang='lat' dir='ltr'><strong>septima,</strong></span> <span class='ocrx_word' id='word_1_62' title='bbox 530 598 556 620; x_wconf 91' lang='lat' dir='ltr'><strong>et</strong></span> <span class='ocrx_word' id='word_1_63' title='bbox 570 593 723 624; x_wconf 80' lang='lat' dir='ltr'><strong>comedunt,</strong></span> <span class='ocrx_word' id='word_1_64' title='bbox 739 597 767 618; x_wconf 90' lang='lat' dir='ltr'><strong>ut</strong></span> <span class='ocrx_word' id='word_1_65' title='bbox 780 592 823 626; x_wconf 88' lang='lat' dir='ltr'><strong>qui</strong></span> <span class='ocrx_word' id='word_1_66' title='bbox 844 591 897 618; x_wconf 89' lang='lat' dir='ltr'><strong>sint</strong></span> <span class='ocrx_word' id='word_1_67' title='bbox 919 591 1038 618; x_wconf 90' lang='lat' dir='ltr'><strong>imbecil-</strong></span> 
     </span>
    </p>
   </div>
   <div class='ocr_carea' id='block_1_10' title="bbox 254 634 1037 670">
    <p class='ocr_par' dir='ltr' id='par_1_10' title="bbox 254 634 1037 670">
     <span class='ocr_line' id='line_1_10' title="bbox 254 634 1037 670; baseline -0.004 -7"><span class='ocrx_word' id='word_1_68' title='bbox 254 637 350 669; x_wconf 85' lang='lat' dir='ltr'><strong>liores;</strong></span> <span class='ocrx_word' id='word_1_69' title='bbox 366 638 410 664; x_wconf 90' lang='lat' dir='ltr'><strong>alii</strong></span> <span class='ocrx_word' id='word_1_70' title='bbox 430 645 510 669; x_wconf 90' lang='lat' dir='ltr'><strong>nona,</strong></span> <span class='ocrx_word' id='word_1_71' title='bbox 526 637 570 663; x_wconf 85' lang='lat' dir='ltr'><strong>alii</strong></span> <span class='ocrx_word' id='word_1_72' title='bbox 590 636 703 670; x_wconf 88' lang='lat' dir='ltr'><strong>decima,</strong></span> <span class='ocrx_word' id='word_1_73' title='bbox 719 635 763 662; x_wconf 83' lang='lat' dir='ltr'><strong>alii</strong></span> <span class='ocrx_word' id='word_1_74' title='bbox 783 642 843 662; x_wconf 87' lang='lat' dir='ltr'><strong>sero</strong></span> <span class='ocrx_word' id='word_1_75' title='bbox 858 641 978 668; x_wconf 82' lang='lat' dir='ltr'><strong>vespere,</strong></span> <span class='ocrx_word' id='word_1_76' title='bbox 992 634 1037 660; x_wconf 85' lang='lat' dir='ltr'><strong>alii</strong></span> 
     </span>
    </p>
   </div>
   <div class='ocr_carea' id='block_1_11' title="bbox 255 681 1035 717">
    <p class='ocr_par' dir='ltr' id='par_1_11' title="bbox 255 681 1035 717">
     <span class='ocr_line' id='line_1_11' title="bbox 255 681 1035 717; baseline -0.005 -7"><span class='ocrx_word' id='word_1_77' title='bbox 255 687 315 717; x_wconf 84' lang='lat' dir='ltr'><strong>post</strong></span> <span class='ocrx_word' id='word_1_78' title='bbox 330 683 448 716; x_wconf 87' lang='lat' dir='ltr'><strong>biduum,</strong></span> <span class='ocrx_word' id='word_1_79' title='bbox 465 683 509 710; x_wconf 85' lang='lat' dir='ltr'><strong>alii</strong></span> <span class='ocrx_word' id='word_1_80' title='bbox 525 687 584 716; x_wconf 82' lang='lat' dir='ltr'><strong>post</strong></span> <span class='ocrx_word' id='word_1_81' title='bbox 596 682 724 714; x_wconf 85' lang='lat' dir='ltr'><strong>triduum,</strong></span> <span class='ocrx_word' id='word_1_82' title='bbox 736 681 778 708; x_wconf 84' lang='lat' dir='ltr'><strong>alii</strong></span> <span class='ocrx_word' id='word_1_83' title='bbox 791 686 849 716; x_wconf 82' lang='lat' dir='ltr'><strong>post</strong></span> <span class='ocrx_word' id='word_1_84' title='bbox 859 681 1035 715; x_wconf 84' lang='lat' dir='ltr'><strong>quatriduum,</strong></span> 
     </span>
    </p>
   </div>
   <div class='ocr_carea' id='block_1_12' title="bbox 253 725 1038 762">
    <p class='ocr_par' dir='ltr' id='par_1_12' title="bbox 253 725 1038 762">
     <span class='ocr_line' id='line_1_12' title="bbox 253 725 1038 762; baseline -0.003 -8"><span class='ocrx_word' id='word_1_85' title='bbox 253 728 297 754; x_wconf 88' lang='lat' dir='ltr'><strong>alii</strong></span> <span class='ocrx_word' id='word_1_86' title='bbox 311 732 369 761; x_wconf 89' lang='lat' dir='ltr'><strong>post</strong></span> <span class='ocrx_word' id='word_1_87' title='bbox 383 729 499 762; x_wconf 86' lang='lat' dir='ltr'><strong>quinque</strong></span> <span class='ocrx_word' id='word_1_88' title='bbox 509 727 577 760; x_wconf 83' lang='lat' dir='ltr'><strong>dies,</strong></span> <span class='ocrx_word' id='word_1_89' title='bbox 590 727 656 754; x_wconf 91' lang='lat' dir='ltr'><strong>adeo</strong></span> <span class='ocrx_word' id='word_1_90' title='bbox 666 731 695 753; x_wconf 91' lang='lat' dir='ltr'><strong>ut</strong></span> <span class='ocrx_word' id='word_1_91' title='bbox 707 725 913 761; x_wconf 88' lang='lat' dir='ltr'><strong>unumquodque</strong></span> <span class='ocrx_word' id='word_1_92' title='bbox 923 726 1038 752; x_wconf 85' lang='lat' dir='ltr'><strong>elemen-</strong></span> 
     </span>
    </p>
   </div>
   <div class='ocr_carea' id='block_1_13' title="bbox 254 771 1037 807">
    <p class='ocr_par' dir='ltr' id='par_1_13' title="bbox 254 771 1037 807">
     <span class='ocr_line' id='line_1_13' title="bbox 254 771 1037 807; baseline -0.003 -9"><span class='ocrx_word' id='word_1_93' title='bbox 254 777 308 800; x_wconf 86' lang='lat' dir='ltr'><strong>tum</strong></span> <span class='ocrx_word' id='word_1_94' title='bbox 322 775 412 799; x_wconf 86' lang='lat' dir='ltr'><strong>horam</strong></span> <span class='ocrx_word' id='word_1_95' title='bbox 428 773 560 807; x_wconf 87' lang='lat' dir='ltr'><strong>propriam</strong></span> <span class='ocrx_word' id='word_1_96' title='bbox 580 771 720 807; x_wconf 83' lang='lat' dir='ltr'><strong>signiﬁcet.</strong></span> <span class='ocrx_word' id='word_1_97' title='bbox 742 771 787 798; x_wconf 86' lang='lat' dir='ltr'><strong>Sic</strong></span> <span class='ocrx_word' id='word_1_98' title='bbox 802 776 889 798; x_wconf 87' lang='lat' dir='ltr'><strong>autem</strong></span> <span class='ocrx_word' id='word_1_99' title='bbox 904 775 980 797; x_wconf 89' lang='lat' dir='ltr'><strong>erant</strong></span> <span class='ocrx_word' id='word_1_100' title='bbox 992 778 1037 797; x_wconf 88' lang='lat' dir='ltr'><strong>co-</strong></span> 
     </span>
    </p>
   </div>
   <div class='ocr_carea' id='block_1_14' title="bbox 252 817 1037 853">
    <p class='ocr_par' dir='ltr' id='par_1_14' title="bbox 252 817 1037 853">
     <span class='ocr_line' id='line_1_14' title="bbox 252 817 1037 853; baseline -0.003 -8"><span class='ocrx_word' id='word_1_101' title='bbox 252 827 311 845; x_wconf 88' lang='lat' dir='ltr'><strong>rutn</strong></span> <span class='ocrx_word' id='word_1_102' title='bbox 327 826 432 853; x_wconf 85' lang='lat' dir='ltr'><strong>quoque</strong></span> <span class='ocrx_word' id='word_1_103' title='bbox 446 826 526 853; x_wconf 87' lang='lat' dir='ltr'><strong>opera</strong></span> <span class='ocrx_word' id='word_1_104' title='bbox 543 826 550 845; x_wconf 88' lang='lat'><strong>:</strong></span> <span class='ocrx_word' id='word_1_105' title='bbox 566 819 634 845; x_wconf 89' lang='lat' dir='ltr'><strong>alius</strong></span> <span class='ocrx_word' id='word_1_106' title='bbox 647 818 753 852; x_wconf 84' lang='lat' dir='ltr'><strong>quidem</strong></span> <span class='ocrx_word' id='word_1_107' title='bbox 765 817 867 844; x_wconf 83' lang='lat' dir='ltr'><strong>laborat</strong></span> <span class='ocrx_word' id='word_1_108' title='bbox 881 818 907 843; x_wconf 93' lang='lat' dir='ltr'><strong>in</strong></span> <span class='ocrx_word' id='word_1_109' title='bbox 918 824 982 851; x_wconf 92' lang='lat' dir='ltr'><strong>agro</strong></span> <span class='ocrx_word' id='word_1_110' title='bbox 992 824 1037 844; x_wconf 92' lang='lat' dir='ltr'><strong>co-</strong></span> 
     </span>
    </p>
   </div>
   <div class='ocr_carea' id='block_1_15' title="bbox 252 861 1037 897">
    <p class='ocr_par' dir='ltr' id='par_1_15' title="bbox 252 861 1037 897">
     <span class='ocr_line' id='line_1_15' title="bbox 252 861 1037 897; baseline -0.003 -7"><span class='ocrx_word' id='word_1_111' title='bbox 252 863 343 896; x_wconf 87' lang='lat' dir='ltr'><strong>lendo,</strong></span> <span class='ocrx_word' id='word_1_112' title='bbox 363 864 432 891; x_wconf 89' lang='lat' dir='ltr'><strong>alius</strong></span> <span class='ocrx_word' id='word_1_113' title='bbox 451 864 477 891; x_wconf 90' lang='lat' dir='ltr'><strong>in</strong></span> <span class='ocrx_word' id='word_1_114' title='bbox 490 864 576 895; x_wconf 86' lang='lat' dir='ltr'><strong>horto.</strong></span> <span class='ocrx_word' id='word_1_115' title='bbox 593 863 659 890; x_wconf 68' lang='lat' dir='ltr'><strong>alius</strong></span> <span class='ocrx_word' id='word_1_116' title='bbox 673 863 699 890; x_wconf 86' lang='lat' dir='ltr'><strong>in</strong></span> <span class='ocrx_word' id='word_1_117' title='bbox 715 862 836 897; x_wconf 86' lang='lat' dir='ltr'><strong>pistrino,</strong></span> <span class='ocrx_word' id='word_1_118' title='bbox 853 863 920 889; x_wconf 89' lang='lat' dir='ltr'><strong>alius</strong></span> <span class='ocrx_word' id='word_1_119' title='bbox 935 862 960 888; x_wconf 94' lang='lat' dir='ltr'><strong>in</strong></span> <span class='ocrx_word' id='word_1_120' title='bbox 975 861 1037 888; x_wconf 68' lang='lat' dir='ltr'><strong>teris</strong></span> 
     </span>
    </p>
   </div>
   <div class='ocr_carea' id='block_1_16' title="bbox 980 161 1139 190">
    <p class='ocr_par' dir='ltr' id='par_1_16' title="bbox 980 161 1139 190">
     <span class='ocr_line' id='line_1_16' title="bbox 980 161 1139 190; baseline -0.006 -1"><span class='ocrx_word' id='word_1_121' title='bbox 980 161 1139 190; x_wconf 78' lang='lat' dir='ltr'><strong>PALLADII</strong></span> 
     </span>
    </p>
   </div>
   <div class='ocr_carea' id='block_1_17' title="bbox 257 227 1079 258">
    <p class='ocr_par' dir='ltr' id='par_1_17' title="bbox 257 227 1079 258">
     <span class='ocr_line' id='line_1_17' title="bbox 257 227 1079 258; baseline 0.005 -4"><span class='ocrx_word' id='word_1_122' title='bbox 257 227 392 255; x_wconf 78' lang='lat' dir='ltr'><strong>trecentis.</strong></span> <span class='ocrx_word' id='word_1_123' title='bbox 421 227 551 254; x_wconf 77' lang='lat' dir='ltr'><strong>Erercent</strong></span> <span class='ocrx_word' id='word_1_124' title='bbox 569 232 658 254; x_wconf 75' lang='lat' dir='ltr'><strong>autem</strong></span> <span class='ocrx_word' id='word_1_125' title='bbox 683 235 790 254; x_wconf 82' lang='lat' dir='ltr'><strong>orarem</strong></span> <span class='ocrx_word' id='word_1_126' title='bbox 805 231 900 257; x_wconf 77' lang='lat' dir='ltr'><strong>artem.</strong></span> <span class='ocrx_word' id='word_1_127' title='bbox 916 231 944 255; x_wconf 87' lang='lat' dir='ltr'><strong>et</strong></span> <span class='ocrx_word' id='word_1_128' title='bbox 958 235 989 256; x_wconf 81' lang='lat' dir='ltr'><strong>ex</strong></span> <span class='ocrx_word' id='word_1_129' title='bbox 1007 228 1038 256; x_wconf 90' lang='lat' dir='ltr'><strong>iis</strong></span> <span class='ocrx_word' id='word_1_130' title='bbox 1052 228 1079 258; x_wconf 82' lang='grc' dir='ltr'><strong>Λ</strong></span> 
     </span>
    </p>
   </div>
   <div class='ocr_carea' id='block_1_18' title="bbox 1810 163 1878 191">
    <p class='ocr_par' dir='ltr' id='par_1_18' title="bbox 1810 163 1878 191">
     <span class='ocr_line' id='line_1_18' title="bbox 1810 163 1878 191; baseline 0.015 -1"><span class='ocrx_word' id='word_1_131' title='bbox 1810 163 1878 191; x_wconf 75' lang='grc'><strong>1104</strong></span> 
     </span>
    </p>
   </div>
   <div class='ocr_carea' id='block_1_19' title="bbox 1382 229 1582 260">
    <p class='ocr_par' dir='ltr' id='par_1_19' title="bbox 1382 229 1582 260">
     <span class='ocr_line' id='line_1_19' title="bbox 1382 229 1582 260; baseline -0.015 -1"><span class='ocrx_word' id='word_1_132' title='bbox 1382 232 1494 260; x_wconf 75' lang='lat' dir='ltr'><strong>CAPUT</strong></span> <span class='ocrx_word' id='word_1_133' title='bbox 1513 229 1582 259; x_wconf 81' lang='lat' dir='ltr'><strong>XLI.</strong></span> 
     </span>
    </p>
   </div>
   <div class='ocr_carea' id='block_1_20' title="bbox 1161 274 1803 312">
    <p class='ocr_par' dir='ltr' id='par_1_20' title="bbox 1161 274 1803 312">
     <span class='ocr_line' id='line_1_20' title="bbox 1161 274 1803 312; baseline 0.005 -12"><span class='ocrx_word' id='word_1_134' title='bbox 1161 274 1199 301; x_wconf 76' lang='lat' dir='ltr'><strong>De</strong></span> <span class='ocrx_word' id='word_1_135' title='bbox 1225 274 1328 311; x_wconf 77' lang='lat' dir='ltr'><strong>Virgine</strong></span> <span class='ocrx_word' id='word_1_136' title='bbox 1353 277 1409 311; x_wconf 85' lang='lat'><strong>(86)</strong></span> <span class='ocrx_word' id='word_1_137' title='bbox 1430 285 1487 312; x_wconf 67' lang='lat' dir='ltr'><strong>qua:</strong></span> <span class='ocrx_word' id='word_1_138' title='bbox 1505 276 1643 303; x_wconf 77' lang='lat' dir='ltr'><strong>simulabat</strong></span> <span class='ocrx_word' id='word_1_139' title='bbox 1661 277 1803 303; x_wconf 72' lang='lat' dir='ltr'><strong>stultitiam.</strong></span> 
     </span>
    </p>
   </div>
   <div class='ocr_carea' id='block_1_21' title="bbox 1125 318 1875 356">
    <p class='ocr_par' dir='ltr' id='par_1_21' title="bbox 1125 318 1875 356">
     <span class='ocr_line' id='line_1_21' title="bbox 1125 318 1875 356; baseline 0.004 -11"><span class='ocrx_word' id='word_1_140' title='bbox 1125 318 1151 346; x_wconf 89' lang='lat' dir='ltr'><strong>In</strong></span> <span class='ocrx_word' id='word_1_141' title='bbox 1167 321 1217 347; x_wconf 85' lang='lat' dir='ltr'><strong>hoc</strong></span> <span class='ocrx_word' id='word_1_142' title='bbox 1230 322 1390 349; x_wconf 89' lang='lat' dir='ltr'><strong>monasterio</strong></span> <span class='ocrx_word' id='word_1_143' title='bbox 1402 323 1450 349; x_wconf 88' lang='lat' dir='ltr'><strong>fuit</strong></span> <span class='ocrx_word' id='word_1_144' title='bbox 1460 323 1509 349; x_wconf 71' lang='lat' dir='ltr'><strong>alia</strong></span> <span class='ocrx_word' id='word_1_145' title='bbox 1521 323 1594 356; x_wconf 77' lang='lat' dir='ltr'><strong>virgo</strong></span> <span class='ocrx_word' id='word_1_146' title='bbox 1606 329 1665 355; x_wconf 77' lang='lat' dir='ltr'><strong>qute</strong></span> <span class='ocrx_word' id='word_1_147' title='bbox 1679 327 1785 356; x_wconf 79' lang='lat' dir='ltr'><strong>propter</strong></span> <span class='ocrx_word' id='word_1_148' title='bbox 1798 322 1875 349; x_wconf 85' lang='lat' dir='ltr'><strong>Citri-</strong></span> 
     </span>
    </p>
   </div>
   <div class='ocr_carea' id='block_1_22' title="bbox 1088 366 1907 403">
    <p class='ocr_par' dir='ltr' id='par_1_22' title="bbox 1088 366 1907 403">
     <span class='ocr_line' id='line_1_22' title="bbox 1088 366 1907 403; baseline 0.009 -13"><span class='ocrx_word' id='word_1_149' title='bbox 1088 368 1157 391; x_wconf 88' lang='lat' dir='ltr'><strong>stum</strong></span> <span class='ocrx_word' id='word_1_150' title='bbox 1169 366 1309 393; x_wconf 81' lang='lat' dir='ltr'><strong>simulabat</strong></span> <span class='ocrx_word' id='word_1_151' title='bbox 1324 368 1460 394; x_wconf 88' lang='lat' dir='ltr'><strong>stultitiam</strong></span> <span class='ocrx_word' id='word_1_152' title='bbox 1472 367 1676 403; x_wconf 75' lang='lat' dir='ltr'><strong>(Pelag.,libell.</strong></span> <span class='ocrx_word' id='word_1_153' title='bbox 1688 376 1764 399; x_wconf 81' lang='lat' dir='ltr'><strong>xvut,</strong></span> <span class='ocrx_word' id='word_1_154' title='bbox 1778 377 1804 394; x_wconf 86' lang='grc' dir='ltr'><strong>η.</strong></span> <span class='ocrx_word' id='word_1_155' title='bbox 1819 369 1874 401; x_wconf 77' lang='lat' dir='ltr'><strong>l9),</strong></span> <span class='ocrx_word' id='word_1_156' title='bbox 1905 394 1907 397; x_wconf 90' lang='lat'><strong>.</strong></span> 
     </span>
    </p>
   </div>
   <div class='ocr_carea' id='block_1_23' title="bbox 1088 411 1875 447">
    <p class='ocr_par' dir='ltr' id='par_1_23' title="bbox 1088 411 1875 447">
     <span class='ocr_line' id='line_1_23' title="bbox 1088 411 1875 447; baseline 0.003 -9"><span class='ocrx_word' id='word_1_157' title='bbox 1088 418 1115 438; x_wconf 86' lang='lat' dir='ltr'><strong>et</strong></span> <span class='ocrx_word' id='word_1_158' title='bbox 1152 418 1181 438; x_wconf 86' lang='lat' dir='ltr'><strong>se</strong></span> <span class='ocrx_word' id='word_1_159' title='bbox 1217 419 1232 438; x_wconf 87' lang='lat' dir='ltr'><strong>a</strong></span> <span class='ocrx_word' id='word_1_160' title='bbox 1270 411 1393 439; x_wconf 64' lang='lat' dir='ltr'><strong>daemone</strong></span> <span class='ocrx_word' id='word_1_161' title='bbox 1439 414 1572 447; x_wconf 85' lang='lat' dir='ltr'><strong>occupari,</strong></span> <span class='ocrx_word' id='word_1_162' title='bbox 1588 413 1810 446; x_wconf 66' lang='lat' dir='ltr'><strong>persuadenssibi</strong></span> <span class='ocrx_word' id='word_1_163' title='bbox 1829 421 1875 447; x_wconf 87' lang='lat' dir='ltr'><strong>per</strong></span> 
     </span>
    </p>
   </div>
   <div class='ocr_carea' id='block_1_24' title="bbox 1090 453 1872 493">
    <p class='ocr_par' dir='ltr' id='par_1_24' title="bbox 1090 453 1872 493">
     <span class='ocr_line' id='line_1_24' title="bbox 1090 453 1872 493; baseline 0.008 -14"><span class='ocrx_word' id='word_1_164' title='bbox 1090 453 1149 482; x_wconf 75' lang='lat' dir='ltr'><strong>lucc</strong></span> <span class='ocrx_word' id='word_1_165' title='bbox 1159 455 1284 483; x_wconf 89' lang='lat' dir='ltr'><strong>virtutem</strong></span> <span class='ocrx_word' id='word_1_166' title='bbox 1298 458 1398 488; x_wconf 84' lang='lat' dir='ltr'><strong>optime</strong></span> <span class='ocrx_word' id='word_1_167' title='bbox 1413 465 1551 492; x_wconf 84' lang='lat' dir='ltr'><strong>exercere,</strong></span> <span class='ocrx_word' id='word_1_168' title='bbox 1568 466 1597 485; x_wconf 84' lang='lat' dir='ltr'><strong>se</strong></span> <span class='ocrx_word' id='word_1_169' title='bbox 1609 459 1634 485; x_wconf 93' lang='lat' dir='ltr'><strong>in</strong></span> <span class='ocrx_word' id='word_1_170' title='bbox 1649 466 1678 485; x_wconf 88' lang='lat' dir='ltr'><strong>ea</strong></span> <span class='ocrx_word' id='word_1_171' title='bbox 1693 459 1818 492; x_wconf 73' lang='lat' dir='ltr'><strong>prteclare</strong></span> <span class='ocrx_word' id='word_1_172' title='bbox 1829 467 1872 493; x_wconf 50' lang='lat' dir='ltr'><strong>ge.</strong></span> 
     </span>
    </p>
   </div>
   <div class='ocr_carea' id='block_1_25' title="bbox 1089 503 1874 537">
    <p class='ocr_par' dir='ltr' id='par_1_25' title="bbox 1089 503 1874 537">
     <span class='ocr_line' id='line_1_25' title="bbox 1089 503 1874 537; baseline 0.008 -11"><span class='ocrx_word' id='word_1_173' title='bbox 1089 507 1161 534; x_wconf 90' lang='lat' dir='ltr'><strong>rens,</strong></span> <span class='ocrx_word' id='word_1_174' title='bbox 1178 508 1258 534; x_wconf 86' lang='lat' dir='ltr'><strong>seque</strong></span> <span class='ocrx_word' id='word_1_175' title='bbox 1274 503 1388 529; x_wconf 88' lang='lat' dir='ltr'><strong>reddens</strong></span> <span class='ocrx_word' id='word_1_176' title='bbox 1399 503 1527 537; x_wconf 89' lang='lat' dir='ltr'><strong>abjectam</strong></span> <span class='ocrx_word' id='word_1_177' title='bbox 1543 509 1570 531; x_wconf 91' lang='lat' dir='ltr'><strong>et</strong></span> <span class='ocrx_word' id='word_1_178' title='bbox 1591 504 1726 531; x_wconf 86' lang='lat' dir='ltr'><strong>humilem.</strong></span> <span class='ocrx_word' id='word_1_179' title='bbox 1745 505 1816 531; x_wconf 81' lang='lat' dir='ltr'><strong>&quot;nnc</strong></span> <span class='ocrx_word' id='word_1_180' title='bbox 1830 513 1874 532; x_wconf 90' lang='lat' dir='ltr'><strong>us-</strong></span> 
     </span>
    </p>
   </div>
   <div class='ocr_carea' id='block_1_26' title="bbox 1088 545 1872 582">
    <p class='ocr_par' dir='ltr' id='par_1_26' title="bbox 1088 545 1872 582">
     <span class='ocr_line' id='line_1_26' title="bbox 1088 545 1872 582; baseline 0.008 -12"><span class='ocrx_word' id='word_1_181' title='bbox 1088 552 1139 579; x_wconf 88' lang='lat' dir='ltr'><strong>que</strong></span> <span class='ocrx_word' id='word_1_182' title='bbox 1163 545 1230 572; x_wconf 88' lang='lat' dir='ltr'><strong>adco</strong></span> <span class='ocrx_word' id='word_1_183' title='bbox 1254 547 1363 581; x_wconf 57' lang='lat' dir='ltr'><strong>reliqua;</strong></span> <span class='ocrx_word' id='word_1_184' title='bbox 1385 553 1447 574; x_wconf 88' lang='lat' dir='ltr'><strong>sunt</strong></span> <span class='ocrx_word' id='word_1_185' title='bbox 1470 554 1628 582; x_wconf 78' lang='lat' dir='ltr'><strong>aspernatze,</strong></span> <span class='ocrx_word' id='word_1_186' title='bbox 1654 553 1682 576; x_wconf 89' lang='lat' dir='ltr'><strong>ut</strong></span> <span class='ocrx_word' id='word_1_187' title='bbox 1705 557 1753 576; x_wconf 70' lang='lat' dir='ltr'><strong>nec</strong></span> <span class='ocrx_word' id='word_1_188' title='bbox 1768 557 1826 576; x_wconf 86' lang='lat' dir='ltr'><strong>cunt</strong></span> <span class='ocrx_word' id='word_1_189' title='bbox 1841 557 1872 576; x_wconf 89' lang='lat' dir='ltr'><strong>ea</strong></span> 
     </span>
    </p>
   </div>
   <div class='ocr_carea' id='block_1_27' title="bbox 1088 590 1870 627">
    <p class='ocr_par' dir='ltr' id='par_1_27' title="bbox 1088 590 1870 627">
     <span class='ocr_line' id='line_1_27' title="bbox 1088 590 1870 627; baseline 0.009 -12"><span class='ocrx_word' id='word_1_190' title='bbox 1088 590 1193 623; x_wconf 86' lang='lat' dir='ltr'><strong>quidem</strong></span> <span class='ocrx_word' id='word_1_191' title='bbox 1208 597 1390 624; x_wconf 89' lang='lat' dir='ltr'><strong>vescerentur,</strong></span> <span class='ocrx_word' id='word_1_192' title='bbox 1410 592 1434 619; x_wconf 90' lang='lat' dir='ltr'><strong>id</strong></span> <span class='ocrx_word' id='word_1_193' title='bbox 1452 593 1496 620; x_wconf 91' lang='lat' dir='ltr'><strong>illa</strong></span> <span class='ocrx_word' id='word_1_194' title='bbox 1517 593 1665 627; x_wconf 80' lang='lat' dir='ltr'><strong>excipiente</strong></span> <span class='ocrx_word' id='word_1_195' title='bbox 1689 601 1748 621; x_wconf 88' lang='lat' dir='ltr'><strong>cum</strong></span> <span class='ocrx_word' id='word_1_196' title='bbox 1772 594 1870 622; x_wconf 70' lang='lat' dir='ltr'><strong>laetitia.</strong></span> 
     </span>
    </p>
   </div>
   <div class='ocr_carea' id='block_1_28' title="bbox 1090 635 1873 670">
    <p class='ocr_par' dir='ltr' id='par_1_28' title="bbox 1090 635 1873 670">
     <span class='ocr_line' id='line_1_28' title="bbox 1090 635 1873 670; baseline 0.005 -9"><span class='ocrx_word' id='word_1_197' title='bbox 1090 635 1246 662; x_wconf 52' lang='lat' dir='ltr'><strong>Discurrens</strong></span> <span class='ocrx_word' id='word_1_198' title='bbox 1262 636 1350 670; x_wconf 86' lang='lat' dir='ltr'><strong>itaque</strong></span> <span class='ocrx_word' id='word_1_199' title='bbox 1365 637 1389 664; x_wconf 91' lang='lat' dir='ltr'><strong>in</strong></span> <span class='ocrx_word' id='word_1_200' title='bbox 1405 638 1530 670; x_wconf 82' lang='lat' dir='ltr'><strong>culinam,</strong></span> <span class='ocrx_word' id='word_1_201' title='bbox 1554 639 1696 665; x_wconf 84' lang='lat' dir='ltr'><strong>exhibebat</strong></span> <span class='ocrx_word' id='word_1_202' title='bbox 1718 639 1776 665; x_wconf 86' lang='lat' dir='ltr'><strong>aliis</strong></span> <span class='ocrx_word' id='word_1_203' title='bbox 1795 646 1873 666; x_wconf 85' lang='lat' dir='ltr'><strong>omne</strong></span> 
     </span>
    </p>
   </div>
   <div class='ocr_carea' id='block_1_29' title="bbox 1087 681 1870 716">
    <p class='ocr_par' dir='ltr' id='par_1_29' title="bbox 1087 681 1870 716">
     <span class='ocr_line' id='line_1_29' title="bbox 1087 681 1870 716; baseline 0.004 -9"><span class='ocrx_word' id='word_1_204' title='bbox 1087 687 1172 714; x_wconf 85' lang='lat' dir='ltr'><strong>genus</strong></span> <span class='ocrx_word' id='word_1_205' title='bbox 1183 681 1370 714; x_wconf 82' lang='lat' dir='ltr'><strong>ministerium,</strong></span> <span class='ocrx_word' id='word_1_206' title='bbox 1381 682 1446 709; x_wconf 89' lang='lat' dir='ltr'><strong>adeo</strong></span> <span class='ocrx_word' id='word_1_207' title='bbox 1461 686 1491 709; x_wconf 89' lang='lat' dir='ltr'><strong>ut</strong></span> <span class='ocrx_word' id='word_1_208' title='bbox 1505 690 1554 709; x_wconf 90' lang='lat' dir='ltr'><strong>nec</strong></span> <span class='ocrx_word' id='word_1_209' title='bbox 1569 684 1660 709; x_wconf 87' lang='lat' dir='ltr'><strong>horam</strong></span> <span class='ocrx_word' id='word_1_210' title='bbox 1674 684 1780 716; x_wconf 90' lang='lat' dir='ltr'><strong>quidem</strong></span> <span class='ocrx_word' id='word_1_211' title='bbox 1793 692 1870 711; x_wconf 89' lang='lat' dir='ltr'><strong>unam</strong></span> 
     </span>
    </p>
   </div>
   <div class='ocr_carea' id='block_1_30' title="bbox 1089 724 1872 764">
    <p class='ocr_par' dir='ltr' id='par_1_30' title="bbox 1089 724 1872 764">
     <span class='ocr_line' id='line_1_30' title="bbox 1089 724 1872 764; baseline 0.006 -13"><span class='ocrx_word' id='word_1_212' title='bbox 1089 724 1286 759; x_wconf 88' lang='lat' dir='ltr'><strong>intermitteret,</strong></span> <span class='ocrx_word' id='word_1_213' title='bbox 1303 727 1349 753; x_wconf 88' lang='lat' dir='ltr'><strong>sed</strong></span> <span class='ocrx_word' id='word_1_214' title='bbox 1365 731 1489 762; x_wconf 87' lang='lat' dir='ltr'><strong>tanquatn</strong></span> <span class='ocrx_word' id='word_1_215' title='bbox 1506 729 1600 755; x_wconf 85' lang='lat' dir='ltr'><strong>ancilla</strong></span> <span class='ocrx_word' id='word_1_216' title='bbox 1616 728 1726 755; x_wconf 81' lang='lat' dir='ltr'><strong>serviret</strong></span> <span class='ocrx_word' id='word_1_217' title='bbox 1742 738 1749 756; x_wconf 91' lang='lat'><strong>:</strong></span> <span class='ocrx_word' id='word_1_218' title='bbox 1764 733 1872 764; x_wconf 87' lang='lat' dir='ltr'><strong>eratque</strong></span> 
     </span>
    </p>
   </div>
   <div class='ocr_carea' id='block_1_31' title="bbox 1088 769 1873 807">
    <p class='ocr_par' dir='ltr' id='par_1_31' title="bbox 1088 769 1873 807">
     <span class='ocr_line' id='line_1_31' title="bbox 1088 769 1873 807; baseline 0.005 -11"><span class='ocrx_word' id='word_1_219' title='bbox 1088 769 1145 796; x_wconf 63' lang='lat' dir='ltr'><strong>htec</strong></span> <span class='ocrx_word' id='word_1_220' title='bbox 1160 771 1245 803; x_wconf 90' lang='lat' dir='ltr'><strong>beata,</strong></span> <span class='ocrx_word' id='word_1_221' title='bbox 1261 776 1289 797; x_wconf 94' lang='lat' dir='ltr'><strong>ut</strong></span> <span class='ocrx_word' id='word_1_222' title='bbox 1301 771 1406 803; x_wconf 90' lang='lat' dir='ltr'><strong>dicitur,</strong></span> <span class='ocrx_word' id='word_1_223' title='bbox 1421 773 1531 807; x_wconf 80' lang='lat' dir='ltr'><strong>spongia</strong></span> <span class='ocrx_word' id='word_1_224' title='bbox 1544 773 1707 805; x_wconf 85' lang='lat' dir='ltr'><strong>monasterii,</strong></span> <span class='ocrx_word' id='word_1_225' title='bbox 1720 781 1811 800; x_wconf 88' lang='lat' dir='ltr'><strong>revera</strong></span> <span class='ocrx_word' id='word_1_226' title='bbox 1823 775 1873 800; x_wconf 81' lang='lat' dir='ltr'><strong>im-</strong></span> 
     </span>
    </p>
   </div>
   <div class='ocr_carea' id='block_1_32' title="bbox 1089 815 1872 854">
    <p class='ocr_par' dir='ltr' id='par_1_32' title="bbox 1089 815 1872 854">
     <span class='ocr_line' id='line_1_32' title="bbox 1089 815 1872 854; baseline 0.008 -13"><span class='ocrx_word' id='word_1_227' title='bbox 1089 815 1163 848; x_wconf 88' lang='lat' dir='ltr'><strong>plens</strong></span> <span class='ocrx_word' id='word_1_228' title='bbox 1178 816 1203 842; x_wconf 89' lang='lat' dir='ltr'><strong>id</strong></span> <span class='ocrx_word' id='word_1_229' title='bbox 1219 817 1289 850; x_wconf 78' lang='lat' dir='ltr'><strong>quod</strong></span> <span class='ocrx_word' id='word_1_230' title='bbox 1313 817 1439 852; x_wconf 85' lang='lat' dir='ltr'><strong>scriptum</strong></span> <span class='ocrx_word' id='word_1_231' title='bbox 1463 823 1505 845; x_wconf 88' lang='lat' dir='ltr'><strong>est</strong></span> <span class='ocrx_word' id='word_1_232' title='bbox 1524 819 1551 845; x_wconf 90' lang='lat' dir='ltr'><strong>in</strong></span> <span class='ocrx_word' id='word_1_233' title='bbox 1575 819 1737 854; x_wconf 85' lang='lat' dir='ltr'><strong>Evangelio:</strong></span> <span class='ocrx_word' id='word_1_234' title='bbox 1753 820 1803 852; x_wconf 89' lang='lat' dir='ltr'><strong>Qui</strong></span> <span class='ocrx_word' id='word_1_235' title='bbox 1818 821 1872 847; x_wconf 82' lang='lat' dir='ltr'><strong>vult</strong></span> 
     </span>
    </p>
   </div>
   <div class='ocr_carea' id='block_1_33' title="bbox 1089 860 1871 897">
    <p class='ocr_par' dir='ltr' id='par_1_33' title="bbox 1089 860 1871 897">
     <span class='ocr_line' id='line_1_33' title="bbox 1089 860 1871 897; baseline 0.006 -11"><span class='ocrx_word' id='word_1_236' title='bbox 1089 860 1158 887; x_wconf 89' lang='lat' dir='ltr'><strong>inter</strong></span> <span class='ocrx_word' id='word_1_237' title='bbox 1170 868 1215 888; x_wconf 88' lang='lat' dir='ltr'><strong>vos</strong></span> <span class='ocrx_word' id='word_1_238' title='bbox 1229 869 1288 888; x_wconf 88' lang='lat' dir='ltr'><strong>esse</strong></span> <span class='ocrx_word' id='word_1_239' title='bbox 1299 870 1419 897; x_wconf 87' lang='lat' dir='ltr'><strong>magnus,</strong></span> <span class='ocrx_word' id='word_1_240' title='bbox 1431 863 1464 890; x_wconf 85' lang='lat' dir='ltr'><strong>sit</strong></span> <span class='ocrx_word' id='word_1_241' title='bbox 1478 864 1594 890; x_wconf 80' lang='lat' dir='ltr'><strong>omniUm</strong></span> <span class='ocrx_word' id='word_1_242' title='bbox 1606 871 1707 897; x_wconf 88' lang='lat' dir='ltr'><strong>servus,</strong></span> <span class='ocrx_word' id='word_1_243' title='bbox 1718 869 1744 891; x_wconf 89' lang='lat' dir='ltr'><strong>et</strong></span> <span class='ocrx_word' id='word_1_244' title='bbox 1755 866 1871 891; x_wconf 87' lang='lat' dir='ltr'><strong>omnium</strong></span> 
     </span>
    </p>
   </div>
   <div class='ocr_carea' id='block_1_34' title="bbox 252 907 1873 944">
    <p class='ocr_par' dir='ltr' id='par_1_34' title="bbox 252 907 1873 944">
     <span class='ocr_line' id='line_1_34' title="bbox 252 907 1873 944; baseline 0 -7"><span class='ocrx_word' id='word_1_245' title='bbox 252 910 370 944; x_wconf 81' lang='lat' dir='ltr'><strong>officina,</strong></span> <span class='ocrx_word' id='word_1_246' title='bbox 385 911 452 938; x_wconf 91' lang='lat' dir='ltr'><strong>alius</strong></span> <span class='ocrx_word' id='word_1_247' title='bbox 466 910 492 937; x_wconf 90' lang='lat' dir='ltr'><strong>in</strong></span> <span class='ocrx_word' id='word_1_248' title='bbox 514 909 678 943; x_wconf 87' lang='lat' dir='ltr'><strong>fabricando,</strong></span> <span class='ocrx_word' id='word_1_249' title='bbox 698 909 766 936; x_wconf 88' lang='lat' dir='ltr'><strong>alius</strong></span> <span class='ocrx_word' id='word_1_250' title='bbox 788 909 814 935; x_wconf 91' lang='lat' dir='ltr'><strong>in</strong></span> <span class='ocrx_word' id='word_1_251' title='bbox 835 912 892 935; x_wconf 87' lang='lat' dir='ltr'><strong>arte</strong></span> <span class='ocrx_word' id='word_1_252' title='bbox 913 907 1030 940; x_wconf 88' lang='lat' dir='ltr'><strong>fullonia,</strong></span> <span class='ocrx_word' id='word_1_253' title='bbox 1052 911 1075 940; x_wconf 82' lang='grc' dir='ltr'><strong>Β</strong></span> <span class='ocrx_word' id='word_1_254' title='bbox 1089 907 1208 933; x_wconf 90' lang='lat' dir='ltr'><strong>tniuistcr</strong></span> <span class='ocrx_word' id='word_1_255' title='bbox 1224 907 1329 941; x_wconf 71' lang='lat' dir='ltr'><strong>(Mauri.</strong></span> <span class='ocrx_word' id='word_1_256' title='bbox 1347 916 1399 939; x_wconf 78' lang='lat' dir='ltr'><strong>xx;</strong></span> <span class='ocrx_word' id='word_1_257' title='bbox 1417 907 1499 936; x_wconf 80' lang='lat' dir='ltr'><strong>Marc.</strong></span> <span class='ocrx_word' id='word_1_258' title='bbox 1515 909 1555 943; x_wconf 84' lang='lat' dir='ltr'><strong>x).</strong></span> <span class='ocrx_word' id='word_1_259' title='bbox 1576 908 1608 935; x_wconf 89' lang='lat' dir='ltr'><strong>Et</strong></span> <span class='ocrx_word' id='word_1_260' title='bbox 1629 916 1720 936; x_wconf 89' lang='lat' dir='ltr'><strong>rursus</strong></span> <span class='ocrx_word' id='word_1_261' title='bbox 1745 909 1806 936; x_wconf 87' lang='lat' dir='ltr'><strong>alibi</strong></span> <span class='ocrx_word' id='word_1_262' title='bbox 1824 919 1831 936; x_wconf 85' lang='lat'>:</span> <span class='ocrx_word' id='word_1_263' title='bbox 1846 910 1873 937; x_wconf 86' lang='lat' dir='ltr'><strong>Si</strong></span> 
     </span>
    </p>
   </div>
   <div class='ocr_carea' id='block_1_35' title="bbox 252 955 1036 990">
    <p class='ocr_par' dir='ltr' id='par_1_35' title="bbox 252 955 1036 990">
     <span class='ocr_line' id='line_1_35' title="bbox 252 955 1036 990; baseline 0 -8"><span class='ocrx_word' id='word_1_264' title='bbox 252 956 318 984; x_wconf 89' lang='lat' dir='ltr'><strong>alius</strong></span> <span class='ocrx_word' id='word_1_265' title='bbox 330 957 356 983; x_wconf 90' lang='lat' dir='ltr'><strong>in</strong></span> <span class='ocrx_word' id='word_1_266' title='bbox 371 956 495 990; x_wconf 85' lang='lat' dir='ltr'><strong>parandis</strong></span> <span class='ocrx_word' id='word_1_267' title='bbox 508 956 587 983; x_wconf 85' lang='lat' dir='ltr'><strong>coriis</strong></span> <span class='ocrx_word' id='word_1_268' title='bbox 600 956 668 990; x_wconf 70' lang='lat'><strong>(83),</strong></span> <span class='ocrx_word' id='word_1_269' title='bbox 685 955 750 982; x_wconf 78' lang='lat' dir='ltr'><strong>alius</strong></span> <span class='ocrx_word' id='word_1_270' title='bbox 766 955 791 981; x_wconf 94' lang='lat' dir='ltr'><strong>in</strong></span> <span class='ocrx_word' id='word_1_271' title='bbox 806 955 965 982; x_wconf 86' lang='lat' dir='ltr'><strong>consuendis</strong></span> <span class='ocrx_word' id='word_1_272' title='bbox 979 955 1036 982; x_wconf 84' lang='lat' dir='ltr'><strong>cal-</strong></span> 
     </span>
    </p>
   </div>
   <div class='ocr_carea' id='block_1_36' title="bbox 251 999 1037 1036">
    <p class='ocr_par' dir='ltr' id='par_1_36' title="bbox 251 999 1037 1036">
     <span class='ocr_line' id='line_1_36' title="bbox 251 999 1037 1036; baseline -0.003 -8"><span class='ocrx_word' id='word_1_273' title='bbox 251 1001 317 1033; x_wconf 87' lang='lat' dir='ltr'><strong>ceis,</strong></span> <span class='ocrx_word' id='word_1_274' title='bbox 329 1001 396 1028; x_wconf 88' lang='lat' dir='ltr'><strong>alius</strong></span> <span class='ocrx_word' id='word_1_275' title='bbox 411 1001 437 1028; x_wconf 88' lang='lat' dir='ltr'><strong>iu</strong></span> <span class='ocrx_word' id='word_1_276' title='bbox 449 1001 558 1036; x_wconf 87' lang='lat' dir='ltr'><strong>pulchre</strong></span> <span class='ocrx_word' id='word_1_277' title='bbox 568 1000 718 1031; x_wconf 86' lang='lat' dir='ltr'><strong>scribendo,</strong></span> <span class='ocrx_word' id='word_1_278' title='bbox 731 999 798 1026; x_wconf 87' lang='lat' dir='ltr'><strong>alius</strong></span> <span class='ocrx_word' id='word_1_279' title='bbox 809 1000 968 1027; x_wconf 79' lang='lat' dir='ltr'><strong>conterebat</strong></span> <span class='ocrx_word' id='word_1_280' title='bbox 979 1007 1037 1026; x_wconf 90' lang='lat' dir='ltr'><strong>ma-</strong></span> 
     </span>
    </p>
   </div>
   <div class='ocr_carea' id='block_1_37' title="bbox 251 1045 1036 1080">
    <p class='ocr_par' dir='ltr' id='par_1_37' title="bbox 251 1045 1036 1080">
     <span class='ocr_line' id='line_1_37' title="bbox 251 1045 1036 1080; baseline -0.003 -7"><span class='ocrx_word' id='word_1_281' title='bbox 251 1053 317 1080; x_wconf 75' lang='lat' dir='ltr'><strong>gnas</strong></span> <span class='ocrx_word' id='word_1_282' title='bbox 331 1050 446 1080; x_wconf 86' lang='lat' dir='ltr'><strong>sportas,</strong></span> <span class='ocrx_word' id='word_1_283' title='bbox 462 1047 530 1073; x_wconf 86' lang='lat' dir='ltr'><strong>alius</strong></span> <span class='ocrx_word' id='word_1_284' title='bbox 542 1046 671 1072; x_wconf 89' lang='lat' dir='ltr'><strong>canistros</strong></span> <span class='ocrx_word' id='word_1_285' title='bbox 685 1050 713 1073; x_wconf 88' lang='lat' dir='ltr'><strong>et</strong></span> <span class='ocrx_word' id='word_1_286' title='bbox 727 1045 871 1079; x_wconf 79' lang='lat' dir='ltr'><strong>sportulas.</strong></span> <span class='ocrx_word' id='word_1_287' title='bbox 883 1045 1036 1072; x_wconf 81' lang='lat' dir='ltr'><strong>Memoriter</strong></span> 
     </span>
    </p>
   </div>
   <div class='ocr_carea' id='block_1_38' title="bbox 252 1092 790 1127">
    <p class='ocr_par' dir='ltr' id='par_1_38' title="bbox 252 1092 790 1127">
     <span class='ocr_line' id='line_1_38' title="bbox 252 1092 790 1127; baseline 0 -8"><span class='ocrx_word' id='word_1_288' title='bbox 252 1099 339 1120; x_wconf 77' lang='lat' dir='ltr'><strong>autent</strong></span> <span class='ocrx_word' id='word_1_289' title='bbox 354 1100 448 1120; x_wconf 89' lang='lat' dir='ltr'><strong>otnnes</strong></span> <span class='ocrx_word' id='word_1_290' title='bbox 458 1097 615 1127; x_wconf 86' lang='lat' dir='ltr'><strong>expromunt</strong></span> <span class='ocrx_word' id='word_1_291' title='bbox 630 1092 790 1126; x_wconf 87' lang='lat' dir='ltr'><strong>Scripturas.</strong></span> 
     </span>
    </p>
   </div>
   <div class='ocr_carea' id='block_1_39' title="bbox 290 1136 1037 1172">
    <p class='ocr_par' dir='ltr' id='par_1_39' title="bbox 290 1136 1037 1172">
     <span class='ocr_line' id='line_1_39' title="bbox 290 1136 1037 1172; baseline -0.001 -8"><span class='ocrx_word' id='word_1_292' title='bbox 290 1139 389 1164; x_wconf 86' lang='lat' dir='ltr'><strong>llnrunt</strong></span> <span class='ocrx_word' id='word_1_293' title='bbox 404 1144 444 1165; x_wconf 87' lang='lat' dir='ltr'><strong>est</strong></span> <span class='ocrx_word' id='word_1_294' title='bbox 459 1137 597 1164; x_wconf 77' lang='lat' dir='ltr'><strong>mulierum</strong></span> <span class='ocrx_word' id='word_1_295' title='bbox 609 1145 714 1172; x_wconf 89' lang='lat' dir='ltr'><strong>quoque</strong></span> <span class='ocrx_word' id='word_1_296' title='bbox 726 1137 916 1164; x_wconf 86' lang='lat' dir='ltr'><strong>monasterium</strong></span> <span class='ocrx_word' id='word_1_297' title='bbox 930 1136 1037 1163; x_wconf 74' lang='lat' dir='ltr'><strong>circiter</strong></span> 
     </span>
    </p>
   </div>
   <div class='ocr_carea' id='block_1_40' title="bbox 252 1182 1038 1218">
    <p class='ocr_par' dir='ltr' id='par_1_40' title="bbox 252 1182 1038 1218">
     <span class='ocr_line' id='line_1_40' title="bbox 252 1182 1038 1218; baseline -0.003 -8"><span class='ocrx_word' id='word_1_298' title='bbox 252 1184 514 1218; x_wconf 86' lang='lat' dir='ltr'><strong>quadringentarum,</strong></span> <span class='ocrx_word' id='word_1_299' title='bbox 529 1183 599 1217; x_wconf 88' lang='lat' dir='ltr'><strong>quod</strong></span> <span class='ocrx_word' id='word_1_300' title='bbox 616 1183 695 1210; x_wconf 84' lang='lat' dir='ltr'><strong>habet</strong></span> <span class='ocrx_word' id='word_1_301' title='bbox 717 1183 837 1210; x_wconf 83' lang='lat' dir='ltr'><strong>eamdem</strong></span> <span class='ocrx_word' id='word_1_302' title='bbox 854 1182 957 1209; x_wconf 86' lang='lat' dir='ltr'><strong>vivendi</strong></span> <span class='ocrx_word' id='word_1_303' title='bbox 983 1183 1038 1209; x_wconf 89' lang='lat' dir='ltr'><strong>for-</strong></span> 
     </span>
    </p>
   </div>
   <div class='ocr_carea' id='block_1_41' title="bbox 252 1227 1036 1261">
    <p class='ocr_par' dir='ltr' id='par_1_41' title="bbox 252 1227 1036 1261">
     <span class='ocr_line' id='line_1_41' title="bbox 252 1227 1036 1261; baseline -0.003 -5"><span class='ocrx_word' id='word_1_304' title='bbox 252 1236 322 1256; x_wconf 86' lang='lat' dir='ltr'><strong>tnam</strong></span> <span class='ocrx_word' id='word_1_305' title='bbox 335 1234 362 1256; x_wconf 90' lang='lat' dir='ltr'><strong>et</strong></span> <span class='ocrx_word' id='word_1_306' title='bbox 376 1228 447 1256; x_wconf 91' lang='lat' dir='ltr'><strong>idem</strong></span> <span class='ocrx_word' id='word_1_307' title='bbox 464 1228 623 1259; x_wconf 87' lang='lat' dir='ltr'><strong>institutum,</strong></span> <span class='ocrx_word' id='word_1_308' title='bbox 640 1232 736 1261; x_wconf 67' lang='lat' dir='ltr'><strong>prteter</strong></span> <span class='ocrx_word' id='word_1_309' title='bbox 746 1227 840 1261; x_wconf 89' lang='lat' dir='ltr'><strong>pellem</strong></span> <span class='ocrx_word' id='word_1_310' title='bbox 855 1227 974 1254; x_wconf 90' lang='lat' dir='ltr'><strong>ovillam.</strong></span> <span class='ocrx_word' id='word_1_311' title='bbox 1003 1227 1036 1254; x_wconf 80' lang='lat' dir='ltr'><strong>Et</strong></span> 
     </span>
    </p>
   </div>
   <div class='ocr_carea' id='block_1_42' title="bbox 251 1272 1034 1308">
    <p class='ocr_par' dir='ltr' id='par_1_42' title="bbox 251 1272 1034 1308">
     <span class='ocr_line' id='line_1_42' title="bbox 251 1272 1034 1308; baseline -0.004 -7"><span class='ocrx_word' id='word_1_312' title='bbox 251 1279 314 1302; x_wconf 86' lang='lat' dir='ltr'><strong>sunt</strong></span> <span class='ocrx_word' id='word_1_313' title='bbox 327 1274 433 1308; x_wconf 90' lang='lat' dir='ltr'><strong>quidem</strong></span> <span class='ocrx_word' id='word_1_314' title='bbox 449 1274 574 1300; x_wconf 80' lang='lat' dir='ltr'><strong>mulieres</strong></span> <span class='ocrx_word' id='word_1_315' title='bbox 596 1277 667 1300; x_wconf 80' lang='lat' dir='ltr'><strong>trans</strong></span> <span class='ocrx_word' id='word_1_316' title='bbox 681 1273 789 1299; x_wconf 82' lang='lat' dir='ltr'><strong>ﬂuvium</strong></span> <span class='ocrx_word' id='word_1_317' title='bbox 804 1272 907 1304; x_wconf 84' lang='lat' dir='ltr'><strong>Nilum;</strong></span> <span class='ocrx_word' id='word_1_318' title='bbox 923 1272 971 1298; x_wconf 92' lang='lat' dir='ltr'><strong>viri</strong></span> <span class='ocrx_word' id='word_1_319' title='bbox 986 1279 1034 1298; x_wconf 89' lang='lat' dir='ltr'><strong>au-</strong></span> 
     </span>
    </p>
   </div>
   <div class='ocr_carea' id='block_1_43' title="bbox 254 1317 1035 1353">
    <p class='ocr_par' dir='ltr' id='par_1_43' title="bbox 254 1317 1035 1353">
     <span class='ocr_line' id='line_1_43' title="bbox 254 1317 1035 1353; baseline -0.005 -6"><span class='ocrx_word' id='word_1_320' title='bbox 254 1325 306 1348; x_wconf 81' lang='lat' dir='ltr'><strong>tem</strong></span> <span class='ocrx_word' id='word_1_321' title='bbox 317 1327 349 1347; x_wconf 77' lang='lat' dir='ltr'><strong>ex</strong></span> <span class='ocrx_word' id='word_1_322' title='bbox 364 1319 476 1346; x_wconf 84' lang='lat' dir='ltr'><strong>adverso</strong></span> <span class='ocrx_word' id='word_1_323' title='bbox 493 1326 595 1346; x_wconf 87' lang='lat' dir='ltr'><strong>earutn.</strong></span> <span class='ocrx_word' id='word_1_324' title='bbox 611 1318 640 1346; x_wconf 87' lang='lat' dir='ltr'><strong>Si</strong></span> <span class='ocrx_word' id='word_1_325' title='bbox 656 1319 729 1353; x_wconf 83' lang='lat' dir='ltr'><strong>virgo</strong></span> <span class='ocrx_word' id='word_1_326' title='bbox 743 1322 830 1345; x_wconf 86' lang='lat' dir='ltr'><strong>autent</strong></span> <span class='ocrx_word' id='word_1_327' title='bbox 845 1317 950 1350; x_wconf 91' lang='lat' dir='ltr'><strong>obicrit,</strong></span> <span class='ocrx_word' id='word_1_328' title='bbox 972 1317 1035 1344; x_wconf 87' lang='lat' dir='ltr'><strong>reli-</strong></span> 
     </span>
    </p>
   </div>
   <div class='ocr_carea' id='block_1_44' title="bbox 251 1365 1033 1401">
    <p class='ocr_par' dir='ltr' id='par_1_44' title="bbox 251 1365 1033 1401">
     <span class='ocr_line' id='line_1_44' title="bbox 251 1365 1033 1401; baseline -0.004 -8"><span class='ocrx_word' id='word_1_329' title='bbox 251 1375 311 1401; x_wconf 66' lang='lat' dir='ltr'><strong>qum</strong></span> <span class='ocrx_word' id='word_1_330' title='bbox 320 1367 434 1401; x_wconf 75' lang='lat' dir='ltr'><strong>virgines</strong></span> <span class='ocrx_word' id='word_1_331' title='bbox 448 1373 508 1393; x_wconf 89' lang='lat' dir='ltr'><strong>cum</strong></span> <span class='ocrx_word' id='word_1_332' title='bbox 518 1373 575 1393; x_wconf 84' lang='lat' dir='ltr'><strong>eam</strong></span> <span class='ocrx_word' id='word_1_333' title='bbox 588 1365 619 1392; x_wconf 85' lang='lat' dir='ltr'><strong>ad</strong></span> <span class='ocrx_word' id='word_1_334' title='bbox 630 1365 792 1399; x_wconf 86' lang='lat' dir='ltr'><strong>sepulturam</strong></span> <span class='ocrx_word' id='word_1_335' title='bbox 804 1365 1033 1396; x_wconf 68' lang='lat' dir='ltr'><strong>concinnaverint,</strong></span> 
     </span>
    </p>
   </div>
   <div class='ocr_carea' id='block_1_45' title="bbox 251 1410 1035 1445">
    <p class='ocr_par' dir='ltr' id='par_1_45' title="bbox 251 1410 1035 1445">
     <span class='ocr_line' id='line_1_45' title="bbox 251 1410 1035 1445; baseline -0.003 -6"><span class='ocrx_word' id='word_1_336' title='bbox 251 1411 373 1440; x_wconf 77' lang='lat' dir='ltr'><strong>efferunt.</strong></span> <span class='ocrx_word' id='word_1_337' title='bbox 390 1415 418 1438; x_wconf 88' lang='lat' dir='ltr'><strong>et</strong></span> <span class='ocrx_word' id='word_1_338' title='bbox 430 1419 487 1438; x_wconf 88' lang='lat' dir='ltr'><strong>eam</strong></span> <span class='ocrx_word' id='word_1_339' title='bbox 499 1415 600 1445; x_wconf 87' lang='lat' dir='ltr'><strong>ponunt</strong></span> <span class='ocrx_word' id='word_1_340' title='bbox 616 1411 648 1437; x_wconf 89' lang='lat' dir='ltr'><strong>ad</strong></span> <span class='ocrx_word' id='word_1_341' title='bbox 663 1410 747 1445; x_wconf 88' lang='lat' dir='ltr'><strong>ripam</strong></span> <span class='ocrx_word' id='word_1_342' title='bbox 763 1410 845 1437; x_wconf 84' lang='lat' dir='ltr'><strong>ﬂuvii.</strong></span> <span class='ocrx_word' id='word_1_343' title='bbox 861 1410 1035 1444; x_wconf 84' lang='lat' dir='ltr'><strong>Trajicienlcs</strong></span> 
     </span>
    </p>
   </div>
   <div class='ocr_carea' id='block_1_46' title="bbox 250 1455 1035 1489">
    <p class='ocr_par' dir='ltr' id='par_1_46' title="bbox 250 1455 1035 1489">
     <span class='ocr_line' id='line_1_46' title="bbox 250 1455 1035 1489; baseline 0 -7"><span class='ocrx_word' id='word_1_344' title='bbox 250 1461 338 1483; x_wconf 86' lang='lat' dir='ltr'><strong>autem</strong></span> <span class='ocrx_word' id='word_1_345' title='bbox 355 1456 450 1482; x_wconf 79' lang='lat' dir='ltr'><strong>fratres</strong></span> <span class='ocrx_word' id='word_1_346' title='bbox 460 1463 520 1482; x_wconf 90' lang='lat' dir='ltr'><strong>cum</strong></span> <span class='ocrx_word' id='word_1_347' title='bbox 537 1455 630 1489; x_wconf 79' lang='lat' dir='ltr'><strong>palmis</strong></span> <span class='ocrx_word' id='word_1_348' title='bbox 643 1460 670 1482; x_wconf 89' lang='lat' dir='ltr'><strong>et</strong></span> <span class='ocrx_word' id='word_1_349' title='bbox 684 1455 764 1482; x_wconf 84' lang='lat' dir='ltr'><strong>rantis</strong></span> <span class='ocrx_word' id='word_1_350' title='bbox 778 1455 854 1481; x_wconf 73' lang='lat' dir='ltr'><strong>oliva:</strong></span> <span class='ocrx_word' id='word_1_351' title='bbox 876 1460 903 1482; x_wconf 81' lang='lat' dir='ltr'><strong>et</strong></span> <span class='ocrx_word' id='word_1_352' title='bbox 921 1456 1035 1488; x_wconf 85' lang='lat' dir='ltr'><strong>psalmo-</strong></span> 
     </span>
    </p>
   </div>
   <div class='ocr_carea' id='block_1_47' title="bbox 250 1500 1034 1534">
    <p class='ocr_par' dir='ltr' id='par_1_47' title="bbox 250 1500 1034 1534">
     <span class='ocr_line' id='line_1_47' title="bbox 250 1500 1034 1534; baseline 0.001 -8"><span class='ocrx_word' id='word_1_353' title='bbox 250 1501 305 1533; x_wconf 87' lang='lat' dir='ltr'><strong>dia,</strong></span> <span class='ocrx_word' id='word_1_354' title='bbox 330 1508 389 1527; x_wconf 85' lang='lat' dir='ltr'><strong>eam</strong></span> <span class='ocrx_word' id='word_1_355' title='bbox 406 1501 596 1531; x_wconf 89' lang='lat' dir='ltr'><strong>transmittunt,</strong></span> <span class='ocrx_word' id='word_1_356' title='bbox 612 1501 677 1527; x_wconf 87' lang='lat' dir='ltr'><strong>etin</strong></span> <span class='ocrx_word' id='word_1_357' title='bbox 699 1500 754 1527; x_wconf 82' lang='lat' dir='ltr'><strong>suis</strong></span> <span class='ocrx_word' id='word_1_358' title='bbox 773 1501 939 1527; x_wconf 77' lang='lat' dir='ltr'><strong>inanimentis</strong></span> <span class='ocrx_word' id='word_1_359' title='bbox 959 1508 1034 1534; x_wconf 87' lang='lat' dir='ltr'><strong>sepe-</strong></span> 
     </span>
    </p>
   </div>
   <div class='ocr_carea' id='block_1_48' title="bbox 252 1545 1033 1581">
    <p class='ocr_par' dir='ltr' id='par_1_48' title="bbox 252 1545 1033 1581">
     <span class='ocr_line' id='line_1_48' title="bbox 252 1545 1033 1581; baseline -0.001 -8"><span class='ocrx_word' id='word_1_360' title='bbox 252 1546 329 1573; x_wconf 85' lang='lat' dir='ltr'><strong>liuut.</strong></span> <span class='ocrx_word' id='word_1_361' title='bbox 347 1545 447 1572; x_wconf 62' lang='lat' dir='ltr'><strong>Praeter</strong></span> <span class='ocrx_word' id='word_1_362' title='bbox 458 1546 639 1581; x_wconf 79' lang='lat' dir='ltr'><strong>presbyterum</strong></span> <span class='ocrx_word' id='word_1_363' title='bbox 651 1550 738 1572; x_wconf 81' lang='lat' dir='ltr'><strong>autem</strong></span> <span class='ocrx_word' id='word_1_364' title='bbox 749 1550 774 1572; x_wconf 89' lang='lat' dir='ltr'><strong>et</strong></span> <span class='ocrx_word' id='word_1_365' title='bbox 787 1545 927 1572; x_wconf 84' lang='lat' dir='ltr'><strong>diacomtm</strong></span> <span class='ocrx_word' id='word_1_366' title='bbox 948 1545 1033 1572; x_wconf 62' lang='lat' dir='ltr'><strong>nullas</strong></span> 
     </span>
    </p>
   </div>
   <div class='ocr_carea' id='block_1_49' title="bbox 252 1588 1070 1628">
    <p class='ocr_par' dir='ltr' id='par_1_49' title="bbox 252 1588 1070 1628">
     <span class='ocr_line' id='line_1_49' title="bbox 252 1588 1070 1628; baseline -0.001 -11"><span class='ocrx_word' id='word_1_367' title='bbox 252 1590 349 1617; x_wconf 82' lang='lat' dir='ltr'><strong>transit</strong></span> <span class='ocrx_word' id='word_1_368' title='bbox 362 1589 394 1617; x_wconf 87' lang='lat' dir='ltr'><strong>ad</strong></span> <span class='ocrx_word' id='word_1_369' title='bbox 410 1590 598 1617; x_wconf 76' lang='lat' dir='ltr'><strong>monasterium</strong></span> <span class='ocrx_word' id='word_1_370' title='bbox 614 1588 782 1621; x_wconf 81' lang='lat' dir='ltr'><strong>feminarum,</strong></span> <span class='ocrx_word' id='word_1_371' title='bbox 798 1589 875 1624; x_wconf 84' lang='lat' dir='ltr'><strong>idque</strong></span> <span class='ocrx_word' id='word_1_372' title='bbox 888 1589 931 1616; x_wconf 90' lang='lat' dir='ltr'><strong>die</strong></span> <span class='ocrx_word' id='word_1_373' title='bbox 946 1589 1034 1616; x_wconf 87' lang='lat' dir='ltr'><strong>Dorui-</strong></span> <span class='ocrx_word' id='word_1_374' title='bbox 1047 1597 1070 1628; x_wconf 71' lang='grc' dir='ltr'>α</span> 
     </span>
    </p>
   </div>
   <div class='ocr_carea' id='block_1_50' title="bbox 249 1636 320 1663">
    <p class='ocr_par' dir='ltr' id='par_1_50' title="bbox 249 1636 320 1663">
     <span class='ocr_line' id='line_1_50' title="bbox 249 1636 320 1663; baseline 0 0"><span class='ocrx_word' id='word_1_375' title='bbox 249 1636 320 1663; x_wconf 80' lang='lat' dir='ltr'><strong>nico-</strong></span> 
     </span>
    </p>
   </div>
   <div class='ocr_carea' id='block_1_51' title="bbox 548 1681 732 1709">
    <p class='ocr_par' dir='ltr' id='par_1_51' title="bbox 548 1681 732 1709">
     <span class='ocr_line' id='line_1_51' title="bbox 548 1681 732 1709; baseline 0 -1"><span class='ocrx_word' id='word_1_376' title='bbox 548 1681 659 1709; x_wconf 82' lang='lat' dir='ltr'><strong>CAPUT</strong></span> <span class='ocrx_word' id='word_1_377' title='bbox 679 1681 732 1709; x_wconf 75' lang='lat' dir='ltr'><strong>XL.</strong></span> 
     </span>
    </p>
   </div>
   <div class='ocr_carea' id='block_1_52' title="bbox 250 1737 1036 1779">
    <p class='ocr_par' dir='ltr' id='par_1_52' title="bbox 250 1737 1036 1779">
     <span class='ocr_line' id='line_1_52' title="bbox 250 1737 1036 1779; baseline 0.001 -14"><span class='ocrx_word' id='word_1_378' title='bbox 250 1737 288 1765; x_wconf 81' lang='lat' dir='ltr'><strong>Dc</strong></span> <span class='ocrx_word' id='word_1_379' title='bbox 313 1737 418 1773; x_wconf 77' lang='lat' dir='ltr'><strong>Virgine</strong></span> <span class='ocrx_word' id='word_1_380' title='bbox 445 1737 514 1773; x_wconf 61' lang='lat' dir='ltr'><strong>(8i),</strong></span> <span class='ocrx_word' id='word_1_381' title='bbox 535 1737 567 1765; x_wconf 81' lang='lat' dir='ltr'><strong>de</strong></span> <span class='ocrx_word' id='word_1_382' title='bbox 588 1747 638 1778; x_wconf 65' lang='lat' dir='ltr'><strong>qua</strong></span> <span class='ocrx_word' id='word_1_383' title='bbox 659 1738 746 1779; x_wconf 75' lang='lat' dir='ltr'><strong>fuerat</strong></span> <span class='ocrx_word' id='word_1_384' title='bbox 769 1738 864 1773; x_wconf 73' lang='lat' dir='ltr'><strong>dictum</strong></span> <span class='ocrx_word' id='word_1_385' title='bbox 885 1739 978 1772; x_wconf 72' lang='lat' dir='ltr'><strong>[uisum</strong></span> <span class='ocrx_word' id='word_1_386' title='bbox 1001 1744 1036 1766; x_wconf 84' lang='lat' dir='ltr'><strong>te-</strong></span> 
     </span>
    </p>
   </div>
   <div class='ocr_carea' id='block_1_53' title="bbox 564 1779 718 1801">
    <p class='ocr_par' dir='ltr' id='par_1_53' title="bbox 564 1779 718 1801">
     <span class='ocr_line' id='line_1_53' title="bbox 564 1779 718 1801; baseline -0.006 0"><span class='ocrx_word' id='word_1_387' title='bbox 564 1779 718 1801; x_wconf 77' lang='lat' dir='ltr'><strong>strutomum.</strong></span> 
     </span>
    </p>
   </div>
   <div class='ocr_carea' id='block_1_54' title="bbox 285 1829 1035 1858">
    <p class='ocr_par' dir='ltr' id='par_1_54' title="bbox 285 1829 1035 1858">
     <span class='ocr_line' id='line_1_54' title="bbox 285 1829 1035 1858; baseline -0.004 0"><span class='ocrx_word' id='word_1_388' title='bbox 285 1831 313 1858; x_wconf 90' lang='lat' dir='ltr'><strong>In</strong></span> <span class='ocrx_word' id='word_1_389' title='bbox 329 1830 380 1858; x_wconf 89' lang='lat' dir='ltr'><strong>hoc</strong></span> <span class='ocrx_word' id='word_1_390' title='bbox 393 1831 556 1858; x_wconf 78' lang='lat' dir='ltr'><strong>monasterio</strong></span> <span class='ocrx_word' id='word_1_391' title='bbox 572 1830 729 1857; x_wconf 84' lang='lat' dir='ltr'><strong>feminarum</strong></span> <span class='ocrx_word' id='word_1_392' title='bbox 745 1830 801 1856; x_wconf 66' lang='lat' dir='ltr'><strong>hate</strong></span> <span class='ocrx_word' id='word_1_393' title='bbox 811 1836 854 1856; x_wconf 82' lang='lat' dir='ltr'><strong>res</strong></span> <span class='ocrx_word' id='word_1_394' title='bbox 867 1829 972 1856; x_wconf 83' lang='lat' dir='ltr'><strong>accidit.</strong></span> <span class='ocrx_word' id='word_1_395' title='bbox 985 1829 1035 1856; x_wconf 88' lang='lat' dir='ltr'><strong>Su-</strong></span> 
     </span>
    </p>
   </div>
   <div class='ocr_carea' id='block_1_55' title="bbox 247 1875 1034 1910">
    <p class='ocr_par' dir='ltr' id='par_1_55' title="bbox 247 1875 1034 1910">
     <span class='ocr_line' id='line_1_55' title="bbox 247 1875 1034 1910; baseline -0.005 -5"><span class='ocrx_word' id='word_1_396' title='bbox 247 1882 289 1905; x_wconf 88' lang='lat' dir='ltr'><strong>tor</strong></span> <span class='ocrx_word' id='word_1_397' title='bbox 302 1877 439 1905; x_wconf 63' lang='lat' dir='ltr'><strong>satcularis</strong></span> <span class='ocrx_word' id='word_1_398' title='bbox 449 1884 509 1903; x_wconf 89' lang='lat' dir='ltr'><strong>cum</strong></span> <span class='ocrx_word' id='word_1_399' title='bbox 525 1876 673 1910; x_wconf 73' lang='lat' dir='ltr'><strong>traiecisset</strong></span> <span class='ocrx_word' id='word_1_400' title='bbox 693 1883 738 1910; x_wconf 88' lang='lat' dir='ltr'><strong>per</strong></span> <span class='ocrx_word' id='word_1_401' title='bbox 754 1875 940 1910; x_wconf 78' lang='lat' dir='ltr'><strong>ignorantiam,</strong></span> <span class='ocrx_word' id='word_1_402' title='bbox 960 1883 1034 1909; x_wconf 80' lang='lat' dir='ltr'><strong>qua:-</strong></span> 
     </span>
    </p>
   </div>
   <div class='ocr_carea' id='block_1_56' title="bbox 247 1919 1035 1956">
    <p class='ocr_par' dir='ltr' id='par_1_56' title="bbox 247 1919 1035 1956">
     <span class='ocr_line' id='line_1_56' title="bbox 247 1919 1035 1956; baseline -0.004 -7"><span class='ocrx_word' id='word_1_403' title='bbox 247 1922 322 1949; x_wconf 91' lang='lat' dir='ltr'><strong>rebat</strong></span> <span class='ocrx_word' id='word_1_404' title='bbox 332 1929 399 1956; x_wconf 88' lang='lat' dir='ltr'><strong>opus</strong></span> <span class='ocrx_word' id='word_1_405' title='bbox 414 1929 422 1948; x_wconf 90' lang='lat'><strong>:</strong></span> <span class='ocrx_word' id='word_1_406' title='bbox 437 1928 544 1956; x_wconf 76' lang='lat' dir='ltr'><strong>egressa</strong></span> <span class='ocrx_word' id='word_1_407' title='bbox 559 1926 647 1948; x_wconf 87' lang='lat' dir='ltr'><strong>autem</strong></span> <span class='ocrx_word' id='word_1_408' title='bbox 664 1928 714 1947; x_wconf 90' lang='lat' dir='ltr'><strong>una</strong></span> <span class='ocrx_word' id='word_1_409' title='bbox 727 1919 816 1954; x_wconf 87' lang='lat' dir='ltr'><strong>junior</strong></span> <span class='ocrx_word' id='word_1_410' title='bbox 828 1927 906 1954; x_wconf 83' lang='lat' dir='ltr'><strong>quant</strong></span> <span class='ocrx_word' id='word_1_411' title='bbox 916 1920 974 1953; x_wconf 85' lang='lat' dir='ltr'><strong>ejus</strong></span> <span class='ocrx_word' id='word_1_412' title='bbox 988 1927 1035 1954; x_wconf 90' lang='lat' dir='ltr'><strong>po-</strong></span> 
     </span>
    </p>
   </div>
   <div class='ocr_carea' id='block_1_57' title="bbox 245 1965 1034 2002">
    <p class='ocr_par' dir='ltr' id='par_1_57' title="bbox 245 1965 1034 2002">
     <span class='ocr_line' id='line_1_57' title="bbox 245 1965 1034 2002; baseline -0.005 -7"><span class='ocrx_word' id='word_1_413' title='bbox 245 1967 358 1995; x_wconf 84' lang='lat' dir='ltr'><strong>stularet</strong></span> <span class='ocrx_word' id='word_1_414' title='bbox 370 1968 437 1995; x_wconf 85' lang='lat' dir='ltr'><strong>ratio</strong></span> <span class='ocrx_word' id='word_1_415' title='bbox 453 1967 505 2002; x_wconf 88' lang='lat' dir='ltr'><strong>(est</strong></span> <span class='ocrx_word' id='word_1_416' title='bbox 525 1966 596 1994; x_wconf 88' lang='lat' dir='ltr'><strong>enim</strong></span> <span class='ocrx_word' id='word_1_417' title='bbox 620 1966 695 1993; x_wconf 90' lang='lat' dir='ltr'><strong>locus</strong></span> <span class='ocrx_word' id='word_1_418' title='bbox 717 1965 849 1999; x_wconf 88' lang='lat' dir='ltr'><strong>desertus)</strong></span> <span class='ocrx_word' id='word_1_419' title='bbox 872 1965 953 1991; x_wconf 84' lang='lat' dir='ltr'><strong>invita</strong></span> <span class='ocrx_word' id='word_1_420' title='bbox 973 1972 1034 1992; x_wconf 88' lang='lat' dir='ltr'><strong>eum</strong></span> 
     </span>
    </p>
   </div>
   <div class='ocr_carea' id='block_1_58' title="bbox 246 2011 1033 2047">
    <p class='ocr_par' dir='ltr' id='par_1_58' title="bbox 246 2011 1033 2047">
     <span class='ocr_line' id='line_1_58' title="bbox 246 2011 1033 2047; baseline -0.005 -6"><span class='ocrx_word' id='word_1_421' title='bbox 246 2015 380 2045; x_wconf 87' lang='lat' dir='ltr'><strong>convenit,</strong></span> <span class='ocrx_word' id='word_1_422' title='bbox 402 2014 527 2047; x_wconf 83' lang='lat' dir='ltr'><strong>deditque</strong></span> <span class='ocrx_word' id='word_1_423' title='bbox 542 2013 566 2040; x_wconf 91' lang='lat' dir='ltr'><strong>ei</strong></span> <span class='ocrx_word' id='word_1_424' title='bbox 579 2019 735 2046; x_wconf 78' lang='lat' dir='ltr'><strong>:esponsum</strong></span> <span class='ocrx_word' id='word_1_425' title='bbox 752 2020 759 2038; x_wconf 86' lang='lat'><strong>:</strong></span> <span class='ocrx_word' id='word_1_426' title='bbox 773 2011 825 2038; x_wconf 82' lang='lat' dir='ltr'><strong>Nos</strong></span> <span class='ocrx_word' id='word_1_427' title='bbox 837 2011 968 2037; x_wconf 85' lang='lat' dir='ltr'><strong>habemus</strong></span> <span class='ocrx_word' id='word_1_428' title='bbox 983 2017 1033 2037; x_wconf 93' lang='lat' dir='ltr'><strong>no-</strong></span> 
     </span>
    </p>
   </div>
   <div class='ocr_carea' id='block_1_59' title="bbox 246 2056 1033 2091">
    <p class='ocr_par' dir='ltr' id='par_1_59' title="bbox 246 2056 1033 2091">
     <span class='ocr_line' id='line_1_59' title="bbox 246 2056 1033 2091; baseline -0.006 -5"><span class='ocrx_word' id='word_1_429' title='bbox 246 2066 316 2087; x_wconf 90' lang='lat' dir='ltr'><strong>stros</strong></span> <span class='ocrx_word' id='word_1_430' title='bbox 326 2065 441 2087; x_wconf 84' lang='lat' dir='ltr'><strong>sutores.</strong></span> <span class='ocrx_word' id='word_1_431' title='bbox 453 2059 511 2086; x_wconf 81' lang='lat' dir='ltr'><strong>Alia</strong></span> <span class='ocrx_word' id='word_1_432' title='bbox 521 2062 608 2084; x_wconf 86' lang='lat' dir='ltr'><strong>autem</strong></span> <span class='ocrx_word' id='word_1_433' title='bbox 616 2065 674 2091; x_wconf 69' lang='lat' dir='ltr'><strong>qum</strong></span> <span class='ocrx_word' id='word_1_434' title='bbox 683 2057 741 2091; x_wconf 74' lang='lat' dir='ltr'><strong>ejus</strong></span> <span class='ocrx_word' id='word_1_435' title='bbox 753 2057 853 2083; x_wconf 85' lang='lat' dir='ltr'><strong>viderat</strong></span> <span class='ocrx_word' id='word_1_436' title='bbox 861 2056 1033 2090; x_wconf 90' lang='lat' dir='ltr'><strong>colloquium,</strong></span> 
     </span>
    </p>
   </div>
   <div class='ocr_carea' id='block_1_60' title="bbox 246 2103 1033 2138">
    <p class='ocr_par' dir='ltr' id='par_1_60' title="bbox 246 2103 1033 2138">
     <span class='ocr_line' id='line_1_60' title="bbox 246 2103 1033 2138; baseline -0.005 -6"><span class='ocrx_word' id='word_1_437' title='bbox 246 2112 306 2132; x_wconf 89' lang='lat' dir='ltr'><strong>cum</strong></span> <span class='ocrx_word' id='word_1_438' title='bbox 323 2112 449 2137; x_wconf 86' lang='lat' dir='ltr'><strong>processu</strong></span> <span class='ocrx_word' id='word_1_439' title='bbox 466 2103 593 2138; x_wconf 83' lang='lat' dir='ltr'><strong>temporis</strong></span> <span class='ocrx_word' id='word_1_440' title='bbox 615 2103 685 2130; x_wconf 90' lang='lat' dir='ltr'><strong>inter</strong></span> <span class='ocrx_word' id='word_1_441' title='bbox 701 2110 747 2129; x_wconf 90' lang='lat' dir='ltr'><strong>eas</strong></span> <span class='ocrx_word' id='word_1_442' title='bbox 763 2107 855 2129; x_wconf 80' lang='lat' dir='ltr'><strong>exorta</strong></span> <span class='ocrx_word' id='word_1_443' title='bbox 876 2107 947 2128; x_wconf 86' lang='lat' dir='ltr'><strong>esset</strong></span> <span class='ocrx_word' id='word_1_444' title='bbox 969 2108 1033 2128; x_wconf 83' lang='lat' dir='ltr'><strong>con-</strong></span> 
     </span>
    </p>
   </div>
   <div class='ocr_carea' id='block_1_61' title="bbox 246 2147 1033 2182">
    <p class='ocr_par' dir='ltr' id='par_1_61' title="bbox 246 2147 1033 2182">
     <span class='ocr_line' id='line_1_61' title="bbox 246 2147 1033 2182; baseline -0.004 -6"><span class='ocrx_word' id='word_1_445' title='bbox 246 2149 342 2182; x_wconf 90' lang='lat' dir='ltr'><strong>tentio,</strong></span> <span class='ocrx_word' id='word_1_446' title='bbox 354 2157 386 2176; x_wconf 77' lang='lat' dir='ltr'><strong>ex</strong></span> <span class='ocrx_word' id='word_1_447' title='bbox 401 2149 502 2176; x_wconf 90' lang='lat' dir='ltr'><strong>diaboli</strong></span> <span class='ocrx_word' id='word_1_448' title='bbox 517 2149 697 2182; x_wconf 73' lang='lat' dir='ltr'><strong>suggestione,</strong></span> <span class='ocrx_word' id='word_1_449' title='bbox 709 2155 762 2181; x_wconf 77' lang='lat' dir='ltr'><strong>pne</strong></span> <span class='ocrx_word' id='word_1_450' title='bbox 777 2155 878 2174; x_wconf 89' lang='lat' dir='ltr'><strong>summa</strong></span> <span class='ocrx_word' id='word_1_451' title='bbox 894 2147 992 2173; x_wconf 87' lang='lat' dir='ltr'><strong>malitia</strong></span> <span class='ocrx_word' id='word_1_452' title='bbox 1007 2151 1033 2174; x_wconf 85' lang='lat' dir='ltr'><strong>et</strong></span> 
     </span>
    </p>
   </div>
   <div class='ocr_carea' id='block_1_62' title="bbox 246 2191 1032 2224">
    <p class='ocr_par' dir='ltr' id='par_1_62' title="bbox 246 2191 1032 2224">
     <span class='ocr_line' id='line_1_62' title="bbox 246 2191 1032 2224; baseline -0.006 -2"><span class='ocrx_word' id='word_1_453' title='bbox 246 2195 328 2222; x_wconf 88' lang='lat' dir='ltr'><strong>animi</strong></span> <span class='ocrx_word' id='word_1_454' title='bbox 345 2194 565 2221; x_wconf 78' lang='lat' dir='ltr'><strong>excandescentia</strong></span> <span class='ocrx_word' id='word_1_455' title='bbox 580 2201 637 2220; x_wconf 87' lang='lat' dir='ltr'><strong>eam</strong></span> <span class='ocrx_word' id='word_1_456' title='bbox 651 2192 811 2219; x_wconf 84' lang='lat' dir='ltr'><strong>calunutiata</strong></span> <span class='ocrx_word' id='word_1_457' title='bbox 830 2197 871 2219; x_wconf 80' lang='lat' dir='ltr'><strong>cst</strong></span> <span class='ocrx_word' id='word_1_458' title='bbox 888 2191 956 2224; x_wconf 87' lang='lat' dir='ltr'><strong>apud</strong></span> <span class='ocrx_word' id='word_1_459' title='bbox 978 2191 1032 2217; x_wconf 89' lang='lat' dir='ltr'><strong>fra-</strong></span> 
     </span>
    </p>
   </div>
   <div class='ocr_carea' id='block_1_63' title="bbox 245 2236 1033 2273">
    <p class='ocr_par' dir='ltr' id='par_1_63' title="bbox 245 2236 1033 2273">
     <span class='ocr_line' id='line_1_63' title="bbox 245 2236 1033 2273; baseline -0.008 -6"><span class='ocrx_word' id='word_1_460' title='bbox 245 2239 399 2267; x_wconf 84' lang='lat' dir='ltr'><strong>ternitatem</strong></span> <span class='ocrx_word' id='word_1_461' title='bbox 413 2243 523 2273; x_wconf 88' lang='lat' dir='ltr'><strong>propter</strong></span> <span class='ocrx_word' id='word_1_462' title='bbox 536 2238 561 2264; x_wconf 91' lang='lat' dir='ltr'><strong>id</strong></span> <span class='ocrx_word' id='word_1_463' title='bbox 575 2237 746 2272; x_wconf 89' lang='lat' dir='ltr'><strong>colloquium.</strong></span> <span class='ocrx_word' id='word_1_464' title='bbox 769 2236 834 2263; x_wconf 48' lang='lat' dir='ltr'><strong>Cuvu</strong></span> <span class='ocrx_word' id='word_1_465' title='bbox 856 2244 906 2270; x_wconf 87' lang='lat' dir='ltr'><strong>qua</strong></span> <span class='ocrx_word' id='word_1_466' title='bbox 921 2243 1033 2262; x_wconf 86' lang='lat' dir='ltr'><strong>concur-</strong></span> 
     </span>
    </p>
   </div>
   <div class='ocr_carea' id='block_1_64' title="bbox 1089 952 1873 989">
    <p class='ocr_par' dir='ltr' id='par_1_64' title="bbox 1089 952 1873 989">
     <span class='ocr_line' id='line_1_64' title="bbox 1089 952 1873 989; baseline 0.008 -12"><span class='ocrx_word' id='word_1_467' title='bbox 1089 953 1149 986; x_wconf 82' lang='lat' dir='ltr'><strong>quis</strong></span> <span class='ocrx_word' id='word_1_468' title='bbox 1158 952 1262 980; x_wconf 88' lang='lat' dir='ltr'><strong>videtur</strong></span> <span class='ocrx_word' id='word_1_469' title='bbox 1276 960 1335 980; x_wconf 84' lang='lat' dir='ltr'><strong>esse</strong></span> <span class='ocrx_word' id='word_1_470' title='bbox 1349 953 1417 980; x_wconf 90' lang='lat' dir='ltr'><strong>inter</strong></span> <span class='ocrx_word' id='word_1_471' title='bbox 1430 962 1477 981; x_wconf 86' lang='lat' dir='ltr'><strong>vos</strong></span> <span class='ocrx_word' id='word_1_472' title='bbox 1491 955 1597 989; x_wconf 87' lang='lat' dir='ltr'><strong>sapiens</strong></span> <span class='ocrx_word' id='word_1_473' title='bbox 1611 955 1637 981; x_wconf 96' lang='lat' dir='ltr'><strong>in</strong></span> <span class='ocrx_word' id='word_1_474' title='bbox 1652 955 1700 982; x_wconf 88' lang='lat' dir='ltr'><strong>hoc</strong></span> <span class='ocrx_word' id='word_1_475' title='bbox 1714 956 1821 989; x_wconf 57' lang='lat' dir='ltr'><strong>saeculo,</strong></span> <span class='ocrx_word' id='word_1_476' title='bbox 1838 957 1873 983; x_wconf 84' lang='lat' dir='ltr'><strong>sit</strong></span> 
     </span>
    </p>
   </div>
   <div class='ocr_carea' id='block_1_65' title="bbox 1088 999 1873 1036">
    <p class='ocr_par' dir='ltr' id='par_1_65' title="bbox 1088 999 1873 1036">
     <span class='ocr_line' id='line_1_65' title="bbox 1088 999 1873 1036; baseline 0.008 -13"><span class='ocrx_word' id='word_1_477' title='bbox 1088 999 1183 1024; x_wconf 81' lang='lat' dir='ltr'><strong>stultus</strong></span> <span class='ocrx_word' id='word_1_478' title='bbox 1200 1004 1227 1024; x_wconf 94' lang='lat' dir='ltr'><strong>ut</strong></span> <span class='ocrx_word' id='word_1_479' title='bbox 1241 999 1285 1025; x_wconf 90' lang='lat' dir='ltr'><strong>liat</strong></span> <span class='ocrx_word' id='word_1_480' title='bbox 1300 999 1405 1034; x_wconf 80' lang='lat' dir='ltr'><strong>sapiens</strong></span> <span class='ocrx_word' id='word_1_481' title='bbox 1419 1000 1444 1035; x_wconf 93' lang='grc' dir='ltr'><strong>(Ι</strong></span> <span class='ocrx_word' id='word_1_482' title='bbox 1457 999 1517 1027; x_wconf 90' lang='lat' dir='ltr'><strong>Cor.</strong></span> <span class='ocrx_word' id='word_1_483' title='bbox 1532 1001 1583 1036; x_wconf 83' lang='lat' dir='ltr'><strong>tn).</strong></span> <span class='ocrx_word' id='word_1_484' title='bbox 1595 1002 1681 1036; x_wconf 78' lang='lat' dir='ltr'><strong>Atque</strong></span> <span class='ocrx_word' id='word_1_485' title='bbox 1694 1002 1805 1029; x_wconf 86' lang='lat' dir='ltr'><strong>aliarum</strong></span> <span class='ocrx_word' id='word_1_486' title='bbox 1817 1003 1873 1036; x_wconf 84' lang='lat' dir='ltr'><strong>qui-</strong></span> 
     </span>
    </p>
   </div>
   <div class='ocr_carea' id='block_1_66' title="bbox 1088 1043 1872 1082">
    <p class='ocr_par' dir='ltr' id='par_1_66' title="bbox 1088 1043 1872 1082">
     <span class='ocr_line' id='line_1_66' title="bbox 1088 1043 1872 1082; baseline 0.008 -12"><span class='ocrx_word' id='word_1_487' title='bbox 1088 1043 1147 1071; x_wconf 90' lang='lat' dir='ltr'><strong>dem</strong></span> <span class='ocrx_word' id='word_1_488' title='bbox 1159 1044 1287 1079; x_wconf 85' lang='lat' dir='ltr'><strong>virginum</strong></span> <span class='ocrx_word' id='word_1_489' title='bbox 1297 1051 1356 1072; x_wconf 90' lang='lat' dir='ltr'><strong>erat</strong></span> <span class='ocrx_word' id='word_1_490' title='bbox 1369 1046 1498 1079; x_wconf 81' lang='lat' dir='ltr'><strong>ejusmodi</strong></span> <span class='ocrx_word' id='word_1_491' title='bbox 1513 1046 1626 1079; x_wconf 83' lang='lat' dir='ltr'><strong>habitus,</strong></span> <span class='ocrx_word' id='word_1_492' title='bbox 1643 1052 1671 1074; x_wconf 95' lang='lat' dir='ltr'><strong>ut</strong></span> <span class='ocrx_word' id='word_1_493' title='bbox 1681 1055 1769 1074; x_wconf 80' lang='lat' dir='ltr'><strong>essent</strong></span> <span class='ocrx_word' id='word_1_494' title='bbox 1780 1053 1872 1082; x_wconf 75' lang='lat' dir='ltr'><strong>tonsze,</strong></span> 
     </span>
    </p>
   </div>
   <div class='ocr_carea' id='block_1_67' title="bbox 1087 1089 1872 1128">
    <p class='ocr_par' dir='ltr' id='par_1_67' title="bbox 1087 1089 1872 1128">
     <span class='ocr_line' id='line_1_67' title="bbox 1087 1089 1872 1128; baseline 0.006 -13"><span class='ocrx_word' id='word_1_495' title='bbox 1087 1094 1113 1115; x_wconf 90' lang='lat' dir='ltr'><strong>et</strong></span> <span class='ocrx_word' id='word_1_496' title='bbox 1126 1089 1254 1116; x_wconf 86' lang='lat' dir='ltr'><strong>haberent</strong></span> <span class='ocrx_word' id='word_1_497' title='bbox 1268 1091 1383 1117; x_wconf 90' lang='lat' dir='ltr'><strong>cucullos</strong></span> <span class='ocrx_word' id='word_1_498' title='bbox 1398 1091 1422 1117; x_wconf 92' lang='lat' dir='ltr'><strong>in</strong></span> <span class='ocrx_word' id='word_1_499' title='bbox 1437 1091 1539 1125; x_wconf 80' lang='lat' dir='ltr'><strong>capite;</strong></span> <span class='ocrx_word' id='word_1_500' title='bbox 1554 1092 1608 1125; x_wconf 88' lang='lat' dir='ltr'><strong>ipsa</strong></span> <span class='ocrx_word' id='word_1_501' title='bbox 1620 1100 1683 1119; x_wconf 93' lang='lat' dir='ltr'><strong>vero</strong></span> <span class='ocrx_word' id='word_1_502' title='bbox 1694 1100 1780 1126; x_wconf 89' lang='lat' dir='ltr'><strong>panno</strong></span> <span class='ocrx_word' id='word_1_503' title='bbox 1794 1098 1872 1128; x_wconf 89' lang='lat' dir='ltr'><strong>caput</strong></span> 
     </span>
    </p>
   </div>
   <div class='ocr_carea' id='block_1_68' title="bbox 1088 1134 1870 1166">
    <p class='ocr_par' dir='ltr' id='par_1_68' title="bbox 1088 1134 1870 1166">
     <span class='ocr_line' id='line_1_68' title="bbox 1088 1134 1870 1166; baseline 0.005 -5"><span class='ocrx_word' id='word_1_504' title='bbox 1088 1134 1211 1162; x_wconf 87' lang='lat' dir='ltr'><strong>obvoluta</strong></span> <span class='ocrx_word' id='word_1_505' title='bbox 1227 1135 1316 1162; x_wconf 88' lang='lat' dir='ltr'><strong>obibat</strong></span> <span class='ocrx_word' id='word_1_506' title='bbox 1337 1144 1427 1163; x_wconf 88' lang='lat' dir='ltr'><strong>earum</strong></span> <span class='ocrx_word' id='word_1_507' title='bbox 1452 1137 1571 1164; x_wconf 80' lang='lat' dir='ltr'><strong>omnium</strong></span> <span class='ocrx_word' id='word_1_508' title='bbox 1599 1138 1785 1165; x_wconf 90' lang='lat' dir='ltr'><strong>ministerium.</strong></span> <span class='ocrx_word' id='word_1_509' title='bbox 1809 1139 1870 1166; x_wconf 84' lang='lat' dir='ltr'><strong>Eant</strong></span> 
     </span>
    </p>
   </div>
   <div class='ocr_carea' id='block_1_69' title="bbox 1088 1181 1867 1215">
    <p class='ocr_par' dir='ltr' id='par_1_69' title="bbox 1088 1181 1867 1215">
     <span class='ocr_line' id='line_1_69' title="bbox 1088 1181 1867 1215; baseline 0.005 -9"><span class='ocrx_word' id='word_1_510' title='bbox 1088 1181 1159 1206; x_wconf 67' lang='lat' dir='ltr'><strong>nulla</strong></span> <span class='ocrx_word' id='word_1_511' title='bbox 1173 1187 1205 1207; x_wconf 74' lang='lat' dir='ltr'><strong>ex</strong></span> <span class='ocrx_word' id='word_1_512' title='bbox 1218 1181 1416 1215; x_wconf 74' lang='lat' dir='ltr'><strong>quadringentis</strong></span> <span class='ocrx_word' id='word_1_513' title='bbox 1432 1182 1494 1208; x_wconf 88' lang='lat' dir='ltr'><strong>vidit</strong></span> <span class='ocrx_word' id='word_1_514' title='bbox 1507 1182 1674 1209; x_wconf 87' lang='lat' dir='ltr'><strong>mandentem</strong></span> <span class='ocrx_word' id='word_1_515' title='bbox 1685 1185 1808 1210; x_wconf 80' lang='lat' dir='ltr'><strong>omnibus</strong></span> <span class='ocrx_word' id='word_1_516' title='bbox 1819 1191 1867 1210; x_wconf 87' lang='lat' dir='ltr'><strong>an-</strong></span> 
     </span>
    </p>
   </div>
   <div class='ocr_carea' id='block_1_70' title="bbox 1088 1225 1870 1264">
    <p class='ocr_par' dir='ltr' id='par_1_70' title="bbox 1088 1225 1870 1264">
     <span class='ocr_line' id='line_1_70' title="bbox 1088 1225 1870 1264; baseline 0.006 -13"><span class='ocrx_word' id='word_1_517' title='bbox 1088 1225 1129 1252; x_wconf 84' lang='lat' dir='ltr'><strong>nis</strong></span> <span class='ocrx_word' id='word_1_518' title='bbox 1139 1226 1199 1252; x_wconf 68' lang='lat' dir='ltr'><strong>vita:</strong></span> <span class='ocrx_word' id='word_1_519' title='bbox 1211 1233 1276 1253; x_wconf 67' lang='lat' dir='ltr'><strong>suae.</strong></span> <span class='ocrx_word' id='word_1_520' title='bbox 1288 1226 1314 1253; x_wconf 94' lang='lat' dir='ltr'><strong>ln</strong></span> <span class='ocrx_word' id='word_1_521' title='bbox 1327 1234 1416 1254; x_wconf 89' lang='lat' dir='ltr'><strong>mensa</strong></span> <span class='ocrx_word' id='word_1_522' title='bbox 1431 1235 1562 1262; x_wconf 91' lang='lat' dir='ltr'><strong>nunquam</strong></span> <span class='ocrx_word' id='word_1_523' title='bbox 1572 1228 1649 1261; x_wconf 87' lang='lat' dir='ltr'><strong>sedit,</strong></span> <span class='ocrx_word' id='word_1_524' title='bbox 1665 1236 1749 1264; x_wconf 90' lang='lat' dir='ltr'><strong>neque</strong></span> <span class='ocrx_word' id='word_1_525' title='bbox 1757 1237 1870 1264; x_wconf 87' lang='lat' dir='ltr'><strong>unquam</strong></span> 
     </span>
    </p>
   </div>
   <div class='ocr_carea' id='block_1_71' title="bbox 1088 1271 1870 1307">
    <p class='ocr_par' dir='ltr' id='par_1_71' title="bbox 1088 1271 1870 1307">
     <span class='ocr_line' id='line_1_71' title="bbox 1088 1271 1870 1307; baseline 0.006 -10"><span class='ocrx_word' id='word_1_526' title='bbox 1088 1271 1262 1305; x_wconf 80' lang='lat' dir='ltr'><strong>fragmentum</strong></span> <span class='ocrx_word' id='word_1_527' title='bbox 1288 1273 1363 1307; x_wconf 91' lang='lat' dir='ltr'><strong>panis</strong></span> <span class='ocrx_word' id='word_1_528' title='bbox 1387 1273 1513 1306; x_wconf 89' lang='lat' dir='ltr'><strong>comedit,</strong></span> <span class='ocrx_word' id='word_1_529' title='bbox 1542 1274 1589 1301; x_wconf 88' lang='lat' dir='ltr'><strong>sed</strong></span> <span class='ocrx_word' id='word_1_530' title='bbox 1614 1274 1696 1301; x_wconf 88' lang='lat' dir='ltr'><strong>micas</strong></span> <span class='ocrx_word' id='word_1_531' title='bbox 1720 1282 1870 1302; x_wconf 88' lang='lat' dir='ltr'><strong>mensarum</strong></span> 
     </span>
    </p>
   </div>
   <div class='ocr_carea' id='block_1_72' title="bbox 1087 1318 1867 1352">
    <p class='ocr_par' dir='ltr' id='par_1_72' title="bbox 1087 1318 1867 1352">
     <span class='ocr_line' id='line_1_72' title="bbox 1087 1318 1867 1352; baseline 0.006 -9"><span class='ocrx_word' id='word_1_532' title='bbox 1087 1318 1195 1352; x_wconf 77' lang='lat' dir='ltr'><strong>spongia</strong></span> <span class='ocrx_word' id='word_1_533' title='bbox 1210 1318 1349 1352; x_wconf 82' lang='lat' dir='ltr'><strong>colligens,</strong></span> <span class='ocrx_word' id='word_1_534' title='bbox 1365 1323 1393 1346; x_wconf 86' lang='lat' dir='ltr'><strong>et</strong></span> <span class='ocrx_word' id='word_1_535' title='bbox 1403 1318 1469 1346; x_wconf 88' lang='lat' dir='ltr'><strong>ollas</strong></span> <span class='ocrx_word' id='word_1_536' title='bbox 1483 1319 1582 1352; x_wconf 80' lang='lat' dir='ltr'><strong>lavans,</strong></span> <span class='ocrx_word' id='word_1_537' title='bbox 1600 1320 1639 1346; x_wconf 90' lang='lat' dir='ltr'><strong>his</strong></span> <span class='ocrx_word' id='word_1_538' title='bbox 1659 1324 1715 1347; x_wconf 90' lang='lat' dir='ltr'><strong>erat</strong></span> <span class='ocrx_word' id='word_1_539' title='bbox 1734 1325 1867 1348; x_wconf 88' lang='lat' dir='ltr'><strong>contenta.</strong></span> 
     </span>
    </p>
   </div>
   <div class='ocr_carea' id='block_1_73' title="bbox 1087 1364 1868 1401">
    <p class='ocr_par' dir='ltr' id='par_1_73' title="bbox 1087 1364 1868 1401">
     <span class='ocr_line' id='line_1_73' title="bbox 1087 1364 1868 1401; baseline 0.004 -11"><span class='ocrx_word' id='word_1_540' title='bbox 1087 1364 1177 1398; x_wconf 78' lang='lat' dir='ltr'><strong>Neque</strong></span> <span class='ocrx_word' id='word_1_541' title='bbox 1188 1371 1251 1391; x_wconf 87' lang='lat' dir='ltr'><strong>vero</strong></span> <span class='ocrx_word' id='word_1_542' title='bbox 1263 1372 1294 1391; x_wconf 86' lang='lat' dir='ltr'><strong>ea</strong></span> <span class='ocrx_word' id='word_1_543' title='bbox 1307 1372 1420 1399; x_wconf 87' lang='lat' dir='ltr'><strong>unquam</strong></span> <span class='ocrx_word' id='word_1_544' title='bbox 1433 1365 1518 1392; x_wconf 89' lang='lat' dir='ltr'><strong>induit</strong></span> <span class='ocrx_word' id='word_1_545' title='bbox 1529 1365 1642 1397; x_wconf 81' lang='lat' dir='ltr'><strong>calceos,</strong></span> <span class='ocrx_word' id='word_1_546' title='bbox 1658 1373 1742 1400; x_wconf 87' lang='lat' dir='ltr'><strong>neque</strong></span> <span class='ocrx_word' id='word_1_547' title='bbox 1756 1366 1868 1401; x_wconf 87' lang='lat' dir='ltr'><strong>aliquem</strong></span> 
     </span>
    </p>
   </div>
   <div class='ocr_carea' id='block_1_74' title="bbox 1086 1409 1869 1445">
    <p class='ocr_par' dir='ltr' id='par_1_74' title="bbox 1086 1409 1869 1445">
     <span class='ocr_line' id='line_1_74' title="bbox 1086 1409 1869 1445; baseline 0.004 -10"><span class='ocrx_word' id='word_1_548' title='bbox 1086 1409 1173 1436; x_wconf 80' lang='lat' dir='ltr'><strong>affecit</strong></span> <span class='ocrx_word' id='word_1_549' title='bbox 1189 1411 1357 1442; x_wconf 87' lang='lat' dir='ltr'><strong>contumelia,</strong></span> <span class='ocrx_word' id='word_1_550' title='bbox 1373 1417 1425 1437; x_wconf 93' lang='lat' dir='ltr'><strong>non</strong></span> <span class='ocrx_word' id='word_1_551' title='bbox 1441 1411 1626 1444; x_wconf 86' lang='lat' dir='ltr'><strong>murmuravit,</strong></span> <span class='ocrx_word' id='word_1_552' title='bbox 1642 1418 1694 1437; x_wconf 92' lang='lat' dir='ltr'><strong>non</strong></span> <span class='ocrx_word' id='word_1_553' title='bbox 1710 1419 1818 1445; x_wconf 81' lang='lat' dir='ltr'><strong>parvum</strong></span> <span class='ocrx_word' id='word_1_554' title='bbox 1829 1411 1869 1439; x_wconf 90' lang='lat' dir='ltr'><strong>vel</strong></span> 
     </span>
    </p>
   </div>
   <div class='ocr_carea' id='block_1_75' title="bbox 1087 1455 1868 1490">
    <p class='ocr_par' dir='ltr' id='par_1_75' title="bbox 1087 1455 1868 1490">
     <span class='ocr_line' id='line_1_75' title="bbox 1087 1455 1868 1490; baseline 0.001 -9"><span class='ocrx_word' id='word_1_555' title='bbox 1087 1463 1208 1490; x_wconf 86' lang='lat' dir='ltr'><strong>magnum</strong></span> <span class='ocrx_word' id='word_1_556' title='bbox 1224 1456 1286 1490; x_wconf 90' lang='lat' dir='ltr'><strong>quid</strong></span> <span class='ocrx_word' id='word_1_557' title='bbox 1297 1461 1338 1483; x_wconf 84' lang='lat' dir='ltr'><strong>est</strong></span> <span class='ocrx_word' id='word_1_558' title='bbox 1353 1456 1449 1487; x_wconf 84' lang='lat' dir='ltr'><strong>locuta,</strong></span> <span class='ocrx_word' id='word_1_559' title='bbox 1471 1456 1520 1483; x_wconf 89' lang='lat' dir='ltr'><strong>etsi</strong></span> <span class='ocrx_word' id='word_1_560' title='bbox 1539 1456 1697 1482; x_wconf 89' lang='lat' dir='ltr'><strong>contumelia</strong></span> <span class='ocrx_word' id='word_1_561' title='bbox 1711 1455 1868 1489; x_wconf 84' lang='lat' dir='ltr'><strong>alliceretur,</strong></span> 
     </span>
    </p>
   </div>
   <div class='ocr_carea' id='block_1_76' title="bbox 1086 1501 1870 1536">
    <p class='ocr_par' dir='ltr' id='par_1_76' title="bbox 1086 1501 1870 1536">
     <span class='ocr_line' id='line_1_76' title="bbox 1086 1501 1870 1536; baseline 0 -8"><span class='ocrx_word' id='word_1_562' title='bbox 1086 1507 1111 1528; x_wconf 91' lang='lat' dir='ltr'><strong>et</strong></span> <span class='ocrx_word' id='word_1_563' title='bbox 1129 1502 1221 1536; x_wconf 77' lang='lat' dir='ltr'><strong>pugnis</strong></span> <span class='ocrx_word' id='word_1_564' title='bbox 1235 1501 1400 1534; x_wconf 87' lang='lat' dir='ltr'><strong>tunderetur,</strong></span> <span class='ocrx_word' id='word_1_565' title='bbox 1424 1505 1451 1528; x_wconf 90' lang='lat' dir='ltr'><strong>et</strong></span> <span class='ocrx_word' id='word_1_566' title='bbox 1474 1501 1622 1529; x_wconf 89' lang='lat' dir='ltr'><strong>maledictis</strong></span> <span class='ocrx_word' id='word_1_567' title='bbox 1650 1506 1827 1536; x_wconf 86' lang='lat' dir='ltr'><strong>appeteretur,</strong></span> <span class='ocrx_word' id='word_1_568' title='bbox 1843 1507 1870 1529; x_wconf 88' lang='lat' dir='ltr'><strong>et</strong></span> 
     </span>
    </p>
   </div>
   <div class='ocr_carea' id='block_1_77' title="bbox 1087 1546 1495 1582">
    <p class='ocr_par' dir='ltr' id='par_1_77' title="bbox 1087 1546 1495 1582">
     <span class='ocr_line' id='line_1_77' title="bbox 1087 1546 1495 1582; baseline 0 -8"><span class='ocrx_word' id='word_1_569' title='bbox 1087 1547 1191 1582; x_wconf 85' lang='lat' dir='ltr'><strong>plurimi</strong></span> <span class='ocrx_word' id='word_1_570' title='bbox 1201 1554 1259 1574; x_wconf 90' lang='lat' dir='ltr'><strong>eam</strong></span> <span class='ocrx_word' id='word_1_571' title='bbox 1268 1546 1495 1574; x_wconf 87' lang='lat' dir='ltr'><strong>abominarcntur.</strong></span> 
     </span>
    </p>
   </div>
   <div class='ocr_carea' id='block_1_78' title="bbox 1374 1602 1582 1630">
    <p class='ocr_par' dir='ltr' id='par_1_78' title="bbox 1374 1602 1582 1630">
     <span class='ocr_line' id='line_1_78' title="bbox 1374 1602 1582 1630; baseline -0.005 0"><span class='ocrx_word' id='word_1_572' title='bbox 1374 1602 1486 1630; x_wconf 76' lang='lat' dir='ltr'><strong>CAPUT</strong></span> <span class='ocrx_word' id='word_1_573' title='bbox 1506 1602 1582 1630; x_wconf 74' lang='lat' dir='ltr'><strong>XLII.</strong></span> 
     </span>
    </p>
   </div>
   <div class='ocr_carea' id='block_1_79' title="bbox 1338 1648 1626 1676">
    <p class='ocr_par' dir='ltr' id='par_1_79' title="bbox 1338 1648 1626 1676">
     <span class='ocr_line' id='line_1_79' title="bbox 1338 1648 1626 1676; baseline -0.003 0"><span class='ocrx_word' id='word_1_574' title='bbox 1338 1648 1375 1676; x_wconf 84' lang='lat' dir='ltr'><strong>De</strong></span> <span class='ocrx_word' id='word_1_575' title='bbox 1395 1654 1483 1676; x_wconf 67' lang='lat' dir='ltr'><strong>sancto</strong></span> <span class='ocrx_word' id='word_1_576' title='bbox 1506 1649 1626 1676; x_wconf 83' lang='lat' dir='ltr'><strong>Pitirum.</strong></span> 
     </span>
    </p>
   </div>
   <div class='ocr_carea' id='block_1_80' title="bbox 1072 1694 1870 1729">
    <p class='ocr_par' dir='ltr' id='par_1_80' title="bbox 1072 1694 1870 1729">
     <span class='ocr_line' id='line_1_80' title="bbox 1072 1694 1870 1729; baseline 0 -7"><span class='ocrx_word' id='word_1_577' title='bbox 1072 1701 1082 1705; x_wconf 79' lang='lat'><strong><em>‘</em></strong></span> <span class='ocrx_word' id='word_1_578' title='bbox 1125 1696 1161 1722; x_wconf 89' lang='lat' dir='ltr'><strong>De</strong></span> <span class='ocrx_word' id='word_1_579' title='bbox 1177 1696 1224 1722; x_wconf 85' lang='lat' dir='ltr'><strong>hac</strong></span> <span class='ocrx_word' id='word_1_580' title='bbox 1238 1701 1339 1729; x_wconf 86' lang='lat' dir='ltr'><strong>sancta,</strong></span> <span class='ocrx_word' id='word_1_581' title='bbox 1353 1701 1445 1723; x_wconf 83' lang='lat' dir='ltr'><strong>sancto</strong></span> <span class='ocrx_word' id='word_1_582' title='bbox 1460 1695 1571 1723; x_wconf 83' lang='lat' dir='ltr'><strong>Pitirum</strong></span> <span class='ocrx_word' id='word_1_583' title='bbox 1584 1695 1760 1727; x_wconf 69' lang='lat' dir='ltr'><strong>anachoreta),</strong></span> <span class='ocrx_word' id='word_1_584' title='bbox 1771 1694 1816 1728; x_wconf 89' lang='lat' dir='ltr'><strong>qui</strong></span> <span class='ocrx_word' id='word_1_585' title='bbox 1826 1702 1870 1722; x_wconf 83' lang='lat' dir='ltr'><strong>se-</strong></span> 
     </span>
    </p>
   </div>
   <div class='ocr_carea' id='block_1_81' title="bbox 1087 1740 1870 1776">
    <p class='ocr_par' dir='ltr' id='par_1_81' title="bbox 1087 1740 1870 1776">
     <span class='ocr_line' id='line_1_81' title="bbox 1087 1740 1870 1776; baseline -0.003 -9"><span class='ocrx_word' id='word_1_586' title='bbox 1087 1741 1164 1767; x_wconf 86' lang='lat' dir='ltr'><strong>debat</strong></span> <span class='ocrx_word' id='word_1_587' title='bbox 1178 1741 1203 1767; x_wconf 90' lang='lat' dir='ltr'><strong>in</strong></span> <span class='ocrx_word' id='word_1_588' title='bbox 1216 1741 1382 1776; x_wconf 82' lang='lat' dir='ltr'><strong>Porpltyrite,</strong></span> <span class='ocrx_word' id='word_1_589' title='bbox 1393 1741 1450 1767; x_wconf 88' lang='lat' dir='ltr'><strong>viro</strong></span> <span class='ocrx_word' id='word_1_590' title='bbox 1461 1741 1644 1775; x_wconf 86' lang='lat' dir='ltr'><strong>probatissimo</strong></span> <span class='ocrx_word' id='word_1_591' title='bbox 1653 1740 1678 1766; x_wconf 90' lang='lat' dir='ltr'><strong>in</strong></span> <span class='ocrx_word' id='word_1_592' title='bbox 1687 1740 1784 1766; x_wconf 73' lang='lat' dir='ltr'><strong>virtute</strong></span> <span class='ocrx_word' id='word_1_593' title='bbox 1793 1747 1870 1766; x_wconf 76' lang='lat' dir='ltr'><strong>exer-</strong></span> 
     </span>
    </p>
   </div>
   <div class='ocr_carea' id='block_1_82' title="bbox 1087 1785 1869 1821">
    <p class='ocr_par' dir='ltr' id='par_1_82' title="bbox 1087 1785 1869 1821">
     <span class='ocr_line' id='line_1_82' title="bbox 1087 1785 1869 1821; baseline -0.005 -7"><span class='ocrx_word' id='word_1_594' title='bbox 1087 1786 1229 1820; x_wconf 81' lang='lat' dir='ltr'><strong>citationis,</strong></span> <span class='ocrx_word' id='word_1_595' title='bbox 1243 1787 1327 1813; x_wconf 83' lang='lat' dir='ltr'><strong>astitit</strong></span> <span class='ocrx_word' id='word_1_596' title='bbox 1335 1786 1455 1813; x_wconf 86' lang='lat' dir='ltr'><strong>revelans</strong></span> <span class='ocrx_word' id='word_1_597' title='bbox 1467 1787 1575 1820; x_wconf 86' lang='lat' dir='ltr'><strong>angelus</strong></span> <span class='ocrx_word' id='word_1_598' title='bbox 1584 1785 1699 1821; x_wconf 82' lang='lat' dir='ltr'><strong>(Pelag.,</strong></span> <span class='ocrx_word' id='word_1_599' title='bbox 1709 1785 1788 1811; x_wconf 80' lang='lat' dir='ltr'><strong>libell.</strong></span> <span class='ocrx_word' id='word_1_600' title='bbox 1798 1792 1869 1816; x_wconf 79' lang='lat' dir='ltr'><strong>xviu,</strong></span> 
     </span>
    </p>
   </div>
   <div class='ocr_carea' id='block_1_83' title="bbox 1087 1829 1868 1866">
    <p class='ocr_par' dir='ltr' id='par_1_83' title="bbox 1087 1829 1868 1866">
     <span class='ocr_line' id='line_1_83' title="bbox 1087 1829 1868 1866; baseline -0.004 -8"><span class='ocrx_word' id='word_1_601' title='bbox 1087 1841 1156 1858; x_wconf 81' lang='lat' dir='ltr'><strong>nunt.</strong></span> <span class='ocrx_word' id='word_1_602' title='bbox 1175 1833 1218 1864; x_wconf 83' lang='lat' dir='ltr'><strong>l9,</strong></span> <span class='ocrx_word' id='word_1_603' title='bbox 1233 1832 1275 1858; x_wconf 81' lang='lat' dir='ltr'><strong>ubi</strong></span> <span class='ocrx_word' id='word_1_604' title='bbox 1285 1832 1379 1858; x_wconf 75' lang='lat' dir='ltr'><strong>dicitur</strong></span> <span class='ocrx_word' id='word_1_605' title='bbox 1391 1830 1546 1866; x_wconf 73' lang='lat' dir='ltr'><strong>Pyotert&#39;ur).</strong></span> <span class='ocrx_word' id='word_1_606' title='bbox 1561 1831 1604 1864; x_wconf 92' lang='lat' dir='ltr'><strong>qui</strong></span> <span class='ocrx_word' id='word_1_607' title='bbox 1619 1831 1642 1857; x_wconf 90' lang='lat' dir='ltr'><strong>ei</strong></span> <span class='ocrx_word' id='word_1_608' title='bbox 1657 1830 1742 1856; x_wconf 81' lang='lat' dir='ltr'><strong>dixit:</strong></span> <span class='ocrx_word' id='word_1_609' title='bbox 1758 1829 1810 1856; x_wconf 86' lang='lat' dir='ltr'><strong>Cur</strong></span> <span class='ocrx_word' id='word_1_610' title='bbox 1824 1830 1868 1856; x_wconf 88' lang='lat' dir='ltr'><strong>tibi</strong></span> 
     </span>
    </p>
   </div>
   <div class='ocr_carea' id='block_1_84' title="bbox 1087 1876 1870 1912">
    <p class='ocr_par' dir='ltr' id='par_1_84' title="bbox 1087 1876 1870 1912">
     <span class='ocr_line' id='line_1_84' title="bbox 1087 1876 1870 1912; baseline -0.006 -6"><span class='ocrx_word' id='word_1_611' title='bbox 1087 1879 1188 1912; x_wconf 84' lang='lat' dir='ltr'><strong>places,</strong></span> <span class='ocrx_word' id='word_1_612' title='bbox 1204 1882 1231 1904; x_wconf 92' lang='lat' dir='ltr'><strong>et</strong></span> <span class='ocrx_word' id='word_1_613' title='bbox 1252 1882 1277 1904; x_wconf 90' lang='lat' dir='ltr'><strong>te</strong></span> <span class='ocrx_word' id='word_1_614' title='bbox 1292 1877 1429 1910; x_wconf 70' lang='lat' dir='ltr'><strong>magnifice</strong></span> <span class='ocrx_word' id='word_1_615' title='bbox 1451 1876 1632 1910; x_wconf 87' lang='lat' dir='ltr'><strong>circumspicis</strong></span> <span class='ocrx_word' id='word_1_616' title='bbox 1643 1876 1677 1902; x_wconf 94' lang='lat' dir='ltr'><strong>ob</strong></span> <span class='ocrx_word' id='word_1_617' title='bbox 1691 1883 1720 1902; x_wconf 90' lang='lat' dir='ltr'><strong>ea</strong></span> <span class='ocrx_word' id='word_1_618' title='bbox 1745 1883 1802 1910; x_wconf 72' lang='lat' dir='ltr'><strong>qua:</strong></span> <span class='ocrx_word' id='word_1_619' title='bbox 1816 1882 1830 1901; x_wconf 90' lang='lat' dir='ltr'><strong>a</strong></span> <span class='ocrx_word' id='word_1_620' title='bbox 1846 1879 1870 1901; x_wconf 86' lang='lat' dir='ltr'><strong>te</strong></span> 
     </span>
    </p>
   </div>
   <div class='ocr_carea' id='block_1_85' title="bbox 1087 1918 1871 1956">
    <p class='ocr_par' dir='ltr' id='par_1_85' title="bbox 1087 1918 1871 1956">
     <span class='ocr_line' id='line_1_85' title="bbox 1087 1918 1871 1956; baseline -0.006 -5"><span class='ocrx_word' id='word_1_621' title='bbox 1087 1929 1159 1951; x_wconf 84' lang='lat' dir='ltr'><strong>recte</strong></span> <span class='ocrx_word' id='word_1_622' title='bbox 1181 1928 1209 1951; x_wconf 91' lang='lat' dir='ltr'><strong>et</strong></span> <span class='ocrx_word' id='word_1_623' title='bbox 1219 1930 1253 1950; x_wconf 84' lang='lat' dir='ltr'><strong>ex</strong></span> <span class='ocrx_word' id='word_1_624' title='bbox 1268 1923 1364 1950; x_wconf 88' lang='lat' dir='ltr'><strong>virtute</strong></span> <span class='ocrx_word' id='word_1_625' title='bbox 1380 1927 1506 1956; x_wconf 81' lang='lat' dir='ltr'><strong>geruntur</strong></span> <span class='ocrx_word' id='word_1_626' title='bbox 1518 1942 1525 1954; x_wconf 93' lang='lat'><strong>,</strong></span> <span class='ocrx_word' id='word_1_627' title='bbox 1541 1927 1570 1948; x_wconf 93' lang='lat' dir='ltr'><strong>ut</strong></span> <span class='ocrx_word' id='word_1_628' title='bbox 1584 1921 1628 1955; x_wconf 88' lang='lat' dir='ltr'><strong>qui</strong></span> <span class='ocrx_word' id='word_1_629' title='bbox 1643 1922 1679 1948; x_wconf 89' lang='lat' dir='ltr'><strong>sis</strong></span> <span class='ocrx_word' id='word_1_630' title='bbox 1694 1921 1752 1954; x_wconf 91' lang='lat' dir='ltr'><strong>pius</strong></span> <span class='ocrx_word' id='word_1_631' title='bbox 1770 1925 1797 1947; x_wconf 91' lang='lat' dir='ltr'><strong>et</strong></span> <span class='ocrx_word' id='word_1_632' title='bbox 1810 1918 1871 1946; x_wconf 88' lang='lat' dir='ltr'><strong>reli-</strong></span> 
     </span>
    </p>
   </div>
   <div class='ocr_carea' id='block_1_86' title="bbox 1086 1965 1871 2004">
    <p class='ocr_par' dir='ltr' id='par_1_86' title="bbox 1086 1965 1871 2004">
     <span class='ocr_line' id='line_1_86' title="bbox 1086 1965 1871 2004; baseline -0.008 -8"><span class='ocrx_word' id='word_1_633' title='bbox 1086 1970 1186 2004; x_wconf 78' lang='lat' dir='ltr'><strong>giosus,</strong></span> <span class='ocrx_word' id='word_1_634' title='bbox 1200 1973 1226 1995; x_wconf 91' lang='lat' dir='ltr'><strong>et</strong></span> <span class='ocrx_word' id='word_1_635' title='bbox 1236 1968 1328 1995; x_wconf 84' lang='lat' dir='ltr'><strong>sedeas</strong></span> <span class='ocrx_word' id='word_1_636' title='bbox 1345 1968 1370 1994; x_wconf 93' lang='lat' dir='ltr'><strong>in</strong></span> <span class='ocrx_word' id='word_1_637' title='bbox 1386 1968 1435 1995; x_wconf 88' lang='lat' dir='ltr'><strong>hoc</strong></span> <span class='ocrx_word' id='word_1_638' title='bbox 1450 1968 1525 1994; x_wconf 86' lang='lat' dir='ltr'><strong>loco?</strong></span> <span class='ocrx_word' id='word_1_639' title='bbox 1537 1967 1579 1994; x_wconf 90' lang='lat' dir='ltr'><strong>Vis</strong></span> <span class='ocrx_word' id='word_1_640' title='bbox 1591 1966 1682 1993; x_wconf 86' lang='lat' dir='ltr'><strong>videre</strong></span> <span class='ocrx_word' id='word_1_641' title='bbox 1697 1965 1831 1992; x_wconf 89' lang='lat' dir='ltr'><strong>mulierem</strong></span> <span class='ocrx_word' id='word_1_642' title='bbox 1845 1969 1871 1990; x_wconf 91' lang='lat' dir='ltr'><strong>te</strong></span> 
     </span>
    </p>
   </div>
   <div class='ocr_carea' id='block_1_87' title="bbox 1086 2004 1869 2048">
    <p class='ocr_par' dir='ltr' id='par_1_87' title="bbox 1086 2004 1869 2048">
     <span class='ocr_line' id='line_1_87' title="bbox 1086 2004 1869 2048; baseline -0.006 -8"><span class='ocrx_word' id='word_1_643' title='bbox 1086 2004 1172 2048; x_wconf 83' lang='lat' dir='ltr'><strong>magis</strong></span> <span class='ocrx_word' id='word_1_644' title='bbox 1184 2013 1253 2047; x_wconf 88' lang='lat' dir='ltr'><strong>piam</strong></span> <span class='ocrx_word' id='word_1_645' title='bbox 1264 2020 1295 2040; x_wconf 87' lang='lat' dir='ltr'><strong>ac</strong></span> <span class='ocrx_word' id='word_1_646' title='bbox 1308 2013 1477 2047; x_wconf 73' lang='lat' dir='ltr'><strong>religiosam?</strong></span> <span class='ocrx_word' id='word_1_647' title='bbox 1493 2012 1542 2038; x_wconf 86' lang='lat' dir='ltr'><strong>Abi</strong></span> <span class='ocrx_word' id='word_1_648' title='bbox 1555 2012 1580 2038; x_wconf 94' lang='lat' dir='ltr'><strong>in</strong></span> <span class='ocrx_word' id='word_1_649' title='bbox 1593 2011 1781 2038; x_wconf 88' lang='lat' dir='ltr'><strong>monasterium</strong></span> <span class='ocrx_word' id='word_1_650' title='bbox 1795 2009 1869 2036; x_wconf 83' lang='lat' dir='ltr'><strong>femi-</strong></span> 
     </span>
    </p>
   </div>
   <div class='ocr_carea' id='block_1_88' title="bbox 1087 2056 1871 2091">
    <p class='ocr_par' dir='ltr' id='par_1_88' title="bbox 1087 2056 1871 2091">
     <span class='ocr_line' id='line_1_88' title="bbox 1087 2056 1871 2091; baseline -0.006 -6"><span class='ocrx_word' id='word_1_651' title='bbox 1087 2066 1179 2085; x_wconf 84' lang='lat' dir='ltr'><strong>narum</strong></span> <span class='ocrx_word' id='word_1_652' title='bbox 1195 2058 1460 2091; x_wconf 86' lang='lat' dir='ltr'><strong>Tabennesiotarum,</strong></span> <span class='ocrx_word' id='word_1_653' title='bbox 1481 2061 1509 2084; x_wconf 87' lang='lat' dir='ltr'><strong>et</strong></span> <span class='ocrx_word' id='word_1_654' title='bbox 1524 2057 1640 2084; x_wconf 86' lang='lat' dir='ltr'><strong>invenies</strong></span> <span class='ocrx_word' id='word_1_655' title='bbox 1655 2056 1707 2082; x_wconf 88' lang='lat' dir='ltr'><strong>illic</strong></span> <span class='ocrx_word' id='word_1_656' title='bbox 1721 2063 1799 2082; x_wconf 85' lang='lat' dir='ltr'><strong>unam</strong></span> <span class='ocrx_word' id='word_1_657' title='bbox 1812 2061 1871 2088; x_wconf 59' lang='lat' dir='ltr'><strong>quas</strong></span> 
     </span>
    </p>
   </div>
   <div class='ocr_carea' id='block_1_89' title="bbox 1087 2100 1870 2138">
    <p class='ocr_par' dir='ltr' id='par_1_89' title="bbox 1087 2100 1870 2138">
     <span class='ocr_line' id='line_1_89' title="bbox 1087 2100 1870 2138; baseline -0.008 -7"><span class='ocrx_word' id='word_1_658' title='bbox 1087 2105 1167 2131; x_wconf 86' lang='lat' dir='ltr'><strong>habet</strong></span> <span class='ocrx_word' id='word_1_659' title='bbox 1181 2104 1365 2131; x_wconf 84' lang='lat' dir='ltr'><strong>redimiculum</strong></span> <span class='ocrx_word' id='word_1_660' title='bbox 1382 2103 1439 2138; x_wconf 79' lang='lat'><strong>(87)</strong></span> <span class='ocrx_word' id='word_1_661' title='bbox 1456 2103 1480 2129; x_wconf 92' lang='lat' dir='ltr'><strong>in</strong></span> <span class='ocrx_word' id='word_1_662' title='bbox 1496 2103 1581 2137; x_wconf 89' lang='lat' dir='ltr'><strong>capite</strong></span> <span class='ocrx_word' id='word_1_663' title='bbox 1595 2111 1601 2134; x_wconf 84' lang='lat'><strong>;</strong></span> <span class='ocrx_word' id='word_1_664' title='bbox 1619 2109 1648 2128; x_wconf 84' lang='lat' dir='ltr'><strong>ea</strong></span> <span class='ocrx_word' id='word_1_665' title='bbox 1662 2105 1702 2128; x_wconf 91' lang='lat' dir='ltr'><strong>est</strong></span> <span class='ocrx_word' id='word_1_666' title='bbox 1717 2106 1741 2127; x_wconf 88' lang='lat' dir='ltr'><strong>te</strong></span> <span class='ocrx_word' id='word_1_667' title='bbox 1755 2100 1846 2126; x_wconf 88' lang='lat' dir='ltr'><strong>melior</strong></span> <span class='ocrx_word' id='word_1_668' title='bbox 1860 2105 1870 2125; x_wconf 88' lang='lat'><strong><em>:</em></strong></span> 
     </span>
    </p>
   </div>
   <div class='ocr_carea' id='block_1_90' title="bbox 1086 2145 1871 2185">
    <p class='ocr_par' dir='ltr' id='par_1_90' title="bbox 1086 2145 1871 2185">
     <span class='ocr_line' id='line_1_90' title="bbox 1086 2145 1871 2185; baseline -0.009 -8"><span class='ocrx_word' id='word_1_669' title='bbox 1086 2159 1144 2185; x_wconf 82' lang='lat' dir='ltr'><strong>qua:</strong></span> <span class='ocrx_word' id='word_1_670' title='bbox 1159 2158 1219 2177; x_wconf 82' lang='lat' dir='ltr'><strong>cum</strong></span> <span class='ocrx_word' id='word_1_671' title='bbox 1235 2155 1307 2177; x_wconf 85' lang='lat' dir='ltr'><strong>tanta</strong></span> <span class='ocrx_word' id='word_1_672' title='bbox 1322 2149 1396 2177; x_wconf 89' lang='lat' dir='ltr'><strong>turba</strong></span> <span class='ocrx_word' id='word_1_673' title='bbox 1408 2149 1557 2178; x_wconf 84' lang='lat' dir='ltr'><strong>decertans.</strong></span> <span class='ocrx_word' id='word_1_674' title='bbox 1578 2152 1606 2174; x_wconf 88' lang='lat' dir='ltr'><strong>et</strong></span> <span class='ocrx_word' id='word_1_675' title='bbox 1618 2147 1741 2173; x_wconf 89' lang='lat' dir='ltr'><strong>omnibus</strong></span> <span class='ocrx_word' id='word_1_676' title='bbox 1752 2145 1871 2172; x_wconf 89' lang='lat' dir='ltr'><strong>indiscri-</strong></span> 
     </span>
    </p>
   </div>
   <div class='ocr_carea' id='block_1_91' title="bbox 1087 2189 1872 2228">
    <p class='ocr_par' dir='ltr' id='par_1_91' title="bbox 1087 2189 1872 2228">
     <span class='ocr_line' id='line_1_91' title="bbox 1087 2189 1872 2228; baseline -0.009 -6"><span class='ocrx_word' id='word_1_677' title='bbox 1087 2195 1204 2222; x_wconf 86' lang='lat' dir='ltr'><strong>minatim</strong></span> <span class='ocrx_word' id='word_1_678' title='bbox 1221 2196 1350 2228; x_wconf 81' lang='lat' dir='ltr'><strong>serviens,</strong></span> <span class='ocrx_word' id='word_1_679' title='bbox 1366 2203 1413 2222; x_wconf 90' lang='lat' dir='ltr'><strong>cor</strong></span> <span class='ocrx_word' id='word_1_680' title='bbox 1429 2197 1562 2228; x_wconf 86' lang='lat' dir='ltr'><strong>nunquam</strong></span> <span class='ocrx_word' id='word_1_681' title='bbox 1584 2191 1692 2219; x_wconf 79' lang='lat' dir='ltr'><strong>abduxit</strong></span> <span class='ocrx_word' id='word_1_682' title='bbox 1707 2199 1720 2217; x_wconf 93' lang='lat' dir='ltr'><strong>a</strong></span> <span class='ocrx_word' id='word_1_683' title='bbox 1742 2191 1806 2223; x_wconf 89' lang='lat' dir='ltr'><strong>Deo,</strong></span> <span class='ocrx_word' id='word_1_684' title='bbox 1821 2189 1872 2216; x_wconf 90' lang='lat' dir='ltr'><strong>etsi</strong></span> 
     </span>
    </p>
   </div>
   <div class='ocr_carea' id='block_1_92' title="bbox 1085 2235 1870 2275">
    <p class='ocr_par' dir='ltr' id='par_1_92' title="bbox 1085 2235 1870 2275">
     <span class='ocr_line' id='line_1_92' title="bbox 1085 2235 1870 2275; baseline -0.008 -8"><span class='ocrx_word' id='word_1_685' title='bbox 1085 2242 1118 2268; x_wconf 86' lang='lat' dir='ltr'><strong>ab</strong></span> <span class='ocrx_word' id='word_1_686' title='bbox 1134 2242 1257 2268; x_wconf 88' lang='lat' dir='ltr'><strong>omnibus</strong></span> <span class='ocrx_word' id='word_1_687' title='bbox 1267 2241 1380 2275; x_wconf 88' lang='lat' dir='ltr'><strong>superbe</strong></span> <span class='ocrx_word' id='word_1_688' title='bbox 1395 2243 1588 2267; x_wconf 89' lang='lat' dir='ltr'><strong>contemnatur.</strong></span> <span class='ocrx_word' id='word_1_689' title='bbox 1604 2237 1642 2263; x_wconf 86' lang='lat' dir='ltr'><strong>Tu</strong></span> <span class='ocrx_word' id='word_1_690' title='bbox 1657 2242 1743 2263; x_wconf 89' lang='lat' dir='ltr'><strong>autem</strong></span> <span class='ocrx_word' id='word_1_691' title='bbox 1767 2235 1870 2262; x_wconf 87' lang='lat' dir='ltr'><strong>etiamsi</strong></span> 
     </span>
    </p>
   </div>
   <div class='ocr_carea' id='block_1_93' title="bbox 245 2277 1869 2320">
    <p class='ocr_par' dir='ltr' id='par_1_93' title="bbox 245 2277 1869 2320">
     <span class='ocr_line' id='line_1_93' title="bbox 245 2277 1869 2320; baseline -0.004 -8"><span class='ocrx_word' id='word_1_692' title='bbox 245 2289 338 2312; x_wconf 87' lang='lat' dir='ltr'><strong>rerum.</strong></span> <span class='ocrx_word' id='word_1_693' title='bbox 353 2292 454 2319; x_wconf 69' lang='lat' dir='ltr'><strong>paucae,</strong></span> <span class='ocrx_word' id='word_1_694' title='bbox 469 2291 528 2318; x_wconf 73' lang='lat' dir='ltr'><strong>qua:</strong></span> <span class='ocrx_word' id='word_1_695' title='bbox 547 2291 601 2310; x_wconf 89' lang='lat' dir='ltr'><strong>non</strong></span> <span class='ocrx_word' id='word_1_696' title='bbox 622 2284 688 2310; x_wconf 83' lang='lat' dir='ltr'><strong>adeo</strong></span> <span class='ocrx_word' id='word_1_697' title='bbox 706 2290 798 2317; x_wconf 81' lang='lat' dir='ltr'><strong>magna</strong></span> <span class='ocrx_word' id='word_1_698' title='bbox 814 2282 967 2309; x_wconf 86' lang='lat' dir='ltr'><strong>ferebantur</strong></span> <span class='ocrx_word' id='word_1_699' title='bbox 982 2290 1034 2308; x_wconf 91' lang='lat' dir='ltr'><strong>ma-</strong></span> <span class='ocrx_word' id='word_1_700' title='bbox 1050 2277 1072 2304; x_wconf 86' lang='grc' dir='ltr'><strong>Ι)</strong></span> <span class='ocrx_word' id='word_1_701' title='bbox 1087 2286 1129 2313; x_wconf 83' lang='lat' dir='ltr'><strong>hic</strong></span> <span class='ocrx_word' id='word_1_702' title='bbox 1143 2286 1247 2317; x_wconf 81' lang='lat' dir='ltr'><strong>sedeas,</strong></span> <span class='ocrx_word' id='word_1_703' title='bbox 1262 2294 1310 2320; x_wconf 90' lang='lat' dir='ltr'><strong>per</strong></span> <span class='ocrx_word' id='word_1_704' title='bbox 1323 2286 1404 2312; x_wconf 86' lang='lat' dir='ltr'><strong>urbes</strong></span> <span class='ocrx_word' id='word_1_705' title='bbox 1415 2291 1503 2312; x_wconf 86' lang='lat' dir='ltr'><strong>tamen</strong></span> <span class='ocrx_word' id='word_1_706' title='bbox 1524 2284 1628 2318; x_wconf 81' lang='lat' dir='ltr'><strong>vagaris</strong></span> <span class='ocrx_word' id='word_1_707' title='bbox 1646 2283 1809 2317; x_wconf 64' lang='lat' dir='ltr'><strong>cogitatione,</strong></span> <span class='ocrx_word' id='word_1_708' title='bbox 1824 2282 1869 2314; x_wconf 86' lang='lat' dir='ltr'><strong>qui</strong></span> 
     </span>
    </p>
   </div>
   <div class='ocr_carea' id='block_1_94' title="bbox 245 2328 1032 2363">
    <p class='ocr_par' dir='ltr' id='par_1_94' title="bbox 245 2328 1032 2363">
     <span class='ocr_line' id='line_1_94' title="bbox 245 2328 1032 2363; baseline -0.005 -5"><span class='ocrx_word' id='word_1_709' title='bbox 245 2331 312 2358; x_wconf 89' lang='lat' dir='ltr'><strong>litia.</strong></span> <span class='ocrx_word' id='word_1_710' title='bbox 322 2330 367 2357; x_wconf 88' lang='lat' dir='ltr'><strong>llla</strong></span> <span class='ocrx_word' id='word_1_711' title='bbox 376 2335 465 2357; x_wconf 77' lang='lat' dir='ltr'><strong>autern</strong></span> <span class='ocrx_word' id='word_1_712' title='bbox 474 2330 566 2357; x_wconf 90' lang='lat' dir='ltr'><strong>dolore</strong></span> <span class='ocrx_word' id='word_1_713' title='bbox 575 2330 704 2360; x_wconf 80' lang='lat' dir='ltr'><strong>conlecta,</strong></span> <span class='ocrx_word' id='word_1_714' title='bbox 717 2333 744 2355; x_wconf 92' lang='lat' dir='ltr'><strong>ut</strong></span> <span class='ocrx_word' id='word_1_715' title='bbox 752 2336 810 2363; x_wconf 76' lang='lat' dir='ltr'><strong>qua:</strong></span> <span class='ocrx_word' id='word_1_716' title='bbox 820 2329 898 2355; x_wconf 78' lang='lat' dir='ltr'><strong>talem</strong></span> <span class='ocrx_word' id='word_1_717' title='bbox 907 2328 1032 2355; x_wconf 86' lang='lat' dir='ltr'><strong>subiissct</strong></span> 
     </span>
    </p>
   </div>
   <div class='ocr_carea' id='block_1_95' title="bbox 245 2375 1028 2411">
    <p class='ocr_par' dir='ltr' id='par_1_95' title="bbox 245 2375 1028 2411">
     <span class='ocr_line' id='line_1_95' title="bbox 245 2375 1028 2411; baseline -0.003 -7"><span class='ocrx_word' id='word_1_718' title='bbox 245 2377 417 2409; x_wconf 88' lang='lat' dir='ltr'><strong>calumniam,</strong></span> <span class='ocrx_word' id='word_1_719' title='bbox 430 2383 489 2411; x_wconf 67' lang='lat' dir='ltr'><strong>quat</strong></span> <span class='ocrx_word' id='word_1_720' title='bbox 502 2383 535 2403; x_wconf 88' lang='lat' dir='ltr'><strong>ne</strong></span> <span class='ocrx_word' id='word_1_721' title='bbox 546 2377 570 2402; x_wconf 92' lang='lat' dir='ltr'><strong>in</strong></span> <span class='ocrx_word' id='word_1_722' title='bbox 585 2376 642 2409; x_wconf 82' lang='lat' dir='ltr'><strong>ejus</strong></span> <span class='ocrx_word' id='word_1_723' title='bbox 657 2375 763 2409; x_wconf 87' lang='lat' dir='ltr'><strong>quidem</strong></span> <span class='ocrx_word' id='word_1_724' title='bbox 780 2380 895 2401; x_wconf 88' lang='lat' dir='ltr'><strong>mentetn</strong></span> <span class='ocrx_word' id='word_1_725' title='bbox 909 2380 1028 2408; x_wconf 89' lang='lat' dir='ltr'><strong>venerat,</strong></span> 
     </span>
    </p>
   </div>
   <div class='ocr_carea' id='block_1_96' title="bbox 244 2420 1029 2456">
    <p class='ocr_par' dir='ltr' id='par_1_96' title="bbox 244 2420 1029 2456">
     <span class='ocr_line' id='line_1_96' title="bbox 244 2420 1029 2456; baseline -0.004 -6"><span class='ocrx_word' id='word_1_726' title='bbox 244 2430 294 2450; x_wconf 84' lang='lat' dir='ltr'><strong>nec</strong></span> <span class='ocrx_word' id='word_1_727' title='bbox 307 2430 363 2450; x_wconf 86' lang='lat' dir='ltr'><strong>rem</strong></span> <span class='ocrx_word' id='word_1_728' title='bbox 378 2423 506 2456; x_wconf 85' lang='lat' dir='ltr'><strong>potuisset</strong></span> <span class='ocrx_word' id='word_1_729' title='bbox 522 2421 647 2453; x_wconf 84' lang='lat' dir='ltr'><strong>tolerare,</strong></span> <span class='ocrx_word' id='word_1_730' title='bbox 662 2429 692 2448; x_wconf 77' lang='lat' dir='ltr'><strong>se</strong></span> <span class='ocrx_word' id='word_1_731' title='bbox 705 2421 773 2448; x_wconf 89' lang='lat' dir='ltr'><strong>clam</strong></span> <span class='ocrx_word' id='word_1_732' title='bbox 793 2421 856 2454; x_wconf 78' lang='lat' dir='ltr'><strong>iecit</strong></span> <span class='ocrx_word' id='word_1_733' title='bbox 870 2422 896 2447; x_wconf 93' lang='lat' dir='ltr'><strong>in</strong></span> <span class='ocrx_word' id='word_1_734' title='bbox 912 2420 1029 2456; x_wconf 77' lang='lat' dir='ltr'><strong>ﬂuvium,</strong></span> 
     </span>
    </p>
   </div>
   <div class='ocr_carea' id='block_1_97' title="bbox 244 2467 1030 2502">
    <p class='ocr_par' dir='ltr' id='par_1_97' title="bbox 244 2467 1030 2502">
     <span class='ocr_line' id='line_1_97' title="bbox 244 2467 1030 2502; baseline -0.003 -6"><span class='ocrx_word' id='word_1_735' title='bbox 244 2468 324 2496; x_wconf 68' lang='lat' dir='ltr'><strong>et&#39;sic</strong></span> <span class='ocrx_word' id='word_1_736' title='bbox 340 2468 415 2496; x_wconf 88' lang='lat' dir='ltr'><strong>obiit.</strong></span> <span class='ocrx_word' id='word_1_737' title='bbox 437 2467 502 2495; x_wconf 90' lang='lat' dir='ltr'><strong>Cum</strong></span> <span class='ocrx_word' id='word_1_738' title='bbox 524 2473 612 2495; x_wconf 87' lang='lat' dir='ltr'><strong>autem</strong></span> <span class='ocrx_word' id='word_1_739' title='bbox 636 2467 662 2494; x_wconf 90' lang='lat' dir='ltr'><strong>id</strong></span> <span class='ocrx_word' id='word_1_740' title='bbox 683 2468 810 2494; x_wconf 81' lang='lat' dir='ltr'><strong>sousisset</strong></span> <span class='ocrx_word' id='word_1_741' title='bbox 828 2475 859 2494; x_wconf 87' lang='lat' dir='ltr'><strong>ea</strong></span> <span class='ocrx_word' id='word_1_742' title='bbox 875 2475 933 2502; x_wconf 66' lang='lat' dir='ltr'><strong>qua:</strong></span> <span class='ocrx_word' id='word_1_743' title='bbox 947 2468 1030 2501; x_wconf 88' lang='lat' dir='ltr'><strong>ipsam</strong></span> 
     </span>
    </p>
   </div>
   <div class='ocr_carea' id='block_1_98' title="bbox 243 2513 1032 2547">
    <p class='ocr_par' dir='ltr' id='par_1_98' title="bbox 243 2513 1032 2547">
     <span class='ocr_line' id='line_1_98' title="bbox 243 2513 1032 2547; baseline -0.001 -5"><span class='ocrx_word' id='word_1_744' title='bbox 243 2514 332 2542; x_wconf 77' lang='lat' dir='ltr'><strong>fuerat</strong></span> <span class='ocrx_word' id='word_1_745' title='bbox 341 2515 511 2547; x_wconf 86' lang='lat' dir='ltr'><strong>calumniata,</strong></span> <span class='ocrx_word' id='word_1_746' title='bbox 527 2519 554 2541; x_wconf 88' lang='lat' dir='ltr'><strong>et</strong></span> <span class='ocrx_word' id='word_1_747' title='bbox 565 2514 675 2541; x_wconf 89' lang='lat' dir='ltr'><strong>vidisset</strong></span> <span class='ocrx_word' id='word_1_748' title='bbox 688 2522 717 2541; x_wconf 86' lang='lat' dir='ltr'><strong>se</strong></span> <span class='ocrx_word' id='word_1_749' title='bbox 733 2514 864 2541; x_wconf 85' lang='lat' dir='ltr'><strong>malitiose</strong></span> <span class='ocrx_word' id='word_1_750' title='bbox 878 2521 936 2540; x_wconf 87' lang='lat' dir='ltr'><strong>eam</strong></span> <span class='ocrx_word' id='word_1_751' title='bbox 951 2513 1032 2541; x_wconf 83' lang='lat' dir='ltr'><strong>fuisse</strong></span> 
     </span>
    </p>
   </div>
   <div class='ocr_carea' id='block_1_99' title="bbox 244 2559 1033 2593">
    <p class='ocr_par' dir='ltr' id='par_1_99' title="bbox 244 2559 1033 2593">
     <span class='ocr_line' id='line_1_99' title="bbox 244 2559 1033 2593; baseline -0.001 -7"><span class='ocrx_word' id='word_1_752' title='bbox 244 2559 446 2592; x_wconf 89' lang='lat' dir='ltr'><strong>calumniatam,</strong></span> <span class='ocrx_word' id='word_1_753' title='bbox 461 2563 488 2586; x_wconf 88' lang='lat' dir='ltr'><strong>et</strong></span> <span class='ocrx_word' id='word_1_754' title='bbox 501 2559 551 2586; x_wconf 88' lang='lat' dir='ltr'><strong>huc</strong></span> <span class='ocrx_word' id='word_1_755' title='bbox 564 2560 650 2586; x_wconf 88' lang='lat' dir='ltr'><strong>scelus</strong></span> <span class='ocrx_word' id='word_1_756' title='bbox 663 2559 719 2593; x_wconf 78' lang='grc'>(85)</span> <span class='ocrx_word' id='word_1_757' title='bbox 735 2567 750 2586; x_wconf 92' lang='lat' dir='ltr'><strong>a</strong></span> <span class='ocrx_word' id='word_1_758' title='bbox 761 2567 791 2586; x_wconf 88' lang='lat' dir='ltr'><strong>sc</strong></span> <span class='ocrx_word' id='word_1_759' title='bbox 801 2559 985 2589; x_wconf 84' lang='lat' dir='ltr'><strong>commissum,</strong></span> <span class='ocrx_word' id='word_1_760' title='bbox 1006 2562 1033 2585; x_wconf 93' lang='lat' dir='ltr'><strong>et</strong></span> 
     </span>
    </p>
   </div>
   <div class='ocr_carea' id='block_1_100' title="bbox 245 2603 1031 2639">
    <p class='ocr_par' dir='ltr' id='par_1_100' title="bbox 245 2603 1031 2639">
     <span class='ocr_line' id='line_1_100' title="bbox 245 2603 1031 2639; baseline -0.003 -8"><span class='ocrx_word' id='word_1_761' title='bbox 245 2604 303 2638; x_wconf 84' lang='lat' dir='ltr'><strong>ipsa</strong></span> <span class='ocrx_word' id='word_1_762' title='bbox 314 2611 419 2639; x_wconf 85' lang='lat' dir='ltr'><strong>quoque</strong></span> <span class='ocrx_word' id='word_1_763' title='bbox 429 2611 458 2631; x_wconf 89' lang='lat' dir='ltr'><strong>se</strong></span> <span class='ocrx_word' id='word_1_764' title='bbox 473 2603 540 2632; x_wconf 89' lang='lat' dir='ltr'><strong>clam</strong></span> <span class='ocrx_word' id='word_1_765' title='bbox 555 2604 703 2635; x_wconf 81' lang='lat' dir='ltr'><strong>sull&#39;ocavit,</strong></span> <span class='ocrx_word' id='word_1_766' title='bbox 715 2612 775 2631; x_wconf 88' lang='lat' dir='ltr'><strong>cum</strong></span> <span class='ocrx_word' id='word_1_767' title='bbox 788 2603 883 2630; x_wconf 79' lang='lat' dir='ltr'><strong>factum</strong></span> <span class='ocrx_word' id='word_1_768' title='bbox 895 2611 966 2638; x_wconf 66' lang='lat' dir='ltr'><strong>arng</strong></span> <span class='ocrx_word' id='word_1_769' title='bbox 981 2603 1031 2630; x_wconf 83' lang='lat' dir='ltr'><strong>fer-</strong></span> 
     </span>
    </p>
   </div>
   <div class='ocr_carea' id='block_1_101' title="bbox 244 2648 1033 2684">
    <p class='ocr_par' dir='ltr' id='par_1_101' title="bbox 244 2648 1033 2684">
     <span class='ocr_line' id='line_1_101' title="bbox 244 2648 1033 2684; baseline -0.004 -7"><span class='ocrx_word' id='word_1_770' title='bbox 244 2655 297 2677; x_wconf 86' lang='lat' dir='ltr'><strong>ret.</strong></span> <span class='ocrx_word' id='word_1_771' title='bbox 312 2650 378 2677; x_wconf 82' lang='lat' dir='ltr'><strong>Gum</strong></span> <span class='ocrx_word' id='word_1_772' title='bbox 393 2655 480 2676; x_wconf 91' lang='lat' dir='ltr'><strong>autem</strong></span> <span class='ocrx_word' id='word_1_773' title='bbox 496 2649 612 2677; x_wconf 87' lang='lat' dir='ltr'><strong>venisset</strong></span> <span class='ocrx_word' id='word_1_774' title='bbox 627 2649 776 2684; x_wconf 70' lang='lat' dir='ltr'><strong>presbyter,</strong></span> <span class='ocrx_word' id='word_1_775' title='bbox 799 2649 905 2682; x_wconf 79' lang='lat' dir='ltr'><strong>reliqua:</strong></span> <span class='ocrx_word' id='word_1_776' title='bbox 919 2648 1033 2683; x_wconf 81' lang='lat' dir='ltr'><strong>virgines</strong></span> 
     </span>
    </p>
   </div>
   <div class='ocr_carea' id='block_1_102' title="bbox 243 2694 1032 2734">
    <p class='ocr_par' dir='ltr' id='par_1_102' title="bbox 243 2694 1032 2734">
     <span class='ocr_line' id='line_1_102' title="bbox 243 2694 1032 2734; baseline -0.005 -10"><span class='ocrx_word' id='word_1_777' title='bbox 243 2697 269 2724; x_wconf 90' lang='lat' dir='ltr'><strong>ei</strong></span> <span class='ocrx_word' id='word_1_778' title='bbox 280 2705 337 2724; x_wconf 89' lang='lat' dir='ltr'><strong>rem</strong></span> <span class='ocrx_word' id='word_1_779' title='bbox 348 2697 570 2734; x_wconf 75' lang='lat' dir='ltr'><strong>renuntiaverunt</strong></span> <span class='ocrx_word' id='word_1_780' title='bbox 585 2695 679 2730; x_wconf 76' lang='lat' dir='ltr'><strong>:juss&#39;tt</strong></span> <span class='ocrx_word' id='word_1_781' title='bbox 690 2696 776 2730; x_wconf 86' lang='lat' dir='ltr'><strong>itaque</strong></span> <span class='ocrx_word' id='word_1_782' title='bbox 790 2702 836 2729; x_wconf 93' lang='lat' dir='ltr'><strong>pro</strong></span> <span class='ocrx_word' id='word_1_783' title='bbox 854 2695 925 2721; x_wconf 91' lang='lat' dir='ltr'><strong>nulla</strong></span> <span class='ocrx_word' id='word_1_784' title='bbox 940 2694 1032 2721; x_wconf 84' lang='lat' dir='ltr'><strong>harum</strong></span> 
     </span>
    </p>
   </div>
   <div class='ocr_carea' id='block_1_103' title="bbox 246 2741 1032 2777">
    <p class='ocr_par' dir='ltr' id='par_1_103' title="bbox 246 2741 1032 2777">
     <span class='ocr_line' id='line_1_103' title="bbox 246 2741 1032 2777; baseline -0.004 -7"><span class='ocrx_word' id='word_1_785' title='bbox 246 2742 303 2770; x_wconf 82' lang='lat' dir='ltr'><strong>ﬁeri</strong></span> <span class='ocrx_word' id='word_1_786' title='bbox 322 2743 496 2770; x_wconf 88' lang='lat' dir='ltr'><strong>oblationem.</strong></span> <span class='ocrx_word' id='word_1_787' title='bbox 520 2742 645 2777; x_wconf 78' lang='lat' dir='ltr'><strong>Reliquas</strong></span> <span class='ocrx_word' id='word_1_788' title='bbox 659 2747 748 2768; x_wconf 84' lang='lat' dir='ltr'><strong>autent</strong></span> <span class='ocrx_word' id='word_1_789' title='bbox 764 2746 886 2775; x_wconf 90' lang='lat' dir='ltr'><strong>tanquam</strong></span> <span class='ocrx_word' id='word_1_790' title='bbox 903 2741 1032 2772; x_wconf 82' lang='lat' dir='ltr'><strong>conscias,</strong></span> 
     </span>
    </p>
   </div>
   <div class='ocr_carea' id='block_1_104' title="bbox 245 2788 1034 2820">
    <p class='ocr_par' dir='ltr' id='par_1_104' title="bbox 245 2788 1034 2820">
     <span class='ocr_line' id='line_1_104' title="bbox 245 2788 1034 2820; baseline -0.001 -7"><span class='ocrx_word' id='word_1_791' title='bbox 245 2792 345 2818; x_wconf 63' lang='lat' dir='ltr'><strong>etque</strong></span> <span class='ocrx_word' id='word_1_792' title='bbox 367 2788 574 2815; x_wconf 83' lang='lat' dir='ltr'><strong>calumniantem</strong></span> <span class='ocrx_word' id='word_1_793' title='bbox 596 2795 648 2815; x_wconf 87' lang='lat' dir='ltr'><strong>non</strong></span> <span class='ocrx_word' id='word_1_794' title='bbox 673 2790 901 2820; x_wconf 79' lang='lat' dir='ltr'><strong>compescuerant,</strong></span> <span class='ocrx_word' id='word_1_795' title='bbox 926 2790 953 2813; x_wconf 86' lang='lat' dir='ltr'><strong>et</strong></span> <span class='ocrx_word' id='word_1_796' title='bbox 976 2793 1034 2820; x_wconf 73' lang='lat' dir='ltr'><strong>qua:</strong></span> 
     </span>
    </p>
   </div>
   <div class='ocr_carea' id='block_1_105' title="bbox 246 2831 1034 2868">
    <p class='ocr_par' dir='ltr' id='par_1_105' title="bbox 246 2831 1034 2868">
     <span class='ocr_line' id='line_1_105' title="bbox 246 2831 1034 2868; baseline 0.001 -10"><span class='ocrx_word' id='word_1_797' title='bbox 246 2831 316 2858; x_wconf 91' lang='lat' dir='ltr'><strong>dicta</strong></span> <span class='ocrx_word' id='word_1_798' title='bbox 331 2837 393 2858; x_wconf 88' lang='lat' dir='ltr'><strong>sunt</strong></span> <span class='ocrx_word' id='word_1_799' title='bbox 414 2834 591 2867; x_wconf 88' lang='lat' dir='ltr'><strong>crediderant,</strong></span> <span class='ocrx_word' id='word_1_800' title='bbox 615 2833 781 2867; x_wconf 87' lang='lat' dir='ltr'><strong>septennium</strong></span> <span class='ocrx_word' id='word_1_801' title='bbox 806 2831 966 2868; x_wconf 76' lang='lat' dir='ltr'><strong>segregavit,</strong></span> <span class='ocrx_word' id='word_1_802' title='bbox 988 2839 1034 2859; x_wconf 86' lang='lat' dir='ltr'><strong>cas</strong></span> 
     </span>
    </p>
   </div>
   <div class='ocr_carea' id='block_1_106' title="bbox 247 2878 491 2906">
    <p class='ocr_par' dir='ltr' id='par_1_106' title="bbox 247 2878 491 2906">
     <span class='ocr_line' id='line_1_106' title="bbox 247 2878 491 2906; baseline 0.012 -3"><span class='ocrx_word' id='word_1_803' title='bbox 247 2878 491 2906; x_wconf 77' lang='lat' dir='ltr'><strong>cxwmtnunicans.</strong></span> 
     </span>
    </p>
   </div>
   <div class='ocr_carea' id='block_1_107' title="bbox 1085 2326 1869 2362">
    <p class='ocr_par' dir='ltr' id='par_1_107' title="bbox 1085 2326 1869 2362">
     <span class='ocr_line' id='line_1_107' title="bbox 1085 2326 1869 2362; baseline -0.01 -5"><span class='ocrx_word' id='word_1_804' title='bbox 1085 2331 1177 2358; x_wconf 89' lang='lat' dir='ltr'><strong>orbem</strong></span> <span class='ocrx_word' id='word_1_805' title='bbox 1187 2330 1359 2357; x_wconf 84' lang='lat' dir='ltr'><strong>habitabilem</strong></span> <span class='ocrx_word' id='word_1_806' title='bbox 1367 2337 1500 2362; x_wconf 89' lang='lat' dir='ltr'><strong>nunquam</strong></span> <span class='ocrx_word' id='word_1_807' title='bbox 1509 2328 1614 2356; x_wconf 79' lang='lat' dir='ltr'><strong>calcasti</strong></span> <span class='ocrx_word' id='word_1_808' title='bbox 1627 2327 1743 2362; x_wconf 82' lang='lat' dir='ltr'><strong>pedibus.</strong></span> <span class='ocrx_word' id='word_1_809' title='bbox 1751 2326 1869 2357; x_wconf 79' lang='lat' dir='ltr'><strong>Surgens</strong></span> 
     </span>
    </p>
   </div>
   <div class='ocr_carea' id='block_1_108' title="bbox 1086 2370 1866 2410">
    <p class='ocr_par' dir='ltr' id='par_1_108' title="bbox 1086 2370 1866 2410">
     <span class='ocr_line' id='line_1_108' title="bbox 1086 2370 1866 2410; baseline -0.009 -8"><span class='ocrx_word' id='word_1_810' title='bbox 1086 2379 1173 2402; x_wconf 85' lang='lat' dir='ltr'><strong>autem</strong></span> <span class='ocrx_word' id='word_1_811' title='bbox 1188 2383 1296 2410; x_wconf 79' lang='lat' dir='ltr'><strong>magnus</strong></span> <span class='ocrx_word' id='word_1_812' title='bbox 1310 2374 1430 2408; x_wconf 82' lang='lat' dir='ltr'><strong>Pitirum,</strong></span> <span class='ocrx_word' id='word_1_813' title='bbox 1446 2374 1516 2401; x_wconf 88' lang='lat' dir='ltr'><strong>venit</strong></span> <span class='ocrx_word' id='word_1_814' title='bbox 1530 2381 1612 2407; x_wconf 88' lang='lat' dir='ltr'><strong>usque</strong></span> <span class='ocrx_word' id='word_1_815' title='bbox 1624 2372 1655 2398; x_wconf 91' lang='lat' dir='ltr'><strong>ad</strong></span> <span class='ocrx_word' id='word_1_816' title='bbox 1675 2376 1800 2397; x_wconf 70' lang='lat' dir='ltr'><strong>iiinuaste:</strong></span> <span class='ocrx_word' id='word_1_817' title='bbox 1810 2370 1866 2396; x_wconf 90' lang='lat' dir='ltr'><strong>ium</strong></span> 
     </span>
    </p>
   </div>
   <div class='ocr_carea' id='block_1_109' title="bbox 1085 2415 1870 2454">
    <p class='ocr_par' dir='ltr' id='par_1_109' title="bbox 1085 2415 1870 2454">
     <span class='ocr_line' id='line_1_109' title="bbox 1085 2415 1870 2454; baseline -0.011 -6"><span class='ocrx_word' id='word_1_818' title='bbox 1085 2421 1349 2452; x_wconf 80' lang='lat' dir='ltr'><strong>Tabetmcsiotarum,</strong></span> <span class='ocrx_word' id='word_1_819' title='bbox 1363 2425 1389 2447; x_wconf 89' lang='lat' dir='ltr'><strong>et</strong></span> <span class='ocrx_word' id='word_1_820' title='bbox 1400 2425 1475 2454; x_wconf 80' lang='lat' dir='ltr'><strong>rogat</strong></span> <span class='ocrx_word' id='word_1_821' title='bbox 1485 2419 1622 2453; x_wconf 84' lang='lat' dir='ltr'><strong>magistros</strong></span> <span class='ocrx_word' id='word_1_822' title='bbox 1634 2421 1661 2443; x_wconf 93' lang='lat' dir='ltr'><strong>ut</strong></span> <span class='ocrx_word' id='word_1_823' title='bbox 1671 2417 1746 2442; x_wconf 86' lang='lat' dir='ltr'><strong>liccat</strong></span> <span class='ocrx_word' id='word_1_824' title='bbox 1761 2415 1784 2441; x_wconf 84' lang='lat' dir='ltr'><strong>ci</strong></span> <span class='ocrx_word' id='word_1_825' title='bbox 1796 2418 1870 2441; x_wconf 86' lang='lat' dir='ltr'><strong>trau-</strong></span> 
     </span>
    </p>
   </div>
   <div class='ocr_carea' id='block_1_110' title="bbox 1084 2460 1872 2500">
    <p class='ocr_par' dir='ltr' id='par_1_110' title="bbox 1084 2460 1872 2500">
     <span class='ocr_line' id='line_1_110' title="bbox 1084 2460 1872 2500; baseline -0.01 -7"><span class='ocrx_word' id='word_1_826' title='bbox 1084 2466 1137 2493; x_wconf 86' lang='lat' dir='ltr'><strong>sire</strong></span> <span class='ocrx_word' id='word_1_827' title='bbox 1153 2474 1235 2500; x_wconf 84' lang='lat' dir='ltr'><strong>usque</strong></span> <span class='ocrx_word' id='word_1_828' title='bbox 1250 2466 1281 2492; x_wconf 85' lang='lat' dir='ltr'><strong>ad</strong></span> <span class='ocrx_word' id='word_1_829' title='bbox 1300 2467 1489 2492; x_wconf 84' lang='lat' dir='ltr'><strong>monasterium</strong></span> <span class='ocrx_word' id='word_1_830' title='bbox 1506 2464 1679 2494; x_wconf 78' lang='lat' dir='ltr'><strong>feminarum;</strong></span> <span class='ocrx_word' id='word_1_831' title='bbox 1705 2465 1733 2488; x_wconf 91' lang='lat' dir='ltr'><strong>ut</strong></span> <span class='ocrx_word' id='word_1_832' title='bbox 1746 2460 1790 2494; x_wconf 87' lang='lat' dir='ltr'><strong>qui</strong></span> <span class='ocrx_word' id='word_1_833' title='bbox 1801 2465 1872 2486; x_wconf 86' lang='lat' dir='ltr'><strong>esset</strong></span> 
     </span>
    </p>
   </div>
   <div class='ocr_carea' id='block_1_111' title="bbox 1085 2506 1870 2547">
    <p class='ocr_par' dir='ltr' id='par_1_111' title="bbox 1085 2506 1870 2547">
     <span class='ocr_line' id='line_1_111' title="bbox 1085 2506 1870 2547; baseline -0.01 -9"><span class='ocrx_word' id='word_1_834' title='bbox 1085 2519 1148 2547; x_wconf 80' lang='lat' dir='ltr'><strong>ergo</strong></span> <span class='ocrx_word' id='word_1_835' title='bbox 1172 2511 1240 2538; x_wconf 84' lang='lat' dir='ltr'><strong>inter</strong></span> <span class='ocrx_word' id='word_1_836' title='bbox 1263 2510 1354 2537; x_wconf 84' lang='lat' dir='ltr'><strong>Patres</strong></span> <span class='ocrx_word' id='word_1_837' title='bbox 1374 2518 1474 2544; x_wconf 73' lang='lat' dir='ltr'><strong>magna:</strong></span> <span class='ocrx_word' id='word_1_838' title='bbox 1501 2506 1713 2537; x_wconf 81' lang='lat' dir='ltr'><strong>existimationis,</strong></span> <span class='ocrx_word' id='word_1_839' title='bbox 1737 2510 1763 2532; x_wconf 88' lang='lat' dir='ltr'><strong>et</strong></span> <span class='ocrx_word' id='word_1_840' title='bbox 1778 2511 1870 2531; x_wconf 86' lang='lat' dir='ltr'><strong>conse-</strong></span> 
     </span>
    </p>
   </div>
   <div class='ocr_carea' id='block_1_112' title="bbox 1085 2551 1868 2584">
    <p class='ocr_par' dir='ltr' id='par_1_112' title="bbox 1085 2551 1868 2584">
     <span class='ocr_line' id='line_1_112' title="bbox 1085 2551 1868 2584; baseline -0.009 -1"><span class='ocrx_word' id='word_1_841' title='bbox 1085 2558 1186 2584; x_wconf 55' lang='lat' dir='ltr'><strong>nuisset</strong></span> <span class='ocrx_word' id='word_1_842' title='bbox 1200 2557 1225 2582; x_wconf 93' lang='lat' dir='ltr'><strong>in</strong></span> <span class='ocrx_word' id='word_1_843' title='bbox 1234 2555 1434 2583; x_wconf 79' lang='lat' dir='ltr'><strong>exercitatione.</strong></span> <span class='ocrx_word' id='word_1_844' title='bbox 1451 2555 1521 2580; x_wconf 87' lang='lat' dir='ltr'><strong>bono</strong></span> <span class='ocrx_word' id='word_1_845' title='bbox 1536 2561 1566 2580; x_wconf 91' lang='lat' dir='ltr'><strong>ac</strong></span> <span class='ocrx_word' id='word_1_846' title='bbox 1581 2552 1670 2579; x_wconf 86' lang='lat' dir='ltr'><strong>iidenti</strong></span> <span class='ocrx_word' id='word_1_847' title='bbox 1685 2551 1772 2577; x_wconf 90' lang='lat' dir='ltr'><strong>animo</strong></span> <span class='ocrx_word' id='word_1_848' title='bbox 1781 2555 1868 2577; x_wconf 78' lang='lat' dir='ltr'><strong>trans-</strong></span> 
     </span>
    </p>
   </div>
   <div class='ocr_carea' id='block_1_113' title="bbox 1086 2597 1870 2628">
    <p class='ocr_par' dir='ltr' id='par_1_113' title="bbox 1086 2597 1870 2628">
     <span class='ocr_line' id='line_1_113' title="bbox 1086 2597 1870 2628; baseline -0.01 0"><span class='ocrx_word' id='word_1_849' title='bbox 1086 2603 1167 2628; x_wconf 77' lang='lat' dir='ltr'><strong>misso</strong></span> <span class='ocrx_word' id='word_1_850' title='bbox 1175 2602 1253 2628; x_wconf 90' lang='lat' dir='ltr'><strong>lluvio</strong></span> <span class='ocrx_word' id='word_1_851' title='bbox 1263 2609 1323 2628; x_wconf 88' lang='lat' dir='ltr'><strong>eum</strong></span> <span class='ocrx_word' id='word_1_852' title='bbox 1335 2599 1546 2626; x_wconf 81' lang='lat' dir='ltr'><strong>introduxerunt.</strong></span> <span class='ocrx_word' id='word_1_853' title='bbox 1561 2597 1626 2624; x_wconf 90' lang='lat' dir='ltr'><strong>Cum</strong></span> <span class='ocrx_word' id='word_1_854' title='bbox 1640 2600 1726 2623; x_wconf 85' lang='lat' dir='ltr'><strong>autem</strong></span> <span class='ocrx_word' id='word_1_855' title='bbox 1742 2598 1870 2626; x_wconf 86' lang='lat' dir='ltr'><strong>orassent,</strong></span> 
     </span>
    </p>
   </div>
   <div class='ocr_carea' id='block_1_114' title="bbox 1087 2643 1869 2681">
    <p class='ocr_par' dir='ltr' id='par_1_114' title="bbox 1087 2643 1869 2681">
     <span class='ocr_line' id='line_1_114' title="bbox 1087 2643 1869 2681; baseline -0.013 -7"><span class='ocrx_word' id='word_1_856' title='bbox 1087 2648 1160 2681; x_wconf 88' lang='lat' dir='ltr'><strong>petiit</strong></span> <span class='ocrx_word' id='word_1_857' title='bbox 1175 2655 1284 2680; x_wconf 81' lang='lat' dir='ltr'><strong>magnus</strong></span> <span class='ocrx_word' id='word_1_858' title='bbox 1308 2645 1417 2672; x_wconf 69' lang='lat' dir='ltr'><strong>Pitlrum</strong></span> <span class='ocrx_word' id='word_1_859' title='bbox 1433 2649 1462 2670; x_wconf 90' lang='lat' dir='ltr'><strong>ut</strong></span> <span class='ocrx_word' id='word_1_860' title='bbox 1477 2643 1590 2678; x_wconf 83' lang='lat' dir='ltr'><strong>virgines</strong></span> <span class='ocrx_word' id='word_1_861' title='bbox 1611 2649 1704 2668; x_wconf 78' lang='lat' dir='ltr'><strong>omnes</strong></span> <span class='ocrx_word' id='word_1_862' title='bbox 1724 2647 1814 2667; x_wconf 83' lang='lat' dir='ltr'><strong>coram</strong></span> <span class='ocrx_word' id='word_1_863' title='bbox 1839 2646 1869 2665; x_wconf 71' lang='lat' dir='ltr'><strong>ex</strong></span> 
     </span>
    </p>
   </div>
   <div class='ocr_carea' id='block_1_115' title="bbox 1087 2685 1872 2723">
    <p class='ocr_par' dir='ltr' id='par_1_115' title="bbox 1087 2685 1872 2723">
     <span class='ocr_line' id='line_1_115' title="bbox 1087 2685 1872 2723; baseline -0.01 -4"><span class='ocrx_word' id='word_1_864' title='bbox 1087 2693 1154 2720; x_wconf 88' lang='lat' dir='ltr'><strong>facie</strong></span> <span class='ocrx_word' id='word_1_865' title='bbox 1167 2692 1280 2718; x_wconf 90' lang='lat' dir='ltr'><strong>videret.</strong></span> <span class='ocrx_word' id='word_1_866' title='bbox 1303 2690 1368 2718; x_wconf 87' lang='lat' dir='ltr'><strong>Cum</strong></span> <span class='ocrx_word' id='word_1_867' title='bbox 1382 2697 1476 2717; x_wconf 89' lang='lat' dir='ltr'><strong>omnes</strong></span> <span class='ocrx_word' id='word_1_868' title='bbox 1491 2697 1554 2723; x_wconf 80' lang='lat' dir='ltr'><strong>ergo</strong></span> <span class='ocrx_word' id='word_1_869' title='bbox 1568 2689 1593 2715; x_wconf 92' lang='lat' dir='ltr'><strong>in</strong></span> <span class='ocrx_word' id='word_1_870' title='bbox 1608 2688 1723 2715; x_wconf 90' lang='lat' dir='ltr'><strong>medium</strong></span> <span class='ocrx_word' id='word_1_871' title='bbox 1745 2685 1872 2712; x_wconf 81' lang='lat' dir='ltr'><strong>accessis-</strong></span> 
     </span>
    </p>
   </div>
   <div class='ocr_carea' id='block_1_116' title="bbox 1087 2730 1874 2770">
    <p class='ocr_par' dir='ltr' id='par_1_116' title="bbox 1087 2730 1874 2770">
     <span class='ocr_line' id='line_1_116' title="bbox 1087 2730 1874 2770; baseline -0.011 -5"><span class='ocrx_word' id='word_1_872' title='bbox 1087 2742 1156 2769; x_wconf 85' lang='lat' dir='ltr'><strong>scnt,</strong></span> <span class='ocrx_word' id='word_1_873' title='bbox 1172 2738 1215 2763; x_wconf 90' lang='lat' dir='ltr'><strong>illa</strong></span> <span class='ocrx_word' id='word_1_874' title='bbox 1230 2745 1281 2763; x_wconf 90' lang='lat' dir='ltr'><strong>non</strong></span> <span class='ocrx_word' id='word_1_875' title='bbox 1294 2736 1426 2770; x_wconf 84' lang='lat' dir='ltr'><strong>apparuit.</strong></span> <span class='ocrx_word' id='word_1_876' title='bbox 1442 2735 1559 2762; x_wconf 80' lang='lat' dir='ltr'><strong>Tandem</strong></span> <span class='ocrx_word' id='word_1_877' title='bbox 1571 2734 1637 2760; x_wconf 88' lang='lat' dir='ltr'><strong>dicit</strong></span> <span class='ocrx_word' id='word_1_878' title='bbox 1655 2733 1821 2761; x_wconf 82' lang='lat' dir='ltr'><strong>eissanctus</strong></span> <span class='ocrx_word' id='word_1_879' title='bbox 1832 2730 1874 2757; x_wconf 83' lang='lat' dir='ltr'><strong>Pi-</strong></span> 
     </span>
    </p>
   </div>
   <div class='ocr_carea' id='block_1_117' title="bbox 1088 2777 1873 2810">
    <p class='ocr_par' dir='ltr' id='par_1_117' title="bbox 1088 2777 1873 2810">
     <span class='ocr_line' id='line_1_117' title="bbox 1088 2777 1873 2810; baseline -0.01 0"><span class='ocrx_word' id='word_1_880' title='bbox 1088 2784 1166 2810; x_wconf 91' lang='lat' dir='ltr'><strong>tirum</strong></span> <span class='ocrx_word' id='word_1_881' title='bbox 1177 2783 1305 2810; x_wconf 82' lang='lat' dir='ltr'><strong>:Cnnctas</strong></span> <span class='ocrx_word' id='word_1_882' title='bbox 1315 2782 1348 2808; x_wconf 90' lang='lat' dir='ltr'><strong>ad</strong></span> <span class='ocrx_word' id='word_1_883' title='bbox 1359 2789 1401 2808; x_wconf 86' lang='lat' dir='ltr'><strong>tne</strong></span> <span class='ocrx_word' id='word_1_884' title='bbox 1416 2780 1548 2807; x_wconf 87' lang='lat' dir='ltr'><strong>adducite.</strong></span> <span class='ocrx_word' id='word_1_885' title='bbox 1559 2778 1625 2806; x_wconf 87' lang='lat' dir='ltr'><strong>Cum</strong></span> <span class='ocrx_word' id='word_1_886' title='bbox 1634 2782 1721 2804; x_wconf 88' lang='lat' dir='ltr'><strong>autem</strong></span> <span class='ocrx_word' id='word_1_887' title='bbox 1735 2777 1873 2804; x_wconf 84' lang='lat' dir='ltr'><strong>dicerent:</strong></span> 
     </span>
    </p>
   </div>
   <div class='ocr_carea' id='block_1_118' title="bbox 1087 2820 1874 2858">
    <p class='ocr_par' dir='ltr' id='par_1_118' title="bbox 1087 2820 1874 2858">
     <span class='ocr_line' id='line_1_118' title="bbox 1087 2820 1874 2858; baseline -0.01 -4"><span class='ocrx_word' id='word_1_888' title='bbox 1087 2828 1221 2855; x_wconf 78' lang='lat' dir='ltr'><strong>Adsumus</strong></span> <span class='ocrx_word' id='word_1_889' title='bbox 1233 2834 1335 2858; x_wconf 79' lang='lat' dir='ltr'><strong>omnes,</strong></span> <span class='ocrx_word' id='word_1_890' title='bbox 1347 2826 1411 2853; x_wconf 89' lang='lat' dir='ltr'><strong>dicit</strong></span> <span class='ocrx_word' id='word_1_891' title='bbox 1425 2825 1464 2852; x_wconf 85' lang='lat' dir='ltr'><strong>eis</strong></span> <span class='ocrx_word' id='word_1_892' title='bbox 1481 2833 1486 2850; x_wconf 91' lang='lat'>:</span> <span class='ocrx_word' id='word_1_893' title='bbox 1502 2823 1582 2851; x_wconf 83' lang='lat' dir='ltr'><strong>Deest</strong></span> <span class='ocrx_word' id='word_1_894' title='bbox 1595 2830 1646 2849; x_wconf 87' lang='lat' dir='ltr'><strong>una</strong></span> <span class='ocrx_word' id='word_1_895' title='bbox 1665 2829 1744 2857; x_wconf 77' lang='lat' dir='ltr'><strong>quam</strong></span> <span class='ocrx_word' id='word_1_896' title='bbox 1759 2820 1874 2848; x_wconf 83' lang='lat' dir='ltr'><strong>ostendit</strong></span> 
     </span>
    </p>
   </div>
   <div class='ocr_carea' id='block_1_119' title="bbox 1087 2864 1869 2907">
    <p class='ocr_par' dir='ltr' id='par_1_119' title="bbox 1087 2864 1869 2907">
     <span class='ocr_line' id='line_1_119' title="bbox 1087 2864 1869 2907; baseline -0.014 -6"><span class='ocrx_word' id='word_1_897' title='bbox 1087 2874 1150 2902; x_wconf 88' lang='lat' dir='ltr'><strong>mihi</strong></span> <span class='ocrx_word' id='word_1_898' title='bbox 1165 2873 1286 2907; x_wconf 79' lang='lat' dir='ltr'><strong>angelus.</strong></span> <span class='ocrx_word' id='word_1_899' title='bbox 1302 2872 1348 2899; x_wconf 68' lang='grc' dir='ltr'><strong>Επ</strong></span> <span class='ocrx_word' id='word_1_900' title='bbox 1363 2878 1425 2898; x_wconf 88' lang='lat' dir='ltr'><strong>vero</strong></span> <span class='ocrx_word' id='word_1_901' title='bbox 1440 2870 1530 2897; x_wconf 90' lang='lat' dir='ltr'><strong>dicunt</strong></span> <span class='ocrx_word' id='word_1_902' title='bbox 1546 2878 1551 2894; x_wconf 89' lang='lat'>:</span> <span class='ocrx_word' id='word_1_903' title='bbox 1581 2867 1665 2897; x_wconf 88' lang='lat' dir='ltr'><strong>Unam</strong></span> <span class='ocrx_word' id='word_1_904' title='bbox 1681 2868 1809 2895; x_wconf 85' lang='lat' dir='ltr'><strong>habemus</strong></span> <span class='ocrx_word' id='word_1_905' title='bbox 1821 2864 1869 2891; x_wconf 87' lang='lat' dir='ltr'><strong>Sa-</strong></span> 
     </span>
    </p>
   </div>
  </div>
