2077 3154
193 193 260 221 1109

822 187 982 216 HISTORIA
1001 187 1178 215 LAUSIACA.

1733 187 1802 216 1110

188 248 240 274 letn
256 248 324 283 (33).
338 255 397 283 qua:
407 252 447 274 est
461 247 486 274 in
499 247 596 274 culina.
609 246 653 274 Sic
665 247 735 274 enim
749 252 843 274 vocant
857 247 911 273 illic
924 253 969 274 eas
983 247 1009 276 Α
1022 249 1049 272 et
1072 253 1164 274 rursus
1179 245 1296 273 velocem
1316 253 1407 272 eorum
1431 245 1577 279 interitum,
1592 249 1619 272 et
1632 251 1690 279 quae
1705 245 1730 275 in
1746 253 1806 272 eum

188 300 246 326 quae
262 300 314 319 non
327 298 388 319 sunt
402 299 472 319 sanae
487 294 592 319 mentis.
613 292 679 319 Dicit
693 292 731 319 eis
746 299 856 326 magnus
873 300 879 317 τ
898 291 970 318 Illant

188 345 293 372 quoque
306 337 439 369 adducite,
455 337 533 364 sinite
552 342 579 364 ut
593 345 651 363 eam
671 336 785 363 videam.
803 336 907 362 [verunt
922 335 971 361 ita-

188 389 239 416 que
253 382 285 408 ad
300 389 357 408 eam
373 381 527 408 vocandam.
543 381 587 408 Illa
603 389 666 408 vero
681 388 845 415 nequaquam
861 380 969 411 obediit,

189 434 217 456 ut
230 437 289 464 quae
304 437 360 457 rem
379 430 500 461 sentiret,
517 438 577 456 nam
602 430 670 457 forte
691 429 740 463 ipsi
759 435 863 462 qu0que
885 427 972 454 fuerat

189 475 345 501 revelatum.
364 475 426 501 Eam
442 482 505 509 ergo
515 475 538 501 vi
552 475 668 507 trahunt,
686 474 736 508 ipsi
749 474 868 501 dicentes
882 481 889 498 :
902 473 970 499 San-

188 525 246 546 ctus
259 519 372 546 Pitirum
387 521 443 547 vult
460 525 486 548 te
501 520 601 553 videre,
624 525 680 547 erat
703 520 772 547 enim
787 519 809 546 is
825 519 910 552 magni
925 526 970 544 no-

188 565 278 591 minis.
292 565 329 591 Ea
344 573 408 599 ergo
419 565 539 597 adducta,
553 565 617 592 vidit
630 572 740 599 magnus
754 564 812 597 ejus
824 563 929 595 faciem,
945 567 972 589 et

189 617 303 643 pannum
316 609 341 636 in
357 609 441 643 capite
457 613 484 636 et
499 610 584 636 fronte
597 609 665 644 ejus,
688 613 716 636 et
733 609 830 636 cadens
845 608 877 634 ad
892 608 971 641 pedes

188 655 254 686 ejus,
268 655 361 681 dicitei
374 663 381 681 :
397 655 509 681 Benedic
519 655 622 681 Amma.
632 655 736 682 Cadens
749 659 835 681 autem
847 654 879 680 ad
893 654 972 687 pedes

188 699 247 733 ejus
263 700 320 733 ipsa
335 707 438 734 quoque
452 700 557 726 dicebat
573 707 580 725 :
595 700 634 726 Tu
650 700 712 726 mihi
729 699 849 731 benedic,
865 698 973 725 domine

189 746 235 772 IIII.
256 745 321 772 Cum
341 746 388 772 hoc
401 749 488 772 autent
502 751 604 772 cunctae
614 745 751 777 vidissent,
769 746 970 778 obstupuerunt,

189 790 251 817 etei
266 790 389 816 dixerunt
405 799 411 816 :
429 790 467 817 Ne
482 790 527 817 tibi
553 791 596 816 fiat
617 790 740 824 probrum
756 797 787 816 ac
804 789 972 822 vilupcrium,

190 841 228 861 est
244 835 314 862 enim
329 835 400 862 Sale.
419 834 462 861 Eis
485 835 549 862 dicit
563 840 669 862 sant-tus
690 835 799 862 Pilirutn
816 842 823 860 :
839 834 892 861 Vos
909 834 974 860 estis

191 879 263 912 Sale,
276 879 331 906 haec
345 881 415 906 enim
429 885 455 906 et
469 888 510 906 me
522 885 547 906 et
562 881 636 906 vobis
649 885 689 906 est
703 879 810 911 melior;
825 883 866 906 est
881 881 973 904 Amma

1022 290 1160 318 irruebant
1178 292 1296 325 gentium
1310 291 1468 318 deletiunem
1485 299 1491 316 :
1504 290 1570 317 adeo
1582 294 1612 317 ut
1626 298 1685 317 cum
1700 290 1806 323 quidam

1022 337 1073 364 dux
1089 338 1222 364 exercitus
1236 337 1267 363 ad
1281 345 1341 364 eum
1357 337 1475 364 venisset
1484 336 1644 364 sciscitatum
1658 343 1691 362 an
1702 336 1808 363 Ethio-

1023 389 1069 415 pes
1083 382 1127 415 qui
1143 387 1203 408 sunt
1215 382 1240 408 in
1249 383 1336 415 Syene
1350 387 1419 408 esset
1432 386 1615 414 superaturus,
1626 388 1685 414 qua:
1699 380 1806 414 quidem

1021 432 1061 454 est
1079 428 1234 461 principium
1249 427 1408 458 Thebaidis;
1432 427 1450 453 ii
1470 431 1557 453 autem
1572 433 1633 453 tunc
1649 427 1807 460 irruperant,

1021 479 1048 502 et
1070 483 1160 501 eorunt
1182 475 1319 501 finitimam
1339 475 1472 509 regionem
1484 477 1667 506 vastaverant;
1682 473 1706 500 ei
1720 479 1807 500 autent

1022 520 1087 546 dixit
1115 519 1228 547 Joannes
1257 530 1264 546 :
1288 520 1315 548 Si
1343 520 1507 552 ascenderis,
1522 527 1568 546 eos
1584 520 1806 553 comprehendcs,

1023 565 1133 598 vincies,
1146 570 1173 592 et
1182 565 1336 599 subjunges,
1347 571 1372 592 et
1384 566 1470 592 clarus
1481 566 1534 592 eris
1546 566 1614 598 apud
1625 566 1808 599 imperatores.

1022 609 1049 636 Id
1061 610 1139 636 etiatit
1153 609 1250 637 factum
1266 615 1314 643 est,
1337 616 1363 637 et
1381 618 1439 644 qua:
1452 610 1605 637 acciderunt
1618 610 1811 637 confirmarunt

1023 654 1082 688 ejus
1097 656 1308 689 praedictionem.
1322 655 1430 682 Dicebat
1454 661 1540 682 autent
1555 655 1809 682 Christianissimmn

1024 699 1210 733 imperatorem
1225 700 1398 728 Theodosium
1413 708 1472 727 esse
1483 706 1569 727 morte
1582 707 1628 726 sna
1643 701 1809 727 moriturum.

1025 744 1120 771 llabuit
1133 751 1221 772 autent
1248 746 1290 772 hic
1305 746 1345 772 vir
1367 746 1548 773 admirabilem
1564 754 1678 780 quoque,
1706 751 1732 772 et
1751 753 1811 780 qua:

1026 791 1134 817 modum
1150 793 1302 825 superabat,
1319 793 1495 826 prophetiam,
1511 797 1539 818 ut
1552 793 1698 819 audit-imus
1713 800 1745 819 ex
1761 792 1811 818 Pa-

1026 836 1109 862 tribus
1124 837 1168 870 qui
1183 844 1242 863 cum
1258 844 1289 863 eo
1305 837 1488 869 versabantur,
1500 845 1611 870 quorum
1627 837 1678 863 vita
1691 836 1738 862 l'uit
1753 844 1812 869 pro-

1027 880 1087 906 bata
1103 881 1171 913 apud
1186 888 1278 907 omnes
1295 880 1338 915 qui
1353 881 1404 907 illic
1419 886 1504 907 erant.
1520 881 1594 912 Quod
1618 886 1704 907 autem
1726 881 1759 908 de
1781 887 1814 907 eo

191 925 241 959 (sic
255 924 324 951 enitn
342 930 435 951 vocant
457 925 554 952 Matres
566 924 722 960 spiritales),
749 929 775 951 et
797 931 887 958 quzeso
902 928 929 950 ut
944 931 975 950 ea
990 919 1012 948 Β
1028 925 1091 951 nihil
1105 925 1238 951 narrarint
1251 926 1282 951 ad
1298 926 1422 959 gratiam,
1440 926 1486 952 scd
1503 927 1588 952 minus
1604 934 1681 959 quam
1697 933 1812 952 merere-

190 970 283 1003 dignus
297 969 416 997 inveniar
429 970 454 997 in
469 970 532 997 hora
546 971 649 1005 judicii.
677 971 719 997 Eas
742 975 830 996 autem
849 977 908 996 cum
925 977 972 996 au-

190 1015 311 1048 diissent,
333 1015 486 1042 ceciderunt
504 1016 536 1042 ad
554 1016 633 1049 pedes
652 1016 709 1049 ejus
730 1015 835 1048 flentes,
850 1019 877 1041 et
891 1014 974 1041 confi-

191 1065 276 1087 tentes
296 1068 389 1088 omnes
403 1061 471 1095 quod
487 1063 588 1088 beatam
603 1061 715 1088 diversis
731 1060 816 1087 modis
837 1060 976 1087 afficerent

190 1107 361 1135 contumelia.
377 1108 433 1134 Alia
454 1107 560 1141 quidem
576 1107 667 1134 dicens
689 1116 694 1133 :
713 1108 767 1141 Ego
783 1107 851 1133 hanc
870 1113 975 1140 semper

191 1152 402 1184 subsannabam;
427 1152 487 1185 alia,
504 1153 559 1187 Ego
572 1153 628 1186 ejus
642 1152 767 1184 humilem
784 1151 901 1178 habitum
915 1150 976 1177 irri-

191 1195 300 1229 debam;
317 1201 344 1224 et
356 1197 417 1230 alia,
431 1197 485 1230 Ego
499 1205 556 1224 eam
572 1201 701 1224 tacentem
717 1197 865 1224 afliciebam
881 1201 976 1223 contn-

191 1242 286 1274 melia;
303 1246 328 1269 et
339 1249 429 1269 rursus
447 1242 509 1273 alia,
531 1242 586 1275 Ego
600 1242 706 1276 quadrae
729 1241 842 1269 eluviem
859 1248 928 1275 stepe
949 1241 976 1267 in

192 1294 249 1314 eam
265 1286 361 1319 effudi;
387 1287 448 1319 alia,
461 1287 515 1322 Ego
533 1287 558 1314 ei
578 1287 669 1323 plagas
689 1286 787 1319 inflixi;
808 1286 857 1312 alia
873 1293 975 1318 rursus,

193 1332 248 1367 Ego
261 1340 291 1358 ea
303 1339 361 1359 sum
374 1340 433 1366 qua:
445 1334 469 1359 ei
486 1339 587 1366 pugnos
601 1331 714 1363 incussi;
731 1332 780 1358 alia
796 1338 896 1363 rursus,
920 1330 976 1365 Ego

192 1377 294 1410 sinapio
308 1377 365 1410 ejus
380 1383 458 1403 nares
472 1377 582 1410 aspersi.
600 1377 631 1403 Et
647 1380 674 1402 ut
688 1376 771 1403 semel
785 1376 882 1407 dicam,
894 1375 977 1409 signi-

193 1421 306 1447 ficabant
327 1429 419 1448 omnes
432 1429 461 1448 se
476 1429 535 1448 eain
551 1421 632 1448 variis
654 1421 774 1448 affecisse
798 1421 975 1448 contumeliis.

193 1466 259 1494 Cum
275 1467 366 1493 harum
380 1473 444 1500 ergo
458 1465 649 1493 confessionem
663 1465 809 1499 accepisset
821 1469 926 1492 sanctus
938 1465 978 1492 Pi-

194 1510 283 1542 tirutn,
299 1516 324 1536 et
337 1519 383 1544 pro
398 1511 436 1537 eis
450 1510 527 1537 simul
543 1518 602 1538 cum
615 1511 670 1544 ipsa
683 1515 795 1544 orasset,
812 1515 838 1537 et
851 1511 895 1537 diu
906 1515 977 1537 esset

193 1557 341 1584 consolatus
350 1557 524 1584 venerandam
536 1557 634 1584 Christi
648 1564 761 1589 servam,
775 1557 814 1584 sic
822 1556 899 1584 exiit.
912 1557 978 1583 Pau-

194 1602 231 1629 cis
247 1607 334 1629 autem
349 1607 407 1636 post
420 1603 515 1630 diebus
531 1610 588 1629 cum
601 1603 633 1630 ab
645 1603 766 1630 omnibus
778 1603 853 1630 valde
865 1602 976 1630 honora‘
993 1596 1015 1625 C

194 1652 276 1682 retur,
292 1652 318 1675 et
334 1649 366 1675 ah
384 1649 506 1676 omnibus
522 1649 716 1683 observaretur,
732 1657 783 1675 non
800 1648 886 1675 ferens
902 1648 978 1675 beata

194 1693 302 1727 gloriam
317 1698 344 1720 et
358 1694 485 1721 honorem
499 1702 550 1728 quo
563 1694 728 1722 afﬁciebatur
746 1694 779 1721 ab
794 1694 865 1720 omni
885 1694 980 1720 frater-

195 1739 286 1771 nitate,
301 1744 327 1767 et
340 1740 524 1767 excusationes
536 1747 603 1766 onus
612 1747 672 1767 esse
683 1740 824 1771 arbitrans,
836 1740 903 1766 clam
916 1740 980 1766 exiit

195 1792 224 1811 ex
245 1785 422 1815 monasterio;
438 1789 465 1811 et
477 1792 592 1817 quonam
617 1785 703 1815 iverit,
728 1789 773 1810 aut
792 1792 870 1818 quem
893 1785 979 1810 locum

195 1829 314 1861 subierit,
327 1835 371 1855 aut
383 1830 426 1856 ubi
437 1830 541 1862 obierit,
559 1837 634 1856 nemo
646 1829 770 1862 cognovit
785 1829 811 1855 in
824 1829 979 1856 hodiernum

196 1875 275 1902 dietn.
291 1875 352 1902 [hec
366 1879 428 1901 sunt
441 1882 578 1909 generosa:
601 1880 626 1902 et
651 1875 756 1902 humilis
772 1874 882 1909 virginis
903 1873 981 1908 hujus

196 1927 227 1947 ac
241 1921 325 1948 beata:
339 1925 411 1949 recte
425 1921 495 1948 facta
508 1924 536 1948 et
549 1928 640 1955 opera.

479 1977 590 2004 CAPUT
610 1976 700 2004 XLIII.

316 2021 354 2049 De
375 2022 464 2049 abbate
483 2023 583 2049 Joanne
609 2022 667 2057 (80)
695 2021 763 2048 urbis
788 2021 864 2056 Lyco.

233 2065 293 2094 Fuit
315 2067 422 2102 quidam
443 2067 559 2095 Joannes
580 2068 605 2095 in
626 2068 691 2094 urbe
707 2067 787 2101 Lyco,
807 2067 884 2101 quia
901 2073 982 2100 puero

198 2113 304 2148 quidem
319 2113 411 2140 didicit
423 2119 506 2140 artem
521 2113 653 2144 fabrilem,
667 2113 708 2139 cui
723 2111 774 2139 fuit
789 2111 872 2139 frater
886 2112 983 2139 tinctor

200 2157 297 2192 (Ra/)1,
309 2158 354 2186 lib.
371 2165 400 2190 it,
412 2166 469 2192 cap.
485 2158 524 2192 I).
540 2159 633 2186 Postea
647 2163 734 2184 autent
749 2165 807 2184 cum
822 2162 893 2184 esset
907 2157 985 2184 circi-

200 2203 467 2238 tervigintiquinque
497 2211 583 2232 annos
620 2208 714 2237 natus,
752 2202 852 2231 saecqu
886 2209 984 2229 renun-

200 2249 293 2280 tiavit;
318 2253 344 2275 et
367 2256 426 2275 cum
440 2248 556 2282 quinque
568 2255 653 2274 annos
665 2251 785 2274 versatus
800 2250 871 2273 esset
885 2246 911 2272 in
925 2253 984 2272 mo-

200 2296 328 2327 nasterio,
341 2295 452 2322 secessit
467 2294 539 2321 soius
552 2295 576 2320 in
592 2298 708 2321 montem
725 2294 806 2328 Lyco,
826 2296 851 2319 et
868 2293 892 2318 ιιι
907 2299 984 2319 cacu-

201 2340 272 2367 ntine
295 2341 393 2367 montis
417 2340 492 2366 factis
519 2339 569 2366 sibi
595 2339 679 2366 tribus
707 2339 804 2372 tholis,
830 2338 983 2372 ingressus,

202 2385 317 2418 scipsum
331 2385 507 2412 ina'dificavit.
524 2387 610 2419 Atque
625 2389 682 2411 erat
695 2385 801 2418 quidem
815 2391 882 2410 unus
898 2383 984 2410 tholus

202 2429 235 2455 ad
249 2428 368 2462 corporis
383 2429 565 2462 necessitates,
580 2436 647 2455 unus
657 2433 744 2455 autem
758 2429 800 2454 ubi
814 2427 982 2462 operabatur,

204 2474 271 2501 alius
286 2481 348 2501 vero
360 2475 403 2501 ubi
415 2474 519 2501 orabat.
533 2474 558 2501 ls
571 2481 631 2501 cum
645 2475 805 2507 complesset
818 2474 922 2508 triginta
937 2480 983 2500 ati-

203 2526 263 2551 nos,
283 2518 409 2550 inclusus,
428 2523 454 2545 et
469 2519 502 2545 ab
516 2526 548 2546 eo
561 2519 603 2553 qui
619 2519 642 2546 ei
657 2519 821 2545 ministrabat
845 2526 892 2552 per
915 2519 987 2545 fene-

201 2570 283 2591 strant
297 2564 429 2597 accipiens
448 2571 506 2596 qua,
527 2568 604 2590 erant
619 2564 650 2590 ad
666 2571 741 2590 usum
763 2563 923 2594 necessaria,
948 2563 989 2589 di-

203 2617 271 2644 gnus
284 2615 323 2636 est
336 2609 440 2635 habitus
451 2607 535 2643 gratia
545 2610 692 2635 futurorum
708 2609 897 2643 pnedictionis,
910 2615 987 2642 quem

203 2655 301 2682 donum
315 2655 411 2682 habere
432 2654 576 2688 prophetia:
591 2655 697 2688 planum
715 2654 811 2681 factum
825 2660 866 2681 est
879 2663 909 2681 cx
925 2661 990 2688 ope-

204 2701 287 2727 ribus.
305 2700 408 2727 Etenim
424 2705 519 2728 cuncta
534 2708 592 2734 qua:
607 2708 621 2726 a
644 2700 698 2727 Deo
718 2701 742 2726 in
759 2700 884 2726 mundum
900 2700 990 2726 venie-

206 2745 278 2778 bant,
293 2746 319 2771 in
333 2745 424 2778 primis
438 2745 480 2779 pio
491 2744 644 2779 imperatori
660 2745 808 2772 Theodosio
824 2745 894 2778 prius
909 2746 990 2779 signi-

206 2789 305 2822 ﬁcavit,
315 2794 342 2816 et
352 2797 410 2823 qum
421 2798 513 2817 rursus
526 2794 651 2817 eventura
665 2794 749 2821 erant,
763 2790 834 2823 prius
846 2791 989 2816 annuntia-

206 2833 258 2866 vit;
269 2841 364 2868 nempe
371 2841 397 2862 et
405 2841 575 2869 tyrannorum
585 2836 641 2866 (90)
651 2836 675 2862 iu
685 2844 745 2862 eum
758 2836 988 2868 insurrectioncm,

1028 975 1079 1002 tur,
1097 970 1157 996 Itinc
1169 970 1245 997 facile
1255 971 1315 997 sciri
1329 975 1424 1005 potest.
1437 971 1500 998 Nam
1513 979 1572 997 cum
1584 971 1615 997 ad
1628 978 1687 997 eum
1699 971 1814 997 venisset

1030 1015 1137 1049 quidam
1154 1015 1283 1045 tribunus.
1304 1020 1330 1043 et
1351 1017 1460 1049 supplex
1475 1022 1576 1050 peteret
1598 1021 1626 1042 ut
1652 1016 1815 1049 permitteret

1027 1068 1135 1087 uxorem
1147 1067 1220 1086 suam
1234 1061 1265 1086 ad
1276 1069 1335 1087 eum
1348 1062 1448 1094 Venire,
1461 1069 1519 1095 qua:
1531 1062 1610 1087 multa
1623 1069 1699 1095 passa
1716 1061 1814 1092 fuerat,

1026 1108 1053 1131 et
1068 1104 1170 1131 volebat
1185 1112 1245 1131 eum
1260 1106 1361 1138 videre,
1386 1113 1494 1132 ventura
1510 1106 1623 1141 Syenen)
1646 1111 1672 1132 ut
1693 1113 1740 1139 pro
1756 1106 1813 1139 ipsa

1028 1148 1101 1184 prius
1117 1153 1215 1179 oraret.
1232 1154 1258 1176 et
1272 1153 1330 1176 eam
1346 1150 1407 1175 data
1422 1150 1604 1177 benedictione
1616 1150 1774 1181 dimitteret;
1791 1150 1813 1176 is

1027 1198 1115 1219 autem
1131 1193 1175 1227 qui
1188 1193 1242 1227 jant
1259 1193 1431 1228 quadraginta
1448 1195 1523 1221 anni.
1539 1202 1590 1220 non
1606 1195 1706 1221 viderat
1718 1195 1812 1220 mulie-

1027 1245 1083 1264 rem
1096 1238 1121 1264 in
1134 1238 1270 1271 Spelunca,
1285 1246 1343 1265 cum
1353 1243 1424 1265 esset
1434 1240 1637 1274 nonagenarius,
1650 1244 1677 1267 et
1694 1248 1741 1267 nec
1756 1240 1813 1274 ipso

1028 1291 1143 1318 unquam
1160 1289 1232 1311 es:et
1255 1291 1389 1318 egressus,
1414 1292 1463 1311 nec
1481 1285 1530 1312 sibi
1546 1286 1710 1319 pvrmitteret
1725 1286 1814 1312 ridere

1028 1329 1178 1362 mulierem,
1193 1330 1332 1357 recusabat
1343 1330 1432 1356 videre
1443 1330 1500 1364 ejus
1512 1338 1630 1357 uxorem.
1643 1330 1694 1357 Sed
1711 1338 1759 1357 nec
1775 1330 1814 1356 vir

1031 1374 1100 1402 ullus
1116 1374 1149 1401 ad
1161 1382 1221 1401 eum
1237 1382 1351 1408 unquam
1372 1380 1413 1402 est
1424 1375 1567 1408 ingressus.
1579 1375 1668 1402 Solum
1682 1376 1752 1402 enim
1768 1376 1815 1402 be-

1029 1420 1168 1447 nedicebat
1190 1427 1236 1454 per
1257 1419 1412 1452 fenestram,
1435 1424 1461 1446 et
1479 1420 1607 1446 salutabat
1622 1428 1668 1447 eos
1681 1420 1724 1455 qui
1738 1428 1816 1447 accc.

1030 1465 1138 1497 debant,
1152 1471 1212 1491 cum
1229 1472 1386 1498 unoquoque
1409 1465 1543 1492 disserens
1557 1465 1590 1492 de
1609 1474 1640 1492 co
1655 1466 1724 1499 quod
1742 1466 1814 1493 vole~

1029 1512 1075 1539 bat
1090 1512 1109 1538 ‘.
1126 1511 1191 1538 Cum
1210 1518 1272 1545 ergo
1287 1512 1396 1538 instaret
1408 1510 1539 1543 tribunus,
1557 1519 1652 1546 rogans
1665 1519 1696 1538 an
1709 1512 1816 1545 juberet

1032 1566 1106 1585 suam
1123 1558 1213 1584 venire
1227 1558 1366 1593 conjugem
1387 1558 1510 1593 (degebat
1531 1558 1601 1584 enim
1623 1559 1650 1585 in
1673 1559 1815 1586 solitudine

1032 1604 1123 1637 quittto
1136 1603 1169 1630 ab
1181 1604 1245 1629 urbe
1258 1603 1354 1637 lapide)
1369 1604 1390 1630 is
1403 1608 1489 1629 autem
1502 1613 1554 1631 non
1566 1606 1711 1634 annuisset.
1724 1604 1816 1631 dicens

1031 1649 1057 1676 id
1074 1657 1126 1676 non
1142 1656 1218 1683 posse
1234 1649 1301 1680 fieri,
1325 1650 1426 1675 tristem
1451 1648 1552 1675 dimisit
1574 1648 1720 1676 hominem.
1745 1649 1816 1676 Uxor

1031 1699 1118 1721 autem
1134 1702 1184 1720 non
1198 1696 1317 1721 ce~sahat
1328 1693 1371 1720 die
1382 1699 1408 1720 et
1421 1698 1496 1720 nocte
1511 1694 1605 1720 marito
1615 1694 1745 1721 exhibere
1759 1702 1817 1720 tito-

1032 1739 1146 1769 lestiam,
1161 1743 1187 1765 et
1203 1738 1377 1772 jurejurando
1392 1737 1524 1764 affirmare
1541 1745 1570 1764 se
1591 1745 1717 1772 nusquam
1732 1739 1817 1764 abitu-

1032 1792 1088 1811 ram
1110 1774 1158 1810 nisi
1174 1785 1275 1810 videret
1288 1785 1456 1817 prophetam.
1473 1783 1614 1816 Postquam
1637 1789 1724 1810 autem
1740 1784 1817 1810 beato

1032 1830 1127 1858 Joanni
1143 1839 1156 1856 a
1171 1831 1266 1857 marito
1279 1831 1456 1856 renuntiatum
1471 1829 1701 1864 estjusjumndum
1718 1830 1819 1863 uxoris,

1033 1877 1089 1910 ejus
1102 1876 1154 1902 fide
1172 1876 1314 1907 intellecta,
1327 1875 1391 1902 dicit
1405 1875 1437 1901 ad
1454 1876 1538 1908 ipsum
1554 1883 1560 1900 :
1582 1874 1636 1901 Ilac
1651 1879 1727 1900 nocte
1738 1875 1771 1900 ab
1785 1881 1816 1900 ea

1036 1920 1144 1948 videbor
1160 1921 1186 1947 in
1201 1921 1301 1946 somnis
1314 1928 1321 1952 ;
1348 1927 1395 1946 nec
1409 1920 1522 1952 amplius
1538 1924 1627 1953 pergat
1642 1919 1666 1945 in
1681 1926 1761 1945 carne
1777 1919 1817 1944 vi-

1033 1967 1096 1993 dere
1111 1973 1196 1993 meam
1211 1966 1315 1992 faciem.
1330 1964 1412 1993 Uxori
1428 1969 1514 1991 autem
1529 1965 1688 1991 renuntiavit
1709 1965 1818 1991 maritus

1034 2020 1062 2039 ea
1078 2020 1136 2047 qua:
1152 2012 1230 2039 Pater
1243 2012 1358 2038 dixerat.
1373 2011 1483 2038 Videbat
1496 2017 1586 2039 autem
1598 2011 1691 2038 mulier
1702 2011 1728 2037 in
1743 2019 1820 2038 soni-

1034 2057 1075 2084 uis
1090 2058 1244 2091 prophetam
1259 2056 1291 2084 ad
1307 2057 1389 2090 ipsam
1404 2056 1565 2083 venientem.
1580 2056 1628 2083 Cui
1651 2056 1714 2082 dicit
1729 2065 1735 2082 :
1751 2056 1818 2090 Quid

1035 2102 1081 2129 tibi
1097 2110 1200 2128 tnecttm
1215 2110 1253 2129 ret
1265 2106 1304 2129 est
1317 2101 1429 2128 mul.er?
1444 2101 1506 2135 quid
1519 2108 1604 2128 meam
1616 2101 1720 2134 cupiisti
1732 2101 1821 2129 videre

1035 2148 1153 2175 faciem?
1168 2148 1286 2182 nunquid
1301 2149 1370 2175 enim
1391 2148 1517 2182 propheta
1533 2155 1581 2182 ego
1594 2155 1665 2179 sum,
1685 2153 1729 2174 aut
1754 2148 1821 2183 justi

1036 2194 1123 2221 locum
1135 2193 1261 2220 obtineo?
1275 2193 1354 2220 homo
1367 2201 1423 2220 sum
1437 2199 1568 2226 ιορεειιυι,
1579 2198 1606 2220 et
1616 2193 1735 2220 similiter
1745 2198 1824 2227 atque

1038 2247 1085 2267 vos
1101 2239 1217 2274 patibilis
1235 2239 1326 2266 :nravi
1340 2244 1426 2266 tamen
1442 2246 1489 2272 pro
1501 2243 1526 2265 te
1541 2245 1567 2266 et
1580 2238 1660 2266 domo
1676 2239 1762 2265 mariti
1775 2239 1822 2271 tui,

1038 2292 1064 2312 ut
1074 2286 1199 2312 fiatvobis
1208 2285 1353 2312 secundum
1366 2285 1444 2311 fidem
1452 2289 1575 2311 vestram.
1590 2284 1627 2311 Ite
1636 2292 1698 2318 ergo
1709 2285 1734 2310 in
1747 2292 1822 2318 pace.

1040 2332 1071 2358 Et
1083 2339 1143 2358 cum
1160 2333 1215 2357 [nec
1231 2331 1352 2363 dixisset,
1375 2331 1496 2357 recessit.
1519 2331 1584 2356 Cum
1608 2335 1696 2357 autem
1711 2330 1823 2356 excitata

1039 2377 1133 2404 fuiSset
1147 2377 1253 2408 mulier,
1268 2375 1430 2403 renuntiavit
1443 2376 1538 2402 marito
1549 2375 1626 2402 verba
1640 2375 1785 2408 prophetae,
1798 2379 1824 2401 et

1038 2422 1157 2450 narravit
1173 2422 1280 2455 ﬁgurata
1296 2426 1322 2447 ct
1336 2421 1465 2454 habitum,
1482 2426 1508 2448 et
1520 2428 1565 2454 per
1580 2421 1701 2447 tnaritum
1714 2421 1737 2447 ei
1751 2420 1825 2447 misit

1038 2468 1154 2503 agendas
1176 2467 1285 2502 gratias.
1310 2466 1375 2493 Cum
1398 2474 1458 2494 eum
1484 2471 1572 2494 autem
1597 2466 1707 2493 vidisset
1731 2466 1824 2493 beatus

1037 2514 1165 2545 Joannes,
1180 2519 1312 2543 occupans
1325 2511 1349 2538 ei
1365 2511 1431 2538 dixit
1447 2519 1453 2537 :
1471 2510 1539 2538 Ecce
1555 2510 1662 2544 implevi
1685 2511 1754 2546 quod
1778 2518 1825 2544 po-

1039 2558 1203 2586 stulaVcras;
1224 2564 1281 2583 eam
1303 2556 1373 2582 enim
1391 2556 1492 2588 videns,
1509 2555 1599 2583 monui
1621 2563 1656 2583 ne
1670 2564 1712 2583 me
1723 2557 1825 2584 videret

1040 2603 1163 2636 amplius,
1178 2601 1237 2633 scd,
1249 2601 1286 2628 Ite
1300 2601 1324 2628 in
1342 2608 1415 2635 pace.

1076 2659 1191 2685 Alterius
1206 2663 1293 2684 autem
1311 2657 1442 2691 praepositi
1464 2665 1545 2690 uxor,
1571 2657 1680 2684 absente
1703 2656 1799 2683 marito
1811 2677 1820 2690 ,

1042 2704 1145 2731 ferebat
1167 2709 1281 2730 uterum.
1297 2704 1361 2730 Cum
1378 2707 1465 2729 autem
1488 2700 1649 2736 prperisset',
1667 2710 1698 2729 eo
1713 2702 1770 2735 ipso
1784 2701 1827 2727 d.e

1042 2756 1094 2783 quo
1108 2748 1166 2781 ejus
1182 2749 1292 2774 maritus
1306 2747 1431 2774 convenit
1451 2747 1554 2773 Patrem
1571 2746 1698 2773 Joannem
1711 2766 1719 2778 ,
1744 2746 1825 2772 animi

1041 2794 1156 2826 deliquio
1168 2793 1241 2819 venit
1255 2793 1279 2818 in
1295 2792 1450 2826 periculum.
1465 2791 1494 2818 Ei
1505 2796 1593 2818 autent
1604 2795 1711 2818 sanctus
1723 2797 1826 2817 annun-

1043 2838 1126 2870 tiat-it,
1141 2837 1231 2864 dicens
1244 2845 1251 2863 :
1263 2837 1291 2864 Si
1308 2837 1390 2864 scires
1403 2837 1502 2864 donum
1519 2837 1565 2865 Dei
1586 2835 1700 2873 (10mm.
1712 2844 1738 2864 tv
1750 2835 1777 2870 ),
1797 2838 1827 2864 et

242 2889 251 2908 ⁸
267 2889 316 2920 llic
327 2893 445 2925 quaedam
461 2895 568 2924 Grazcus
580 2897 666 2922 textus
677 2893 819 2928 interserit,
832 2901 890 2928 quae
902 2894 982 2922 habes
1002 2894 1072 2928 apud
1084 2892 1261 2925 Heraclidem.
1272 2900 1332 2929 cap.
1347 2893 1391 2921 22.
