2077 3154
270 193 335 220 Mil

994 193 1154 223 PALLADH

1824 194 1895 223 Ill!

268 259 338 293 quod
351 259 398 286 tibi
413 263 489 286 natus
508 259 542 286 sit
563 259 641 286 hodie
662 259 730 286 ﬁlius
741 278 750 292 ,
769 259 850 287 Deum
866 258 1047 295 gloriﬁcarcs;
1063 259 1087 287 A
1101 260 1216 287 eminus.
1231 260 1297 287 Cum
1312 264 1403 289 essent
1415 265 1504 289 autem
1524 260 1646 288 collocuti
1661 261 1769 295 diutius,
1783 263 1890 292 tristitia

268 305 315 333 sed
329 311 413 333 mater
424 305 482 339 ejus
493 305 684 340 propemodum
696 305 768 332 venit
779 305 803 332 in
816 305 970 340 periculum.
983 305 1049 331 Cum

269 352 374 378 veneris
388 352 477 385 igitur,
491 351 609 378 invenies
620 349 746 377 infantem
757 356 857 384 septem
868 350 926 377 dies
938 353 1029 376 natum
1043 357 1050 374 :

268 397 292 424 ei
314 398 417 430 impone
432 403 527 423 nomen
541 396 665 423 Joannes.
681 397 801 430 Cumque
820 403 880 423 eum
896 400 968 422 recte
987 394 1052 421 edu-

268 443 383 474 caveris,
404 447 430 469 et
448 442 481 468 ad
495 450 592 469 annum
607 442 749 475 septimum
765 442 866 468 venerit
879 461 887 474 ,
903 441 977 467 mitte
990 447 1050 466 eum

268 490 300 517 ad
314 489 457 516 monachos
471 490 515 524 qui
530 495 591 516 sunt
611 489 636 516 itt
652 489 805 516 solitudine.
821 489 854 515 Et
869 488 924 515 brec
944 487 1051 521 quidem

269 535 427 562 ostendebat
450 536 575 562 miracula
599 535 631 562 iis
653 537 697 569 qui
722 535 862 562 veniebant
883 534 916 560 ab
938 532 1051 564 exteris;

268 580 325 607 suis
347 584 435 607 autem
454 580 556 607 civibus
576 584 683 614 propter
701 587 777 607 suum
793 587 870 606 usum
892 578 999 605 assidue
1018 578 1051 604 ad

269 626 355 658 ipsum
365 625 530 652 venientibus
539 630 566 652 et
579 625 732 658 pra-sciebat
743 624 935 658 etpraadicebat
948 623 1032 650 futura
1043 631 1051 655 ;

268 676 296 698 et
317 678 376 705 qua:
396 671 430 697 ab
448 679 607 705 unoquoque
624 671 728 697 occulte
747 670 813 697 facta
830 670 950 701 fuerant,
973 673 1000 696 et
1020 669 1054 696 de

269 717 340 750 Nilo,
356 722 383 744 et
396 718 430 745 de
446 717 533 744 futura
548 717 610 744 anui
626 717 760 743 fertilitate
773 717 811 743 eis
825 715 999 749 significabat.
1012 714 1054 742 Si-

269 763 368 790 militer
390 768 479 790 autent
502 763 548 791 Dei
568 770 670 797 quoque
692 763 776 789 minas
795 762 827 788 ad
850 769 896 788 eos
916 762 1054 788 venientes

271 809 344 842 pritts
357 808 547 840 annuntiabat,
565 813 592 835 et
604 808 662 842 ejus
673 812 795 834 auctores
814 806 951 842 arguebat.
968 806 1055 840 Atque

271 855 327 888 ipse
346 853 451 888 quidem
475 854 567 880 beatus
590 854 708 881 Joannes
730 860 782 879 non
803 852 946 886 peragebat
965 856 1056 885 aperte

269 898 435 929 curationes;
450 898 516 924 dans
531 903 618 925 autem
634 899 734 929 oleutn,
749 898 852 924 curavit
867 897 964 924 multos
978 904 1010 923 ex
1024 896 1056 923 iis

269 943 313 977 qui
327 943 490 969 laborabant.

305 986 436 1013 Senatorii
457 987 526 1012 enim
551 986 686 1021 cujusdam
707 987 755 1014 viri
777 994 859 1021 uxor,
883 994 942 1021 qua!
963 985 1054 1012 oculos

269 1032 405 1062 amiserat,
420 1036 448 1058 et
460 1031 572 1058 ltabebat
589 1033 699 1065 pupillas
713 1033 840 1059 obductas
855 1031 988 1065 albugine,
1009 1039 1054 1057 ru-

270 1079 342 1110 pavit
362 1079 485 1105 maritum
507 1085 582 1105 suum
598 1083 625 1105 ut
641 1079 671 1105 ad
687 1080 770 1110 ipsum
786 1079 972 1105 deduceretur.
988 1078 1054 1104 Cum

271 1123 293 1149 is
307 1127 395 1149 autem
416 1123 527 1154 diceret,
550 1130 610 1150 eum
631 1131 763 1158 nunquam
788 1123 942 1150 convonisse
963 1123 1056 1150 mulie-

271 1175 338 1199 rem,
360 1175 390 1194 ea
405 1172 492 1194 autem
509 1173 613 1202 rogaret
632 1173 660 1194 ut
681 1168 729 1202 ipsi
743 1169 827 1195 solum
844 1168 1055 1202 significaretur,

272 1218 297 1239 et
312 1220 360 1246 pro
376 1213 431 1245 ipsa
447 1213 472 1238 id
488 1211 616 1245 efﬁceret,
632 1213 675 1239 ille
688 1214 727 1240 sic
742 1213 815 1245 fecit,
832 1218 858 1239 et
873 1214 944 1239 misit
958 1214 1056 1240 oleum.

271 1258 337 1283 Cum
354 1262 407 1284 tres
421 1262 507 1283 autem
522 1257 578 1284 dies
591 1258 675 1284 solum
691 1258 837 1284 inunxisset
850 1257 953 1289 oculos,
969 1265 987 1284 rt
998 1264 1057 1290 Spe-

272 1303 319 1335 xil,
335 1306 361 1329 et
375 1302 429 1329 Deo
441 1308 532 1335 aperte
547 1303 600 1337 egit
614 1303 722 1336 gratias.

310 1348 415 1382 thuid
427 1347 643 1383 opusestdicere
676 1347 709 1374 de
741 1346 802 1374 aliis
837 1345 896 1382 ejus
931 1347 1057 1382 operibus

274 1401 334 1427 qua:
356 1394 418 1428 ipsis
441 1393 524 1420 oculis
543 1392 711 1427 accepimus?
729 1393 840 1419 Eramus
861 1391 931 1418 enim
954 1396 1058 1426 septem

273 1438 370 1466 fratres
392 1439 523 1473 peregrini
539 1446 632 1465 omnes
647 1438 673 1464 in
689 1437 831 1465 solitudine
845 1437 947 1471 Nitrite,
968 1445 1018 1472 ego
1032 1443 1059 1465 et

275 1485 369 1511 beatus
387 1484 523 1518 Evagrius,
544 1489 571 1511 et
585 1484 696 1510 Albinus
706 1504 714 1516 ,
729 1487 756 1511 et
770 1484 934 1510 Ammonius.
949 1483 1059 1516 Qtttere-

275 1530 368 1557 bamus
383 1535 470 1556 autem
483 1529 551 1557 seire
564 1535 686 1556 accurate
698 1537 819 1563 quaenam
833 1535 905 1556 esset
920 1530 996 1563 hujus
1010 1529 1059 1556 viri

275 1575 372 1601 virtus.
387 1574 457 1601 Dixit
470 1579 557 1601 autem
572 1581 682 1608 magnus
697 1574 824 1609 Evagrius
839 1583 845 1600 :
859 1574 993 1601 Lubenter
1008 1573 1060 1601 sci-

276 1629 333 1649 rem
350 1621 382 1648 ab
410 1620 499 1655 aliquo
519 1621 564 1654 qui
586 1620 656 1646 norit
678 1619 829 1646 examinare
850 1624 878 1647 et
897 1624 1010 1646 mentem
1029 1623 1056 1646 et
1070 1619 1091 1649 ς

277 1666 435 1698 oralionem,
456 1664 593 1699 cujusnam
608 1665 678 1691 ntodi
692 1664 726 1691 sit
741 1665 795 1696 vir;
811 1664 833 1690 si
849 1665 918 1691 ettim
934 1671 982 1698 ego
997 1671 1056 1691 eum

279 1719 330 1739 non
346 1715 454 1745 potuero
468 1710 568 1743 videre,
589 1710 646 1744 ejus
665 1715 752 1737 autem
773 1710 832 1736 vita:
849 1710 997 1737 illSlilulum
1013 1718 1059 1738 ac-

278 1761 369 1783 curate
383 1756 474 1783 audire
489 1759 598 1789 potuero
611 1755 664 1782 alio
678 1759 803 1782 narrante
813 1775 820 1786 ,
842 1755 941 1782 discam
958 1760 985 1782 ut
999 1763 1058 1783 eum

278 1803 448 1834 conveniam;
465 1802 535 1836 quod
550 1801 572 1828 si
587 1808 639 1828 non
653 1801 787 1834 didicero,
804 1808 854 1828 non
872 1802 915 1828 ibo
930 1809 1013 1836 usque
1027 1802 1060 1829 ad

279 1854 406 1876 tuontem.
419 1847 484 1875 Cum
497 1847 547 1874 hoc
561 1852 649 1874 atttem
664 1847 816 1879 audiissem,
831 1851 858 1874 et
873 1847 970 1874 ncmiui
984 1847 1060 1882 quid-

278 1901 356 1928 quam
372 1893 496 1920 dixissem
509 1915 515 1925 ,
537 1893 622 1927 qnicvi
637 1900 716 1920 unum
737 1893 805 1919 diem
818 1913 825 1923 .
847 1893 900 1920 alio
915 1898 1002 1919 autem
1016 1900 1060 1920 0c-

277 1940 343 1967 clusi
358 1940 467 1971 cellam;
484 1943 582 1965 etcum
596 1945 638 1965 me
656 1942 684 1965 et
704 1938 787 1972 ipsam
807 1937 861 1964 Deo
876 1938 1061 1964 commendas-

278 1992 351 2017 sem,
376 1984 510 2019 profectus
530 1991 587 2010 sum
609 1991 692 2018 usque
711 1983 742 2010 ad
759 1983 932 2010 Thebaidem.
949 1983 1014 2009 Cum
1028 1989 1061 2010 eo

277 2035 365 2056 autem
390 2029 480 2056 decem
504 2033 530 2055 et
551 2034 612 2055 octo
635 2029 736 2056 dierum
757 2028 843 2063 spatio
863 2028 1060 2062 pervenissem,

278 2075 373 2109 partim
390 2075 494 2109 qltltlem
512 2075 622 2108 pedibus
635 2095 642 2107 ,
666 2075 760 2108 partim
783 2082 845 2102 vero
866 2074 1013 2108 navigando
1035 2076 1060 2102 itt

277 2121 404 2147 flumine:
418 2124 475 2147 erat
494 2127 581 2146 autem
601 2125 704 2153 tempus
724 2127 849 2147 ascensus
869 2120 943 2155 (9f).
964 2120 989 2146 itt
1009 2127 1061 2154 quo

278 2166 354 2192 multi
370 2170 506 2200 aegrotant,
522 2165 590 2198 quod
605 2165 668 2191 mihi
689 2173 793 2199 quoque
815 2165 921 2193 accidit.
937 2165 1003 2192 Cum
1017 2174 1062 2193 ve-

279 2210 377 2237 nissem
404 2215 511 2242 autem,
538 2210 624 2237 iuveni
652 2210 769 2237 clausum
797 2210 854 2245 ejus
878 2211 1060 2245 vestibulum;

277 2255 374 2283 fratres
386 2259 457 2282 enim
471 2256 602 2289 posterius
612 2256 776 2282 :rdificarunt
790 2257 932 2283 maximum
944 2257 1062 2284 vestibu-

1103 313 1161 332 sum
1175 305 1346 337 affectusret
1370 306 1532 334 murmuravi
1555 307 1683 334 adversus
1706 308 1888 336 venerabilem

1102 358 1192 377 senetn
1207 350 1264 385 (92)
1278 371 1285 382 ,
1301 351 1370 385 quod
1393 359 1435 378 me
1449 352 1555 386 quidem
1572 353 1796 387 contempsisset,
1812 354 1886 381 illum

1102 401 1189 422 autem
1214 395 1385 428 honorassct;
1400 401 1427 423 et
1448 397 1482 423 ob
1506 397 1530 423 id
1551 397 1641 424 animo
1662 397 1845 432 eontttrbattts,
1862 399 1890 426 in

1102 440 1191 467 animo
1204 440 1334 467 habebam
1348 448 1380 467 eo
1394 446 1546 475 contempto
1567 442 1703 470 recedere.
1720 443 1823 470 Vocato
1839 451 1889 470 au-

1102 489 1154 512 tem
1179 487 1334 520 interprete,
1357 487 1498 514 Theodoro
1521 488 1638 518 nomine,
1659 487 1724 515 dicit
1747 488 1771 516 ei
1787 489 1890 524 :Vade,

1102 531 1144 558 dic
1158 531 1194 559 illi
1210 531 1282 559 fratri
1295 537 1321 559 ut
1333 540 1366 560 ne
1377 540 1447 567 aegre
1458 533 1539 567 ferat;
1554 533 1608 568 jam
1623 534 1728 561 dimitto
1739 535 1890 568 praesidem,

1102 582 1129 604 et
1150 585 1209 604 eum
1236 578 1363 611 alloquar.
1392 578 1482 605 Visum
1507 585 1548 606 est
1569 587 1633 614 ergo
1658 579 1722 606 ntihi
1744 580 1890 607 toleranter

1103 622 1184 655 ferre,
1201 627 1231 649 ut
1244 623 1287 656 qui
1303 624 1563 658 animadvertissem,
1579 632 1639 651 eum
1654 632 1714 651 esse
1733 625 1889 659 spiritalem.

1103 668 1168 695 Cum
1181 669 1290 695 exiissct
1300 674 1388 696 autem
1403 677 1564 703 praeses,me
1575 670 1715 700 accersito,
1729 670 1794 697 dicit
1808 670 1888 697 milii:

1104 713 1156 740 Cur
1170 719 1262 741 contra
1277 722 1319 742 me
1333 715 1404 741 fuisti
1419 715 1589 749 indignatus"!
1602 715 1670 748 Quid
1684 715 1807 742 invenisti
1821 715 1889 750 quod

1106 763 1131 786 te
1151 760 1210 793 jure
1230 759 1394 792 offenderet,
1410 760 1480 794 quod
1505 760 1549 787 illa
1574 761 1663 787 animo
1685 761 1811 794 reputasli
1833 768 1890 796 quat

1105 813 1191 839 neqtte
1205 805 1267 832 tuilti
1280 805 1387 839 adsunt,
1404 813 1490 840 neque
1503 811 1528 832 te
1542 805 1653 833 dect-nt?
1668 807 1707 835 An
1719 806 1806 832 nescis
1822 806 1889 832 scri-

1106 855 1179 884 ptunt
1194 858 1253 877 esse
1265 859 1271 876 :
1284 851 1340 877 Non
1356 857 1423 884 opus
1440 850 1537 876 habent
1549 851 1605 877 stiti
1622 851 1734 883 medico,
1752 851 1797 877 sed
1821 851 1890 878 male

1109 895 1235 921 habentes
1252 894 1357 928 (Matth.
1372 903 1412 926 tx;
1427 894 1509 921 Marc.
1522 903 1556 927 ις
1571 894 1645 921 Luca:
1663 894 1699 929 ν).
1716 895 1763 926 Te,
1786 896 1891 929 quando

1070 935 1093 964 B
1107 941 1177 972 volo,
1195 941 1310 973 invenio,
1333 946 1360 968 et
1374 945 1400 967 tu
1416 949 1473 974 me;
1494 945 1521 967 et
1535 942 1556 967 si
1572 946 1597 967 te
1611 948 1663 968 nou
1680 942 1753 968 fuero
1768 941 1892 968 consola-

1108 990 1161 1018 tus,
1175 985 1219 1012 alii
1234 990 1259 1011 te
1274 986 1445 1012 con<olantur
1457 985 1562 1018 fratres,
1576 991 1601 1012 et
1613 986 1655 1012 alii
1672 986 1770 1013 Patres.
1787 986 1834 1012 llic
1848 993 1892 1012 att-

1108 1035 1159 1057 tent
1176 1031 1219 1063 qui
1243 1038 1289 1064 per
1310 1031 1441 1057 mundana
1458 1032 1562 1065 negotia
1578 1037 1634 1058 erat
1649 1031 1753 1059 deditus
1773 1032 1891 1065 diabolo,

1107 1081 1135 1104 et
1154 1083 1212 1103 cum
1233 1076 1306 1103 brevi
1324 1077 1450 1110 tentpnris
1472 1078 1556 1110 spatio
1581 1078 1737 1111 respiras~ct
1758 1082 1784 1103 ιιι
1799 1083 1893 1104 servus

1107 1121 1150 1154 qui
1170 1120 1272 1154 aufugit
1292 1121 1326 1146 ab
1345 1125 1451 1148 austero
1471 1121 1590 1153 demitto,
1607 1122 1719 1148 accessit
1735 1125 1763 1148 ut
1777 1123 1890 1155 aliquam

1106 1172 1213 1200 caperet
1227 1167 1377 1193 utilitatem.
1396 1167 1544 1194 Absurdnm
1565 1175 1629 1201 ergo
1650 1167 1740 1194 fuisset
1755 1172 1783 1194 ut
1800 1175 1832 1194 eo
1851 1175 1893 1194 rc~

1109 1212 1173 1239 licto
1187 1216 1274 1239 tecum
1298 1219 1436 1244 versarer,
1452 1220 1511 1240 cum
1533 1218 1559 1240 lu
1579 1214 1684 1241 assidue
1706 1221 1783 1241 vaces
1806 1214 1892 1241 saluti.

1108 1259 1174 1286 Cum
1189 1266 1249 1285 eum
1266 1266 1329 1293 ergo
1345 1266 1479 1292 rogassem
1496 1265 1524 1286 ut
1539 1267 1585 1294 pro
1600 1267 1642 1286 me
1656 1265 1755 1291 oraret,
1771 1260 1894 1294 explora-

1110 1309 1164 1331 tum
1179 1304 1258 1331 habui
1273 1311 1333 1331 eunt
1349 1311 1408 1331 esse
1423 1304 1507 1331 virum
1529 1305 1684 1339 spiritalem.
1706 1305 1779 1331 Tunc
1793 1305 1893 1331 urbane

1110 1356 1213 1376 mecum
1225 1349 1330 1382 iocans,
1346 1356 1405 1376 cunt
1420 1350 1553 1376 sinistram
1571 1350 1703 1376 maxillam
1720 1350 1782 1376 ntilti
1795 1350 1893 1376 sensim

1109 1395 1252 1428 pulsasset,
1266 1394 1347 1421 dicit:
1361 1395 1447 1421 Multa:
1462 1400 1487 1422 te
1501 1401 1607 1421 manent
1620 1395 1788 1427 afflictiones,
1801 1401 1827 1423 et
1840 1403 1898 1429 gra-

1109 1440 1152 1467 via
1167 1439 1236 1467 bella
1254 1446 1346 1473 passus
1359 1447 1389 1466 es
1404 1443 1433 1466 ut
1447 1440 1534 1466 exires
1549 1447 1565 1467 e
1579 1439 1729 1472 solitudine,
1746 1440 1894 1474 timoreque

1109 1484 1220 1511 affectus
1242 1492 1282 1516 es,
1308 1489 1334 1511 et
1358 1484 1502 1511 distulisti:
1517 1485 1573 1518 pios
1593 1490 1680 1511 autent
1704 1491 1847 1519 prtelextus
1869 1490 1894 1513 et

1110 1529 1206 1556 rationi
1229 1534 1420 1556 consentaneus
1442 1529 1556 1556 afferetts
1575 1530 1678 1556 daemon
1692 1553 1699 1564 ,
1721 1536 1746 1557 te
1766 1531 1894 1565 erogitat.

1111 1574 1169 1601 Tibi
1184 1574 1254 1601 enim
1268 1575 1398 1609 suggessit
1411 1580 1437 1602 et
1448 1575 1530 1609 patris
1542 1576 1576 1602 tui
1588 1576 1759 1608 desiderium,
1772 1581 1795 1603 el
1809 1576 1903 1604 fratris»

1111 1620 1147 1645 tui
1168 1624 1195 1646 et
1214 1620 1315 1646 sororis
1335 1625 1386 1646 tua!
1407 1620 1434 1647 itt
1456 1621 1508 1647 vita
1533 1621 1675 1648 ntonastica
1697 1621 1897 1649 institutionem.

1110 1664 1179 1690 Ecce
1202 1672 1266 1698 ergo
1290 1665 1388 1691 bonum
1409 1665 1456 1692 tibi
1479 1666 1561 1692 affero
1581 1666 1699 1692 nuntium
1717 1666 1814 1693 :ambo
1832 1664 1897 1693 salvi

1109 1714 1185 1743 sunt,
1212 1710 1310 1737 mttndo
1330 1710 1399 1737 enim
1425 1710 1627 1742 renuntiarunt,
1645 1716 1671 1737 et
1690 1715 1763 1746 pater
1783 1717 1842 1738 tuus
1857 1717 1897 1739 est

1110 1755 1196 1782 adhuc
1221 1756 1338 1782 victurus
1365 1761 1466 1789 septem
1492 1763 1587 1783 annos.
1616 1756 1679 1783 Esto
1706 1764 1769 1790 ergo
1788 1756 1848 1783 forti
1872 1763 1898 1783 et

1110 1800 1241 1827 constanti
1256 1801 1344 1827 animo
1358 1801 1383 1828 in
1398 1801 1554 1836 solitudine,
1570 1810 1619 1829 nec
1632 1806 1723 1829 eorum
1738 1809 1816 1829 causa
1832 1803 1897 1829 vc!is

1111 1845 1184 1872 abire
1210 1846 1235 1872 in
1261 1847 1381 1880 patriam.
1407 1847 1541 1881 Scriptum
1569 1852 1613 1874 est
1637 1849 1707 1874 enim
1725 1857 1731 1874 :
1747 1849 1827 1875 Nemo
1851 1851 1897 1882 qui

1112 1898 1217 1917 manum
1234 1891 1349 1918 admovit
1364 1896 1468 1923 aratro,
1495 1897 1576 1918 etest
1591 1900 1751 1925 conversus.
1768 1899 1806 1920 εει
1822 1901 1897 1927 aptus

1111 1943 1194 1970 regno
1210 1937 1256 1963 Dei
1272 1936 1361 1969 (Luem
1376 1937 1427 1971 ιχ).
1450 1938 1487 1964 Ex
1507 1938 1548 1965 liis
1563 1945 1626 1972 ergo
1645 1940 1733 1966 verbis
1755 1940 1858 1974 adjutus
1871 1945 1899 1967 et

1111 1982 1175 2007 satis
1194 1981 1351 2014 roboratus,
1375 1983 1430 2010 Deo
1445 1983 1486 2018 egi
1502 1984 1611 2017 gratias,
1629 1992 1689 2011 cum
1704 1984 1836 2017 intellexi,
1852 1993 1898 2012 cus

1111 2027 1155 2060 qui
1177 2034 1219 2054 me
1242 2029 1372 2061 urgebant
1394 2033 1538 2063 prmtextus
1561 2036 1621 2056 esse
1647 2036 1777 2064 peractos.
1799 2031 1899 2058 Deinde

1112 2078 1204 2098 rursus
1224 2071 1288 2098 tnilti
1308 2071 1382 2105 dicit,
1404 2073 1503 2100 urbane
1522 2081 1624 2100 meettut
1643 2075 1738 2108 jocans
1755 2083 1760 2102 :
1780 2076 1823 2103 Vis
1843 2077 1898 2103 fieri

1112 2117 1269 2150 episcopus?
1289 2117 1346 2144 Dixi
1365 2122 1453 2144 autent
1468 2127 1474 2144 :
1487 2118 1674 2153 Nequaquam;
1693 2128 1751 2147 sitm
1774 2123 1854 2147 enim.
1875 2121 1900 2148 ls

1112 2166 1200 2188 autem
1213 2162 1276 2188 mihi
1288 2163 1370 2189 dicit:
1382 2163 1585 2198 Ubi‘iDixiego:
1598 2165 1623 2191 In
1635 2166 1762 2199 coqttinis,
1777 2165 1802 2192 in
1815 2173 1894 2198 penu,

1113 2207 1139 2234 in
1156 2209 1264 2241 mensis,
1282 2209 1307 2235 in
1321 2209 1398 2236 dolils
1411 2218 1418 2236 :
1431 2217 1461 2236 ea
1477 2210 1618 2245 diligenter
1632 2211 1760 2245 inspicio,
1780 2217 1806 2239 et
1820 2213 1841 2238 si
1859 2212 1900 2238 vi-

1114 2261 1175 2280 num
1189 2255 1331 2287 acuerit,id
1341 2263 1466 2290 segrego,-
1479 2257 1576 2283 bnnutn
1586 2258 1741 2285 autembibo
1755 2266 1762 2290 ;
1777 2258 1900 2285 similiter

277 2301 341 2333 lum,
355 2301 423 2335 quod
435 2301 555 2334 capiebat
570 2302 639 2328 viros
653 2302 759 2329 circiter
770 2308 874 2329 centtnn
887 2303 972 2336 :qttnd
986 2303 1060 2332 clave
1074 2298 1101 2328 D
1113 2300 1191 2326 ollatn
1206 2308 1311 2335 qttoque
1326 2300 1464 2335 diligenter
1484 2302 1610 2335 inspicio,
1631 2308 1658 2330 et
1680 2303 1701 2329 si
1720 2303 1758 2329 sal
1784 2303 1900 2330 defuerit

275 2347 440 2380 claudentes,
455 2347 610 2381 aperiebant
624 2352 723 2374 tantum
739 2348 855 2375 Sabbato
870 2353 897 2376 et
911 2349 1058 2378 Dominica.

274 2392 340 2419 Cum
354 2400 417 2426 ergo
429 2392 582 2419 didicissem
594 2399 699 2419 causam
712 2398 904 2429 propterquam
915 2400 974 2421 erat
987 2395 1059 2422 clau<

275 2444 344 2470 sum,
366 2437 498 2464 silentium
514 2437 554 2471 egi
570 2445 652 2471 usque
666 2438 697 2464 ad
719 2438 874 2465 Sabbatum.
893 2439 924 2465 Et
939 2447 999 2467 eutn
1015 2448 1061 2467 ve—

275 2483 373 2510 nissem
394 2484 456 2510 ltora
480 2483 615 2515 secunda,
640 2483 666 2509 in
681 2484 866 2517 congressione
891 2492 950 2511 eum
972 2486 1059 2513 inveni

274 2528 432 2555 assidentem
451 2528 477 2555 in
495 2529 625 2560 fenestra,
644 2536 691 2562 per
713 2537 790 2563 quam
807 2529 945 2556 videbatur
963 2537 1060 2557 conso-

273 2573 321 2599 lari
336 2580 382 2600 eos
397 2574 440 2608 qni
453 2573 626 2600 accedebant.
647 2573 712 2600 Cum
735 2582 776 2601 me
794 2581 881 2602 autem
898 2576 1056 2611 salutasset,

271 2619 339 2645 dixit
354 2626 398 2652 per
412 2619 583 2652 interpretetn
598 2619 757 2654 :Cujasnam
773 2628 802 2648 cs
818 2622 948 2656 regionis,
971 2628 998 2650 ct
1011 2631 1059 2651 cur

271 2664 386 2691 venisti?
400 2664 514 2698 conjicio
532 2665 603 2691 enim
624 2669 648 2691 te
667 2672 727 2692 esse
747 2673 778 2692 ex
796 2672 927 2694 conventu
943 2667 1055 2702 Evagrii.

272 2709 331 2736 Dixi
346 2715 432 2737 autem
447 2717 488 2737 me
501 2717 560 2737 esse
575 2710 706 2743 hospitem
723 2719 754 2738 cx
771 2711 888 2747 Galatia,
910 2719 936 2740 et
950 2714 1056 2742 confes-

270 2761 316 2781 sus
331 2763 388 2782 suttt
403 2763 445 2782 tne
456 2763 515 2782 esse
528 2763 559 2782 ex
571 2755 710 2782 sodalitate
723 2756 836 2791 Evagrii.
850 2758 955 2785 lnterint
967 2764 1054 2787 autent

271 2801 334 2826 dum
365 2801 544 2834 loquerentur,
577 2801 712 2835 ingressus
732 2807 772 2829 est
791 2810 890 2836 prteses
920 2805 1054 2839 regionis,

271 2845 381 2879 Alypius
396 2848 520 2878 nomine;
537 2855 588 2881 quo
603 2854 774 2881 accurrettte,
792 2849 868 2876 desiit
884 2858 986 2877 mecum
1001 2852 1056 2878 col-

272 2888 353 2920 loqui.
369 2890 434 2918 Cum
448 2899 513 2926 ergo
527 2899 619 2926 parum
635 2894 818 2928 scccssissem,
839 2895 899 2923 dedi
913 2895 952 2923 eis
966 2895 1054 2924 locum

1113 2348 1154 2375 vel
1168 2347 1329 2375 condimenti
1344 2348 1442 2383 aliquid
1452 2369 1459 2381 ,
1480 2355 1538 2376 eam
1555 2349 1666 2382 condio,
1685 2354 1711 2376 et
1725 2348 1762 2375 sic
1775 2356 1833 2376 eam
1849 2357 1900 2376 eo-

1113 2394 1202 2420 tncdo.
1224 2394 1270 2421 llic
1293 2399 1335 2421 est
1355 2402 1429 2421 meus
1450 2395 1615 2428 episcopatus
1628 2416 1635 2429 ,
1659 2402 1717 2422 mea
1733 2395 1839 2428 inquam
1857 2396 1899 2422 ir.-

1113 2440 1230 2472 spectio,
1248 2447 1290 2466 me
1304 2440 1375 2466 enim
1391 2440 1422 2466 ad
1438 2448 1498 2467 eum
1516 2441 1615 2475 delegit
1629 2441 1698 2474 gula.
1716 2442 1738 2468 ls
1755 2449 1817 2468 vero
1832 2442 1900 2469 dixit

1112 2483 1272 2511 subridens:
1287 2485 1359 2512 Mitte
1384 2485 1508 2519 ridicula;
1538 2486 1652 2513 futurum
1676 2491 1718 2513 est
1740 2492 1767 2513 ttt
1792 2487 1900 2521 eligaris

1113 2529 1266 2563 episcopus,
1288 2535 1314 2557 et
1328 2531 1439 2558 multum
1454 2532 1575 2564 labores,
1596 2538 1623 2559 et
1642 2533 1781 2568 at'fligaris;
1799 2534 1820 2560 si
1835 2542 1900 2566 ergo

1111 2574 1180 2609 fugis
1192 2575 1361 2608 afﬂictiones,
1375 2584 1408 2604 ne
1422 2585 1501 2603 exeas
1516 2585 1530 2603 e
1544 2578 1697 2608 solitudine.
1715 2580 1740 2605 itt
1754 2580 1900 2606 solitudine

1110 2620 1181 2646 enim
1197 2628 1275 2647 nemo
1289 2625 1313 2646 te
1326 2627 1410 2655 potest
1424 2622 1548 2649 ordinare
1563 2625 1727 2657 episcopum.
1742 2623 1795 2658 Ego
1811 2629 1898 2651 autem

1110 2664 1168 2698 ejus
1183 2665 1322 2692 verborum
1346 2674 1403 2692 sum
1421 2667 1533 2699 oblitus,
1557 2668 1641 2694 tribus
1659 2669 1730 2695 enim
1747 2673 1806 2702 post
1822 2669 1899 2696 annis

1109 2715 1136 2736 et
1154 2711 1246 2743 splene
1262 2714 1289 2737 et
1304 2711 1442 2738 stomacho
1462 2712 1588 2739 laboravi.
1612 2712 1689 2740 Illinc
1712 2718 1798 2740 autent
1812 2721 1826 2740 a
1842 2713 1898 2740 fra-

1111 2755 1196 2781 tribus
1217 2755 1314 2782 missus
1329 2763 1387 2782 sum
1403 2756 1604 2789 Alexandriam,
1622 2758 1728 2786 morbus
1749 2758 1819 2785 enim
1840 2758 1900 2794 (93)

1109 2800 1141 2825 ad
1157 2799 1309 2834 ltydropisin
1327 2802 1461 2835 vergebat,
1477 2802 1511 2828 ab
1524 2802 1684 2830 Alexandria
1697 2809 1784 2830 autern
1796 2811 1894 2832 consu-

1111 2848 1216 2874 luerunt
1232 2849 1326 2876 medici
1343 2854 1371 2875 ut
1391 2851 1460 2876 aeris
1481 2851 1564 2884 gratia
1580 2851 1646 2878 irent
1666 2852 1692 2878 in
1711 2852 1896 2887 Palzestinam;

1110 2898 1190 2926 habet
1203 2898 1271 2926 enim
1286 2898 1354 2930 quod
1363 2898 1395 2926 ad
1405 2906 1490 2927 meam
1499 2901 1591 2928 attinet
1606 2905 1820 2932 temperaturam
1832 2903 1898 2930 sub-
