2077 3154
209 176 276 211 1113

823 173 1003 205 HISTORIA
1024 173 1218 203 LAUSIACA.

1760 176 1828 209 1114

205 237 251 263 τὶν
266 237 332 263 Θεόν
342 245 348 252 ·
364 237 422 264 ἀλλ’
441 237 458 273 ἠ
481 236 571 271 μήτηρ
596 235 678 262 αὐτοῦ
696 234 795 271 μικροῦ
815 235 870 261 δεῖν
886 230 991 259 ἐκινδύ-
1007 232 1029 260 Δ
1045 230 1152 273 πάντας
1166 230 1307 273 καὶτούτῳ
1318 230 1447 273 προσχὼν
1463 232 1563 267 μᾶλλον
1577 234 1827 269 προσεκαρτέρουν.

205 286 294 305 νευσε.
319 279 455 305 ’Λπελθὼν
469 275 516 305 οὖν
532 278 659 313 εὑρήσεις
675 278 720 304 τὸν
735 277 819 303 παῖδα
834 275 903 302 ἐτιτά
921 273 987 308 ἠμέ-

208 334 256 360 ρας
276 325 388 358 ἔχοντα.
407 324 453 349 καὶ
477 323 616 357 ἐπιθήσεις
638 322 713 357 αὐτῷ
736 321 767 348 τὸ
786 320 833 347 τοῦ
866 320 989 346 Ἰωάννου

205 366 305 399 ὄνομα·
328 364 374 390 καὶ
394 364 453 390 κατ’
480 364 635 398 ἐπιστήμην
662 362 742 389 αὑτὸν
768 361 925 396 ἀναθρέψας
950 361 989 392 εἰς

205 407 318 441 ἓδδομον
339 406 398 437 ἔτος
425 406 545 437 ἐλθόντα,
571 405 638 440 πρὸς
661 404 724 436 τοὺς
746 404 879 439 μοναχοὺς
902 403 931 429 ἐν
955 404 988 438 τῇ

207 449 301 483 ἐρήμῳ
315 446 482 474 ἀπόστειλον.
498 447 552 472 Καὶ.
567 446 652 473 ταῦτα
669 446 718 480 μὲν
731 445 799 479 πρὸς
812 446 877 476 τοὺς
890 445 989 478 ἔξωθεν

205 490 368 524 ἐρχομένους
384 489 543 515 ἀπεδείκνυε
558 488 593 515 τὰ
609 488 763 522 θαυμάσια·
779 489 835 519 τοῖς
850 488 878 514 δέ
890 486 988 514 ἑαυτοῦ

203 532 325 563 πολίταις
344 530 462 565 συνεχῶς
478 531 521 557 διὰ
541 531 590 561 τὰς
603 530 692 556 αὐτῶν
709 529 805 565 χρείας
824 530 892 564 πρὸς
907 529 988 556 αὑτὸν

151 588 158 608 -,
201 573 314 606 ἀπιοῦσι
333 573 479 608 προεδήλου
494 582 523 599 τε
544 573 590 600 καὶ¹
605 573 790 607 προεγίνωσκε
807 572 841 598 τὰ
858 572 985 606 ἐσόμενα,

203 615 250 642 καὶ
264 616 299 641 τὰ
313 615 436 649 κρυφίως
456 615 562 650 ἑκάστῳ
578 615 770 649 πεπραγμένα,
790 614 836 640 καὶ
860 614 924 649 περὶ
939 613 987 639 τοῦ

201 657 310 688 Νείλου,
324 658 371 684 καὶ
386 656 450 689 περὶ
470 656 518 690 τῆς
535 656 672 691 ῐεὺφορίας
691 656 775 690 αὐτῆς
787 655 985 690 προηγόρευεν.

208 698 325 733 ὀμοίως
338 698 364 724 δὲ
378 697 425 726 καὶ
438 697 552 732 ἀπειλήν
566 706 626 725 τινα
638 696 684 723 τοῦ
699 697 766 723 Θεοῦ
780 697 931 732 ἐρχομένην
942 698 986 723 ἐπ’

202 740 302 771 αὐτοὺς
316 740 536 774 προαπήγγειλεν
546 760 553 771 ,
569 740 617 766 καὶ
631 739 693 770 τοὺς
708 739 811 769 αἰτίους
832 739 984 773 διήλεγχεν.

201 782 257 808 Καὶ
269 782 347 813 αὐτὸς
364 782 412 815 μὲν
428 783 441 807 ὁ
461 781 596 817 μακάριος
615 781 751 814 Ἰωάννης,
774 780 919 815 προφανῶς
936 780 986 812 τὰς

202 823 289 854 ἰάσεις
306 823 356 849 οὐκ
369 823 501 855 ἐπετέλει,
515 823 604 850 ἔλαιον
617 823 645 849 δέ
659 822 757 854 διδοὺς,
776 822 918 854 πλείστους
931 823 985 849 τῶν

199 866 358 900 καμνόντων
376 865 551 900 ἐθεράπευεν.

235 907 422 941 Συγκλητικοῦ
445 908 499 942 γάρ
515 916 588 939 τινος
601 907 670 943 γυνὴ
686 907 735 939 τὰς
749 908 859 943 ὁράσεις
880 907 986 934 ἀποὸα-
1003 908 1022 934 Β

198 948 299 981 λοῦσα,
316 949 362 975 καὶ
378 949 543 984 λευκώματα
563 949 633 976 κατά
654 949 708 975 τῶν
727 949 816 983 κορῶν
832 950 984 983 ποιήσασα,

170 1013 173 1015 ν
197 992 275 1024 ἠξίου
284 991 353 1025 πρὸς
366 991 411 1017 τὸν
425 992 523 1027 έαυτής
536 991 631 1026 ἄνδρα,
646 992 714 1026 πρὸς
725 992 805 1017 αὐτὸν
816 991 984 1026 ἀπαχθῆναι.

204 1033 233 1059 '0
252 1032 280 1058 δὲ
298 1032 334 1064 ὡς
349 1032 441 1066 ἔλεγεν
463 1033 574 1067 γυναικὶ
590 1033 672 1060 αὐτὸν
691 1032 751 1066 μηδ’
770 1033 838 1064 ὅλως
857 1041 985 1059 συντετυ-

198 1073 311 1109 χηκέναι
321 1080 328 1087 ·
344 1075 361 1109 ή
374 1074 402 1100 δὲ
418 1074 566 1108 παρεκάλει
579 1075 659 1108 μόνον
672 1073 746 1108 αὑτῷ
757 1073 921 1108 δηλωθῆναι.
938 1075 985 1101 καὶ

197 1114 279 1150 εὐχὴν
295 1115 364 1150 ὑπὲρ
389 1116 475 1150 αὐτῆς
492 1116 643 1142 ἐκτελέσαι.
663 1115 692 1142 ’0
707 1115 734 1141 δέ
746 1114 784 1146 ὡς
798 1115 922 1148 ἐποίησε,
936 1116 985 1142 καὶ

196 1157 285 1183 ἔλαιον
301 1157 442 1184 ἀπέστειλε
455 1178 462 1189 ,
477 1157 631 1193 χρισαμένη
648 1158 710 1187 τοὺς
734 1156 905 1191 ὀφθαλμοὺς,
926 1158 984 1192 τρί-

197 1206 243 1224 τον
259 1199 328 1232 μετὰ
346 1201 421 1234 τρεῖς
437 1199 545 1234 ἡμέρας
561 1198 718 1233 ἀνέϐλεψεν,
736 1199 785 1225 καὶ
800 1198 839 1233 τῷ
860 1198 920 1234 Θεῷ
935 1208 985 1233 φα-

196 1241 282 1277 νερῶς
295 1242 493 1276 ηὑχαρίστησε.

238 1283 323 1310 Ἐπτά
335 1284 388 1320 γὰρ
401 1282 473 1319 ἦμεν
484 1284 593 1318 ἀδελφοὶ
603 1284 673 1317 ξένοι
688 1284 789 1316 πάντες
800 1284 829 1311 ἐν
841 1286 874 1320 τῇ
888 1284 984 1319 ἐρήμῳ

196 1326 246 1361 τῆς
256 1325 381 1359 Νιτρίας,
396 1325 451 1359 ἐγώ
461 1335 503 1357 τε,
519 1326 570 1353 καὶ
583 1327 606 1352 οἰ
624 1326 687 1361 περὶ
698 1326 744 1352 τὸν
762 1326 896 1361 μακάριον
914 1325 981 1352 Εὐά-

195 1376 284 1402 γριον,
306 1367 435 1400 ’Λλὸτνον,
454 1368 501 1395 καὶ
518 1368 684 1403 Ἀμμώνιον.
708 1368 874 1403 Ἐζητοῦμεν
888 1368 983 1403 μαθεῖν

195 1409 245 1443 τὴν
261 1409 406 1443 ἀκρίϐειαν
429 1411 470 1441 τίς
493 1411 508 1444 ή
534 1411 620 1446 ἀρετὴ
637 1409 684 1437 τοῦ
706 1411 811 1445 ἀνδρός.
832 1410 912 1444 Λέγει
936 1409 982 1437 οὖν

197 1450 340 1486 Εὑάγριος·
358 1452 457 1482 Ἡδέως
472 1452 621 1486 ἐμάνθανον
640 1452 716 1486 παρά
736 1451 782 1478 τοῦ
794 1451 892 1482 εἰδότος
908 1452 982 1478 δοκι-

198 1493 294 1526 μάζειν
308 1493 371 1519 νοῦν
388 1494 434 1520 καὶ
445 1494 534 1527 λόγον,
550 1494 670 1525 ποταπὸς
680 1494 722 1528 εἴη
734 1495 748 1520 ὁ
759 1494 838 1528 ἀνήρ.
854 1494 916 1520 Ἐὰν
928 1494 982 1530 γάρ

198 1534 285 1568 μάθω,
302 1534 344 1561 ἴνα
359 1534 432 1569 αὑτῷ
447 1535 568 1569 συντύχω
579 1543 585 1549 ·
601 1535 647 1561 ἐὰν
656 1535 684 1561 δὲ
696 1535 733 1569 μὴ
748 1535 825 1569 μάθω
839 1535 921 1562 αὑτοῦ
933 1537 981 1570 τὴν

196 1564 345 1606 πολιτείαν,
363 1564 591 1611 ούκΙάπέρχομαι
606 1577 658 1608 ἕως
675 1564 828 1611 τοῦθέρους.
849 1564 981 1609 ’Δκούσάς
996 1570 1017 1600 C
1033 1566 1065 1611 ’ξῇ
1082 1564 1205 1611 βξισιλείᾳ

194 1615 241 1643 οὖν
260 1618 315 1651 ἐγὼ
335 1618 427 1652 μηδενὶ
444 1618 527 1653 μηδὲν
543 1618 660 1653 εἰρηκὼς
678 1619 818 1653 ἡσυχάσας
837 1619 901 1653 μίαν
913 1619 981 1652 ήμέ-

196 1667 255 1692 ραν,
268 1658 317 1692 τήν
333 1659 416 1693 ἄλλην
432 1660 570 1686 ἀποκλείω
584 1669 634 1694 μου
643 1660 672 1685 τὸ
682 1660 797 1690 κελλίον,
814 1660 862 1685 καὶ
875 1659 914 1694 τῷ
923 1659 982 1694 Θεῷ

195 1699 384 1734 παραθέμενος
405 1701 532 1735 ἐμαυτὸν,
557 1701 604 1727 καὶ
625 1701 705 1731 αὐτὸς
728 1701 846 1734 ἐσκύλην
862 1701 914 1731 ἕως
929 1701 982 1735 Θηο

194 1741 295 1773 ὁαῖδος.
313 1742 366 1768 Καὶ
375 1742 479 1775 ἔφθασα
491 1743 524 1769 δι’
537 1743 648 1777 ἡμερῶν
659 1742 807 1773 δεκαοκτὼ,
821 1742 855 1768 τὰ
872 1742 922 1777 μὲν
937 1751 982 1768 πε-

194 1782 302 1814 ζεύσας,
319 1783 350 1809 τὰ
364 1784 392 1809 δὲ
408 1784 454 1809 καὶ
476 1784 598 1813 πλεύσας
619 1784 647 1808 ἐν
662 1783 701 1817 τῷ
718 1783 844 1817 ποταμῷ·
857 1784 871 1809 ὀ
886 1784 981 1818 καιρὸς

193 1824 220 1849 δὲ
233 1822 267 1858 ἦν
282 1824 331 1858 τῆς
347 1825 514 1855 ἀναϐάσεως,
531 1826 560 1850 ἐν
576 1821 597 1857 ᾧ
612 1824 719 1850 νοσοῦσι
736 1824 828 1850 πολλοί
840 1834 846 1841 ·
860 1824 873 1850 ὃ
889 1825 920 1859 δὴ
933 1825 980 1851 καὶ

194 1864 324 1899 ὑπέστην.
349 1865 486 1891 Ἀπελθὼν
501 1864 546 1891 οὖν
557 1862 635 1900 εὖρον
649 1865 731 1891 αὑτοῦ
746 1866 937 1900 κεκλεισμένον
951 1866 981 1891 τὸ

193 1907 389 1941 προεισοδικόν.
401 1907 532 1941 ’Ὕστερον
541 1908 594 1942 γὰρ
606 1907 800 1942 προσῳκοδόμη
806 1916 853 1933 σαν
865 1908 890 1933 οί
901 1908 978 1934 ἀδελ-

192 1950 237 1982 φοὶ
260 1949 445 1983 προεισοδικὸν
469 1949 605 1983 μέγιστον.
624 1951 651 1975 ἐν
665 1945 686 1982 ᾧ
700 1949 819 1984 ἐχώρουν
833 1949 928 1983 ἄνδρες
942 1949 979 1980 ὼς

191 1989 297 2016 ἑκατόν.
313 1991 367 2017 Καὶ
391 1990 498 2025 κλειδίῳ
519 1990 729 2022 ἀποκλείοντες,
749 1991 819 2017 κατά
840 1990 979 2017 Σάεῦατον

191 2031 239 2056 καὶ
250 2031 391 2066 Κυριακήν
407 2033 485 2066 μόνον
505 2032 666 2065 ἀνοίγοντες.
683 2031 785 2058 Μαθὼν
810 2029 856 2058 οὗν
875 2032 923 2067 τὴν
935 2033 978 2058 αἱ-

190 2072 249 2098 τίαν
264 2072 297 2098 δι’
315 2074 348 2107 ήν
360 2073 527 2103 ἐκέκλειστο,
541 2074 682 2108 ἡσυχάσας
696 2074 748 2105 ἕως
763 2073 810 2100 τοῦ
826 2074 976 2105 Σαὸϐάτου,

190 2113 237 2139 καὶ
253 2113 475 2149 παραγενόμενος
489 2115 564 2148 ὥραν
581 2115 710 2150 δευτέραν
728 2116 773 2142 ἐπὶ
787 2116 916 2151 συντυχῖᾳ
931 2116 977 2142 τοῦ

188 2155 293 2182 δικαίου
311 2156 416 2191 ἀνδρὸς,
437 2154 516 2191 εὖρον
530 2157 610 2183 αὑτὸν
632 2158 663 2191 τῇ
680 2156 769 2189 θυρίδι
786 2158 977 2193 παρακαθεζό-

190 2205 279 2230 μενον.
293 2198 332 2223 Δι’
347 2197 380 2232 ἣν
392 2198 479 2224 ἐδόκει
493 2198 663 2229 παρακαλεῖν
674 2198 737 2229 τοὺς
749 2199 976 2233 παρατυγχάνον-

187 2246 246 2269 τας.

186 2279 275 2305 Πόθεν
289 2278 325 2312 εἰ,
339 2281 384 2307 καὶ
399 2281 424 2307 τί
449 2282 659 2315 παραγέγονας;
684 2282 850 2317 στοχάζομαι
865 2283 920 2318 γάρ
945 2291 974 2308 σε

186 2320 237 2353 τῆς
255 2323 378 2354 συνοδίας
389 2321 459 2350 εἰναι
473 2325 523 2359 τῆς
541 2325 686 2360 Εὑαγρίου.
709 2325 763 2351 Καὶ
777 2325 806 2350 ἐν
820 2324 858 2359 τῷ
873 2324 974 2359 μεταξὺ

186 2361 340 2389 λαλούντων
354 2365 432 2399 ήμῶν
448 2366 572 2396 εἰσῆλθεν
587 2367 601 2392 ὁ
614 2366 705 2401 ἄρχων
718 2367 766 2398 τῆς
782 2366 874 2400 χώρας
896 2366 974 2392 ’Λλύ-

187 2412 248 2435 πιος
265 2405 388 2439 ὀνόματι.
406 2403 443 2433 Οῦ
469 2408 691 2443 προσδραμόντος
710 2408 818 2442 ἀφῆκεν
841 2407 890 2442 τὴν
906 2408 974 2441 πρὺς

185 2445 235 2481 ἐμὲ
257 2447 364 2481 ὁμιλίαν
383 2449 398 2475 ό
416 2449 513 2483 μέγας.
536 2449 732 2485 ’Λναχωρήσας
752 2448 798 2476 οὖν
815 2449 905 2483 ὀλίγον
919 2449 974 2483 ἐγὼ

184 2487 290 2515 δέδωκα
310 2490 402 2522 αὺτοῖς
418 2492 502 2518 τόπον
529 2493 569 2523 είς
593 2492 624 2518 τὺ
648 2491 801 2527 πόρρωθεν.
822 2491 885 2518 Ἐπὶ
905 2491 972 2517 πολὺ

184 2528 212 2555 δὲ
234 2532 449 2566 συνομιλοὺντων
473 2533 561 2559 αὐτῶν
580 2533 727 2568 ήκηδίασα,
751 2533 798 2559 καὶ
822 2533 973 2568 ἀκηδιάσας

185 2574 376 2608 κατεγόγγυσα
390 2574 436 2601 τοῦ
453 2575 615 2610 καλογήρου,
628 2576 671 2610 »εἰς
688 2575 738 2610 ἐμὲ
762 2575 811 2610 μὲν
833 2584 973 2610 καταφρο-

185 2616 328 2650 νήσαντος,
336 2618 502 2652 τιμήσαντος
513 2617 541 2644 δὲ
555 2618 669 2643 ἐκεῖνον.
682 2617 738 2644 Καὶ
745 2617 790 2643 ἐπὶ
801 2616 889 2651 τούτῳ
898 2626 973 2643 σιαν-

184 2656 241 2689 θεὶς
256 2658 305 2694 τὴν
322 2658 442 2685 διάνοιαν
457 2659 630 2694 ὲσκεπτόμην
644 2659 819 2694 ἀναχωρῆσαι
835 2667 971 2693 καταφρο-

183 2700 268 2734 νήσας
291 2701 385 2728 αὺτοῦ.
410 2700 671 2736 Προσκαλεσάμενος
694 2701 722 2726 δὲ
742 2701 756 2727 ὁ
782 2700 828 2727 τοῦ
850 2699 970 2735 Χριστοῦ

183 2740 274 2774 δοῦλος
288 2743 334 2769 τὸν
347 2743 469 2779 ἑρμηνέα
490 2743 629 2778 Θεόδωρον
641 2742 764 2777 ὀνόματι,
783 2742 857 2776 λέγει
884 2742 969 2777 αὺτῳ·

185 2782 313 2816 ’Λπελθε.
323 2783 383 2812 εἷπε
394 2785 432 2821 τῷ
442 2785 549 2820 ἀδελφῷ
559 2784 666 2819 ἐκείνῳ,
678 2784 715 2819 μὴ
724 2783 897 2819 μικροψύχει,
907 2784 970 2819 ἄρτι

183 2823 293 2851 ἀπολύω
300 2826 345 2852 τὸν
358 2826 492 2862 ἡγεμόνα,
504 2826 552 2853 καὶ
561 2825 635 2852 λαλῶ
649 2834 701 2852 σοι.
716 2826 821 2860 Ἔγνων
834 2825 881 2852 οὖν
891 2827 970 2860 ἀκρι-

183 2864 239 2897 ϐῶς
265 2868 448 2903 πνευματικδν
469 2868 549 2896 αὑτὸν
572 2865 653 2900 εἰναι,
688 2868 735 2894 καὶ
768 2866 968 2903 προγινώσκειν

1045 271 1212 303 Ἐξελθόντος
1225 271 1272 298 οὖν
1284 272 1331 299 τοῦ
1343 273 1492 307 ήγεμόνοςξ,
1508 273 1702 308 προσκαλεῖταί
1718 283 1750 309 με
1762 295 1770 306 ,
1780 276 1828 302 καὶ

1043 314 1119 352 λέγει
1133 322 1187 348 μοι·
1198 314 1248 340 Διά
1257 314 1284 340 τί
1298 314 1416 350 ἐϐλάϐης
1428 316 1488 341 κατ’
1502 315 1570 350 ἐμοῦ
1583 324 1590 348 ;
1603 315 1629 341 τί
1641 314 1715 347 ἀξιον
1726 316 1828 352 βλάὸης

1043 351 1122 389 εὗρες
1129 355 1157 380 ἐν
1166 355 1225 388 ἐμοί
1234 355 1305 389 ;”Οτι
1313 356 1403 383 ἐκεῖνα
1411 356 1524 391 ἐλογίσω
1532 355 1602 390 ἆπερ
1609 356 1670 382 οὗτε
1679 357 1739 392 ἐμοὶ
1748 351 1829 392 πρόσ-

1042 404 1127 427 εστιν,
1142 395 1203 423 οὔτε
1228 397 1271 423 σοὶ
1284 397 1402 432 ἔπρεπεν
1419 398 1509 424 ἐκεῖνα
1534 397 1702 431 λογίσασθαι.
1722 399 1757 424 Ἢ
1777 399 1826 425 οὐκ

1042 436 1115 468 οἶδας
1126 439 1167 464 δτι
1180 439 1334 473 γέγραπται
1345 447 1351 454 ·
1368 440 1404 465 Οὺ
1419 439 1512 474 χρείαν
1528 439 1635 473 ἔχουσιν
1649 440 1672 464 οἱ
1690 440 1827 474 ἰσχύοντες

1044 479 1149 515 ἰατροῦ,
1158 479 1215 506 ἀλλ1
1228 480 1251 506 οἰ
1265 480 1357 511 κακῶς
1368 480 1474 515 ἔχοντες
1485 489 1491 513 ;
1503 481 1537 505 Σὲ
1548 481 1591 506 ὅτε
1606 480 1684 512 θέλω,
1696 481 1826 514 εὑρίσκω,

1043 522 1089 546 καὶ
1113 522 1145 547 σὺ
1162 522 1222 556 ἐμέ.
1244 522 1303 548 Κᾶν
1318 522 1373 556 ἐγώ
1388 531 1418 548 σε
1434 522 1471 557 μὴ
1488 522 1690 556 παρακαλέσω,
1707 522 1781 548 ἄλλοι
1796 531 1826 548 σε

1042 562 1150 597 ἀδελφοὶ
1164 563 1367 597 παρακαλοῦσιν
1389 564 1436 590 καὶ
1451 564 1526 590 ἄλλοι
1547 563 1678 598 Πατέρες.
1695 562 1778 596 Οὗτος
1798 564 1827 590 δὲ

1042 603 1148 635 ἔκδοτος
1170 605 1343 639 ἐκδεδομένος
1367 605 1406 640 τῷ
1428 605 1543 639 διαδόλῳ
1562 605 1606 631 διὰ
1617 605 1672 631 τῶν
1686 605 1826 639 κοσμικῶν

1041 646 1222 679 πραγμάτων,
1254 645 1301 671 καὶ
1326 646 1373 672 ἐὰν
1396 645 1525 681 βραχεῖαν
1554 646 1725 677 ἀναπνεύσας
1751 646 1825 681 ὥραν

1042 685 1135 721 ὥσπερ
1147 695 1189 718 τις
1202 687 1338 722 αὐστηρὸν
1352 687 1539 722 δραπετεύσας
1554 688 1686 722 δεσπότην
1699 689 1824 722 οἰκέτης·

1040 725 1143 759 ῦοῦτως
1161 730 1208 756 καὶ
1236 738 1297 761 οτος
1315 729 1444 764 βραχεῖαν
1459 729 1532 765 ὥραν
1553 729 1641 764 εὑρὼν
1660 729 1826 764 παρεγένετο

1040 771 1107 804 προς
1120 771 1192 804 ἡμᾶς
1208 770 1254 797 τοῦ
1280 771 1464 806 ὠφεληθῆναι.
1484 772 1600 797 ΙἌτοπον
1625 770 1671 797 οὖν
1697 772 1771 805 ἡμᾶς
1790 768 1825 805 ἧν

1039 811 1256 846 καταλείψαντας
1267 814 1369 839 ἐκεῖνον
1384 822 1425 839 σοι
1441 813 1663 847 προσδιατρίψαι,
1679 812 1726 839 σοῦ
1745 813 1824 839 ἀδια-

1039 851 1155 884 λείπτως
1172 854 1204 887 τῇ
1221 854 1343 889 σωτηρίᾳ
1367 854 1552 888 σχολάζοντος.
1569 854 1766 889 Παρακαλέσας
1777 852 1824 880 οὖν

1038 893 1119 919 αὑτὸν
1132 894 1187 928 ἐγὼ
1208 894 1338 927 εὖξασθαι
1351 896 1421 930 ὑπὲρ
1445 894 1513 929 ἐμοῦ
1531 895 1758 930 ἐπληροφορήθην
1777 903 1823 921 τε-

1036 935 1115 968 λείως
1127 937 1167 963 ὅτι
1178 937 1261 968 δντως
1273 938 1343 973 ἀνήρ
1358 938 1415 963 ἐστι
1430 937 1623 970 πνευματικός.
1636 937 1702 962 Τότε
1715 944 1824 971 χαριεν-

1036 977 1177 1012 τιζόμενός
1194 987 1238 1012 μοι
1255 980 1288 1013 τῇ
1313 978 1387 1013 δεξιᾷ
1402 978 1484 1004 αὑτοῦ
1501 977 1573 1012 χειρὶ
1589 978 1629 1008 εἰς
1651 977 1700 1012 τὴν
1715 978 1824 1012 ἀριστεμ

1038 1019 1086 1054 ράν
1097 1028 1146 1054 μου
1159 1020 1271 1054 σιαγόνα
1283 1021 1372 1055 ἡρέμα
1384 1020 1535 1051 ἐκόσσισεν,
1549 1020 1595 1046 καὶ
1606 1020 1678 1053 λέγει
1688 1028 1742 1054 μοι·
1756 1019 1824 1046 Πολ-

1036 1060 1079 1087 λαί
1093 1069 1121 1087 σε
1132 1061 1242 1095 μένουσι
1249 1061 1364 1096 θλίψεις,
1374 1061 1422 1087 καὶ
1432 1061 1515 1087 πολλά
1524 1060 1697 1095 ἐπολεμήθης
1706 1060 1824 1091 ἐξελθεῖν

1035 1102 1082 1136 τῆς
1094 1103 1209 1138 ἐρήμου,
1226 1104 1271 1129 καὶ
1282 1103 1448 1137 ἐδειλάνθης,
1462 1103 1509 1129 καὶ
1528 1102 1672 1137 ὑπερέθου.
1695 1099 1824 1133 Εὐσεσείς

1034 1144 1063 1170 δέ
1076 1153 1117 1171 σοι
1132 1146 1284 1180 προφάσεις
1295 1145 1342 1172 καὶ
1355 1145 1483 1179 εὐλόγους
1497 1144 1578 1179 δῆθεν
1591 1145 1681 1179 φέρων
1694 1145 1708 1170 ὁ
1719 1144 1822 1179 δαίμων

1034 1187 1220 1222 ἀναῤῥιπίζει.
1243 1187 1373 1214 ’Υπέθετο
1387 1188 1441 1222 γάρ
1455 1195 1495 1213 σοι
1513 1187 1560 1213 καὶ
1577 1186 1625 1221 τὴν
1635 1186 1682 1212 τοῦ
1704 1187 1822 1221 πατέρος
1856 1204 1858 1207 -

1036 1238 1082 1255 σου
1103 1229 1260 1264 ἐπιθυμίαν,
1274 1229 1320 1255 καὶ
1333 1229 1383 1264 τὴν
1398 1229 1550 1263 κατήχησιν
1566 1228 1613 1254 τοῦ
1626 1228 1743 1261 ἀδελφοῦ
1762 1236 1820 1260 σου,

1035 1270 1083 1297 καὶ
1097 1271 1146 1305 τῆς
1160 1270 1277 1305 ἀδελφῆς
1294 1278 1340 1296 σου
1364 1271 1404 1301 εἰς
1417 1270 1463 1296 τὸν
1487 1270 1591 1304 μονήρη
1615 1269 1682 1304 βίον.
1705 1269 1757 1295 Ἴδε
1774 1267 1821 1296 οὖν

1036 1320 1076 1337 σοι
1094 1311 1315 1346 εὐαγγελίζομαι,
1345 1311 1496 1346 ἀμφότεροι
1522 1310 1674 1346 ἐσώθησαν.
1704 1311 1821 1337 Ἀπετά-

1035 1354 1113 1385 ξαντο
1133 1355 1196 1389 γὰρ,
1215 1355 1285 1381 καὶό
1301 1354 1393 1389 πατήρ
1411 1362 1458 1379 σου
1475 1353 1556 1388 ζῆσαι
1573 1353 1630 1387 ἔχει
1650 1353 1742 1387 ἀκμὴν
1754 1352 1822 1380 ἄλλα

1034 1396 1082 1430 ἐτη
1096 1396 1175 1423 ἐπτά.
1196 1396 1374 1431 Ἐγκαρτέρει
1385 1393 1432 1421 οὖν
1444 1396 1476 1421 σὺ
1487 1396 1521 1430 τῇ
1536 1395 1632 1430 ἐρήμῳ
1643 1395 1691 1421 καὶ
1704 1395 1741 1430 μὴ
1756 1394 1821 1421 τού-

1033 1447 1088 1464 των
1103 1438 1182 1473 χάριν
1198 1437 1315 1472 θελήσῃς
1332 1436 1458 1464 ἀπελθεῖν
1475 1437 1504 1462 ἐν
1523 1437 1557 1471 τῇ
1571 1436 1681 1470 πατρίδι
1698 1445 1755 1463 σου.
1771 1437 1823 1463 Γέ-

1033 1488 1156 1516 γραπται
1169 1480 1222 1514 γάρ
1232 1487 1238 1493 ·
1256 1479 1349 1510 Οὐδεὶς
1365 1477 1502 1504 ἐπιϐαλὼν
1517 1478 1566 1513 τὴν
1581 1479 1660 1513 χεῖρα
1678 1478 1760 1504 αὑτοῦ
1776 1478 1821 1505 ἐπ’

1033 1522 1157 1557 ἄροτρον,
1171 1521 1217 1547 καὶ
1231 1520 1361 1555 στραφεὶς
1376 1520 1415 1550 εἰς
1429 1520 1462 1546 τὰ
1476 1520 1574 1552 ὀπίσω,
1586 1519 1777 1550 εῠθετός.ἐστιν
1792 1520 1822 1546 ἐν

1235 1563 1282 1589 τοῦ
1298 1562 1376 1589 Θεοῦ.
1402 1562 1561 1596 Ὠφεληοεὶς
1587 1560 1633 1589 οὖν
1652 1561 1708 1596 ἐγὼ
1721 1563 1752 1588 ἐκ
1767 1561 1822 1588 τῶν

1035 1607 1164 1643 ῥημάτων
1177 1605 1223 1632 τοῦ
1237 1604 1422 1632 θεοπνεύστου
1438 1604 1546 1640 ἀνδρὸς,
1563 1604 1610 1631 καὶ
1622 1604 1747 1638 στυφθεὶς
1760 1605 1821 1631 ἰκα-

1032 1649 1095 1681 νὼς,
1111 1649 1299 1684 ηὐχαρίστησα
1311 1647 1349 1683 τῷ
1360 1646 1418 1681 Θεῷ
1428 1646 1476 1677 τὰς
1488 1646 1652 1677 ἐλαυνούσας
1667 1654 1700 1680 με
1716 1647 1822 1681 προφά-

1032 1699 1089 1722 σεις
1100 1690 1252 1725 ήνυσμένας
1270 1689 1363 1725 μαθὼν
1389 1691 1420 1724 τῇ
1436 1689 1589 1723 προγνώσει
1605 1688 1653 1714 τοῦ
1674 1688 1751 1722 ἁγίου
1772 1689 1822 1715 ἁν-

1031 1733 1103 1767 δρός.
1121 1731 1187 1759 Εἰτα
1201 1732 1283 1759 πάλιν
1297 1732 1371 1765 λέγει
1386 1740 1431 1765 μοι
1455 1731 1703 1766 χαριεντιζόμενος,
1726 1730 1821 1762 Θέλεις

1032 1775 1183 1805 ἐπίσκοπος
1206 1774 1350 1807 γενέσθαις
1375 1772 1445 1806 Ἐγὼ
1457 1773 1484 1798 δέ
1498 1773 1569 1806 λέγω
1589 1772 1674 1807 αὐτῷ,
1687 1773 1728 1798 ὅτι
1743 1773 1818 1808 Εἰμί.

1036 1816 1066 1842 '0
1083 1816 1110 1842 δὲ
1123 1815 1196 1848 λέγει
1214 1823 1270 1849 μοι,
1289 1814 1369 1845 Ποίας
1387 1813 1506 1844 πόλεως;
1530 1813 1609 1846 Λέγω
1624 1814 1710 1848 αὐτῷ,
1723 1814 1771 1845 Εἰς
1785 1814 1820 1840 τὰ

1033 1858 1188 1892 μαγειρεῖα,
1207 1857 1246 1886 εἰς
1268 1855 1301 1881 τά
1318 1854 1465 1889 καπηλεῖα,
1488 1855 1528 1886 εἰς
1547 1855 1595 1885 τὰς
1610 1856 1762 1889 τραπέζας,
1779 1856 1819 1886 εἰς

1030 1899 1064 1924 τά
1075 1899 1206 1933 κεράμια,
1223 1896 1364 1924 ἐπισκοπῶ
1380 1897 1459 1922 αὑτά.
1477 1896 1532 1922 Καὶ
1543 1894 1617 1933 ἐάνῇ
1633 1894 1703 1927 οἶνος
1718 1893 1817 1928 όξῖνος,

1030 1940 1153 1975 ἀφορίζω
1165 1939 1245 1966 αὐτόν
1256 1948 1263 1954 ·
1282 1939 1326 1965 τὸν
1343 1938 1371 1964 δὲ
1390 1938 1510 1973 χρηστὸν
1527 1938 1608 1965 πίνω.
1628 1939 1745 1973 Ὁμοίως
1759 1939 1819 1965 ἐπι-

1030 1983 1123 2010 σκοπῶ
1134 1983 1181 2009 καὶ
1194 1983 1244 2017 τὴν
1257 1981 1369 2016 χύτραν·
1379 1981 1427 2007 καὶ
1440 1981 1489 2007 ἐὰν
1504 1981 1586 2016 λείπῃ
1601 1981 1679 2012 ἃλας,
1696 1981 1713 2016 ἡ
1726 1990 1752 2007 τι
1763 1981 1818 2008 τῶν

1029 2025 1204 2061 ἀρτυμάτων,
1228 2024 1352 2051 ἐκὸἀλλω
1367 2025 1407 2055 εἰς
1431 2024 1527 2059 αὐτὴν,
1549 2024 1595 2050 καὶ
1611 2023 1704 2058 ἀρτύω
1719 2024 1816 2058 αὐτὴν,

1029 2070 1076 2095 καὶ
1088 2068 1172 2100 οὕτως
1189 2068 1273 2103 αὐτὴν
1287 2067 1378 2094 ἐσθίω.
1392 2067 1466 2102 Λῦτη
1482 2067 1533 2101 μού
1547 2068 1621 2093 ἐστιν
1638 2068 1655 2103 ἡ
1668 2067 1815 2102 ἐπισκοπή.

1035 2111 1252 2147 Ἐχειροτόνησεν
1266 2111 1320 2145 γάρ
1336 2118 1370 2144 με
1388 2110 1404 2144 ἡ
1420 2108 1637 2144 γαστριμαργία.
1652 2110 1732 2143 Λέγει
1746 2118 1791 2145 μοι
1802 2111 1817 2136 ὁ

1030 2154 1165 2188 μακάριος
1183 2154 1335 2188 μειδιάσας·
1354 2153 1439 2185 Ἄφες
1459 2152 1493 2177 τὰ
1513 2151 1635 2185 παίγνια.
1653 2152 1816 2184 Ἐπίσκοπος

1028 2195 1099 2230 ἔχεις
1108 2196 1341 2230 χειροτονηθῆναι,
1352 2194 1493 2221 καὶπολλὰ
1506 2196 1614 2228 καμεῖν,
1622 2196 1668 2221 καὶ
1679 2195 1813 2229 θλιόἧναι.

287 2238 494 2273 Ἀσπασάμενος
514 2239 561 2266 οὖν
578 2240 639 2275 ἐμὲ,
657 2241 750 2275 ἔλεγεν
767 2241 800 2267 δι’
823 2241 973 2276 ἑρμηνέως·
994 2237 1014 2263 Ι)
1030 2238 1060 2263 Μ
1075 2237 1164 2263 τοίνυν
1182 2238 1292 2271 φεύγεις
1311 2236 1424 2269 θλίψεις,
1450 2237 1486 2270 μὴ
1504 2236 1616 2271 ὲξέλθῖὶς
1632 2236 1682 2270 τῆς
1699 2237 1813 2271 ἐρήμου.

1033 2278 1077 2303 Ἐν
1091 2278 1146 2314 γὰρ
1162 2281 1193 2313 τῇ
1214 2280 1309 2313 ἐρήμῳ
1321 2287 1349 2304 σε·
1363 2279 1512 2304 ἐπίσκοπον
1529 2277 1815 2312 χειροτονῆσαιοὺδεὶς

1025 2321 1145 2347 δύναται.
1169 2322 1361 2355 Ἀναχιυρήσας
1374 2318 1419 2345 οὖν
1432 2320 1526 2350 αὑτοῦ,
1542 2317 1625 2354 ἦλθον
1634 2320 1673 2350 εἰς
1682 2319 1731 2353 τὴν
1746 2319 1814 2353 ἐρη-

1026 2373 1075 2398 μον
1089 2365 1127 2395 εἰς
1144 2364 1188 2389 τὸν
1204 2364 1283 2388 τόπον
1298 2371 1348 2396 μου
1362 2363 1407 2388 τὸν
1433 2363 1545 2396 συνήθη,
1572 2362 1641 2388 αὑτά
1662 2361 1749 2388 ταῦτα
1772 2361 1812 2387 δι-

1024 2405 1197 2439 ηγησάμενος
1209 2406 1264 2435 τοῖς
1278 2404 1364 2437 ἁγίοις
1379 2405 1516 2438 Πατράσιν
1530 2403 1564 2429 τὰ.
1577 2403 1640 2437 περὶ
1651 2403 1698 2428 τοῦ
1715 2402 1812 2428 θεσπε-

1025 2447 1083 2472 σίου
1103 2446 1149 2472 καί
1174 2446 1396 2480 πνευματοφὸρου
1412 2445 1518 2479 ἀνδρός,
1541 2445 1648 2476 Οϊτινες
1676 2445 1746 2479 μετά
1765 2444 1812 2471 δύο

1026 2488 1113 2522 μῆνας
1126 2487 1336 2518 διαπλεύσαντες
1349 2484 1430 2521 ἦλθον
1446 2487 1494 2512 καὶ
1510 2486 1658 2521 συνέτυχον
1673 2486 1761 2521 τούτῳ
1771 2485 1811 2521 τῷ

1025 2530 1163 2565 μακαρίῳ,
1180 2529 1251 2563 Ἐγὼ
1267 2529 1294 2555 δὲ
1306 2529 1320 2554 ό
1333 2528 1423 2559 ἄθλιος
1436 2529 1490 2554 τῶν
1507 2529 1638 2563 ῥημάτων
1658 2528 1739 2554 αὑτοῦ
1762 2528 1811 2554 ἐπ-

1023 2572 1170 2606 ελαθόμην,
1187 2571 1234 2598 καὶ
1249 2570 1317 2606 μετὰ
1330 2570 1392 2606 τρία
1410 2570 1457 2605 ἐτη
1473 2570 1642 2606 ήρῤώστησα
1654 2569 1810 2606 ἀρρωστίαν

1022 2614 1071 2649 τὴν
1089 2615 1143 2641 ἀπὸ
1158 2613 1275 2646 σπληνὸς
1286 2613 1334 2639 καὶ
1351 2612 1498 2647 στομάχου,
1511 2613 1638 2639 κάκεῖθεν
1654 2612 1810 2645 ἀπεστάλην

1023 2657 1062 2688 εἰς
1078 2656 1128 2691 τὴν
1144 2655 1348 2689 Ἀλεξάνδρειαν
1361 2654 1437 2690 παρά
1450 2654 1503 2681 τῶν
1517 2654 1650 2688 ἀδελφῶν.
1666 2654 1712 2684 El;
1726 2653 1810 2687 ὕδρω-

1023 2707 1061 2724 πα
1071 2698 1125 2733 γάρ
1138 2697 1230 2724 λοιπὲν
1245 2697 1363 2731 ἐμελέτα
1374 2696 1404 2722 τὸ
1421 2696 1517 2728 πάθος.
1537 2696 1602 2722 ’Λπὺ
1617 2696 1665 2730 τῆς
1686 2694 1810 2726 ’Λλεξαν-

1021 2741 1107 2776 δρέων
1125 2739 1206 2765 πάλιν
1220 2738 1434 2765 συνεϐούλευσάν
1449 2747 1494 2773 μοι
1509 2738 1533 2764 οἰ
1547 2738 1636 2772 ἰατροί
1652 2737 1706 2763 τῶν
1719 2737 1810 2771 ἀέρων

1021 2783 1113 2810 ἕνεκεν
1135 2780 1354 2816 καταλαμϐάνειν
1379 2789 1412 2816 με
1443 2780 1492 2814 τὴν
1515 2779 1709 2813 Παλαιστίνην.
1732 2779 1810 2813 Ἔχει

1021 2825 1078 2860 γὰρ
1090 2823 1269 2858 λεπτοτέρους
1284 2823 1368 2857 ἀέρας
1380 2822 1416 2854 ὡς
1428 2822 1497 2857 πρὸς
1510 2822 1559 2857 τὴν
1572 2821 1670 2857 κρᾶσιν
1680 2821 1729 2855 τὴν
1742 2822 1812 2855 ήμε-

1024 2866 1115 2902 τέραν.
1137 2865 1204 2892 Ἀπὸ
1219 2866 1269 2901 τῆς
1290 2864 1472 2899 Παλαιστίνης
1495 2863 1577 2892 πάλιν
1593 2862 1743 2891 κατέλαϐον
1761 2861 1811 2896 τὴν
