2079 3157
222 186 288 214 1117

848 185 1006 214 HISTORIA
1025 186 1204 214 LAUSIACA.

1763 191 1833 222 ttts

215 248 330 275 tiliorem
351 254 450 273 aerem.
473 246 492 272 Δ
515 245 652 272 Palmstina
677 251 764 272 autem
784 245 841 271 veni
862 246 888 271 in
910 244 1000 278 Bithy-
1016 246 1038 273 Α
1051 251 1164 278 quanam
1185 245 1293 277 reginae
1308 245 1340 271 ad
1358 245 1493 272 hominem
1509 246 1640 279 abiectum
1664 251 1691 273 et
1711 247 1837 276 humilem

217 295 304 324 niam,
320 298 347 318 et
363 293 388 317 in
403 298 433 318 ea
450 293 540 318 tie-cio
554 291 703 323 quomodo.
720 298 752 317 an
769 290 884 316 humano
897 289 999 320 studio,

215 346 248 364 an
263 337 351 364 divina
369 337 504 363 voluntate
520 336 593 370 (94),
611 336 681 363 Deus
696 336 760 369 scit,
784 336 878 368 dignus
897 335 1001 361 habitus

215 391 272 408 sum
295 382 463 409 ordinatione
485 389 544 416 qua:
565 389 638 408 meas
657 382 726 408 vires
749 385 870 415 superat,
891 381 916 406 in
939 387 999 407 eum

215 436 305 455 casum
321 428 441 454 incidens
457 435 535 461 quem
585 426 703 454 Joannes
752 427 924 462 praedixerat.
969 425 1002 452 Et

216 474 338 501 undecim
357 473 493 500 mensibus
513 473 598 499 latens
613 473 638 498 in
653 472 718 499 cella
735 471 889 504 tenebrosa,
909 478 1001 498 recor-

216 520 291 546 datus
306 526 366 546 sum
380 518 449 545 illius
466 517 535 545 beati
550 518 595 552 qui
611 517 675 543 mihi
689 516 812 551 praedixit
824 523 854 543 ea
868 523 927 550 quae
942 522 1002 550 pas-

216 572 262 592 sus
275 573 345 592 sum.

251 610 335 636 Porro
348 614 435 635 autem
450 609 500 635 hoc
516 615 620 642 quoque
633 608 697 634 mihi
719 607 858 639 narrabat,
875 613 999 642 tanquam

216 656 370 690 profuturus
382 654 413 680 ad
427 654 486 686 hoc,
499 658 527 680 ut
542 661 589 687 per
604 654 782 680 narrationem
799 661 841 679 me
855 653 1001 679 deduceret

216 701 247 727 ad
275 700 405 735 patienter
432 699 569 726 ferendam
594 698 766 725 solitudinem
788 707 794 724 :
822 697 1002 731 Quadraginta

215 754 298 774 annos
313 753 406 772 versor
421 746 448 771 in
464 745 512 771 hac
525 745 608 776 cella;
627 751 678 770 non
698 744 752 770 vidi
769 743 861 770 faciem
876 741 999 774 feminae,

216 801 267 818 non
281 792 361 818 ullum
380 797 531 821 nummum,
545 797 596 816 non
613 789 666 815 vidi
683 788 797 823 aliquem
821 787 1001 818 mandentem,

215 846 267 865 non
283 837 465 864 comedentem
480 843 528 862 nec
543 835 675 862 bibentem
691 841 732 861 me
751 833 815 860 vidit
828 833 934 867 aliquis.

252 883 317 908 Cum
332 889 395 915 ergo
408 882 441 907 ab
455 888 486 907 eo
501 880 686 910 recessissem,
710 879 768 905 veni
784 878 809 904 in
824 876 992 904 solitudinem

1051 289 1218 315 accessistis?
1238 289 1379 323 Postquam
1404 295 1491 317 autem
1517 290 1635 317 diximus
1661 292 1784 326 patriam,
1809 299 1833 320 ct

1052 335 1197 368 adiecimus
1211 344 1216 360 :
1233 335 1285 362 Pro
1300 336 1414 362 utilitate
1428 337 1575 363 animarum
1591 343 1739 364 nos‘rarum
1759 339 1835 365 adrte

1051 380 1171 407 venimus
1184 381 1217 407 ab
1230 380 1377 408 Jerusalem
1389 402 1395 414 ,
1411 387 1438 407 ut
1454 383 1523 415 quod
1540 382 1674 409 auditione
1693 390 1837 417 accepera-

1052 433 1108 452 mus
1118 446 1127 458 ,
1142 426 1167 452 id
1182 433 1351 453 cerneremus
1366 427 1464 458 oculis;
1480 432 1542 453 sunt
1563 427 1633 454 enim
1657 435 1734 455 aures
1749 428 1837 456 minus

1053 471 1142 498 fideles
1155 472 1238 498 oculis
1251 480 1258 498 :
1272 476 1299 499 et
1314 473 1476 499 auditionem
1490 473 1597 507 quidem
1612 481 1683 506 saepe
1694 474 1836 508 consequi-

1052 521 1094 543 tur
1107 517 1214 549 oblivio,
1231 518 1268 544 rei
1289 521 1377 544 autern
1397 518 1459 544 visre
1483 525 1535 544 non
1561 517 1666 544 deletur
1691 519 1834 550 memoria,

1051 561 1098 588 sed
1111 562 1192 589 menti
1208 563 1401 596 quodammodo
1417 563 1575 597 imprimitur
1589 564 1708 590 hismria.
1730 565 1770 591 Ad
1788 573 1836 591 nos

1051 614 1114 641 ergo
1125 607 1192 634 dixit
1207 608 1298 634 beatus
1309 608 1443 635 Joannes:
1458 609 1489 635 Et
1500 609 1562 643 quid
1576 610 1722 636 tnirandnm
1739 611 1831 644 visuri,

1051 659 1067 678 ο
1083 652 1127 678 filii
1142 652 1299 683 charissimi,
1317 658 1417 679 tantum
1434 653 1537 680 itineris
1552 659 1578 681 et
1594 654 1692 681 laboris
1714 656 1833 682 toleran-

1052 702 1091 723 tes
1106 698 1155 723 huc
1170 698 1289 729 venistis,
1305 698 1424 725 homines
1441 699 1559 733 abiectos
1575 704 1601 726 et
1618 700 1731 727 humiles
1746 701 1836 728 videre

1051 741 1198 775 cupientes,
1211 742 1255 776 qui
1270 743 1334 769 nihil
1347 743 1444 770 habent
1460 749 1580 777 Spectatu
1599 745 1707 779 dignum
1724 754 1772 772 nec
1787 747 1835 772 ad-

1051 786 1164 812 miratu?
1178 786 1279 821 Ubique
1293 792 1459 817 autemsunt
1473 789 1620 816 admirandi
1633 795 1660 817 et
1674 791 1751 817 laude
1763 791 1834 826 digni

1052 829 1098 856 Dei
1113 831 1248 864 propheta:
1262 836 1288 858 et
1303 833 1435 866 apostoli,
1451 834 1494 867 qui
1512 834 1635 868 leguntur
1651 835 1675 861 in
1696 836 1831 868 ecclesiis,

1051 882 1117 907 quos
1137 880 1243 909 oportet
1266 876 1373 903 imitari.
1395 878 1476 905 Valde
1499 884 1587 906 autem
1613 880 1704 912 miror,
1732 881 1832 914 inquit,

213 928 239 954 in
256 928 314 955 loco
327 931 465 959 consueto,
481 926 538 953 hzec
552 926 639 952 omnia
655 932 766 952 narrans
781 924 862 951 beatis
876 923 997 949 Patribns
1014 923 1037 952 Β
1051 924 1166 946 vestrum
1179 921 1305 954 Studium,
1323 923 1544 955 quemadmodum
1559 929 1596 951 tot
1608 926 1768 959 contemptis
1784 935 1832 960 pe-

213 972 257 1005 qui
274 975 331 1006 post
344 972 409 998 duos
423 978 528 998 menses
540 975 669 998 venerunt
679 975 706 997 et
719 974 779 996 sunt
793 977 852 996 cmn
867 976 900 995 eo
913 968 996 995 collo-

212 1017 277 1049 cuti,
293 1017 363 1051 iique
379 1016 436 1043 haec
451 1016 527 1042 nob's
542 1019 692 1043 narrarunt.
706 1014 771 1041 Cum
788 1015 821 1041 ad
836 1021 895 1041 eum
907 1014 996 1041 venis-

212 1069 312 1094 semus,
329 1061 388 1087 heto
405 1061 475 1087 vultu
491 1069 539 1087 nos
554 1062 657 1094 excepit
671 1066 697 1088 et
712 1060 838 1088 salutarit
849 1081 857 1092 ,
879 1068 908 1087 se
929 1059 996 1086 hila-

213 1107 268 1133 reni
284 1105 425 1137 unicuique
441 1105 596 1133 ostendens.
613 1106 780 1141 llogabamus
792 1109 879 1132 autem
896 1112 955 1131 eum
967 1108 995 1131 ut

212 1149 298 1175 statim
315 1156 361 1182 pro
376 1150 452 1177 nobis
467 1155 604 1185 perageret
620 1151 781 1180 orationem.
804 1155 846 1176 cst
865 1150 935 1176 enim
952 1150 995 1177 hic

212 1201 270 1220 mos
284 1194 406 1221 I’atribus
420 1195 464 1228 qui
479 1200 540 1221 sunt
562 1195 588 1221 in
609 1194 733 1228 Egypto.
750 1195 772 1220 Is
785 1199 872 1220 autem
887 1202 935 1221 nos
955 1195 995 1220 in-

211 1239 356 1273 terrogavit
367 1247 428 1265 num
444 1240 513 1266 inter
527 1247 574 1266 nos
588 1246 658 1266 esset
672 1241 785 1266 clericus
798 1239 903 1274 aliquis.
919 1240 994 1267 Post-

203 1276 289 1317 ‘quam
305 1288 392 1310 autem
416 1292 510 1311 omnes
534 1291 585 1311 non
609 1291 668 1310 esse
691 1284 825 1317 diximus,
843 1292 891 1311 nos
902 1293 994 1312 omnes

211 1329 438 1363 circumspiciens,
454 1330 562 1364 agnovit
576 1337 636 1357 eum
652 1330 697 1363 qui
713 1334 771 1356 erat
785 1331 904 1357 occultus
918 1339 924 1356 :
937 1334 994 1357 erat

211 1379 297 1401 autem
314 1383 381 1402 unus
396 1383 428 1402 ex
443 1376 519 1402 nobis
534 1375 577 1409 qui
594 1375 689 1410 dignus
712 1376 797 1402 fuerat
813 1376 917 1403 habitus
936 1377 993 1403 dia-

210 1425 317 1452 conatu,
334 1429 392 1447 cum
409 1426 481 1448 esset
496 1429 563 1448 unus
578 1422 658 1448 frater
671 1421 728 1455 ejus
741 1423 778 1448 rei
793 1422 915 1449 conscius
927 1443 934 1454 ,
950 1423 993 1448 cui

210 1465 290 1492 etiam
307 1466 432 1500 praecepit
445 1470 474 1493 ut
490 1467 589 1493 nemini
605 1466 715 1494 diceret.
731 1467 780 1500 Qui
795 1474 873 1494 causa
890 1468 995 1494 humili-

210 1511 289 1543 tatis,
315 1516 343 1538 et
365 1512 390 1538 in
414 1512 504 1538 talium
534 1512 639 1538 Patrum
664 1513 875 1547 comparatione,
901 1513 944 1539 vix
965 1521 994 1540 se

209 1557 317 1592 dignum
344 1558 468 1584 censebat
495 1558 638 1584 Christiani
664 1558 864 1592 appellatione,
892 1563 993 1586 tantum

1048 963 1152 997 riculis,
1167 965 1199 990 ad
1217 973 1263 992 nos
1277 966 1387 993 veniSIis
1402 972 1509 1000 propter
1522 968 1662 996 utilitatem
1672 992 1678 1002 ,
1701 978 1759 996 cum
1785 978 1833 998 nos

1049 1015 1101 1041 [πω
1115 1010 1236 1036 socordia
1262 1019 1294 1037 ne
1318 1018 1350 1038 ex
1372 1012 1427 1045 ipsa
1443 1012 1547 1046 quidem
1573 1014 1698 1047 spelunca
1721 1015 1834 1042 velimus

1048 1054 1178 1087 progredi.
1191 1054 1243 1082 Sed
1255 1063 1303 1090 age
1320 1063 1400 1087 nunc,
1413 1057 1506 1091 inquit,
1521 1058 1626 1085 etiamsi
1639 1067 1681 1086 res
1696 1066 1786 1086 vestra
1798 1060 1834 1086 sit

1046 1097 1123 1125 laude
1137 1099 1213 1133 digna
1226 1120 1234 1132 ,
1251 1109 1284 1127 ne
1300 1105 1424 1135 tanquam
1442 1109 1469 1128 re
1483 1102 1571 1136 aliqua
1593 1104 1719 1137 pr:eclare
1742 1110 1814 1139 gesta
1825 1126 1833 1137 ,

1046 1144 1121 1171 vobis
1143 1146 1266 1173 sufficere
1281 1147 1378 1180 putetis
1390 1166 1398 1179 ,
1414 1148 1460 1174 sed
1484 1148 1623 1176 imitemini
1640 1151 1752 1177 virtutes
1767 1158 1832 1185 quas

1047 1195 1133 1223 patres
1156 1192 1236 1218 vestri
1262 1198 1467 1226 persequuntur.
1492 1194 1567 1227 Quod
1593 1196 1615 1222 si
1639 1197 1720 1223 etiam
1740 1204 1832 1223 omnes

1047 1235 1227 1268 possederitis,
1242 1237 1311 1270 quad
1327 1238 1435 1271 quidem
1453 1243 1493 1264 est
1506 1247 1595 1266 rarum
1605 1260 1612 1271 ,
1629 1247 1661 1266 ne
1674 1241 1712 1267 sic
1724 1240 1832 1275 quidem

1045 1279 1120 1305 vobis
1135 1279 1199 1313 ipsis
1213 1280 1390 1310 credideritis.
1408 1283 1521 1314 Quidam
1537 1284 1607 1310 enim
1630 1285 1673 1318 qui
1693 1284 1732 1311 sic
1747 1285 1831 1312 confi-

1045 1325 1150 1357 derunt,
1169 1331 1191 1352 et
1205 1326 1236 1351 ad
1250 1326 1335 1357 ipsmn
1349 1327 1474 1362 vir-tutum
1491 1328 1624 1361 fastigium
1641 1336 1830 1362 pervenerunt,

1045 1371 1151 1397 tandem
1174 1379 1205 1398 ex
1222 1373 1276 1398 alto
1296 1373 1460 1400 ceciderunt.
1484 1374 1537 1401 Sed
1560 1375 1647 1402 videte
1663 1384 1724 1402 num
1741 1384 1832 1410 preces

1046 1420 1141 1442 vestra:
1155 1424 1183 1443 se
1196 1423 1268 1444 recte
1283 1418 1415 1458 habeant;
1436 1427 1498 1446 num
1520 1421 1675 1447 conturbata
1691 1421 1725 1448 sit
1741 1423 1828 1448 cordis

1046 1461 1126 1488 vestri
1153 1463 1266 1495 puritas;
1283 1471 1344 1489 num
1369 1471 1445 1491 mens
1463 1469 1554 1492 vestra
1571 1466 1640 1492 inter
1655 1468 1783 1493 orandum
1800 1467 1832 1494 sit

1045 1511 1172 1540 occupata
1196 1508 1254 1534 aliis
1280 1509 1408 1543 negotiis;
1433 1518 1495 1536 num
1521 1511 1607 1544 aliqua
1633 1511 1682 1537 alia
1712 1517 1828 1539 mentem

1046 1551 1155 1578 subiens
1172 1552 1298 1586 cogitatio
1313 1559 1418 1581 avertat
1432 1555 1465 1581 ad
1481 1556 1580 1589 aliquid
1595 1556 1683 1590 aliud;
1707 1565 1767 1584 num
1782 1558 1831 1584 ali-

209 1602 284 1629 abest
306 1606 334 1629 ut
354 1603 464 1636 alicujus
488 1602 633 1637 dignitatis.
655 1603 731 1629 Manu
746 1611 809 1637 ergo
825 1611 884 1630 eum
901 1610 988 1631 ostrn-
1006 1599 1029 1630 ε
1045 1605 1094 1631 fl“
1107 1598 1281 1631 Coi-(imorum
1294 1600 1423 1626 memoria
1434 1601 1523 1627 θιιῖιιιο
1535 1601 1658 1628 exhibeat
1669 1603 1829 1630 molestiam.

209 1649 292 1682 deus,
319 1648 422 1675 dicebat
446 1649 588 1676 omnibus:
605 1648 651 1675 llic
671 1654 713 1676 est
733 1649 869 1675 diaco::us.
886 1649 952 1675 Cum
974 1650 995 1676 is

209 1699 296 1720 autem
311 1694 416 1721 assidue
428 1698 545 1727 negaret,
557 1698 584 1721 et
598 1694 838 1724 latereconarctur,
851 1702 866 1721 e
879 1694 995 1721 fenestra

208 1740 264 1772 ejus
279 1746 383 1765 manmn
394 1741 586 1773 apprehensam
599 1739 733 1766 osculatus
745 1743 796 1770 est,
808 1743 834 1765 et
847 1739 993 1765 admonens

209 1790 268 1809 eum
284 1783 404 1809 hortatus
418 1788 469 1813 est,
482 1783 573 1810 dicens
588 1791 594 1808 :
611 1783 650 1809 Ne
668 1783 767 1809 irritam
785 1783 865 1809 facias
878 1783 989 1816 gratiam

210 1827 272 1859 Dei,
287 1827 337 1859 illi,
351 1834 384 1853 tte
400 1826 536 1852 mentiaris
551 1826 650 1852 donum
667 1827 714 1853 Dei
734 1827 867 1853 inliciatis.
885 1827 993 1853 Mentia-

209 1873 277 1898 cium
291 1872 359 1898 cnim
372 1871 485 1898 aLenum
500 1876 539 1897 est
554 1878 566 1896 a
581 1871 748 1902 Christianis,
766 1876 792 1897 et
804 1871 859 1897 sive
874 1871 910 1897 sit
928 1873 952 1898 in
965 1879 994 1899 re

209 1923 314 1951 magna,
331 1917 386 1943 sive
401 1917 425 1942 in
442 1924 531 1949 parva,
545 1923 598 1942 non
613 1920 654 1942 cst
673 1921 760 1942 tamen
778 1916 917 1947 laudabile,
931 1924 991 1942 cum

209 1962 280 1988 dicat
291 1962 434 1988 Scrvator:
452 1961 616 1988 Mendacium
632 1965 699 1988 csta
711 1962 779 1988 malo
794 1960 902 1996 (Joann.
919 1963 992 1995 vui).

210 2009 233 2035 ls
245 2015 307 2035 vero
321 2008 456 2034 convictus
470 2008 560 2039 tacuit,
576 2008 710 2042 accipiens
724 2012 861 2042 paternam
876 2008 934 2041 ejus
951 2015 993 2034 re-

210 2054 422 2088 prehensionem.
438 2053 501 2080 Cum
526 2061 617 2087 preces
631 2059 717 2079 autem
734 2053 988 2087 complevissemus,

208 2108 276 2127 unus
290 2100 369 2126 frater
383 2106 415 2126 ex
431 2099 515 2130 nobis,
527 2106 605 2133 quem
618 2100 672 2132 jam
685 2099 796 2125 tertiana
811 2098 892 2125 febris
907 2098 990 2126 velte-

209 2153 283 2173 mens
306 2146 428 2176 tcncbat,
454 2145 564 2180 rogabat
588 2149 617 2171 ut
639 2148 787 2171 curaretur.
815 2144 882 2171 Cum
903 2148 992 2171 autem

207 2191 316 2218 dixisset
339 2190 421 2217 frater
439 2190 462 2216 ei
481 2189 603 2216 conferre
617 2190 788 2217 afflictionem
810 2193 919 2223 propter
933 2190 992 2216 exi-

207 2242 284 2270 guam
300 2242 358 2269 quae
369 2235 393 2262 ei
407 2235 475 2262 inest
489 2234 578 2266 fidem,
592 2235 699 2261 tradens
711 2239 799 2261 tamen
814 2234 901 2261 oleum
912 2235 992 2269 jussit

1049 1642 1141 1670 Videte
1157 1651 1218 1670 num
1233 1644 1331 1670 mundo
1345 1653 1406 1671 vero
1423 1647 1613 1679 renuntiastis;
1636 1655 1697 1674 nmn
1716 1649 1829 1683 ingressi

1046 1688 1110 1714 estis
1125 1693 1247 1723 tanquam
1265 1695 1380 1716 uestram
1393 1691 1561 1724 speculantes
1582 1692 1729 1720 libertatem
1743 1701 1749 1725 ;
1767 1701 1829 1720 num

1046 1733 1078 1758 ad
1093 1741 1186 1760 vanam
1203 1735 1313 1768 gloriam
1328 1740 1429 1762 vestras
1446 1736 1558 1764 virtutes
1574 1739 1723 1770 venamini,
1746 1744 1772 1766 ιιι
1795 1740 1826 1766 ad

1046 1779 1250 1805 ostentationem
1278 1780 1421 1806 videamini
1452 1780 1603 1809 hominibus
1630 1789 1720 1810 nostra
1750 1791 1831 1818 opera

1047 1822 1189 1849 imitantes.
1206 1823 1299 1850 Videte
1313 1832 1345 1850 ne
1367 1825 1440 1851 vobis
1463 1827 1575 1852 facessat
1597 1828 1731 1861 negotium
1747 1828 1827 1854 animi

1046 1868 1224 1901 perturbatio,
1247 1876 1282 1896 ne
1300 1870 1384 1896 itonor
1398 1874 1424 1897 et
1437 1871 1521 1904 gloria
1535 1877 1560 1898 et
1578 1872 1634 1898 laus
1651 1874 1780 1904 humana,
1796 1881 1830 1900 ne

1046 1920 1134 1938 rerum
1149 1920 1186 1938 sat
1197 1921 1285 1939 rarum
1298 1921 1370 1941 cura:
1385 1915 1532 1946 simulatio,
1549 1921 1592 1942 aut
1606 1924 1680 1943 amor
1694 1918 1826 1951 proprius;

1046 1967 1080 1986 ne
1093 1959 1189 1991 putetis
1205 1968 1253 1986 vos
1267 1968 1327 1987 esse
1339 1961 1443 1995 justus;
1461 1970 1546 1996 neque
1564 1963 1597 1989 de
1610 1963 1715 1997 iustitia
1734 1964 1832 1998 glorie-~

1046 2003 1126 2036 mini,
1150 2011 1183 2030 ne
1198 2009 1306 2038 propter
1321 2006 1431 2033 virtutes
1450 2006 1611 2040 cfferammi;
1636 2015 1669 2034 ne
1690 2008 1829 2034 orantibus

1045 2049 1208 2082 cognationis
1233 2050 1359 2076 memoria
1383 2051 1472 2077 animo
1494 2051 1621 2083 insideat;
1647 2059 1681 2079 ne
1704 2051 1830 2078 lllt‘lllttrln

1044 2093 1282 2120 commiserationis
1291 2097 1336 2120 aut
1345 2094 1456 2129 alicujus
1467 2096 1577 2123 alterius
1589 2097 1638 2128 rei,
1652 2105 1735 2131 neque
1746 2097 1829 2130 ipsius

1046 2138 1162 2165 universi
1212 2139 1302 2167 mundi
1354 2141 1430 2169 vobis
1487 2148 1633 2169 succurrat.
1657 2142 1702 2169 Sin
1725 2143 1829 2175 minus;

1045 2192 1087 2211 res
1100 2184 1216 2211 efficitur
1226 2186 1452 2219 vanitas,quando
1463 2187 1522 2220 quis
1535 2186 1671 2213 Dominum
1683 2188 1830 2222 alloquens,

1044 2229 1168 2256 deorsum
1191 2229 1334 2263 impellitur
1356 2231 1389 2255 ab
1410 2231 1442 2257 iis
1457 2238 1516 2265 qua:
1538 2238 1569 2258 ex
1586 2232 1699 2258 adverso
1719 2233 1830 2259 trahunt

207 2289 266 2307 eum
291 2281 392 2314 inungi.
408 2280 472 2306 Cum
498 2280 520 2306 is
545 2285 631 2306 autem
658 2287 686 2306 se
709 2280 838 2312 tinxisset,
861 2280 989 2314 quid-inid
1006 2275 1257 2309 Dcogitationibus.
1274 2276 1335 2303 lltec
1350 2281 1436 2302 autem
1452 2277 1547 2303 utentis
1572 2277 1707 2310 prolapsio
1723 2278 1826 2304 unicui-

208 2327 277 2353 intus
292 2325 406 2352 habebat.
421 2333 468 2359 per
482 2332 512 2351 os
525 2325 624 2357 emisit,
639 2329 665 2351 ct
681 2331 696 2351 a
712 2325 784 2351 febre
798 2325 908 2351 omnino
926 2325 991 2351 lihe-

208 2378 279 2398 ratus
291 2392 298 2402 ,
314 2371 427 2405 propriis
443 2371 550 2404 pedibus
571 2371 680 2397 recessit
696 2371 728 2397 ad
745 2370 899 2404 hospitium.
916 2371 992 2397 Lice-

207 2417 252 2444 bat
273 2422 359 2443 autem
375 2416 465 2443 videre
481 2416 615 2442 hominem
642 2416 848 2449 nonagenarium
866 2421 922 2442 toto
937 2424 992 2442 cor-

207 2469 271 2496 pore
293 2462 327 2487 ita
349 2461 492 2491 afflictum,
517 2464 546 2486 ut
570 2468 624 2494 pra:
648 2461 839 2487 exercitatione
855 2469 888 2487 ne
907 2461 991 2488 barba

206 2507 311 2542 quidem
325 2513 382 2533 nata
398 2512 466 2533 esset
481 2507 507 2533 in
524 2507 601 2533 facio.
617 2506 687 2532 Nihil
700 2509 770 2533 enim
783 2507 853 2533 aliud
867 2508 990 2534 comede-

207 2554 251 2580 bat
263 2561 340 2586 quam
355 2553 479 2579 arborum
495 2552 606 2583 fructus,
623 2552 702 2586 idque
715 2558 773 2583 lost
785 2553 849 2579 solis
864 2559 989 2580 occasum

206 2601 231 2626 in
248 2607 350 2626 summa
366 2603 512 2633 senectute,
526 2607 585 2626 cum
602 2607 631 2626 se
647 2600 719 2634 prius
731 2601 839 2626 multum
856 2601 990 2627 exercuis-

205 2650 255 2676 set,
268 2650 293 2671 et
307 2651 392 2679 neque
407 2652 500 2678 panem
515 2645 683 2677 sumpsisset,
699 2652 783 2678 neque
799 2645 897 2679 aliquid
914 2652 945 2672 ex
959 2646 990 2672 iis

205 2698 264 2724 qua:
278 2691 330 2726 igni
345 2690 450 2718 admota
465 2691 575 2717 veniunt.
594 2690 622 2717 in
642 2699 729 2717 usum.
747 2691 812 2717 Cum
830 2692 887 2725 ipse
902 2696 989 2718 autem

206 2742 254 2761 nos
267 2735 388 2768 iussisset
401 2736 496 2762 sedere
509 2756 516 2768 ,
538 2735 592 2762 Deo
607 2735 711 2770 egimus
730 2736 828 2767 gratias
842 2735 912 2769 quod
934 2736 992 2770 ejus

207 2779 353 2807 frueremur
373 2781 570 2815 congressione.
587 2780 610 2806 ls
626 2786 713 2807 autem
733 2788 792 2807 cum
810 2786 935 2815 tanquam
952 2781 992 2807 di-

207 2825 289 2851 lectos
304 2833 366 2854 suos
382 2827 450 2854 ﬁlios
470 2827 546 2861 longo
571 2831 690 2860 tempore
714 2827 874 2860 accepisset,
895 2827 991 2853 ridenti

208 2870 278 2896 vultu
295 2870 349 2898 haec
363 2872 438 2900 nobis
451 2877 491 2901 cst
506 2873 628 2900 locutus:
644 2871 794 2905 Undenam,
810 2879 825 2898 ο
841 2871 899 2904 filii,
916 2876 942 2900 ct
958 2880 990 2900 cx

1043 2328 1094 2354 que
1105 2320 1202 2347 accidit
1214 2321 1256 2354 qui
1270 2321 1339 2347 hunc
1353 2321 1480 2348 umndutn
1497 2330 1548 2348 non
1561 2323 1668 2348 omnino
1679 2323 1830 2358 abnegavit.

1043 2365 1090 2391 sed
1114 2370 1256 2391 veneratur
1279 2371 1306 2391 nt
1330 2367 1353 2392 ei
1381 2366 1493 2399 placeat.
1520 2367 1561 2393 0b
1583 2368 1663 2393 tnulta
1686 2368 1756 2394 enim
1773 2376 1832 2402 qua:

1043 2410 1203 2444 aggreditur,
1220 2410 1277 2444 ejus
1295 2417 1409 2438 mentem
1429 2411 1549 2439 dividunt
1567 2419 1636 2439 cura:
1652 2421 1788 2446 corporea:
1803 2419 1829 2440 et

1043 2461 1198 2488 terrestres;
1215 2461 1241 2483 et
1254 2457 1316 2483 dum
1329 2457 1454 2492 deinceps
1466 2459 1582 2492 disputat
1596 2467 1655 2486 cum
1671 2460 1752 2486 animi
1769 2468 1829 2493 per-

1044 2502 1237 2528 turbationibus
1249 2522 1257 2534 ,
1280 2509 1332 2528 non
1355 2507 1441 2536 potest
1455 2503 1536 2530 Deum
1554 2504 1655 2531 videre.
1675 2505 1726 2531 Sed
1743 2512 1829 2539 neque

1043 2549 1127 2582 ipsam
1140 2549 1319 2583 cognitionem
1332 2550 1409 2576 debet
1424 2556 1548 2576 accurate
1563 2556 1588 2577 ct
1604 2555 1696 2577 exacte
1708 2555 1831 2577 contem-

1042 2595 1121 2628 plari,
1136 2603 1169 2621 ne
1185 2595 1206 2621 si
1223 2594 1291 2622 forte
1307 2595 1385 2622 fuerit
1402 2596 1525 2629 indignus
1542 2596 1587 2622 tali
1601 2596 1786 2629 possessione,
1802 2601 1828 2622 et

1042 2641 1100 2675 eius
1111 2641 1225 2674 aliquam
1243 2646 1343 2673 partem
1358 2641 1435 2668 fuerit
1450 2647 1608 2668 consecutus
1618 2663 1624 2671 ,
1647 2639 1785 2667 existimet
1799 2648 1828 2667 se

1045 2692 1128 2714 totum
1149 2689 1385 2721 comprehendisse
1398 2709 1405 2720 ,
1418 2693 1445 2715 et
1457 2689 1566 2714 omnino
1580 2689 1681 2714 labatur
1696 2688 1720 2714 in
1733 2688 1828 2714 interi-

1045 2737 1110 2760 tum.
1125 2733 1176 2759 Sed
1193 2738 1298 2766 oportet
1312 2740 1418 2766 semper
1433 2733 1569 2759 moderatc
1591 2739 1617 2759 et
1639 2733 1680 2766 pie
1694 2731 1726 2758 ad
1748 2731 1831 2758 Deum

1044 2781 1172 2808 accudere
1186 2801 1193 2811 ,
1215 2784 1341 2814 quantum
1359 2785 1446 2814 potest
1463 2781 1644 2815 unusquisque
1665 2785 1755 2807 mente
1769 2787 1832 2813 pro-

1043 2826 1128 2860 gredi,
1144 2830 1171 2852 et
1185 2829 1312 2860 quantum
1329 2830 1438 2859 possunt
1455 2825 1576 2852 homines
1590 2826 1730 2859 consequi.
1745 2825 1831 2858 Opor-

1044 2876 1081 2898 tet
1094 2878 1157 2906 ergo
1178 2875 1294 2898 tuentem
1310 2877 1401 2897 eorum
1418 2871 1462 2903 qui
1486 2870 1569 2898 Deum
1586 2873 1729 2904 quwrunt,
1745 2871 1830 2898 otium
