2072 3153
246 192 313 220 illi)

978 181 1136 210 I’ALLADII

1804 168 1872 198 ΗΞῦ

246 263 325 291 agere
337 255 370 282 ab
383 255 441 283 allis
455 254 588 282 omnibus.
603 253 702 280 Vaeate
723 252 793 279 enim
816 254 842 278 et
858 248 1026 284 cognoscite,
1042 247 1068 275 Α
1081 249 1107 271 et
1135 245 1241 271 tandem
1274 241 1477 271 exercitatorem
1511 239 1612 275 redegit
1641 239 1667 266 in
1699 238 1865 266 servitutem.

248 303 343 337 inquit,
358 302 428 335 quod
443 308 492 334 ego
506 308 565 327 sum
582 300 651 326 Deus
662 298 748 333 (Paul.
760 296 834 331 xcv).
848 296 900 329 Qui
911 301 974 328 ergo
988 292 1032 319 Dei

248 347 424 381 cognitionem
436 353 468 373 ex
480 350 554 379 parte
563 348 605 372 est
615 348 783 376 consecutus,
798 342 948 369 universam
961 340 1032 366 enim

250 399 328 419 nemo
342 395 428 426 potest
448 390 586 425 accipere,
611 389 783 423 consequitur
797 394 902 422 quoque
919 386 1032 412 aliorum

249 438 367 465 omnium
382 436 559 471 cognitionem
573 456 581 469 ,
597 441 624 463 et
638 435 710 462 videt
733 433 858 469 mysteria
881 431 929 458 llci
950 431 993 457 illa
1009 430 1034 457 ei

250 481 426 514 ostendentis,
439 486 466 508 et
482 481 608 515 prtevidet
624 480 722 511 futura,
736 484 763 505 et
778 477 976 510 contemplatur
992 483 1035 501 re-

251 530 396 556 velationes
411 528 503 562 quales
515 528 612 559 sancti,
624 531 651 554 et
665 525 748 553 efficit
763 525 884 554 virtutes,
897 527 922 549 et
935 521 1037 549 obtinet

252 583 266 602 a
279 576 333 602 Deo
348 582 453 601 omnem
469 574 636 607 petitionem.

288 620 344 647 Alia
360 627 464 654 quoque
479 619 562 645 multa
574 618 641 644 dixit
655 616 689 644 de
703 614 911 644 exercitatione;
924 617 950 640 ct
967 611 1037 647 quod

253 670 356 700 oportet
380 669 536 699 exspectare
564 667 677 690 mortem
702 667 827 697 tanquam
853 662 933 687 vitam
962 660 1039 687 botlzn

255 711 454 744 translationis,
479 715 507 736 et
531 717 582 736 non
606 709 817 736 imbecillitatem
834 707 929 733 intueri
945 713 1040 740 corpoo

254 763 326 782 ream
338 764 345 788 ι
357 760 385 782 et
398 763 445 782 nec
458 755 498 782 vel
510 754 672 789 quibuslibet
684 752 770 780 obviis
782 753 893 786 implere
904 756 1039 778 ventrem:

255 801 320 828 Nam
336 801 390 834 qui,
404 801 498 835 inquit,
516 801 594 827 fuerit
607 800 729 832 satiatus,
746 799 840 826 eadem
855 802 933 831 capttt
951 796 1042 823 consi-

259 847 292 873 lia
310 854 368 880 qua:
383 846 400 872 ii
416 846 462 879 qui
477 844 568 871 vivunt
588 844 613 871 in
629 845 746 876 deliciis;
759 844 806 871 sed
823 848 925 870 tentare
940 844 1044 875 oportet

258 899 305 925 per
321 890 538 917 exercitationem
553 890 632 916 etiarn
646 889 836 923 appetitionum
854 894 946 922 parare
961 887 1043 918 impa-

258 935 418 962 tibilitatern.
429 935 483 962 Nec
498 940 599 968 quzerat
612 934 709 968 aliquis
725 942 755 961 ea
770 941 830 968 qua:
851 937 914 959 sunt
936 937 1024 966 parata
1034 952 1042 964 ,

258 987 285 1009 et
297 981 378 1008 animi
395 981 602 1012 relaxationem;
618 980 664 1006 sed
679 988 750 1007 nune
765 980 799 1006 sit
816 978 963 1006 imbecillus
977 977 1045 1004 aftli-

259 1033 370 1062 ctusque
383 1032 408 1053 et
423 1033 575 1060 oppressus,
591 1031 619 1052 ιιι
635 1026 709 1060 regni
727 1025 773 1053 Dei
794 1025 941 1052 latitudinis
962 1024 1046 1057 possi-

260 1072 323 1099 deat
350 1072 544 1098 limredttatom.
568 1071 679 1105 Oportet
705 1071 776 1098 enim
801 1078 849 1097 nos
871 1078 919 1104 per
949 1070 1046 1096 multas

260 1117 416 1144 afﬂictiones
439 1117 538 1143 intrare
561 1117 587 1143 in
613 1123 722 1149 regnum
747 1115 794 1142 Dei
817 1116 886 1150 (Act.
911 1116 978 1147 xtv).
1001 1115 1047 1141 Est

263 1163 345 1194 enim,
358 1161 452 1196 inquit,
468 1166 578 1196 angusta
595 1169 684 1195 porta.
709 1166 735 1188 et
750 1166 823 1187 arcta
837 1162 878 1187 via
900 1168 959 1194 quae
975 1160 1047 1186 ducit

261 1207 294 1234 ad
308 1209 400 1237 vitam.
415 1211 442 1234 et
462 1206 537 1240 pauci
553 1211 612 1232 sunt
626 1206 670 1240 qui
686 1213 744 1233 eam
758 1206 903 1232 inveniant.
919 1204 969 1231 Et:
984 1204 1046 1231 Lata

261 1258 301 1279 est
316 1253 356 1279 via
370 1260 428 1286 quae.
443 1252 515 1279 ducit
530 1252 561 1278 ad
579 1253 766 1286 perditioni-nt,
781 1256 805 1278 et
823 1251 896 1277 multi
918 1255 980 1277 sunt
1002 1250 1048 1284 qui

262 1298 446 1328 ingrediuntur
458 1305 505 1330 per
515 1305 574 1324 eam
586 1296 693 1331 (.‘lluttlt.
705 1298 764 1331 vn).
780 1297 812 1322 Et
823 1300 937 1329 oportet,
953 1296 1048 1328 inquit,

263 1351 311 1370 nos
327 1343 369 1369 hic
383 1347 566 1373 contemnere,
582 1350 642 1369 cutn
660 1342 736 1376 paulo
750 1346 807 1375 post
818 1349 909 1367 catnus
922 1342 954 1367 ad
970 1341 1049 1367 vitam

265 1393 402 1416 mterttam.
425 1389 479 1416 Nec
501 1393 606 1422 oportet
633 1389 747 1422 aliquem
771 1387 859 1414 eiferri
884 1387 919 1414 ob
941 1394 971 1412 ea
992 1393 1051 1420 qua:

264 1438 336 1461 recte
350 1442 364 1461 a
377 1441 406 1461 se
420 1438 493 1468 gesta
509 1439 581 1465 sunt,
598 1433 644 1460 sed
662 1441 767 1467 semper
788 1440 849 1459 esse
867 1432 1008 1463 humilem,
1024 1435 1052 1458 et

266 1479 398 1514 longiores
421 1480 543 1513 persequi
560 1479 731 1510 solitudines,
755 1477 861 1511 quando
885 1478 1000 1504 senserit
1021 1483 1052 1503 se

266 1524 365 1550 efferri.
385 1524 517 1550 Ilabitatio
532 1524 603 1550 enim
622 1524 767 1557 propinqua
790 1522 872 1554 viris,
896 1529 944 1548 eos
970 1521 1051 1548 etiam

267 1568 309 1602 qui
330 1571 405 1594 erant
420 1567 529 1601 perfecti
545 1575 615 1601 saepe
635 1566 755 1593 offendit.
777 1566 852 1599 Quod
865 1566 946 1592 etiam
966 1566 1053 1600 psallit

1083 291 1148 318 Cum
1163 296 1250 318 autem
1274 290 1319 316 ille
1344 289 1456 316 internis
1470 291 1621 314 versaretur
1646 285 1868 318 cogitationibus,

1082 336 1178 364 deinde
1192 340 1221 362 ut
1234 335 1279 370 qui
1291 335 1345 369 jam
1361 341 1417 360 rem
1431 332 1543 359 haberet
1557 332 1582 358 in
1597 330 1730 361 manibus,
1743 334 1870 363 reputans

1083 381 1306 414 opportunitatem
1319 383 1346 406 et
1360 377 1503 412 voluptatis
1518 375 1657 410 explendte
1676 374 1848 401 securitatem
1859 394 1866 406 ,

1084 425 1235 460 cogitationi
1250 425 1404 457 assentitur,
1417 429 1444 450 et
1459 427 1543 450 tentat
1559 429 1618 448 cum
1641 427 1672 447 ca
1689 419 1786 446 habere
1806 426 1872 446 eon-

1085 471 1261 503 suetudinem,
1278 475 1306 497 ut
1325 470 1368 505 qui
1390 469 1446 504 jam
1462 468 1593 495 evasisset
1608 465 1736 499 insipiens
1748 470 1775 491 et
1789 471 1872 497 equus

1087 516 1113 543 in
1129 516 1240 543 feminas
1260 515 1404 542 insaniens.
1422 514 1467 540 llla
1482 520 1545 540 vero
1564 518 1625 538 cum
1643 513 1755 544 repente
1775 516 1868 543 magna

1087 570 1152 589 voce
1163 562 1347 593 exclamasset,
1361 560 1446 587 evasit
1459 564 1622 586 evanescens
1633 564 1666 583 ex
1677 556 1735 590 ejus
1748 555 1873 581 manibus

1090 616 1142 634 non
1166 614 1243 634 secus
1266 613 1297 632 ac
1320 605 1413 632 umbra
1434 604 1531 637 aliqua.
1547 601 1626 628 Risus
1650 604 1736 627 autem
1764 600 1788 626 in
1814 606 1874 625 aere

1089 653 1196 680 auditur
1209 652 1352 679 multorum
1367 650 1515 676 daemonum
1531 648 1574 682 qui
1591 648 1676 681 ipsum
1689 645 1870 679 increpabant,

1091 703 1118 725 et
1130 698 1156 723 in
1173 697 1289 724 fraudem
1314 696 1487 728 induxerant,
1512 697 1540 720 et
1555 699 1647 727 magna
1665 699 1729 718 voce
1742 691 1775 717 ad
1791 691 1874 724 ipsum

1092 743 1239 769 clamabant
1253 750 1259 768 :
1275 742 1324 773 Qui
1339 748 1368 767 se
1382 739 1491 772 evaltat,
1506 737 1689 765 humiliabitur
1704 735 1792 770 (Luca
1808 735 1874 769 xu).

1093 788 1131 814 Tu
1147 793 1233 814 autem
1249 793 1331 820 usque
1346 785 1377 811 ad
1392 785 1475 812 etnlos
1489 783 1595 818 quidem
1617 790 1646 809 es
1661 781 1792 808 exaltatus
1803 801 1810 814 ,
1826 780 1877 807 hu-

1094 833 1210 859 tniliatus
1229 839 1293 858 vero
1313 839 1342 858 es
1364 837 1446 864 usque
1469 829 1502 856 ad
1525 829 1646 863 abyssos.
1670 827 1771 854 Exinde
1795 825 1878 860 surgit

1095 885 1172 905 mane
1196 882 1352 904 nocturnum
1369 876 1468 902 luctum
1489 874 1642 905 attrahens;
1662 877 1690 899 et
1712 879 1771 898 cum
1795 875 1878 898 totum

1062 922 1163 951 Bdiem
1190 923 1359 955 trattsetzisset
1383 921 1408 947 in
1434 920 1641 951 lamentatione,
1666 926 1714 945 sua
1738 918 1877 951 desperata

1095 969 1179 995 salute
1190 988 1198 1001 ,
1214 967 1282 1002 quod
1298 975 1350 993 non
1367 966 1476 998 debuit,
1490 966 1517 993 in
1534 965 1660 992 tnundum
1685 970 1808 991 reversus
1827 967 1878 989 est.

1098 1015 1151 1042 lloc
1165 1018 1207 1041 est
1220 1014 1290 1040 enini
1306 1013 1415 1047 maligni
1428 1012 1544 1039 studium
1553 1031 1560 1042 ,
1573 1016 1600 1037 ut
1612 1010 1718 1045 quando
1730 1009 1879 1044 quempiam

1097 1061 1221 1091 itriseril,
1235 1067 1294 1087 eum
1307 1060 1408 1094 redigat
1429 1059 1462 1086 ad
1479 1057 1668 1091 insipientiam,
1686 1062 1714 1083 ut
1730 1063 1782 1082 non
1798 1055 1881 1089 possit

1097 1105 1220 1139 deinceps
1234 1112 1352 1139 surgere.
1371 1103 1456 1136 Unde,
1470 1111 1486 1130 ο
1502 1103 1558 1136 lilii,
1573 1110 1624 1130 non
1640 1107 1680 1128 est
1693 1101 1767 1128 nobis
1781 1099 1881 1127 condu-

1097 1149 1184 1176 cibilis
1208 1150 1354 1183 propinqua
1375 1149 1440 1176 vicis
1462 1148 1606 1179 habitatio,
1635 1154 1719 1180 neque
1740 1145 1882 1172 mulierum

1098 1194 1254 1224 eollocutio,
1271 1198 1299 1220 ut
1313 1201 1345 1220 ex
1360 1193 1456 1227 quibus
1470 1193 1569 1220 oriatur
1584 1192 1713 1219 memoria
1726 1212 1733 1223 ,
1749 1198 1808 1225 quae
1830 1197 1883 1216 non

1099 1241 1186 1272 potest
1205 1237 1302 1270 deleri,
1320 1244 1398 1270 quam
1431 1243 1464 1263 ex
1495 1235 1553 1262 visu
1586 1234 1745 1263 attrahintus
1774 1240 1801 1263 et
1830 1235 1883 1262 col-

1100 1282 1241 1309 loeutione.
1256 1281 1306 1308 Sed
1323 1289 1408 1315 neque
1422 1281 1551 1308 debemus
1562 1281 1679 1306 animum
1696 1279 1860 1313 despondere
1870 1300 1878 1312 ,

1099 1331 1126 1353 et
1136 1333 1183 1352 nos
1198 1326 1270 1360 ipsos
1289 1325 1430 1352 detrudere
1444 1325 1476 1352 ad
1497 1325 1719 1358 desperationem.
1736 1323 1795 1350 Jam
1810 1323 1882 1350 enim

1102 1373 1118 1399 ii
1134 1380 1238 1406 quoque
1249 1371 1293 1406 qui
1310 1378 1448 1405 nouspetn
1463 1371 1628 1405 abjeceruot,
1644 1377 1696 1397 non
1712 1369 1820 1396 fuerunt
1830 1367 1885 1403 pri~

1102 1418 1153 1444 vati
1170 1417 1215 1444 Dei
1230 1416 1408 1444 misericordis
1423 1416 1576 1444 clementia.

1392 1472 1503 1500 CAPUT
1522 1471 1600 1499 XLV.

1103 1530 1141 1556 De
1156 1531 1234 1564 fratre
1247 1529 1290 1564 qui
1308 1529 1397 1564 ductus
1417 1529 1465 1563 fuit
1480 1528 1643 1564 paenitentia,
1659 1525 1773 1562 ejusdem
1794 1524 1889 1552 abbatis

1378 1563 1486 1590 Joannis
1500 1563 1623 1589 narratio.

269 1613 350 1640 David
364 1613 405 1640 cui
420 1614 470 1640 tale
482 1613 544 1648 quid
555 1613 689 1640 acciderat
703 1621 708 1638 :
726 1612 793 1639 Ecce
804 1611 923 1646 elongavi
936 1610 1051 1644 fugiens,
1067 1603 1090 1634 C
1142 1611 1206 1637 Erat
1219 1610 1289 1636 enim
1299 1629 1307 1642 ,
1321 1609 1420 1643 inquit,
1436 1608 1502 1634 alius
1513 1608 1668 1634 adolescens
1681 1607 1706 1633 in
1722 1605 1834 1638 civitate,
1846 1604 1890 1639 qui

268 1664 293 1685 et
308 1658 424 1685 habitavi
440 1658 466 1685 in
481 1658 634 1685 solitudine.
651 1657 842 1691 Exspectabam
858 1665 919 1684 eum
940 1657 982 1691 qui
997 1657 1052 1683 sal-

269 1714 329 1733 vum
343 1714 385 1734 nte
399 1706 462 1733 facit
476 1714 494 1733 τι
507 1706 724 1740 pusillanimitate
746 1710 773 1731 et
797 1709 952 1736 tempestate
969 1703 1053 1739 (l’sal.

271 1753 334 1786 Liv).
357 1753 412 1780 lloe
432 1758 520 1780 autem
543 1752 639 1779 accidit
660 1751 750 1779 multis
773 1758 878 1786 quoque
901 1759 934 1777 ex
959 1750 1055 1777 nostris

274 1797 419 1830 fratribus,
454 1803 481 1825 et
510 1801 619 1832 propter
643 1796 821 1831 arrogantiam
854 1795 1011 1823 exciderunt
1041 1803 1056 1822 a

272 1849 364 1876 scopo.

558 1877 670 1904 CAPUT
685 1876 777 1904 XLIV.

338 1933 460 1960 Narratio
475 1933 572 1960 abbatis
585 1932 693 1960 Joannis
706 1933 737 1959 de
751 1941 779 1960 eo
792 1932 836 1967 qui
851 1932 936 1967 lapsus
949 1937 995 1959 est.

311 1979 375 2006 Erat
389 1980 474 2012 enim,
489 1979 593 2014 inquit,
611 1979 718 2013 quidam
734 1978 880 2005 monachus
898 1978 943 2013 qui
958 1978 985 2005 in
1000 1985 1061 2011 pro-

274 2025 372 2058 pinqua
395 2025 539 2052 solitudine
562 2025 674 2058 degebat
698 2023 726 2051 in
752 2024 897 2058 spelunca,
912 2027 938 2050 et
953 2030 1059 2050 omnem

275 2069 427 2096 ostenderat
441 2070 658 2096 exercitationem
673 2089 680 2101 ,
699 2073 727 2095 et
743 2069 856 2103 propriis
876 2069 998 2095 manibus
1014 2076 1061 2102 pa-

275 2120 335 2140 nem
350 2113 399 2139 sibi
415 2114 550 2147 quaerebat
561 2113 656 2146 (Rulli,
672 2113 715 2140 lib.
729 2121 746 2139 ll
757 2133 763 2144 ,
783 2121 841 2147 cap.
859 2114 897 2144 t).
920 2114 1060 2148 Postquam

277 2163 365 2183 autem
381 2159 526 2191 permansit
541 2158 565 2184 in
579 2159 743 2185 orationibus
755 2179 762 2189 ,
779 2163 804 2185 et
831 2158 942 2192 profecit
957 2160 1060 2186 virtuti-

277 2202 336 2235 bus,
353 2203 378 2229 in
392 2203 480 2236 seipso
495 2203 619 2237 deinceps
636 2204 729 2230 habuit
751 2203 871 2230 fiduciam
885 2225 892 2236 ,
908 2204 990 2231 fretus
1005 2204 1062 2238 pul-

277 2248 342 2274 chro
356 2256 410 2275 suae
426 2249 486 2275 vita:
501 2249 630 2275 instituto.
644 2249 694 2281 Qui
707 2255 795 2276 autem
811 2254 906 2280 tentat,
921 2257 980 2276 eum
996 2257 1061 2284 quo-

277 2302 338 2328 que,
353 2295 422 2321 sicut
435 2293 494 2327 Job,
508 2294 616 2328 expetiit
631 2295 663 2321 ad
679 2295 833 2321 tentandum
847 2315 855 2327 ,
871 2299 897 2321 et
911 2295 935 2321 ei
950 2303 1061 2329 vespere

279 2339 379 2372 pratbet
403 2339 567 2373 phantasiam
591 2339 714 2366 formosa:
737 2340 855 2366 mulieris
879 2340 991 2366 errantis
1017 2348 1063 2374 per

279 2384 460 2411 solitudinem.
482 2385 545 2416 Qua:
563 2392 623 2411 eum
642 2388 739 2411 ost'um
764 2385 909 2411 invenisset
923 2390 1042 2418 apertum
1054 2406 1062 2418 ,

280 2431 397 2464 ingressa
410 2434 450 2457 est
463 2431 633 2464 speluncam;
657 2435 683 2457 et
705 2430 883 2464 procumbens
907 2431 939 2457 ad
956 2431 1005 2457 viri
1021 2439 1066 2465 ge-

280 2483 343 2509 nua,
358 2476 432 2510 petiit
446 2479 474 2503 ut
487 2476 537 2503 sibi
552 2476 606 2503 illic
622 2477 713 2503 liceret
725 2477 874 2511 quiescere,
890 2481 982 2510 utpote
992 2477 1062 2510 quod

280 2530 333 2549 nox
356 2530 415 2549 eam
437 2523 666 2556 apprehendisset.
682 2522 726 2548 Ille
740 2527 828 2549 autent
848 2529 908 2548 cum
923 2521 980 2555 ejus
995 2527 1065 2549 esset

281 2569 423 2601 misertus,
439 2568 510 2602 quod
531 2568 638 2602 quidem
655 2575 706 2594 non
721 2567 829 2598 debuit,
846 2574 904 2594 eam
918 2567 1021 2592 admisit
1039 2566 1064 2592 in

281 2614 444 2647 speluncam,
459 2618 485 2640 et
503 2615 538 2640 de
552 2620 643 2640 errore
663 2612 734 2639 illam
759 2617 799 2639 est
823 2616 1003 2646 percontatus.
1021 2612 1065 2638 llla

282 2667 345 2686 vero
356 2665 381 2685 et
394 2658 519 2691 narravit,
532 2662 559 2684 et
570 2657 663 2684 blanda
677 2664 708 2684 ac
720 2656 822 2683 fallacia
837 2657 916 2683 verba
931 2657 1065 2690 inspersit,

281 2709 309 2731 et
322 2711 472 2730 sermonem
486 2703 529 2729 ditt
544 2710 602 2729 cum
618 2709 649 2728 eo
665 2703 802 2736 protraxit.
819 2701 885 2728 E'tm
898 2707 987 2729 autem
1002 2709 1066 2728 sen-

283 2751 333 2776 sim
350 2751 438 2776 nescio
449 2748 581 2784 quomodo
591 2747 739 2782 pelliciebat
749 2747 780 2774 ad
793 2755 925 2779 amorem;
939 2747 1068 2782 pluraque

283 2795 411 2830 deinceps
424 2796 502 2822 verba
515 2796 582 2822 inter
597 2802 626 2821 se
637 2798 779 2821 conserunt
788 2812 797 2825 ,
812 2793 950 2827 ridentque
963 2800 994 2820 ac
1005 2794 1068 2820 sub-

286 2840 391 2873 rident,
418 2848 530 2873 cumque
553 2840 609 2873 ipsa
640 2839 723 2866 multo
747 2846 869 2866 sermone
896 2839 1018 2869 seduxit.
1043 2843 1071 2866 et

287 2884 383 2911 deinde
407 2885 616 2912 contrectatione
641 2891 733 2910 manus
748 2888 774 2910 ct
789 2883 878 2910 barba:
893 2888 919 2910 ct
939 2884 1068 2913 cervicis:

1107 1656 1189 1682 multa
1201 1655 1268 1681 mala
1280 1654 1394 1684 fecerat,
1406 1658 1432 1680 et
1443 1654 1556 1689 graviter
1569 1656 1724 1686 peccaverat
1737 1650 1831 1686 (Ite/ﬂ,
1845 1651 1889 1676 lib.

1108 1710 1141 1734 tt,
1157 1710 1214 1735 cap.
1229 1701 1271 1736 1).
1294 1700 1346 1735 Qui
1370 1701 1414 1728 Dei
1439 1704 1519 1731 nutu,
1546 1705 1656 1733 propter
1681 1698 1760 1724 multa
1786 1702 1891 1731 pet'eata

1107 1752 1293 1781 compunctus,
1308 1746 1419 1773 veniens
1433 1745 1466 1772 ad
1486 1745 1615 1779 sepulcra,
1634 1744 1750 1778 priorem
1763 1750 1836 1770 suam
1854 1743 1892 1769 vi-

1110 1799 1161 1821 tatn
1177 1793 1297 1825 deﬂevit;
1321 1800 1418 1827 pronus
1439 1791 1536 1818 cadens
1551 1792 1577 1818 in
1597 1788 1710 1821 faciem.
1725 1794 1752 1816 et
1775 1797 1826 1816 non
1846 1796 1893 1816 au-

1109 1839 1175 1866 dens
1197 1846 1287 1865 Vocem
1304 1832 1445 1868 'emittere,
1470 1843 1520 1862 nec
1538 1836 1619 1862 Deum
1644 1836 1789 1866 nominare,
1807 1840 1894 1868 neque

1108 1884 1268 1918 supplicare,
1285 1882 1343 1916 ipsa
1359 1889 1464 1916 quoque
1478 1882 1530 1907 vita
1549 1881 1665 1914 seipsum
1688 1879 1822 1914 indignum
1838 1880 1894 1906 exi-

1110 1929 1231 1956 stimans.
1245 1928 1348 1955 Etcum
1364 1934 1426 1954 ante
1441 1931 1551 1953 mortem
1566 1934 1595 1953 se
1608 1926 1757 1952 inclusisSet
1772 1925 1797 1952 in
1811 1925 1894 1959 sepul~

1109 1975 1163 2002 eris
1175 1979 1355 2006 mortuorum,
1371 1976 1397 1999 et
1416 1980 1490 1999 suam
1505 1972 1583 1999 vitam
1597 1971 1714 2004 diceret,
1728 1971 1848 2004 gemebat
1861 1977 1895 1996 ex

1111 2019 1241 2054 profundo
1254 2018 1353 2046 cordis.
1366 2018 1431 2044 Cum
1445 2018 1500 2051 jam
1513 2022 1599 2043 autern
1611 2017 1645 2043 ab
1657 2023 1689 2043 eo
1701 2021 1818 2051 tempore
1833 2023 1897 2049 prsc-

1114 2066 1233 2092 teriisset
1255 2063 1431 2095 ltebdomada,
1452 2068 1531 2090 noctu
1551 2063 1576 2090 ei
1600 2063 1729 2089 assistunt
1750 2062 1894 2093 dzetnoncs,

1112 2111 1156 2145 qui
1168 2110 1226 2145 ejus
1241 2111 1299 2136 vita:
1315 2110 1388 2143 prius
1400 2109 1523 2135 damnum
1539 2108 1696 2140 attulerant,
1710 2107 1855 2135 clamantes
1870 2112 1896 2132 et

1112 2157 1231 2184 dicentes
1245 2165 1250 2182 :
1266 2155 1315 2183 Ubi
1329 2160 1368 2182 est
1383 2155 1427 2182 ille
1441 2155 1569 2182 scelestus
1584 2159 1611 2181 et
1627 2153 1761 2188 profanus,
1779 2154 1822 2187 qui
1838 2153 1896 2179 libi-

1112 2203 1218 2229 dinibus
1233 2207 1260 2229 et
1282 2201 1396 2228 laSciviis
1415 2201 1569 2232 exsatiatus,
1585 2206 1654 2226 nunc
1669 2199 1745 2225 nobis
1766 2197 1897 2231 intempe-

1114 2247 1212 2278 stivus,
1229 2251 1380 2279 temperans
1394 2249 1420 2271 et
1442 2244 1568 2270 honestus
1588 2248 1697 2277 repente
1712 2241 1849 2276 apparuit;
1872 2245 1898 2267 et

1078 2287 1104 2316 D
1115 2291 1221 2325 quando
1237 2298 1287 2317 non
1305 2294 1391 2324 potest
1412 2289 1535 2323 amplius,
1549 2293 1612 2314 tunc
1626 2288 1679 2314 vult
1698 2295 1758 2314 esse
1773 2286 1900 2314 Christia.

1115 2344 1175 2366 nus.
1191 2341 1217 2363 et
1240 2335 1329 2370 probis
1353 2334 1559 2368 compositisque
1583 2333 1720 2360 moribus?
1736 2332 1898 2366 Ecquidnam

1116 2380 1162 2408 tibi
1178 2381 1238 2408 boni
1253 2381 1367 2414 amplius
1381 2379 1498 2406 futurum
1513 2385 1663 2413 exspectas,
1677 2386 1737 2405 cum
1752 2379 1789 2405 sis
1803 2379 1903 2406 nostris

1117 2427 1193 2454 malis
1208 2426 1348 2460 impletus?
1365 2425 1422 2452 Non
1438 2425 1499 2452 ltinc
1512 2425 1565 2451 cito
1578 2424 1725 2459 exs-urges?
1738 2423 1795 2450 Non
1810 2423 1902 2450 Vt-nies

1117 2473 1150 2499 atl
1161 2480 1190 2499 ca
1204 2480 1263 2506 qua:
1275 2477 1337 2498 sunt
1350 2472 1486 2499 nobiseum
1500 2471 1642 2498 consueta?
1657 2475 1681 2497 te
1695 2475 1801 2496 manent
1813 2475 1904 2496 scorta

1117 2522 1144 2545 et
1157 2525 1300 2554 caupones.
1316 2517 1372 2544 Non
1387 2519 1488 2549 venies,
1501 2522 1527 2544 et
1541 2517 1634 2544 frueris
1650 2517 1827 2550 cupidinibus,
1842 2523 1903 2542 cum

1118 2563 1152 2589 sit
1162 2567 1256 2590 cuncta
1267 2563 1318 2589 alia
1332 2562 1378 2590 tibi
1391 2570 1452 2597 spes
1463 2561 1609 2589 exstincta?
1622 2562 1702 2588 Velox
1715 2561 1747 2588 ad
1762 2566 1786 2588 te
1797 2569 1906 2587 omnth

1119 2610 1206 2636 veniet
1218 2609 1361 2643 judicium,
1377 2610 1420 2643 qui
1435 2609 1473 2635 sic
1489 2609 1600 2642 teipsutn
1617 2607 1735 2642 periuris.
1748 2607 1781 2634 Et
1795 2615 1842 2634 cur
1855 2607 1906 2633 mi-

1120 2663 1166 2682 ser
1181 2655 1292 2682 festinas
1307 2655 1339 2681 ad
1353 2654 1532 2688 supplicium?
1544 2662 1590 2680 cur
1603 2658 1688 2679 autern
1704 2652 1842 2679 contendis
1858 2652 1904 2678 tibi

1122 2709 1213 2736 ptenas
1234 2700 1311 2727 citius
1331 2700 1464 2734 inﬂigere?
1479 2699 1609 2733 Multaque
1629 2699 1678 2724 alia
1700 2698 1837 2725 dicentes:
1854 2697 1907 2724 Nu-

1122 2752 1176 2773 stcr
1189 2753 1228 2778 es,
1249 2746 1274 2772 in
1298 2750 1416 2771 nostrum
1437 2745 1556 2771 ordinem
1577 2752 1607 2772 es
1628 2744 1738 2776 relatus,
1761 2743 1908 2771 exercuisti

1122 2799 1228 2819 omnem
1247 2791 1425 2825 iniquitatem.
1440 2790 1478 2817 'l‘u
1491 2797 1521 2817 es
1537 2790 1613 2816 nobis
1627 2789 1749 2817 omnibus
1762 2790 1906 2824 obnoxius,

1123 2842 1150 2864 et
1170 2837 1252 2863 audes
1268 2837 1373 2870 fugere?
1389 2843 1440 2862 non
1459 2834 1629 2862 assenlicris?
1649 2842 1701 2861 non
1717 2835 1909 2869 respondebis!

1125 2889 1177 2910 non
1192 2882 1269 2908 simul
1285 2881 1446 2915 egredieris?
1462 2880 1602 2913 Postquam
1619 2884 1705 2908 autem
1721 2880 1764 2907 ille
1781 2885 1911 2907 constans
