2072 3153
266 157 336 194 1123

992 155 1108 185 PALLA
1113 154 1169 186 DlI

1829 155 1898 189 1124

264 218 312 245 ἐπὶ
330 217 398 245 πολὺ
422 216 608 252 ἐπιμενόντων
625 215 701 252 αὐτῷ
725 215 779 242 τῶν
797 214 932 250 δαιμόνων
945 222 951 229 ·
975 213 1013 245 ὡς
1026 213 1055 240 δὲ
1069 215 1092 244 Α
1106 213 1187 249 ἡνίκα
1202 214 1335 250 ᾐσθάνετο
1355 214 1484 250 δεομένου
1505 214 1554 242 τοῦ
1580 214 1718 250 σώματος,
1735 214 1848 251 εὕρισκέ
1867 224 1899 243 τε

264 261 342 289 οὐδὲν
355 261 458 297 ἡνυσαν
480 260 611 292 πολλάκις
628 259 714 286 ταῦτα
731 259 867 293 λέγοντες,
879 257 1058 288 ’διαλαϐόντες

264 303 347 331 αὑτὸν
366 304 390 330 οί
407 303 520 338 πονηροὶ
535 302 582 329 καὶ
597 302 705 337 αἰσχροὶ
717 301 855 336 δαίμονες,
867 300 962 336 ᾔκιζον
975 299 1058 334 χαλε-

265 349 324 380 πῶς
339 348 428 382 ἄγαν,
449 348 522 375 ἆπαν
535 347 565 374 τὺ
581 347 663 382 σῶμα
677 346 760 374 αὑτοῦ
774 345 995 379 καταξαίνοντες,
1011 344 1058 371 καὶ

265 392 462 427 βασανίσαντες
477 391 558 418 αὐτὸν
571 390 708 426 χαλεπῶς,
724 389 844 426 ἡμιθανῆ
859 388 1058 420 καταλιπόντες

264 435 376 471 ᾤχοντο.
400 436 430 462 '0
452 435 480 462 δὲ
497 435 573 462 οὐδὲν
586 433 669 472 ἦττον
691 435 820 469 ἀκίνητος
839 433 960 467 ἔνθαπερ
975 432 1057 459 αὑτὸν

264 478 420 510 κατέλιπον,
445 478 534 504 ἔκειτο
564 478 664 504 στένων
689 475 778 509 αὖθις,
796 475 891 511 ἐπειδὴ
922 477 955 510 τῇ
982 475 1056 511 ψυχῇ

265 522 435 556 συνελέξατο.
449 522 509 549 Τῶν
522 522 551 548 δὲ
566 521 674 549 οίκείων
685 520 765 548 αὐτοῦ
784 521 843 547 κατ’
863 521 935 556 ίχνος
956 519 1058 554 ἀναζη-

264 565 383 592 τούντων
398 565 489 598 αὐτὸν,
513 565 561 592 καὶ
586 565 731 601 εὑρόντων,
750 565 797 591 καὶ
818 563 868 599 τὴν
897 564 988 590 αἰτίαν
1008 564 1058 597 τῆς

264 609 310 636 τοῦ
336 609 461 645 σώματος
491 609 634 644 συμφορᾶς
664 608 822 644 μαθόντων,
854 607 947 642 ἡξίουν
975 607 1057 633 αὐτὸν

263 655 379 688 ἀγαγεῖν
404 654 511 680 οἴκαδε.
533 653 562 680 Ὀ
584 653 612 680 δὲ
636 653 697 679 ἐπεὶ
725 652 856 684 πολλάκις
882 651 1057 687 βιασαμένων

263 698 378 733 ἀντέσχε
387 706 394 712 ·
411 698 458 725 καὶ
471 698 553 724 πάλιν
565 696 646 724 αὑτὸν
659 696 707 732 τὴν
724 697 856 723 ἐπιοῦσαν
870 694 956 722 νύκτα
971 694 1056 730 χείρω

263 742 317 768 τῶν
341 742 495 777 ἔμπροσθεν
521 742 545 768 οί
573 741 699 776 δαίμονες
715 740 763 766 ἐπὶ
784 740 842 771 τοῖς
857 739 950 771 αὐτοῖς
970 738 1056 765 διατί-

263 786 366 812 θενται.
383 787 438 813 Καὶ
452 785 512 812 οὐδὲ
526 785 613 816 οὕτως
627 784 709 812 πάλιν
730 783 812 811 αὐτὸν
825 784 850 809 οὶ
868 783 1056 818 προσήκοντες

265 829 387 856 στείϐουσι
410 829 575 864 μεταστῆναι
589 829 636 855 τοῦ
652 828 749 859 τόπου,
771 829 893 863 κρεῖττον
919 824 989 852 εἶναι
1009 834 1054 852 τε-

264 874 360 900 θνάναι
378 874 491 907 λέγοντα
507 873 524 908 ἢ
548 874 577 899 ἐν
591 872 729 903 τοιαύταις
742 871 790 897 τοῦ
807 870 865 905 βίου
885 869 977 905 κηλῖσι
992 868 1054 904 ζῇν.

268 917 301 945 'H
317 918 394 953 τρίτη
413 918 462 951 νὺξ
478 917 531 943 τῶν
555 916 692 950 δαιμόνων
710 915 808 950 μικροῦ
834 914 924 949 πάντη
948 914 993 939 τὸν
1006 913 1055 940 άν-

264 960 373 996 θρωπον
389 961 437 995 τῆς
461 959 535 995 ζωῆς
557 959 714 994 ἀπήλλαξεν
729 957 852 993 ἀνηλεῶς
868 957 1055 984 ἐπιπεσόντων

265 1003 340 1039 αὺτῷ
347 1005 406 1034 ταῖς
417 1003 556 1038 βασάνοις.
574 1002 619 1034 Ὦς
628 1002 656 1029 δὲ
665 1003 716 1029 οὐκ
727 1000 796 1028 εἶδον
807 1001 927 1033 ἐνδόντα,
942 1000 1055 1036 ᾤχοντο,

264 1047 367 1075 ἄπνουν
379 1047 429 1082 μὲν
441 1046 638 1078 καταλιπόντες
651 1046 698 1073 τὸν
710 1046 864 1081 ἄνθρωπον.
888 1044 1057 1080 Ἀπερχόμε-

264 1101 305 1119 νοι
323 1091 391 1126 γοῦν
401 1087 569 1126 ἕκεκράγασι
581 1090 717 1125 λέγοντεςο
740 1089 887 1124 Ἐνίκησας
895 1110 903 1123 ,
915 1088 1054 1123 ἐνίκησας.

263 1136 322 1163 Καὶ
334 1135 426 1162 οὐκέτι
442 1134 516 1170 αὐτῷ
527 1135 694 1170 συνήντησεν
710 1133 786 1160 οὐδὲν
801 1132 897 1166 δεινὸν,
919 1132 977 1160 ἀλλ’
988 1131 1057 1166 ἁφό-

265 1179 320 1211 ὁως
332 1179 378 1206 τὸν
387 1179 474 1213 τάφον
483 1178 592 1214 ᾤκησεν
604 1178 657 1210 ἕως
667 1178 726 1212 ἔζη,
739 1177 865 1213 ἀσκήσας
873 1176 997 1212 καθαράν
1006 1175 1057 1211 τὴν

264 1223 385 1259 ἀρετήν·
408 1223 496 1255 οὕτως
518 1224 565 1250 καὶ
585 1222 646 1258 Θεῷ
661 1223 751 1257 τίμιος
767 1222 914 1257 γενόμενος
932 1222 961 1248 ὲν
974 1221 1057 1249 δυνά-

267 1276 330 1302 μεσι
357 1267 403 1294 καὶ
419 1267 568 1303 θαυμάτων
585 1267 758 1299 ἐπιδείξεσιν,
784 1265 854 1293 ὥστε
875 1265 985 1297 πολλοῖς
1009 1265 1058 1292 καὶ

266 1311 361 1347 θαῦμα
378 1311 426 1338 καὶ
441 1311 520 1345 ζῆλον
537 1310 628 1338 καλῶν
645 1310 871 1345 ἐπιτηδευμάτων
890 1310 1056 1345 παρασχεῖν.

270 1357 317 1383 Ἐν
331 1355 436 1388 τούτοις
456 1356 578 1383 πλεῖστοι
597 1355 644 1383 καὶ
660 1355 714 1382 τῶν
734 1354 838 1390 σφόδρα
855 1354 1058 1388 ἀπεγνωκότων

266 1401 371 1428 ἑαυτῶν
393 1401 525 1436 μετῆλθον
550 1400 598 1432 τὰς
621 1400 707 1431 καλάς
722 1400 837 1435 πράξεις
852 1399 901 1426 καὶ
915 1398 1057 1434 κατορθώ-

267 1453 336 1477 σεις.
357 1445 410 1471 Καὶ
438 1444 549 1478 γέγονεν
566 1444 658 1475 αὐτοῖς
672 1444 703 1470 τὸ
722 1445 771 1479 τῆς
784 1443 897 1480 Γραφῆς
913 1443 1056 1478 λεγούσης,

267 1488 326 1520 Πᾶς
345 1489 358 1515 δ
374 1488 509 1515 ταπεινῶν
528 1488 624 1515 ἑαυτὸν
637 1487 823 1523 ὑψωθήσεται.
840 1487 1058 1523 Προηγουμένως

267 1529 324 1564 οὖν,
342 1533 436 1563 τέκνα,
463 1531 717 1567 ταπεινοςροσύνην
743 1532 918 1566 ἀσκήσωμεν,
937 1531 1058 1567 κρηπῖδα

267 1576 363 1605 πᾶσων
375 1575 457 1602 οὖσαν
469 1575 521 1602 τῶν
536 1575 651 1611 ἀρετῶν.
663 1575 737 1602 Πάνυ
749 1575 777 1602 δὲ
793 1575 976 1611 συμϐάλλεται
991 1576 1057 1611 ἡμῖν

269 1619 316 1647 καὶ
329 1621 345 1654 ἡ
367 1620 526 1656 μακροτέρα
544 1619 647 1655 ἕρημος
662 1619 730 1655 πρὸς
742 1619 791 1655 τὴν
806 1619 933 1654 ἄσκησιν.

556 1675 683 1701 ΚΕΦΛΛ.
700 1674 777 1709 Man

268 1720 412 1757 Διήγησις
436 1720 490 1748 τοῦ
515 1720 590 1757 ἀᾰεᾶ
620 1721 761 1757 Ἰωάννου
783 1721 849 1756 περὶ
875 1721 1059 1755 ἐκπεσόντος

385 1756 389 1762 ’
507 1756 556 1783 καί
571 1755 826 1791 μετανοήσαντοςζ

305 1810 403 1845 Γέγονε
428 1809 481 1845 γάρ
507 1818 549 1842 τις
573 1810 621 1837 καὶ
643 1810 737 1845 ἕτερος
764 1810 880 1846 μοναχδς
897 1810 946 1846 τὴν
965 1810 1060 1846 πόῤῥω

269 1854 372 1890 ἔρημον
386 1853 568 1890 κατειληφὼς,
583 1854 631 1881 καὶ
643 1855 672 1881 ἐν
688 1854 794 1886 πολλοῖς
811 1854 882 1881 ἔτεσι
896 1854 946 1886 τὰς
959 1854 1061 1890 ἀρετὰς

269 1897 458 1933 κατορθώσας.
483 1898 528 1925 Ἐν
560 1899 640 1933 γήρει
657 1897 750 1925 λοιπὸν
774 1898 917 1933 τυγχάνων
931 1898 981 1933 τῆς
1005 1898 1060 1925 τῶν

269 1942 404 1978 δαιμόνων
425 1942 573 1977 ἐπιϐουλῆς
588 1942 728 1977 ἐπειρᾶτο.
743 1940 798 1968 Ἦν
815 1943 871 1976 γὰρ
885 1941 955 1968 πάνυ
971 1941 1060 1977 ἀσκη-

269 1987 318 2022 τὴς
333 1986 381 2022 τὴν
401 1986 515 2021 ἡσυχίαν
528 1985 727 2021 ἀσπαζόμενος,
746 1985 794 2012 καὶ
811 1986 839 2011 ὲν
856 1985 950 2020 εὐχαῖς
964 1985 1011 2012 καὶ
1031 1987 1060 2013 ὲν

270 2031 365 2066 ὕμνοις
374 2032 422 2058 καὶ
433 2030 561 2066 θεωρίαις
574 2030 683 2062 πολλαῖς
696 2030 879 2066 διημερεύων,
892 2030 939 2056 καὶ
950 2030 1061 2065 ὁράσεις

270 2075 408 2110 θειοτέρας
431 2075 507 2106 τινάς
523 2074 642 2110 ἐναργὴς
659 2073 782 2109 ἐθεώρει.
800 2073 885 2101 Τοῦτο
902 2074 952 2108 μὲν
976 2074 1060 2109 ὲγρη‹

269 2120 369 2155 γόρως,
383 2120 462 2146 τοῦτο
477 2120 505 2146 δὲ
521 2120 582 2147 καθ’
599 2119 710 2154 ὕπνους,
725 2120 772 2147 καὶ
788 2119 880 2154 σχεδὸν
898 2120 970 2155 ἴχνος
983 2120 1061 2146 ἐπεί-

269 2164 357 2199 ληπτο
375 2165 426 2199 τῆς
445 2164 592 2199 ἀσωμάτου
609 2164 698 2199 ζωῆς,
725 2164 755 2190 οὺ
772 2163 824 2198 γῆν
849 2163 982 2197 φυτεύων,
999 2163 1061 2190 οὐδὲ

270 2207 422 2242 φροντίζων
444 2207 563 2243 διαίτης,
585 2207 646 2234 οὐδὲ
667 2208 696 2234 ὲν
709 2208 766 2238 τοῖς
778 2209 874 2242 φυτοῖς
887 2207 987 2242 ζητῶν,
1004 2208 1018 2234 ὅ
1033 2216 1059 2234 τι

270 2251 386 2288 παρέχοι
398 2251 437 2286 τῷ
451 2251 557 2287 σώματι
573 2251 703 2286 δεομένῳ,
721 2250 778 2277 ἀλλ’
793 2251 853 2277 οὐδὲ
866 2252 898 2277 ὲκ
912 2250 962 2286 τῆς
979 2251 1059 2287 χλόης

269 2296 330 2322 οὐδὲ
341 2296 427 2332 ἄγραν
440 2295 553 2331 ὀρνίθων
563 2295 624 2322 οὐδὲ
635 2295 716 2322 ἀλλου
727 2294 799 2326 τινος
811 2295 964 2330 μετήρχετο
979 2295 1059 2327 ζώου.

276 2340 358 2367 Ἀλλά
370 2340 560 2376 πεποιθήσεως
583 2339 675 2374 γέμων
699 2339 739 2371 είς
765 2339 831 2366 Θεὸν
853 2339 944 2371 ἐξότου
962 2339 994 2366 ὲκ
1012 2340 1062 2375 τῆς

271 2385 433 2420 οἰκουμένης
459 2383 590 2419 μετῆλθεν
613 2384 681 2416 ἐκεῖ,
710 2383 757 2411 καὶ
773 2383 852 2418 λόγον
867 2383 972 2415 οὐδενὸς
989 2381 1062 2418 εἶχεν

271 2429 346 2460 ὅπως
362 2427 436 2463 αὐτῷ
457 2427 624 2463 τρεφόμενον
643 2426 765 2463 διαμένοι
782 2427 812 2454 τὸ
828 2426 918 2462 σῶμα.
943 2426 1013 2453 Ἀλλ’
1033 2427 1062 2454 ἐν

271 2472 342 2507 λήθῃ
355 2471 462 2499 πάντων
474 2471 545 2498 ἑκὼν
559 2471 665 2512 ἀνεῖχεν
677 2472 784 2505 ἑαυτὸν,
797 2471 894 2507 τελείῳ
909 2470 986 2507 πόθῳ
993 2470 1063 2506 πρὸς

272 2515 339 2542 Θεὸν
353 2515 520 2551 παραμένων
536 2515 582 2542 καὶ
595 2515 751 2551 περιμένων
765 2515 814 2550 τήν
829 2514 937 2549 κλῆσιν,
955 2514 1004 2557 καὶ
1015 2515 1064 2550 τὴν

273 2559 306 2585 ἐκ
327 2557 373 2584 τοῦ
397 2559 502 2593 κόσμου
528 2558 683 2593 μετάθεσιν,
703 2558 750 2586 καὶ
769 2557 809 2593 τῷ
830 2557 949 2592 πλείστῳ
965 2565 1009 2591 γε,
1029 2558 1063 2592 τῇ

273 2601 368 2637 τέρψει
385 2601 440 2628 τῶν
452 2602 622 2637 φαινομένων
639 2602 686 2629 καὶ
710 2601 897 2637 ἐλπιζομένων
923 2601 1062 2636 ἐτρέφετο,

274 2647 321 2671 καὶ
341 2644 403 2672 οὔτε
425 2645 456 2672 τὸ
472 2645 551 2680 σῶμα
567 2646 738 2680 κατετήκατο
751 2644 825 2680 αὖτῷ
840 2646 873 2681 τῇ
899 2644 1062 2680 παρατάσει,

273 2689 336 2716 οὕτε
348 2689 451 2725 ἄθυμος
466 2687 500 2726 ἦν
516 2690 533 2725 ή
547 2689 631 2724 ψυχὴ,
645 2689 702 2716 ἀλλ’
716 2690 746 2716 έν
760 2690 846 2724 σεμνῇ
860 2698 914 2716 τινι
927 2689 1066 2715 καταστά-

276 2743 317 2761 σει
330 2735 380 2770 τὴν
395 2734 480 2770 καλὴν
498 2734 555 2768 ἕξιν
577 2733 656 2769 ἐσχε-
675 2734 745 2769 πλὴν
768 2733 941 2769 ἀλλὰὶξειμῶν
957 2733 1038 2759 αὑτὸν
1051 2733 1065 2759 ό

275 2778 341 2810 Θεὺς
352 2778 397 2806 διά
411 2787 483 2811 τινος
499 2778 666 2813 τεταγμένου
683 2778 790 2813 χρόνου,
804 2777 852 2804 δύο
867 2777 883 2813 ἢ
897 2777 979 2812 τριῶν
994 2777 1066 2812 ἡμε-

277 2821 332 2857 ρῶν
346 2821 427 2857 ἄρτον
451 2823 497 2848 επὶ
518 2823 568 2857 τῆς
590 2821 731 2856 τραπέζης
757 2820 856 2853 ὲδίδου,
877 2820 1020 2855 φαίνεσθαί
1035 2828 1066 2846 τε

277 2865 326 2892 καὶ
340 2863 420 2899 εἶναι,
446 2865 492 2892 καὶ
515 2864 648 2900 χρῆσθαι·
667 2865 712 2892 καὶ
735 2863 826 2891 εἰσιὼν
844 2864 873 2892 ὲν
888 2863 927 2899 τῷ
943 2863 1066 2898 σπηλαίῳ

1108 258 1158 294 τὴν
1169 258 1287 294 τροφὴν,
1301 259 1349 286 καὶ
1363 259 1566 294 προσκυνήσας,
1581 259 1629 286 καὶ
1643 259 1794 295 εὐωχηθεὶς
1805 260 1898 293 πάλιν,

1108 302 1163 330 τῶν
1178 302 1271 338 ὓμνων
1291 303 1443 338 ἀπήλαυεν,
1459 303 1598 338 ὲπιμόνως
1614 303 1665 338 τῆς
1687 303 1770 339 εὐχῆς
1787 304 1835 331 καὶ
1847 305 1900 340 τῆς
1945 334 1951 339 ,

1108 346 1226 382 Θεωρίας
1246 347 1386 382 ἐχόμενος,
1404 347 1509 374 θάλλων
1533 347 1683 382 ὁσημέραι,
1700 347 1747 374 καὶ
1763 347 1899 380 ἐπιδιδοὺς

1107 389 1147 425 τῷ
1166 390 1291 426 παρόντι,
1315 391 1362 417 καὶ
1386 391 1425 425 τῷ
1452 391 1577 426 μέλλοντι
1600 391 1650 425 τῆς
1671 390 1778 422 ἐλπίδος
1801 391 1848 418 ἐπὶ
1868 391 1899 418 τὸ

1109 434 1202 470 μεῖζον
1222 435 1376 470 προδαίνων
1393 435 1446 468 ἀεὶ,
1465 436 1511 462 καὶ
1529 435 1622 470 σχεδὸν
1634 435 1744 470 ὲθοὶρσει
1763 435 1827 470 περὶ
1847 435 1898 470 τῆς

1108 478 1249 513 ἀμείνονος
1271 478 1354 505 αὐτοῦ
1377 479 1488 511 λέξεως,
1507 479 1544 511 ὡς
1572 479 1641 513 έχων
1654 479 1739 514 αὐτὴν
1760 479 1789 505 ἐν
1805 480 1899 514 χερσὶν

1107 523 1169 558 ἤδη,
1185 522 1256 549 ὁκαὶ
1279 523 1392 557 γέγονεν
1411 523 1499 558 αὐτῷ,
1522 523 1621 558 μικροῦ
1641 523 1696 550 δεῖν
1713 522 1899 556 ἁποπεσόντος

1107 565 1139 592 ἐκ
1156 567 1204 593 τοῦ
1216 567 1286 602 μετὰ
1299 566 1386 594 ταῦτα
1400 567 1474 602 αὖτῷ
1488 566 1654 602 πειρασμοῦ.
1667 567 1699 593 Τί
1710 566 1765 602 γάρ
1779 567 1810 592 οὐ
1822 565 1899 600 λέγο-

1109 618 1159 645 μεν
1175 611 1258 637 αὐτοῦ
1282 610 1331 647 τὴν
1354 611 1421 646 παρ’
1443 611 1523 644 ὀλίγα
1549 611 1670 643 πτῶσιν;
1686 610 1724 641 ὡς
1739 610 1793 644 γὰρ
1811 611 1852 641 εἰς
1868 610 1899 636 τὸ

1108 655 1237 690 φρόνημα
1259 655 1338 682 τοῦτο
1360 655 1504 690 προῆλθεν,
1529 654 1624 682 ἔλαθεν
1650 654 1747 681 ἑαυτὸν
1776 654 1898 689 οἰόμενος

1108 699 1189 726 πλέον
1201 697 1271 727 εἷναί
1286 709 1313 726 τι
1324 699 1378 727 τῶν
1394 699 1510 731 πολλῶν,
1526 699 1573 725 καὶ
1585 699 1622 730 ὡς
1635 699 1694 734 ᾔδει
1708 707 1734 725 τι
1746 698 1823 732 παρὰ
1836 698 1899 730 τοὺς

1108 743 1204 776 ἄλλους
1213 744 1374 779 ἀνθρώπους
1383 744 1476 778 μεῖζόν
1489 752 1516 770 τι
1527 743 1705 778 κεκτημένοςο
1718 743 1764 770 καὶ
1777 742 1898 774 τοιοῦτος

1107 787 1144 813 ῶν
1158 787 1250 814 λοιπὸν
1262 787 1351 823 ἑαυτῷ
1362 789 1513 816 ἐπεποίθει.
1529 788 1660 814 Γεννᾶται
1674 787 1721 814 οὖν
1732 787 1783 813 οὐκ
1794 787 1834 818 εἰς
1847 795 1898 821 μα-

1107 830 1178 865 κρὰν
1199 830 1274 866 αὑτῷ
1294 831 1403 866 πρῶτόν
1422 840 1465 863 τις
1492 832 1578 867 μικρὰ
1597 830 1729 867 ῥᾳθυμία,
1746 831 1808 857 ὅσον
1829 830 1898 865 μηδὲ

1107 871 1178 901 εἷναι
1192 875 1328 910 ρᾳθυμίαν
1342 875 1446 902 δοκεῖν·
1464 873 1524 903 εἷτα
1544 875 1642 910 φύεται
1656 874 1757 910 μείζων
1770 874 1896 909 ἀμέλεια,

1107 915 1167 944 εἶτα
1176 918 1238 945 ὅσον
1245 919 1292 945 καὶ
1299 919 1424 954 αῐσθησιν
1433 917 1571 947 manlia).
1583 919 1637 954 γάρ
1646 919 1692 945 καὶ
1702 920 1734 945 ἐκ
1745 918 1798 944 τῶν
1805 917 1897 944 ὕπνων

1106 962 1287 999 ὀκνηρότερον
1297 963 1451 990 διανίστατο
1460 963 1527 999 πρὸς
1541 964 1604 995 τοὺς
1618 963 1729 998 ὕμνους,
1741 962 1787 988 καὶ
1801 962 1832 988 τδ
1843 962 1898 988 τῶν

1107 1007 1195 1042 εὐχῶν
1206 1007 1257 1042 ήδη
1267 1007 1425 1043 ἀργότερον,
1434 1009 1481 1034 καὶ
1494 1008 1508 1034 ό
1523 1007 1608 1043 ὕμνος
1621 1007 1670 1042 οὑχ
1685 1006 1771 1043 οὕτως
1783 1001 1897 1033 ἐκτετα-

1108 1051 1204 1086 μένος·
1220 1041 1269 1078 καὶ
1316 1041 1390 1087 ψυχὴ
1406 1041 1566 1087 βουλομένη,
1583 1041 1675 1086 φησὶν,
1694 1041 1896 1082 ἀναπαύεσθαι,

1107 1095 1155 1122 καὶ
1171 1096 1184 1122 ὁ
1198 1095 1260 1127 νοῦς
1272 1095 1354 1121 ἔπεσε
1377 1095 1463 1127 κάτω,
1478 1095 1526 1122 καὶ
1537 1095 1563 1122 οι
1580 1095 1705 1129 λογισμοὶ
1720 1093 1897 1130 ῥεμσασμούς

1109 1147 1184 1170 τινας
1211 1138 1348 1174 ἔπασχον·
1367 1138 1415 1166 καί
1439 1139 1491 1166 πού
1515 1147 1557 1171 τις
1578 1139 1606 1165 ὲν
1622 1140 1678 1170 τοῖς
1703 1138 1829 1174 κρυφίοις
1850 1138 1897 1164 καὶ

1108 1182 1223 1218 ἀμέλεια
1238 1183 1397 1218 ὲμελετᾶτο,
1414 1183 1484 1218 πλὴν
1501 1176 1584 1210 άλλνό
1600 1182 1712 1218 ἐθισμὸς
1725 1183 1758 1210 ὲκ
1771 1182 1825 1208 τῶν
1846 1182 1897 1216 εμ-

1108 1227 1226 1262 προσθεν
1240 1227 1347 1263 άπῆγέν
1365 1237 1424 1260 πως
1439 1229 1485 1255 ἐπὶ
1503 1228 1548 1254 τὸν
1562 1226 1694 1262 ἀσκητὴν,
1711 1226 1805 1261 ὥσπερ
1823 1226 1898 1262 ῥύμη

1107 1280 1150 1304 τις
1170 1272 1202 1298 ἐκ
1229 1272 1279 1307 τῆς
1299 1273 1386 1308 ὀρμῆς
1402 1272 1525 1308 ἐκείνης·
1543 1271 1588 1298 καὶ
1603 1270 1715 1303 διέσωζε
1739 1270 1818 1301 τέως.
1843 1269 1898 1296 Καί

1109 1324 1174 1343 ποτε
1190 1315 1318 1342 είσελθὼν
1338 1317 1407 1351 μετὰ
1425 1316 1476 1347 τὰς
1496 1315 1619 1351 συνήθεις
1636 1314 1719 1349 εὐχὰς
1733 1313 1801 1348 πρὸς
1816 1313 1899 1339 ἐσπέ-

1109 1368 1171 1396 ραν,
1185 1357 1263 1396 εὗρεν
1280 1359 1326 1387 τὸν
1339 1360 1421 1395 ἄρτον
1435 1360 1481 1386 ἐπὶ
1490 1359 1539 1394 τῆς
1558 1357 1697 1395 τραπέζης
1714 1356 1806 1384 θεόθεν
1823 1355 1900 1391 αὐτῷ

1109 1404 1321 1441 χορηγούμενον,
1339 1404 1386 1431 καὶ
1405 1404 1591 1438 ἀνεκτήσατοι
1608 1403 1636 1429 ἐν
1655 1401 1693 1437 νῷ
1710 1401 1739 1428 δὲ
1753 1401 1803 1432 τὰς
1816 1400 1900 1436 μειώ-

1110 1457 1167 1481 σεις
1190 1449 1297 1480 ἐκείνας
1316 1448 1366 1475 οὐκ
1389 1447 1556 1475 άπεῦάλετο·
1570 1446 1631 1473 οὐδὲ
1645 1445 1787 1480 ἐλογίσατο
1808 1445 1850 1471 ἔτι
1863 1444 1899 1471 τὰ

1110 1492 1294 1528 παροράματα
1317 1491 1366 1527 τὴν
1393 1491 1511 1526 σπουδὴν
1537 1490 1666 1526 βλάπτει,
1694 1489 1755 1517 οὐδὲ
1779 1489 1826 1516 ἐπὶ
1848 1488 1899 1524 τὴν

1112 1536 1182 1563 ῐασιν
1195 1536 1325 1572 ἐτρέπετο
1335 1536 1382 1562 τοῦ
1397 1535 1484 1562 κακοῦ
1494 1542 1503 1551 ⁸
1518 1534 1585 1562 ἀλλά
1598 1534 1696 1570 μικρὸν
1705 1533 1781 1569 ᾠήθη
1793 1532 1824 1559 τὸ
1833 1532 1899 1567 παρ’

1111 1581 1211 1615 ὀλίγον,
1223 1580 1277 1607 τῶν
1289 1580 1404 1607 δεόντων
1416 1580 1575 1607 ἀποπεσεῖν.
1589 1577 1740 1614 Τοιγαροῦν
1755 1577 1824 1612 ἔρως
1838 1578 1900 1604 ὲπι-

1112 1625 1210 1660 θυμίας
1230 1624 1357 1660 ἀρπάσας
1379 1624 1419 1655 είς
1436 1623 1482 1650 τὸν
1505 1623 1607 1658 κόσμον
1620 1622 1765 1657 ἀπήγαγεν
1785 1622 1841 1652 τοῖς
1853 1620 1900 1647 λο-

1111 1670 1236 1704 γισμοῖς·
1253 1669 1328 1704 ὅμως
1352 1668 1473 1703 ἐπισχὼν
1488 1667 1584 1694 έαυτδν
1603 1666 1674 1698 τέως
1698 1666 1747 1702 τὴν
1770 1665 1901 1692 ἐπιοῦσαν

1111 1714 1217 1749 ἡμέραν
1242 1713 1289 1740 ἐπὶ
1305 1713 1355 1748 τὴν
1375 1711 1477 1748 συνήθη
1505 1711 1672 1747 τρεπόμενος
1697 1710 1824 1744 ἄσκησιν,
1852 1709 1901 1735 καὶ
1927 1718 1930 1720 ·

1111 1757 1269 1792 εὐξάμενος,
1294 1757 1341 1783 καὶ
1361 1757 1485 1792 ὑμνήσας
1501 1755 1630 1782 εἰσελθὼν
1654 1755 1683 1781 ἐν
1702 1754 1742 1789 τῷ
1757 1753 1901 1788 σπηλαίῳ,

1111 1803 1156 1829 τὸν
1170 1802 1219 1838 μὲν
1231 1802 1314 1837 ἄρτον
1323 1798 1402 1836 εὗρεν
1416 1800 1491 1835 αὐτῷ
1507 1800 1718 1835 παρακείμενον·
1728 1799 1776 1833 οὐχ
1787 1797 1858 1824 οὕτω
1871 1796 1901 1823 δὲ

1112 1847 1230 1882 ἐπιμελῆ
1252 1848 1300 1873 καὶ
1323 1847 1454 1882 καθαρὸν,
1471 1845 1539 1872 ἀλλὰ
1556 1843 1751 1880 ρερυπωμένον
1765 1852 1823 1875 πως
1836 1843 1899 1878 ἤδη.

1112 1893 1168 1919 Καὶ
1188 1891 1334 1926 θαυμάσας
1359 1891 1406 1918 καὶ
1430 1891 1556 1926 κατηφής
1576 1898 1634 1921 πως
1653 1889 1809 1923 γενόμενος,
1825 1887 1901 1921 ὅμως

1113 1936 1228 1972 μετέσχε
1252 1936 1299 1962 καὶ
1322 1937 1502 1970 ἀνεκτήσατο.
1532 1935 1617 1970 Τρίτη
1642 1933 1691 1966 νὺξ
1714 1933 1821 1968 γέγονε,
1852 1932 1901 1958 καὶ

1111 1980 1273 2016 τριπλάσιον
1287 1980 1318 2006 τὸ
1336 1980 1420 2007 κακὸν
1435 1979 1621 2015 προσετίθετο.
1638 1977 1694 2005 Καὶ
1710 1977 1764 2012 γάρ
1775 1977 1871 2004 θᾶττον
1886 1977 1900 2002 ό

1111 2024 1174 2056 νοῦς
1190 2024 1266 2060 αὐτῷ
1280 2025 1336 2056 τοῖς
1354 2023 1495 2058 λογισμοῖς
1513 2021 1731 2058 ἐγκατέσκηψεν.
1756 2021 1789 2047 Ἦ
1804 2021 1900 2056 μνήμη

1110 2069 1139 2095 δὲ
1156 2069 1232 2104 αὐτῷ
1251 2068 1289 2100 ὡς
1303 2068 1336 2094 ἂν
1353 2067 1496 2103 παρούσης
1514 2067 1644 2102 γυναικὸς
1666 2067 1714 2093 καὶ
1738 2073 1900 2092 συνανακει-

1113 2113 1197 2148 μένης
1211 2112 1400 2140 συνδιετίθετο.
1427 2112 1483 2138 Καὶ
1511 2111 1541 2137 τὸ
1561 2112 1679 2146 πρᾶγμα
1703 2110 1732 2136 ὲν
1750 2108 1899 2144 ὀφθαλμοῖς

1112 2153 1195 2192 εἶχεν,
1220 2157 1267 2183 καὶ
1283 2157 1321 2189 ὡς
1343 2156 1471 2191 πράττων
1488 2155 1553 2182 αὐτὸ
1571 2154 1696 2181 διετέλει.
1731 2152 1842 2188 Ἐξῆλθε
1870 2152 1900 2178 δὲ

1112 2201 1186 2236 ὅμως
1206 2201 1252 2227 καὶ
1271 2201 1320 2236 τὴν
1334 2200 1429 2235 τρίτην
1444 2199 1553 2235 ἡμέραν
1570 2199 1616 2225 επὶ
1630 2198 1660 2225 τὺ
1679 2197 1771 2233 ἔργον,
1789 2197 1836 2223 καὶ
1850 2197 1901 2231 τὴν

1112 2245 1193 2281 εὐχὴν
1205 2246 1252 2273 καὶ
1259 2246 1321 2276 τοὺς
1335 2244 1446 2280 ὕμνους,
1462 2243 1554 2270 οὐκέτι
1568 2243 1691 2278 καθαράς
1706 2243 1776 2277 ἔχων
1790 2243 1839 2273 τὰς
1859 2243 1902 2268 ὲν-

1113 2290 1259 2326 θυμήσεις⁴
1274 2288 1342 2316 ἀλλὰ
1355 2289 1445 2315 πυκνὰ
1455 2287 1709 2324 μεταστρεφόμενος
1721 2285 1902 2321 μετεωρίζετο

1111 2335 1174 2365 τοὺς
1189 2333 1344 2368 ὀφθαλμοὺς
1357 2329 1407 2360 ὦδε
1420 2333 1500 2360 κάκεῖ
1514 2331 1673 2363 ἀκοντίζων.
1689 2331 1836 2365 Διέτεμνον
1847 2330 1904 2365 γὰρ

1113 2377 1196 2404 αὑτοῦ
1211 2377 1242 2404 τὸ
1259 2376 1341 2404 καλὸν
1357 2376 1438 2412 ἔργον
1451 2376 1480 2402 αἱ
1496 2376 1602 2411 μνῆμαι
1618 2374 1672 2401 τῶν
1690 2373 1903 2410 ἐνθυμημάτων.

1119 2421 1254 2457 Ἐσπέρας
1267 2421 1312 2448 οὖν
1325 2421 1477 2456 ἐπανῆλθεν
1489 2420 1571 2456 άρτον
1584 2420 1720 2455 δεόμενος,
1737 2419 1783 2445 τὸν
1793 2418 1822 2445 δὲ
1839 2414 1905 2453 εὗρε

1115 2467 1164 2503 μὲν
1172 2467 1200 2494 ὲν
1207 2467 1240 2501 τῇ
1248 2465 1371 2501 τραπέζῃ
1379 2463 1434 2493 οἷον
1442 2465 1494 2492 ὑπὸ
1502 2465 1588 2500 μυιῶν
1596 2465 1612 2500 ἦ
1620 2463 1711 2491 κυνῶν
1717 2462 1904 2498 βεδρωμένον,

1115 2511 1161 2538 καὶ
1171 2510 1297 2546 λείψανόν
1303 2519 1329 2536 τι
1338 2511 1392 2536 τῶν
1401 2509 1491 2545 ξηρῶν
1499 2507 1685 2542 ἐξωθενέτότε
1697 2508 1784 2534 στένει
1797 2507 1845 2542 μὲν
1855 2508 1907 2533 καὶ

1114 2554 1241 2591 δακρύει,
1259 2554 1317 2582 ἀλλ’
1333 2555 1383 2590 οὐχ
1404 2555 1465 2581 ὅσον
1478 2554 1581 2587 ἱκανὸν,
1597 2553 1658 2580 οὐδὲ
1669 2553 1730 2580 ὅσον
1751 2552 1906 2579 ἐπιστεῖλαι

1114 2599 1163 2635 τὴν
1179 2599 1304 2631 ἀτοπίαν,
1325 2599 1372 2626 καὶ
1385 2599 1515 2634 στραφεὶς
1527 2598 1576 2633 οὐχ
1591 2597 1652 2625 ὅσον
1673 2597 1779 2633 ἤθελεν,
1794 2596 1907 2630 ἕτοιμος

1114 2641 1149 2680 ἦν
1166 2643 1385 2671 ἀναπαύσασθαι.
1421 2643 1554 2677 Ἐπῆλθον
1582 2642 1610 2669 δὲ
1632 2641 1706 2676 αὐτῷ
1727 2642 1751 2667 οι
1779 2639 1909 2674 λόγισμιὶ

1116 2686 1221 2722 ἀθρόως
1235 2686 1368 2714 πάντοθεν
1383 2685 1464 2712 αὑτὸν
1480 2684 1664 2720 περιέχοντες,
1682 2683 1729 2710 καὶ
1742 2680 1909 2717 πολεμοῦσιν

1116 2730 1199 2758 αὐτοῦ
1218 2730 1266 2765 τὴν
1278 2730 1409 2762 διάνοιαν,
1430 2731 1477 2756 καὶ
1495 2729 1575 2760 εὐθὺς
1591 2728 1766 2763 αἰχμάλωτον
1783 2726 1910 2760 αἴρουσιν

1116 2775 1156 2806 είς
1177 2775 1222 2801 τὸν
1238 2774 1349 2809 κόσμον.
1377 2772 1508 2804 Ἀναστὰς
1533 2772 1561 2798 δὲ
1576 2771 1664 2807 ᾤχετο
1689 2771 1735 2797 ἐπὶ
1753 2770 1802 2806 τὴν
1816 2769 1910 2795 οἰκου-

1119 2819 1203 2854 μένην
1218 2817 1264 2845 διά
1282 2819 1330 2853 τῆς
1348 2818 1453 2853 ἐρήμου
1480 2815 1666 2854 νυκτοπορῶν.
1691 2812 1911 2846 ΚαταΜβοὺσης

1117 2852 1145 2889 δὲ
1160 2852 1241 2889 αθτὸν
1251 2863 1300 2898 τῆς
1309 2852 1429 2897 ἡμέρας,
1441 2861 1488 2888 καὶ
1502 2860 1551 2895 τῆς
1563 2852 1725 2895 οίκούμενης
1742 2858 1784 2885 ἔτι
1800 2856 1913 2893 μακρὰν
