2079 3157
193 187 261 215 1125

828 184 988 213 HISTORIA
1009 184 1188 213 LAUSIACA.

1743 186 1811 215 1126

190 244 216 272 111
235 243 350 277 ﬂetibus,
366 251 399 271 ne
423 250 500 271 aures
518 241 624 277 quidem
646 241 686 269 eis
710 240 858 275 pmbebat,
873 244 901 268 et
923 246 972 268 nec
987 241 1013 271 Α
1025 247 1085 275 qua:
1100 247 1153 268 non
1167 245 1311 269 cernuntur
1322 245 1351 269 et
1364 245 1513 276 sperantur,
1530 245 1557 269 et
1577 248 1662 275 neque
1681 241 1814 270 diuturni-

190 290 300 317 verbtnn
313 288 488 324 respondebat
498 295 556 315 eum
567 287 612 313 diu
627 286 780 320 urgentibus
790 285 973 318 daemonibus;

190 341 341 369 postquam,
367 334 489 368 inquam,
515 331 581 359 nihil
604 332 764 364 eﬂ'ecerunt,
790 331 882 358 eadem
903 337 974 365 saepe

189 379 226 406 illi
243 380 370 413 dicentes,
386 382 545 411 accept-runt
563 385 624 404 eum
640 377 701 404 mali
717 381 745 404 et
766 383 857 410 turpes
876 376 975 404 dromo-

192 431 249 458 rres,
272 429 298 451 et
321 429 405 451 totum
427 424 484 457 ejus
507 431 603 456 corpus
629 423 698 450 niale
728 423 886 454 multarunt,
912 430 973 450 eum

192 469 306 503 graviter
325 469 413 503 ﬂagris
428 469 577 501 caedentes;
594 473 621 495 ct
636 475 695 494 cum
710 475 772 494 eum
787 468 902 502 graviter
918 473 972 495 tor~

192 513 305 545 sissent,
321 514 441 541 abierunt
461 520 493 540 eo
508 513 602 540 relicro
622 513 804 539 semimortuo.
821 512 867 540 Ille
885 517 972 540 autem

193 557 275 584 nihilo
299 558 384 584 secius
410 557 552 584 immobilis
576 556 681 591 jacebat
705 557 748 584 ubi
771 564 832 584 eum
856 556 973 592 relique-

191 606 267 633 runt,
292 609 383 628 rursus
410 609 519 636 gemens
544 605 683 636 postquam
709 601 827 628 animum
857 602 973 637 college-

191 650 242 672 rat.
257 645 323 672 Cum
346 651 432 672 autent
446 645 503 680 ejus
523 645 665 672 necessarii
686 653 747 672 eum
770 645 975 680 investigasscnt

191 695 219 718 et
238 691 415 725 invenissent,
431 696 458 719 et
472 698 578 718 causam
600 691 658 725 ejus
677 691 747 725 quod
762 692 845 726 ipsius
866 692 972 726 COIPOTI

189 737 320 764 acciderat
332 737 501 770 didicissent,
516 737 644 771 rogabant
663 744 723 764 eutn
739 741 768 764 ut
780 737 888 764 domum
904 737 973 765 redi-

189 789 249 812 ret:
264 784 286 812 is
305 789 391 811 nutem
413 791 473 811 cum
488 784 538 811 vim
554 784 578 811 ei
591 791 661 818 smpe
677 784 845 817 attulissent,
864 784 971 811 restitit.

189 827 292 855 Rursus
314 833 400 856 autern
422 821 544 862 sequenti
560 833 639 856 nocte
653 836 713 856 eum
727 828 822 856 iisdem
835 829 869 856 de
884 829 972 857 causis

189 874 264 908 pejus
277 882 354 908 quam
370 874 441 908 prius
456 873 601 901 all‘ecerunt
612 873 762 906 dar-mones;
777 878 804 901 et
817 881 850 901 ne
861 874 900 901 sic
913 875 974 909 qui-

186 919 246 946 dem
270 920 328 954 ejns
349 919 536 954 consanguinei
557 919 582 946 ei
607 919 766 953 persuadent
786 924 817 947 ut
838 920 968 954 emigrct,
985 916 1008 946 Β

186 963 278 991 dicens
292 967 374 991 satius
394 972 454 992 esse
468 965 533 991 mori
547 972 625 998 quam
638 965 730 992 vivere
750 966 775 992 in
795 965 891 992 talibus
907 966 970 992 vitze

185 1009 307 1036 maculis.
323 1009 410 1036 Tertia
426 1017 477 1036 nox
495 1010 684 1044 propemodum
706 1010 767 1037 fecit
786 1015 816 1037 ut
828 1010 970 1039 excederet

185 1055 219 1082 ab
230 1054 389 1089 hominibus,
400 1063 459 1082 cum
471 1055 620 1082 crudelibus
633 1056 770 1082 tormentis
782 1056 808 1083 in
820 1063 881 1083 eum
893 1056 967 1083 inva-

185 1100 282 1127 sissent
296 1100 441 1131 daamones,
456 1103 484 1127 et
502 1108 562 1128 eum
577 1106 717 1128 vexassent
738 1108 821 1135 usque
835 1101 867 1128 ad
881 1105 968 1129 extre-

186 1152 258 1171 mum
280 1145 410 1178 spiritum.
433 1145 576 1180 Postquam
592 1150 680 1172 autem
695 1146 816 1173 viderunt
831 1153 892 1173 eum
916 1154 967 1174 non

183 1188 361 1221 concessisse,
385 1195 570 1222 recesserunt,
593 1189 701 1217 homine
723 1191 817 1217 relicto
838 1191 967 1218 exanimi.

185 1232 348 1260 Recedentes
362 1234 450 1268 itaque
460 1234 652 1267 exclamarunt,
664 1235 783 1262 dicentes
795 1243 803 1262 :
817 1235 918 1267 Vicisti,
931 1236 969 1262 vi-

184 1275 258 1309 cisti,
271 1276 370 1304 vicisti.
382 1278 471 1312 Neque
483 1279 507 1305 ei
522 1279 633 1313 amplius
646 1279 747 1313 aliquid
759 1280 820 1307 mali
832 1281 965 1313 occurrit;

184 1321 231 1348 sed
245 1322 271 1349 in
287 1322 428 1356 purissimo
442 1323 565 1357 sepulcro
580 1331 644 1357 pure
659 1325 786 1353 habitavit
804 1325 867 1352 dum
883 1326 966 1358 vixit,

185 1374 276 1402 puram
290 1375 418 1396 exercens
431 1369 565 1396 virtutem.
583 1369 607 1396 ls
622 1370 675 1397 Deo
692 1377 796 1405 quoque
809 1370 859 1398 fuit
874 1371 969 1406 pretio-

183 1421 240 1447 sus,
258 1420 285 1442 et
304 1414 455 1448 virtutibus,
477 1417 660 1444 miraculorum
680 1417 878 1449 etfectionibus;
898 1417 965 1445 adeo

184 1464 213 1487 ut
228 1464 254 1487 (ιι
268 1461 364 1488 multos
379 1462 405 1488 in
416 1461 615 1489 admirationem
631 1462 779 1496 induxerit,
793 1468 820 1490 et
834 1464 865 1490 ad
879 1465 965 1491 zelum

183 1505 326 1534 adduxerit
339 1511 367 1534 et
379 1508 572 1534 aemulationem
587 1507 758 1535 honestorum
773 1509 963 1536 institutorum.

183 1551 248 1578 llinc
264 1552 359 1579 factum
381 1557 422 1580 est
444 1558 473 1580 ut
495 1554 569 1581 multi
592 1561 695 1588 quoque
713 1561 747 1581 ex
771 1554 803 1582 iis
821 1555 865 1589 qui
880 1555 913 1582 de
934 1562 964 1582 se

1027 290 1080 314 tate
1089 287 1114 313 ei
1135 293 1232 321 corpus
1242 286 1435 320 macerabatur,
1445 293 1530 321 neque
1539 287 1668 314 maerebat
1678 286 1812 321 tristisque

1025 336 1083 359 erat
1094 331 1194 363 anima,
1203 331 1249 358 sed
1261 331 1286 358 in
1297 331 1412 366 quodam
1423 332 1534 358 honesto
1543 339 1573 358 ac
1582 331 1732 359 Venerando
1741 336 1813 360 statu

1026 377 1124 405 bonum
1139 376 1252 404 habebat
1264 377 1393 404 habitum.
1407 377 1504 404 Verum
1518 377 1654 404 enimvero
1669 378 1738 405 Deus
1750 385 1811 406 eum

1026 422 1177 453 honoraris,
1203 427 1263 457 post
1289 422 1446 456 praeﬁnitum
1471 423 1598 456 temporis
1622 423 1806 450 intervallum.

1024 467 1104 494 dabat
1115 467 1139 494 ei
1151 474 1231 500 super
1244 474 1362 494 mensam
1376 474 1470 502 panem
1484 466 1596 494 duorum
1610 467 1650 494 vel
1665 468 1741 494 trium
1757 468 1812 495 die-

1024 521 1093 545 rum,
1108 517 1137 540 ut
1149 506 1176 540 et
1190 513 1334 545 videretur,
1348 517 1374 540 et
1388 517 1474 545 esset,
1489 517 1517 540 et
1529 520 1561 540 eo
1577 517 1704 539 uteretur.
1720 512 1752 539 Et
1766 512 1810 540 in-

1023 558 1145 593 gradiens
1160 558 1185 585 in
1201 558 1374 592 speluncam,
1390 558 1494 592 quando
1509 558 1641 585 sentiebat
1658 565 1756 592 corpus
1770 558 1811 585 in-

1024 599 1124 641 digere,
1144 606 1295 633 inveniebat
1318 607 1518 633 nutrimentum.
1540 605 1574 632 Et
1594 613 1655 632 cum
1671 605 1811 633 adorasset

1022 657 1050 680 et
1062 653 1150 680 cibum
1165 656 1322 685 sumpsisset
1332 672 1339 684 ,
1355 651 1459 686 hymnis
1480 659 1572 678 rursus
1587 650 1733 684 fruebatur,
1749 658 1810 685 per-

1023 705 1150 725 severans
1166 698 1191 724 in
1208 698 1331 731 precibus
1346 702 1372 724 et
1386 697 1620 730 contemplatione,
1635 697 1661 723 in
1679 697 1737 724 dies
1750 704 1810 732 ger-

1023 744 1137 777 minans,
1149 748 1177 771 et
1190 751 1219 771 se
1232 744 1338 771 tradens
1351 744 1476 778 prtesenti
1492 743 1582 770 virtuti
1593 747 1619 770 et
1633 742 1728 770 futurae
1739 743 1807 777 spei,

1022 796 1128 823 semper
1143 789 1225 823 magis
1240 790 1374 824 magisque
1390 790 1579 824 progrediens;
1595 795 1622 817 et
1636 789 1692 817 fere
1705 790 1759 824 jam
1772 789 1807 816 de

1022 834 1128 861 meliori
1142 841 1189 861 sua
1204 839 1277 862 sorte
1289 835 1457 869 conﬁdebat,
1478 840 1601 869 tanquam
1613 835 1668 869 jam
1683 842 1742 863 eam
1759 836 1808 861 ha-

1023 879 1099 908 beret
1114 880 1140 907 in
1156 881 1297 908 manibus:
1310 881 1379 915 quod
1401 881 1480 909 etiam
1502 881 1551 908 fuit
1566 882 1590 908 ei
1611 889 1690 908 causa
1705 881 1805 915 lapsus,

1022 932 1082 951 cum
1099 926 1290 960 propemodum
1305 926 1438 953 excideret
1452 934 1500 961 per
1513 934 1571 953 eam
1586 933 1645 960 quas
1659 926 1744 960 ipsum
1760 933 1807 960 po-

1021 973 1078 996 stea
1092 969 1186 996 invasit
1200 969 1379 997 tentationem.
1394 970 1460 1004 Quid
1471 971 1541 998 enim
1557 978 1609 998 non
1623 970 1736 997 dicimus
1746 971 1805 1004 eius

1021 1022 1081 1042 eum
1101 1015 1144 1049 qui
1164 1022 1248 1050 prope
1263 1015 1310 1042 luit
1323 1016 1434 1042 casum?
1449 1016 1590 1051 Postquam
1603 1015 1673 1043 enim
1688 1015 1721 1043 ad
1736 1016 1803 1046 hanc

1021 1060 1150 1094 processit
1164 1061 1367 1095 cogitationem,
1389 1061 1514 1095 paulatim
1531 1061 1684 1096 imprudens
1703 1069 1736 1089 eo
1756 1061 1806 1089 de-

1019 1106 1110 1138 venit,
1125 1110 1153 1132 ut
1173 1105 1339 1133 existimaret
1358 1113 1388 1133 se
1402 1113 1462 1134 esse
1477 1106 1558 1140 pluris
1579 1114 1657 1141 quam
1679 1107 1757 1141 alios,
1777 1111 1806 1134 et

1017 1149 1072 1185 jam
1087 1151 1171 1184 majus
1187 1151 1248 1186 quid
1262 1151 1398 1185 possidere
1409 1159 1487 1186 quam
1501 1152 1544 1178 alii
1559 1152 1694 1184 homines;
1706 1157 1804 1180 etcum

1021 1196 1079 1222 talis
1093 1200 1179 1228 esset,
1191 1196 1246 1230 jam
1262 1195 1386 1229 deinceps
1402 1195 1428 1222 in
1447 1196 1536 1230 seipso
1557 1195 1647 1222 habuit
1667 1195 1803 1223 ﬁduciam.

1020 1241 1050 1269 Ei
1075 1249 1138 1276 ergo
1156 1241 1273 1276 gignitur
1292 1241 1361 1268 haud
1382 1241 1418 1268 ita
1442 1241 1486 1268 diu
1511 1245 1570 1274 post
1592 1242 1705 1274 primum
1722 1248 1802 1275 parva

1019 1287 1138 1321 quaedam
1153 1287 1232 1314 animi
1247 1287 1382 1320 remissio,
1395 1291 1425 1314 ut
1436 1293 1468 1314 ne
1479 1286 1612 1314 videretur
1623 1287 1729 1321 quidem
1742 1294 1803 1314 esse

1019 1331 1151 1359 remissio.
1167 1331 1268 1359 Deinde
1286 1333 1371 1359 oritur
1393 1333 1477 1367 major
1498 1332 1668 1367 negligentia,
1682 1339 1741 1366 quze
1755 1331 1803 1359 de-

1018 1377 1081 1404 inde
1099 1385 1215 1412 eousque
1230 1385 1369 1412 progressa
1382 1382 1422 1404 est
1436 1383 1464 1404 ut
1477 1378 1637 1409 sentiretur;
1652 1384 1712 1404 nam
1725 1381 1754 1405 et
1766 1383 1801 1404 ex

1018 1429 1112 1450 somno
1132 1423 1231 1450 tardius
1246 1422 1371 1457 surgebat
1384 1424 1417 1450 ad
1441 1423 1563 1458 hymnos,
1579 1426 1606 1450 et
1619 1425 1695 1449 erant
1709 1428 1803 1457 preces

1018 1469 1096 1502 paulo
1109 1468 1259 1502 otiosiores,
1277 1475 1326 1496 nec
1340 1468 1453 1503 hymnus
1467 1468 1534 1495 adeo
1549 1467 1682 1502 prolixus,
1697 1472 1726 1495 et
1739 1467 1803 1496 dicit

1017 1515 1040 1540 ei
1056 1513 1142 1540 anima
1156 1521 1186 1541 se
1202 1514 1271 1541 velle
1286 1513 1462 1549 requiescere,
1476 1517 1504 1541 et
1518 1521 1593 1541 mens
1608 1515 1633 1542 ei
1649 1514 1758 1546 annuit;
1773 1518 1802 1541 et

1017 1560 1180 1588 ﬂuctuabant
1191 1565 1219 1588 et
1238 1562 1401 1595 vagabantur
1414 1560 1441 1588 ei
1454 1561 1638 1595 cogitationes,
1651 1565 1679 1588 et
1688 1559 1744 1595 iam
1757 1567 1803 1588 oc-

181 1597 258 1624 valde
271 1598 484 1633 desperaverant,
500 1599 582 1626 bonas
597 1599 716 1626 actiones
729 1600 845 1633 aggressi
859 1599 923 1631 sint,
936 1603 964 1626 et

1020 1606 1086 1634 culte
1099 1606 1197 1641 atiquid
1218 1607 1327 1634 absurdi
1349 1606 1534 1634 meditabatur.
1555 1606 1608 1634 Sed
1624 1606 1697 1640 prior
1709 1613 1802 1633 assue-

182 1648 213 1668 se
226 1647 298 1669 recte
320 1644 468 1677 gesserint,
483 1643 573 1678 eisque
597 1643 693 1671 factum
708 1649 749 1671 est
762 1644 788 1671 id
808 1645 877 1679 quod
899 1644 964 1672 dicit

182 1687 316 1722 Scriptura
333 1696 340 1714 :
356 1687 449 1716 Omnis
464 1689 508 1724 qui
530 1689 646 1724 scipsum
666 1689 787 1716 bumiliat
804 1690 964 1717 exaltabitur

182 1731 269 1765 (Lacte
282 1733 347 1768 xtv).
361 1733 496 1767 Prazcipue
506 1742 579 1769 ergo,
592 1741 608 1761 ο
621 1735 677 1768 tilii,
692 1742 863 1762 exerceamus
879 1735 964 1762 humi-

183 1777 298 1810 litarent,
313 1785 372 1812 quae
385 1783 426 1805 est
441 1779 636 1806 fundamentum
653 1780 765 1814 primum
779 1780 898 1807 omnium
911 1781 965 1807 vir-

183 1827 277 1850 tutum.
294 1823 375 1850 Nobis
388 1827 475 1850 autem
490 1825 601 1851 multum
616 1831 720 1859 quoque
732 1824 836 1852 confert
850 1825 964 1853 solitudo

183 1867 284 1902 longior
297 1873 323 1895 et
335 1868 472 1896 remotior.

462 1924 572 1953 CAPUT
592 1925 682 1953 XLVI.

183 1981 241 2007 Alia
255 1981 370 2008 narratio
383 1981 479 2009 abbatis
492 1982 610 2023 Joannis,
624 1983 655 2023 de
664 1990 692 2010 eo
705 1983 748 2017 qui
763 1984 858 2018 lapsus,
874 1983 964 2011 ductus

470 2023 505 2043 ιιι
519 2019 676 2052 ptznt'muia.
826 2048 828 2051 ι

218 2061 279 2089 Fuit
291 2063 360 2089 enim
376 2062 443 2089 alius
464 2071 569 2098 quoque
585 2064 730 2091 monachus
744 2064 788 2098 qui
812 2056 964 2092 ulteriorem

182 2111 322 2141 (occuparat
346 2108 532 2141 solitudinem,
554 2115 579 2136 et
600 2109 688 2136 multis
709 2110 786 2137 annis
806 2118 835 2138 se
855 2116 926 2138 recte
940 2116 966 2139 et

182 2161 215 2181 cx
237 2154 331 2181 virtute
354 2159 472 2188 gesserat
496 2154 593 2189 (Ra/fi,
606 2153 650 2182 lib.
665 2163 697 2188 n,
711 2164 767 2191 cap.
784 2156 822 2190 I).
837 2156 886 2190 Qui
902 2164 963 2184 cum

182 2205 252 2227 esset
271 2199 396 2235 deinceps
418 2201 492 2228 senio
513 2201 659 2234 conlectus,
675 2203 824 2229 tentabatur
838 2210 852 2229 a
867 2203 966 2229 datmo-

184 2254 245 2272 num
268 2247 379 2274 insidiis.
403 2246 543 2274 Silentium
567 2247 639 2275 enim
660 2248 736 2275 valde
759 2248 966 2282 amplectebatur

184 2291 353 2323 cxercitator,
369 2295 396 2318 et
418 2292 445 2319 in
470 2292 633 2320 orationibus
651 2297 678 2320 et
702 2293 807 2328 hymnis
828 2298 855 2321 et
876 2294 965 2321 multis

185 2337 450 2371 contemplationibus
462 2338 532 2364 diem
545 2338 716 2373 transigcbat,
728 2343 755 2366 ct
766 2339 880 2366 visiones
893 2347 967 2373 quas-

185 2382 244 2408 dam
258 2382 361 2409 divinas
380 2383 451 2410 clare
467 2383 585 2415 videbat,
604 2384 698 2417 partim
721 2384 826 2418 quidem
843 2385 964 2418 vigilans,

185 2427 278 2461 partim
292 2435 355 2454 vero
367 2429 446 2454 etiam
462 2428 487 2455 iu
501 2429 617 2461 somnis;
634 2434 660 2456 et
673 2430 758 2456 somni
776 2430 965 2464 propemodum

184 2479 280 2506 expers
295 2473 431 2500 tenebatur
442 2481 457 2500 a
469 2473 519 2500 vita
535 2474 700 2508 incorporea,
715 2483 766 2501 non
779 2480 876 2502 terram
893 2476 967 2509 plan-

187 2523 255 2548 taus,
276 2524 361 2551 neque
384 2518 467 2544 victus
487 2518 564 2545 ullam
586 2527 674 2546 curam
697 2527 803 2553 gerens,
829 2528 915 2554 neque
938 2519 966 2548 in

187 2562 281 2594 plantis
296 2569 417 2596 qumrens
432 2563 501 2596 quod
522 2564 610 2597 egenti
634 2565 762 2598 prmbcret
782 2565 896 2599 corpori.
914 2565 967 2593 Sed

185 2615 271 2640 neque
285 2608 375 2633 avium
395 2608 551 2641 aucupium,
568 2616 653 2642 ireque
668 2609 749 2636 ullum
764 2610 862 2636 animal
879 2617 969 2644 perse-

185 2653 328 2686 quebalur;
346 2652 391 2678 sed
408 2651 502 2678 ﬁducia
519 2654 620 2686 plenus,
638 2661 670 2680 ex
686 2661 737 2688 quo
753 2661 784 2680 ex
800 2655 908 2688 regione
923 2655 969 2681 Ita-

185 2698 284 2724 hitabili
301 2699 362 2725 iliuc
383 2700 523 2732 migrarat,
545 2698 643 2724 nullam
663 2699 776 2726 habebat
796 2699 924 2727 ratiOnem
940 2705 968 2727 ut

185 2743 210 2769 ei
226 2748 391 2776 permaneret
402 2751 498 2777 corpus
508 2745 636 2770 nutritum
647 2764 654 2775 ,
667 2745 713 2771 sed
727 2745 845 2772 omnium
859 2746 966 2778 oblitus,

187 2795 215 2814 se
231 2788 345 2821 perfecto
357 2790 503 2816 sustinebat
517 2790 542 2816 in
561 2789 642 2816 Deum
656 2789 797 2822 desiderio,
811 2796 969 2824 exspectans

189 2833 369 2866 vocationem,
383 2840 409 2860 et
431 2842 461 2861 ex
486 2834 535 2861 hoc
557 2835 654 2860 mundo
677 2835 878 2868 migrationem;
893 2840 919 2862 et
942 2840 970 2862 ut

188 2878 331 2911 plurimum
373 2879 479 2914 quidem
527 2879 650 2907 nIebatut‘
688 2880 863 2907 delectatione
877 2887 967 2909 eorum

1016 1651 1096 1679 factio
1111 1651 1197 1678 adhuc
1209 1652 1412 1679 exercitatorem
1427 1651 1624 1686 quodammodo
1637 1651 1801 1684 abducebat,

1014 1696 1094 1723 veluti
1106 1697 1212 1730 quidam
1225 1702 1311 1724 motus
1322 1704 1355 1724 ex
1371 1696 1451 1731 priori
1465 1696 1509 1723 illa
1522 1695 1686 1729 incitatione,
1699 1700 1727 1724 et
1737 1703 1799 1724 eum

1016 1741 1121 1767 interim
1135 1741 1318 1768 conservabat.
1332 1741 1365 1768 Et
1376 1741 1517 1776 aliquando
1530 1746 1591 1776 post
1602 1741 1696 1768 solitas
1709 1748 1802 1776 preces

1015 1787 1150 1821 ingressus
1160 1794 1281 1821 vespere,
1297 1787 1397 1814 invenit
1411 1793 1505 1820 panem
1518 1793 1599 1821 super
1612 1793 1741 1819 mensam,
1753 1787 1799 1821 qui

1016 1832 1039 1858 ei
1061 1831 1277 1865 suppeditabatur
1297 1831 1435 1863 divinitus,
1449 1835 1477 1858 et
1489 1837 1519 1858 se
1541 1830 1642 1858 refecit.
1658 1830 1720 1863 Quo
1734 1835 1800 1858 tem-

1017 1884 1080 1911 pore
1093 1883 1142 1903 nec
1154 1877 1212 1904 illas
1223 1876 1400 1904 exsecrabiles
1411 1876 1508 1910 abjecit
1517 1875 1700 1910 cogitationes,
1714 1883 1800 1909 neque

1017 1922 1149 1956 reputavit
1169 1922 1284 1948 animam
1301 1921 1362 1948 laedi
1377 1928 1392 1947 a
1406 1921 1614 1954 contemptione,
1630 1927 1716 1954 neque
1736 1927 1801 1947 cou-

1018 1974 1110 1994 versns
1122 1974 1163 1995 est
1177 1967 1209 1995 ad
1232 1967 1401 2002 quatrendam
1417 1967 1479 1994 mali
1500 1967 1678 1999 curationem;
1693 1965 1739 1993 sed
1755 1973 1802 1999 pa-

1017 2021 1075 2041 rum
1095 2014 1172 2041 duxit
1195 2020 1287 2048 parum
1300 2013 1393 2040 abesse
1408 2013 1548 2046 quominus
1571 2011 1705 2039 excideret
1719 2011 1752 2038 ab
1768 2010 1800 2037 iis

1016 2069 1075 2096 qua:
1089 2060 1165 2088 decet
1187 2061 1284 2087 facere.
1308 2061 1391 2087 Amor
1408 2060 1496 2094 itaque
1509 2059 1659 2094 cupiditatis
1678 2065 1739 2085 eum
1758 2065 1802 2085 ra-

1017 2111 1092 2142 ptum
1107 2107 1268 2141 cogitatione
1282 2106 1308 2132 in
1333 2106 1466 2140 regionem
1486 2105 1598 2132 abduxit
1620 2104 1800 2131 habitabilem.

1017 2151 1084 2179 Cum
1098 2159 1127 2179 se
1143 2141 1230 2179 tamen
1246 2152 1351 2178 interim
1373 2151 1537 2178 cohibuisset
1554 2150 1579 2177 in
1595 2150 1664 2178 diem
1685 2157 1801 2184 sequen-

1018 2203 1070 2224 tcm
1080 2217 1088 2230 ,
1105 2197 1136 2224 ad
1151 2201 1305 2224 consuetam
1329 2203 1472 2223 conversus
1494 2195 1709 2223 exercitationem
1719 2215 1726 2228 ,
1742 2201 1802 2222 cum

1017 2246 1121 2269 orasset
1143 2247 1170 2269 et
1193 2242 1305 2277 hymnos
1327 2241 1455 2274 dixisset,
1475 2241 1608 2275 ingressus
1631 2242 1803 2275 speluncam,

1019 2288 1118 2316 invenit
1133 2288 1238 2322 quidem
1254 2295 1348 2322 panem
1363 2288 1413 2315 sibi
1427 2287 1593 2322 appositum,
1609 2287 1655 2314 sed
1676 2294 1729 2313 non
1750 2291 1803 2313 tam

1019 2335 1162 2369 diligenter
1171 2334 1331 2366 confectura,
1348 2341 1397 2361 nec
1415 2337 1468 2360 tam
1486 2341 1592 2367 purum,
1605 2333 1651 2360 sed
1668 2333 1803 2360 sordidum

1019 2386 1045 2408 et
1058 2381 1230 2414 inquinatum.
1243 2379 1292 2413 Qui
1304 2380 1353 2406 etsi
1364 2383 1436 2406 essat
1449 2378 1475 2406 id
1488 2378 1644 2410 admiratus,
1657 2382 1683 2406 et
1697 2377 1803 2404 tristitia

1020 2426 1139 2459 aﬂectus,
1151 2425 1264 2460 sumpsit
1277 2431 1365 2453 tamen
1373 2446 1381 2458 ,
1392 2429 1420 2452 et
1428 2432 1457 2452 se
1468 2425 1570 2452 refecit.
1583 2424 1716 2452 Successit
1728 2423 1804 2451 tertia

1021 2479 1090 2504 uox,
1105 2476 1132 2498 et
1157 2471 1251 2505 triplex
1276 2471 1374 2497 malum
1398 2469 1508 2497 addidit.
1527 2470 1630 2497 Etenim
1650 2476 1725 2496 mens
1746 2469 1805 2501 ejus

1020 2517 1074 2544 cito
1088 2517 1181 2549 irrupit
1196 2517 1222 2542 in
1242 2515 1426 2551 cogitationes.
1447 2516 1484 2542 Ita
1499 2520 1586 2543 autem
1601 2521 1658 2542 erat
1673 2515 1698 2542 ei
1711 2515 1805 2542 auecta

1021 2562 1159 2596 memoria,
1172 2567 1201 2589 ut
1214 2562 1347 2590 videretur
1362 2570 1415 2589 una
1427 2570 1486 2589 cum
1508 2568 1541 2589 eo
1561 2561 1656 2589 adesse
1670 2561 1764 2588 femina
1778 2566 1805 2588 et

1022 2609 1101 2635 simul
1120 2609 1288 2639 accumbere,
1304 2614 1331 2636 et
1344 2616 1402 2636 eam
1417 2615 1472 2635 rem
1489 2607 1603 2634 habebat
1617 2607 1642 2634 iu
1666 2606 1759 2640 oculis,
1776 2611 1804 2633 ct

1021 2661 1080 2681 eam
1096 2655 1175 2681 veluti
1191 2653 1279 2681 facere
1299 2654 1496 2688 perseverabat.
1512 2653 1641 2688 Egressus
1662 2659 1748 2680 tamen
1764 2657 1806 2680 est

1023 2699 1100 2726 tertio
1114 2707 1219 2733 quoque
1230 2699 1272 2726 die
1286 2699 1318 2726 ad
1332 2707 1409 2733 opus,
1424 2703 1451 2725 et
1465 2706 1567 2732 preces,
1579 2703 1606 2725 et
1621 2699 1743 2732 hymnos,
1757 2699 1804 2724 sed

1022 2752 1075 2771 non
1093 2744 1193 2770 habens
1213 2745 1325 2779 amplius
1348 2744 1459 2771 mundas
1481 2744 1665 2778 cogitationes,
1680 2742 1727 2770 sed
1751 2743 1806 2769 Ire-

1021 2793 1135 2822 qucnter
1147 2796 1303 2822 conversus,
1318 2789 1343 2816 in
1359 2789 1443 2816 altum
1457 2789 1565 2816 tollebat
1578 2789 1679 2821 oculos.
1691 2796 1738 2816 eos
1753 2788 1804 2816 huc

1020 2840 1045 2861 et
1059 2834 1123 2861 illuc
1145 2838 1286 2868 torquens;
1301 2835 1359 2869 ejus
1374 2835 1445 2862 enirn
1470 2834 1608 2869 pulchrum
1632 2841 1698 2868 opus
1721 2834 1806 2862 inter-

1021 2880 1178 2915 rumpebant
1194 2881 1327 2908 nicmoriw
1340 2881 1537 2916 cogitationum.
1553 2880 1669 2915 Ve~pere
1682 2887 1746 2914 ergo
1761 2887 1805 2908 re-
