2072 3153
295 195 362 223 “27

1023 188 1064 215 [Ἀ
1069 187 1134 215 LLA
1140 187 1185 215 Dll

1850 187 1912 215 “‘23

293 263 386 283 versus
400 263 466 289 pane
478 254 607 290 indigens,
622 255 693 283 illum
706 254 811 289 quidem
825 254 925 282 invenit
939 254 965 280 in
978 259 1081 284 mensa,
1096 252 1122 281 Δ
1136 258 1183 278 nes
1197 254 1244 278 aut
1258 250 1391 284 homines,
1402 250 1478 278 vobis
1492 254 1660 278 assentantes
1674 254 1700 277 et
1721 249 1868 283 laudantes,
1885 258 1915 279 ne

293 301 374 328 veluti
389 307 525 327 corrosum
541 308 554 325 a
571 300 690 327 muribus
704 304 750 328 aut
765 300 885 331 canibus,
902 303 929 326 et
944 298 1007 325 foris
1028 297 1080 324 sic-

294 355 339 373 cas
358 345 485 380 quasdam
509 346 645 378 reliquias.
662 346 736 373 Tunc
761 346 909 380 ingemiscit
933 343 1039 379 quidem
1053 347 1081 370 et

295 391 464 424 laerymatur,
479 389 525 416 sed
537 397 589 416 non
605 395 731 423 quantum
747 390 811 416 satis
823 393 893 416 esset
909 388 941 415 ad
953 394 1080 414 coercen-

283 434 354 461 dam
367 434 520 469 nequitiam.
534 434 702 468 Nutritusque
714 442 765 460 nott
779 439 904 468 qttantum
919 432 1036 464 volebat,
1051 439 1080 459 ιο

296 480 405 513 parabat
423 480 456 506 ad
472 480 598 515 quietem.
621 480 688 507 Eum
709 485 796 507 autem
812 479 956 507 acervatim
973 479 1078 505 invase-

295 530 356 551 runt
370 525 551 560 cogitatiOnes,
565 533 624 552 eum
637 526 751 560 undique
762 525 972 555 circumdantes;
985 529 1011 550 et
1023 523 1080 557 ejus

295 575 410 597 mentem
425 575 595 605 oppugnant,
611 575 637 598 et
650 571 782 605 captivum
799 571 886 597 statim
909 570 936 596 in
952 568 1078 595 ntundum

295 616 439 643 abducunt.
455 616 572 651 Surgens
586 621 673 643 autent
696 617 744 643 ivit
757 623 848 643 versus
870 614 1005 650 regionem
1020 620 1080 648 qua:

299 661 443 693 habitatur,
456 661 603 695 ingrediens
616 667 695 688 noctu
709 668 756 695 per
763 660 944 688 solitudinem.
956 659 1021 686 Cum
1033 666 1079 685 au-

296 712 348 733 tem
360 706 416 734 dies
428 713 486 733 eum
497 706 729 740 apprehendisset,
745 709 771 732 et
782 713 841 739 quae
855 704 988 732 habitatur
1004 704 1079 738 regio

295 752 381 778 adhuc
396 752 487 786 procul
501 751 616 783 abesset,
630 756 657 778 et
670 758 730 778 eum
743 755 822 777 testus
835 749 973 784 afﬂigeret,
986 748 1080 776 defati-

297 801 374 830 gatus
396 801 446 824 est.
463 796 644 831 Undequaque
659 801 745 822 autem
757 796 784 822 in
798 795 889 822 orbem
909 794 1079 821 considerans

296 842 489 877 circumspicit,
506 850 538 869 an
554 842 649 869 alicubi
669 845 810 876 appareret
830 841 1035 873 tuonasterium,
1052 840 1078 867 in

297 888 366 922 quod
377 888 512 921 ingressus
523 887 712 921 requiesceret,
724 886 800 920 Quod
811 886 890 914 etiam
901 886 1006 918 accidit,
1018 893 1078 914 eum

1130 297 1170 324 eis
1182 297 1307 331 parcatis,
1320 304 1371 324 nec
1383 301 1475 324 mente
1489 296 1635 324 cfferatniui
1653 305 1659 322 :
1679 304 1738 322 nam
1751 303 1794 323 me
1813 304 1914 331 quoque

1131 351 1203 378 stupe
1216 348 1295 370 noctu
1317 344 1356 370 sic
1376 341 1701 377 dcceperuntdmmones;
1724 347 1751 369 et
1768 349 1854 376 neque
1876 350 1914 370 me

1131 389 1252 416 sinebant
1263 396 1352 420 orare,
1369 395 1417 415 nec
1429 388 1579 422 quiescere,
1605 387 1732 422 quasdam
1749 387 1813 414 mihi
1830 388 1910 421 phan-

1132 434 1216 460 tasias
1231 434 1380 468 praebentes
1393 437 1446 460 tota
1459 438 1546 464 nocte,
1555 439 1581 460 et
1595 440 1674 459 tuane
1694 432 1834 460 iiludentes
1847 432 1913 459 humi

1134 479 1357 513 procumbebant,
1375 478 1510 506 dicentes:
1525 477 1649 505 Condona
1659 476 1744 510 ttobis,
1759 478 1837 510 abba,
1848 479 1912 512 quod

1132 525 1181 551 tibi
1198 524 1302 552 labores
1315 523 1476 557 prmbuimus
1491 527 1545 550 tota
1560 527 1649 550 nocte.
1678 523 1732 557 Ego
1746 527 1833 549 autem
1849 523 1914 550 dice-

1132 570 1191 596 bam
1207 569 1261 597 illis
1276 578 1283 596 :
1298 569 1433 596 Discedite
1444 576 1457 595 a
1470 576 1512 596 me
1525 576 1619 596 omnes
1644 569 1688 603 qui
1709 569 1854 602 operamini
1870 568 1914 595 ini-

1131 615 1258 650 quitatem
1280 615 1368 650 (Psal.
1378 614 1431 649 vr);
1447 622 1480 641 tte
1494 614 1600 641 tentetis
1614 621 1719 640 St-rvnm
1735 613 1846 640 Domini.

1167 660 1254 694 Quare
1269 668 1316 688 vos
1333 667 1450 694 quoque,
1465 666 1481 686 o
1505 658 1563 691 filii,
1579 660 1695 693 quietem
1713 658 1913 693 persequamini,

1132 713 1178 733 vos
1193 713 1302 739 semper
1316 709 1475 732 exercentes
1491 705 1523 732 ad
1551 705 1815 739 contemplationem,
1831 708 1859 731 ut
1872 712 1914 738 pu-

1138 758 1195 778 ram
1219 750 1378 784 possideatis
1394 754 1521 782 ruentem,
1539 750 1620 776 Deutn
1645 755 1780 784 rogantes.
1796 749 1860 776 Nam
1874 749 1914 776 ille

1131 805 1238 832 quoque
1251 802 1291 825 est
1306 797 1391 824 bonus
1403 798 1572 830 exercitatur,
1588 796 1633 831 qui
1657 796 1763 823 assidue
1779 797 1804 823 itt
1821 796 1915 823 mundo

1132 848 1287 877 exercetur,
1303 848 1331 870 et
1341 843 1368 870 itt
1385 844 1505 870 honestis
1528 848 1672 877 occupatur
1688 843 1856 870 actionibus:
1874 843 1915 877 qui

1134 889 1329 915 humanitatem
1345 887 1495 916 ostenditet
1507 887 1686 920 cletuentiam,
1701 888 1915 922 hospitalitatem-

296 932 490 966 ucipientibus
498 932 654 966 quibusdam
666 932 715 966 piis
724 938 749 959 et
760 932 881 959 fidelibus
891 931 1025 963 fratribus,
1035 930 1080 965 qui
1098 938 1119 967 Β
1133 941 1184 968 que
1198 937 1226 960 et
1235 933 1404 965 charitaletn,
1418 937 1445 960 et
1461 933 1521 960 fecit
1534 933 1728 967 eleemosynas,
1740 937 1765 959 et
1777 932 1844 960 bene
1857 932 1914 960 facit

297 985 357 1003 cum
381 984 440 1004 cuttt
460 981 585 1011 tanquam
605 981 707 1011 patrem
722 983 877 1010 germanum
899 976 1080 1010 aspexissent,

297 1024 397 1050 vultum
412 1023 470 1057 ejus
479 1027 506 1050 et
517 1024 596 1057 pedes
611 1024 744 1055 laverunt;
758 1028 853 1051 etcum
864 1026 994 1055 orassent,
1008 1029 1081 1049 men-

297 1076 353 1096 sam
367 1071 560 1103 apposuerunt,
574 1072 601 1095 et
623 1074 749 1102 rogarunt
763 1072 791 1094 ut
803 1075 862 1102 quae
873 1071 949 1094 erant
962 1067 1079 1101 appositi

297 1119 414 1142 sumeret
425 1121 485 1141 cum
499 1113 636 1141 charitato.
653 1113 793 1148 Postquam
816 1117 903 1139 autem
919 1119 948 1139 se
972 1111 1078 1144 refecit,

299 1159 465 1191 pastularunt
474 1158 568 1186 fratres
576 1162 605 1185 ut
616 1157 723 1186 verbum
733 1157 824 1184 salutis
835 1157 868 1184 ab
875 1164 908 1184 eo
918 1157 1078 1191 acciperent,

296 1210 324 1232 et
340 1211 452 1240 quanam
472 1205 574 1232 ratione
589 1208 695 1237 possent
708 1204 808 1231 servari
823 1211 838 1230 ι
852 1203 953 1237 laqueis
966 1201 1078 1233 diaboli,

298 1255 325 1278 et
342 1250 562 1285 quemadmodum
581 1254 737 1285 superarent
751 1256 843 1283 turpes
857 1248 1040 1284 cogitationes.
1055 1247 1080 1274 Is

297 1302 384 1324 autem
396 1297 467 1332 ipsos
474 1300 597 1331 tanquam
607 1300 680 1331 pater
688 1295 757 1323 filios
763 1295 920 1327 admonens,
928 1294 1080 1321 hortabatur

292 1347 326 1370 rut
339 1349 428 1371 essent
439 1343 520 1372 fortes
533 1348 559 1372 et
571 1348 726 1371 constantes
740 1343 766 1370 in
782 1342 927 1375 laboribus,
940 1345 968 1369 ut
980 1341 1025 1375 qui
1037 1347 1079 1368 es-

298 1393 357 1416 sent
373 1389 451 1422 paulo
470 1394 529 1424 post
549 1390 574 1416 in
598 1396 700 1416 summa
724 1389 812 1423 quiete
827 1387 984 1415 collocandi.
999 1386 1078 1414 Multa

298 1442 402 1467 quoqtte
421 1434 469 1461 alia
486 1441 545 1461 cum
561 1435 600 1461 eis
623 1434 757 1461 disserens
771 1434 804 1461 de
818 1433 1020 1464 exercitatione,
1033 1439 1080 1459 eos

298 1479 378 1506 valde
390 1479 468 1513 juvit.
481 1479 546 1505 Cum
561 1483 646 1506 autem
661 1482 793 1505 cessasset
803 1478 837 1504 ab
847 1477 1036 1509 admonitione,
1052 1480 1081 1503 et

299 1531 327 1551 se
343 1531 434 1557 parum
450 1523 642 1558 recollegisset,
659 1523 842 1550 considerabat
857 1520 1078 1556 quemadmodum

300 1570 366 1596 alios
380 1570 535 1602 admonens,
551 1577 580 1597 se
595 1577 647 1596 non
662 1568 787 1596 monebat
808 1575 857 1595 nec
871 1567 1037 1601 corrigebat;
1052 1571 1079 1594 et

1135 977 1351 1010 advenientibus,
1368 982 1393 1005 et
1409 984 1486 1012 opem
1504 977 1554 1005 fert
1567 977 1757 1011 laborantibus,
1774 982 1800 1004 et
1813 985 1914 1012 perma---

1134 1028 1180 1050 net
1191 1024 1258 1051 citra
1273 1024 1352 1050 ullam
1369 1023 1553 1050 ofiensionctn.
1575 1023 1621 1050 Est
1636 1023 1741 1056 quidem
1756 1023 1799 1050 hic
1814 1031 1914 1058 quoque

1131 1070 1209 1096 valde
1233 1068 1335 1101 bonus;
1360 1073 1481 1095 versatur
1499 1069 1570 1096 enim
1593 1069 1619 1096 in
1630 1069 1734 1096 actione
1747 1073 1774 1096 et
1787 1073 1914 1103 praecepta

1134 1114 1305 1148 exsequitur;
1323 1113 1370 1141 sed
1381 1114 1407 1140 in
1419 1113 1499 1141 rebus
1511 1114 1623 1141 terrenis
1635 1118 1787 1149 occupatur.
1804 1114 1849 1141 llis
1858 1115 1914 1149 qui<

1132 1159 1193 1186 dem
1218 1163 1291 1186 certe
1314 1159 1483 1193 praastantior
1496 1162 1537 1186 cst
1548 1164 1575 1186 et
1594 1159 1678 1192 major
1693 1159 1737 1192 qui
1753 1165 1873 1186 versatur
1887 1159 1913 1187 in

1131 1206 1368 1240 contemplatione,
1385 1206 1429 1240 qui
1445 1213 1460 1233 a
1474 1206 1554 1233 rebus
1566 1207 1675 1241 agendis
1692 1214 1722 1234 se
1745 1206 1870 1234 transfert
1881 1208 1912 1234 ad

1132 1250 1347 1285 intelligentiam,
1363 1258 1409 1278 eas
1423 1259 1465 1278 res
1478 1251 1538 1279 aliis
1560 1252 1714 1286 relinquens
1727 1252 1911 1286 providendas,

1131 1297 1187 1329 ipse
1203 1301 1291 1323 autent
1307 1301 1333 1323 et
1343 1297 1433 1331 seipso
1444 1297 1585 1331 abnegato,
1599 1302 1625 1324 et
1639 1297 1679 1324 sui
1693 1296 1799 1329 oblitus,
1813 1301 1912 1324 scruta-

1130 1346 1173 1368 tur
1182 1342 1312 1375 cnalestia,
1325 1342 1380 1369 Deo
1391 1343 1509 1369 omnium
1520 1342 1622 1369 solutus
1637 1346 1666 1368 et
1676 1341 1816 1376 expeditus
1833 1341 1913 1369 assis-

1130 1391 1198 1419 tens,
1214 1394 1228 1414 a
1243 1387 1316 1414 nulla
1330 1393 1420 1414 autent
1434 1387 1485 1414 alia
1499 1394 1561 1414 cura
1586 1392 1658 1414 retro
1674 1388 1790 1414 avulsus.
1810 1387 1859 1420 Qui
1871 1391 1912 1414 est

1129 1435 1201 1462 cnim
1224 1434 1385 1468 huiusmodi,
1408 1442 1460 1461 una
1474 1428 1534 1461 cum
1559 1435 1612 1462 Deo
1623 1434 1705 1469 degit,
1720 1442 1771 1461 una
1784 1442 1843 1461 cum
1859 1434 1912 1462 Deo

1130 1479 1388 1513 versatur,assiduis
1403 1479 1509 1515 hymnis
1526 1480 1608 1506 Deum
1621 1486 1726 1514 semper
1745 1479 1891 1506 celebrans.

1165 1525 1231 1553 Novi
1248 1526 1318 1553 enim
1333 1533 1384 1560 ego
1397 1525 1530 1552 hominem
1544 1524 1571 1552 in
1585 1524 1740 1557 solitudine,
1753 1525 1797 1560 qui
1821 1524 1911 1551 decem

1131 1577 1216 1598 annos
1227 1571 1277 1597 cibi
1290 1570 1388 1597 terreni
1402 1570 1467 1597 nihil
1479 1570 1604 1605 gustavit,
1619 1570 1666 1598 sed
1679 1571 1703 1598 ei
1715 1570 1822 1606 angelus
1835 1571 1914 1597 tertio

300 1622 329 1642 se
343 1622 403 1642 esse
416 1615 512 1642 Victum
527 1614 684 1648 intelligens,
696 1621 774 1641 cursu
786 1620 877 1640 rursus
890 1613 968 1641 rediit
980 1613 1006 1640 in
1021 1612 1078 1641 soli-
1092 1614 1115 1645 C
1132 1623 1237 1651 quoque
1248 1616 1292 1643 die
1302 1616 1438 1643 (celestem
1461 1611 1549 1643 cibuin
1565 1615 1599 1643 ad
1623 1623 1682 1643 eum
1699 1615 1832 1645 afferebat,
1848 1620 1875 1644 et
1888 1616 1914 1643 ei

299 1659 430 1692 tudinem,
443 1660 558 1694 seipsum
581 1659 692 1693 deﬂens,
706 1663 733 1686 et
747 1658 858 1686 dicens:
873 1658 928 1686 Nisi
945 1658 1006 1693 quia
1028 1657 1078 1684 Do-

299 1705 386 1732 minus
404 1705 468 1732 milti
482 1713 558 1739 opem
582 1705 700 1738 tulisset,
718 1704 907 1740 propemodum
926 1704 951 1731 in
973 1703 1078 1732 inferno

300 1750 442 1778 habitasset
456 1750 543 1778 anima
559 1750 712 1786 mea(Psal.
725 1750 807 1784 xctx).
833 1749 1027 1785 Propemodum
1052 1749 1080 1777 in

300 1801 379 1821 omne
389 1794 486 1821 malum
497 1802 554 1822 sum
566 1795 698 1827 redactus,
711 1795 902 1830 propemodum
915 1802 958 1821 me
969 1794 996 1822 in
1009 1798 1081 1822 terra

301 1838 699 1868 confecerunt.Etineot‘actum
722 1843 766 1868 est.
793 1839 866 1875 quod
895 1838 997 1867 dictum
1024 1844 1080 1868 est:

302 1883 394 1911 Frater
407 1885 449 1919 qui
464 1892 480 1911 a
495 1885 576 1912 fratre
590 1884 739 1919 adiuvatur,
753 1888 794 1911 est
808 1888 932 1918 tanquam
947 1883 1010 1911 urbs
1022 1891 1080 1910 mu-

300 1931 352 1958 nita
368 1936 395 1958 ct
415 1931 530 1964 excelsa,
551 1937 578 1959 et
602 1936 726 1966 tanquam
753 1938 845 1958 murus
865 1931 909 1965 qui
929 1938 982 1958 non
996 1934 1082 1965 potest

299 1985 424 2005 corruere
449 1977 538 2012 (Prov.
554 1978 643 2013 xvnt).
664 1979 817 2013 Quanquam
833 1978 930 2005 abhinc
951 1979 1081 2005 toto‘vitm

301 2027 418 2057 tempore
439 2023 504 2050 luxit
520 2028 656 2058 perpetuo,
673 2025 791 2057 privatus
811 2031 903 2050 ntensa
925 2031 984 2057 qua:
999 2023 1023 2051 ei
1036 2023 1082 2050 da-

300 2067 376 2094 batur
388 2068 524 2102 divinitus,
539 2073 566 2095 ct
580 2076 673 2102 panem
686 2076 762 2095 suum
775 2075 897 2102 quarens
907 2075 966 2094 eum
979 2068 1079 2095 labore.

300 2112 364 2141 Nam
379 2120 439 2140 Cum
454 2120 483 2140 se
498 2113 523 2140 itt
542 2113 667 2147 spelunca
684 2113 849 2144 inclusisset,
865 2117 892 2140 et
910 2113 960 2140 sibi
974 2119 1081 2140 saccum

300 2162 327 2184 rt
340 2158 456 2186 cinerem
471 2159 674 2191 substravisset,
689 2167 741 2186 non
756 2160 828 2193 prius
839 2167 853 2185 θ
867 2164 936 2186 terra
952 2160 1081 2192 surrexit,

301 2211 350 2233 nec
368 2205 482 2231 cessavit
505 2204 579 2236 ﬂere,
594 2212 671 2239 quam
687 2212 779 2232 vocem
802 2205 888 2239 angeli
912 2205 1042 2233 audiisset
1057 2205 1082 2232 ei

299 2249 430 2277 dicentem
451 2251 477 2277 in
498 2250 598 2278 somnis
612 2259 620 2278 ε
636 2251 746 2286 Accepit
765 2251 892 2279 Dominus
908 2255 978 2279 tuam
999 2252 1083 2286 pumi-

298 2295 424 2328 tentiam,
442 2300 467 2323 et
481 2297 516 2322 tui
529 2301 570 2323 est
581 2296 718 2329 misertus;
734 2297 858 2330 deinceps
872 2301 960 2324 autem
974 2297 1034 2324 vide
1049 2306 1082 2325 ne

300 2340 450 2375 decipiaris.
466 2341 506 2368 Ad
530 2347 555 2369 te
574 2342 644 2369 enim
666 2342 773 2369 venient
795 2342 889 2369 fratres
911 2349 977 2376 quos
992 2343 1083 2369 admo-

299 2386 378 2413 nuisti
389 2407 396 2417 ,
412 2391 437 2413 et
452 2387 564 2414 afferent
582 2387 615 2414 ad
631 2392 656 2414 te
670 2387 798 2422 eulogias.
813 2393 879 2421 quas
895 2393 954 2414 eum
974 2394 1083 2420 accepe-

298 2432 346 2463 ris,
360 2433 475 2459 vesceris
491 2440 550 2460 cum
566 2433 638 2468 ipsis,
648 2437 675 2460 et
686 2437 813 2468 perpetuo
829 2433 884 2460 Deo
897 2440 959 2468 ages
973 2434 1081 2468 gratias.

335 2477 395 2504 Haec
409 2485 473 2512 ergo
486 2478 560 2505 vobis
584 2477 699 2510 narravi,
725 2485 741 2505 ο
769 2478 827 2510 ﬁlii,
848 2483 878 2505 ut
903 2477 1081 2505 humilitatem

298 2523 458 2556 exerceatis,
474 2531 521 2551 seu
539 2524 564 2550 in
586 2524 684 2558 parvis,
697 2531 744 2551 seu
757 2523 784 2551 in
799 2524 902 2558 magnis
914 2531 975 2552 esse
990 2525 1083 2552 videa-

301 2569 375 2595 mini.
392 2568 446 2595 Iloc
460 2573 502 2596 est
527 2570 598 2596 enim
615 2569 727 2603 primum
746 2573 907 2604 prmceptum
922 2569 1082 2601 Servatoris,

304 2614 348 2647 qui
362 2613 446 2641 dicit:
462 2614 534 2642 Beati
550 2622 678 2649 pauperes
693 2614 799 2649 spiritu,
820 2615 946 2648 quoniam
964 2614 1080 2649 ipsorum

303 2666 343 2686 est
356 2667 465 2694 regnum
477 2661 604 2688 caelorum
620 2660 728 2694 (Matth.
747 2661 795 2696 Vl).
819 2660 854 2688 Et
868 2668 901 2688 ne
915 2660 1082 2695 decipiamini

305 2714 320 2732 a
332 2706 506 2738 daemonibus,
519 2707 564 2741 qui
581 2708 655 2734 vobis
670 2707 725 2734 visa
740 2711 768 2734 et
779 2707 931 2742 phantasias
947 2708 1084 2740 excitant;

303 2752 349 2778 sed
361 2752 384 2779 si
395 2753 453 2785 quis
463 2753 496 2781 ad
509 2761 555 2781 vos
571 2754 683 2787 venerit,
698 2758 745 2781 aut
756 2755 847 2787 frater,
860 2759 904 2782 aut
914 2756 1025 2788 amicus,
1037 2759 1082 2783 aut

303 2797 409 2830 mulier,
424 2803 470 2826 aut
484 2803 568 2833 pater,
586 2804 632 2826 aut
644 2800 781 2835 magister,
801 2805 846 2827 aut
871 2804 965 2832 mater,
980 2805 1026 2828 aut
1039 2808 1083 2828 so-

302 2848 359 2874 ror,
374 2843 487 2875 primum
498 2844 634 2871 estendite
648 2851 744 2872 manus
757 2845 791 2872 ad
801 2846 965 2878 orationem;
979 2849 1006 2872 et
1016 2845 1038 2872 si
1049 2845 1083 2872 sit

303 2884 469 2920 phantasma,
480 2886 562 2922 fugiet
575 2895 590 2914 a
605 2888 690 2916 vobis.
705 2889 736 2916 Et
749 2889 772 2916 si
780 2895 827 2916 vos
837 2889 971 2924 decipiant
984 2889 1082 2917 dromo-

1132 1661 1160 1688 in
1174 1668 1205 1688 os
1220 1661 1366 1695 injiciebat,
1379 1661 1453 1695 isque
1464 1665 1520 1687 erat
1531 1660 1556 1688 ei
1572 1660 1658 1687 instar
1665 1660 1715 1687 cibi
1725 1664 1751 1687 et
1761 1666 1845 1694 potus.
1854 1660 1915 1687 Scio

1130 1714 1237 1742 quoque
1251 1707 1283 1733 ad
1305 1706 1376 1733 hunc
1389 1706 1523 1734 hominem
1547 1706 1574 1733 in
1590 1706 1727 1740 phantasia
1743 1707 1847 1733 venisse
1859 1705 1915 1733 dm.

1132 1759 1236 1785 mones,
1252 1752 1425 1779 ostendentes
1447 1751 1583 1786 angelieos
1611 1751 1756 1784 exercitus,
1778 1756 1805 1779 et
1822 1759 1916 1779 currus

1132 1797 1214 1833 ignis,
1229 1803 1257 1826 et
1271 1799 1368 1826 multos
1382 1798 1521 1831 satellites,
1534 1803 1658 1833 tanquam
1671 1797 1781 1831 alicujus
1792 1798 1861 1831 regis
1871 1805 1918 1824 vc-

1132 1843 1240 1876 nientis,
1255 1843 1317 1871 etei
1328 1843 1448 1871 dicentes
1462 1852 1469 1870 :
1485 1844 1512 1870 In
1527 1843 1651 1870 omnibus
1665 1847 1690 1870 te
1703 1847 1773 1870 recte
1783 1846 1809 1870 et
1821 1849 1852 1869 ex
1863 1842 1917 1868 vira

1133 1892 1188 1916 tute
1200 1889 1318 1923 gessisti,
1333 1896 1350 1916 ο
1371 1889 1468 1920 homo;
1483 1889 1516 1916 de
1530 1894 1628 1916 caetero
1646 1895 1688 1915 me
1701 1888 1794 1920 adora,
1816 1891 1842 1915 et
1856 1893 1916 1914 tan-

1132 1942 1210 1968 quam
1222 1935 1306 1961 Eliam
1321 1939 1346 1962 te
1358 1942 1505 1961 assumant.
1514 1935 1623 1961 Dicebat
1635 1939 1723 1962 autem
1739 1934 1808 1968 apud
1820 1941 1847 1960 se
1859 1940 1918 1960 mo-

1132 1978 1252 2005 nachus:
1267 1979 1356 2006 Δάοι-ο
1382 1979 1501 2014 quotidie
1526 1978 1624 2014 Regem
1656 1986 1742 2006 meum
1755 1983 1782 2005 et
1794 1978 1918 2006 Servaton

1133 2031 1206 2056 rem;
1229 2028 1257 2051 et
1283 2024 1306 2051 si
1328 2023 1370 2051 hic
1393 2029 1465 2051 esset
1490 2025 1544 2057 ille,
1575 2031 1626 2051 non
1654 2023 1703 2051 hoc
1718 2031 1732 2050 a
1748 2031 1790 2050 tne
1805 2028 1919 2057 peteret.

1133 2068 1276 2103 Postquam
1301 2074 1389 2096 autem
1411 2070 1433 2096 ei
1448 2069 1514 2096 dixit
1528 2069 1598 2104 quod
1621 2069 1735 2096 habebat
1758 2069 1784 2095 in
1807 2068 1918 2101 animo;

1134 2114 1276 2141 Dominum
1291 2123 1379 2142 meum
1395 2119 1421 2142 et
1435 2114 1533 2148 Regem
1547 2114 1632 2141 habeo
1647 2113 1741 2146 Deum,
1758 2121 1834 2148 quem
1847 2121 1920 2140 scm-

1133 2168 1180 2195 per
1195 2160 1289 2192 adoro,
1310 2166 1338 2186 tu
1353 2164 1440 2187 autem
1457 2167 1509 2186 non
1525 2166 1554 2186 es
1578 2167 1623 2186 rex
1639 2166 1724 2190 meus,
1741 2159 1784 2185 ille
1800 2158 1922 2192 protinus

1133 2208 1250 2235 evanuit.
1265 2206 1327 2234 Haec
1344 2211 1431 2233 autent
1442 2210 1565 2239 tanquam
1577 2204 1610 2231 de
1622 2205 1674 2231 alio
1683 2204 1829 2237 disserens,
1842 2203 1923 2230 insti-

1135 2257 1189 2280 tuta
1202 2252 1264 2278 vita:
1278 2259 1346 2284 suat,
1362 2255 1388 2278 et
1402 2258 1445 2278 res
1460 2254 1550 2284 gestas
1575 2249 1681 2276 volebat
1694 2249 1791 2277 celare.
1806 2249 1854 2281 Qui
1868 2257 1922 2275 au-

1134 2302 1186 2324 tem
1201 2304 1252 2324 una
1269 2303 1328 2323 cum
1354 2303 1385 2323 eo
1409 2301 1485 2323 erattt
1500 2288 1600 2329 patres,
1626 2286 1686 2322 eum
1714 2294 1838 2321 dicebant
1861 2295 1922 2322 hac

1136 2340 1241 2369 vidisse.

1170 2388 1233 2414 lltcc
1246 2391 1275 2414 et
1287 2386 1336 2413 alia
1353 2386 1434 2413 multa
1451 2386 1528 2414 nobis
1551 2393 1661 2413 narrans
1686 2385 1778 2413 beatus
1793 2385 1922 2417 Joannes.

1134 2438 1169 2460 et.
1178 2437 1231 2460 tres
1246 2432 1303 2460 dies
1319 2431 1351 2459 ad
1364 2439 1461 2459 nonam
1477 2439 1559 2466 usque
1573 2431 1718 2465 disserens,
1745 2435 1850 2458 nostras
1870 2438 1924 2458 cu-

1136 2480 1203 2506 ravit
1215 2480 1326 2506 animas.
1337 2478 1402 2506 Cum
1417 2484 1506 2506 autem
1517 2478 1634 2506 dedisset
1648 2478 1722 2506 nobis
1745 2478 1918 2505 benedictio-

1136 2532 1195 2557 ncs,
1210 2525 1288 2559 jussit
1302 2525 1341 2552 ire
1354 2525 1380 2552 in
1395 2532 1470 2558 pace,
1495 2525 1571 2552 nobis
1596 2532 1701 2559 quoque
1723 2524 1793 2551 dicta
1808 2524 1926 2559 quadam

1137 2571 1275 2604 prophetia
1291 2579 1298 2597 :
1316 2570 1409 2602 llodie,
1421 2570 1518 2603 aiebat,
1537 2570 1653 2597 nuntiata
1669 2575 1710 2597 est
1732 2569 1789 2605 (95)
1805 2570 1926 2597 Alexan-

1136 2617 1203 2643 dria:
1217 2616 1326 2643 victoria
1344 2616 1461 2643 maxime
1473 2616 1508 2649 pii
1524 2615 1677 2649 Theodosii,
1704 2620 1810 2650 propter
1822 2616 1854 2643 de
1866 2623 1927 2643 me-

1134 2663 1179 2690 dio
1190 2663 1323 2690 sublatum
1340 2667 1480 2697 tyrannum
1501 2663 1660 2697 Eugenium,
1677 2667 1703 2689 et
1718 2667 1822 2696 oportet
1836 2663 1929 2696 impe-

1135 2713 1251 2736 ratorem
1267 2708 1335 2736 mori
1348 2712 1435 2736 morte
1455 2708 1573 2742 propria,
1596 2707 1666 2742 quod
1693 2708 1800 2742 quidem
1828 2715 1930 2734 revera.

1138 2754 1175 2781 ita
1190 2754 1248 2781 fieri
1260 2754 1381 2788 contigit.
1410 2753 1519 2780 Licebat
1545 2759 1634 2780 autctn
1648 2760 1757 2780 cernere
1773 2753 1930 2780 multitudi-

1137 2806 1197 2826 nem
1208 2806 1300 2826 eorum
1312 2799 1357 2833 qui
1371 2806 1430 2826 cum
1445 2798 1504 2832 ipso
1514 2803 1591 2826 erant
1599 2799 1788 2825 monachorum
1799 2798 1824 2825 in
1835 2797 1932 2825 eccle-

1137 2845 1186 2875 sia,
1200 2843 1282 2871 veluti
1296 2843 1424 2878 quosdam
1434 2842 1566 2876 justorum
1577 2843 1685 2875 choros,
1696 2842 1790 2869 lucidis
1804 2843 1929 2870 vestibus

1137 2888 1255 2923 indutos,
1269 2893 1296 2917 et
1311 2888 1415 2923 hymnis
1430 2887 1545 2916 assiduis
1559 2887 1641 2916 Deum
1657 2887 1847 2922 glorificantes.
