2072 3153
192 202 261 231 1155
825 199 988 230 HISTORIA
1005 196 1186 226 LAUSIACA.
1744 199 1755 226 I
1766 198 1812 227 Bt

225 263 373 298 Postquam
388 265 476 288 autem
493 249 591 287 uultus
605 265 710 294 quoque
721 257 786 285 alios
800 257 894 285 I‘atres
907 256 975 284 vidi-
991 258 1015 286 A
1029 258 1056 282 et
1068 254 1184 288 seipsum
1200 253 1377 289 vilipendens.
1393 253 1460 282 Cum
1475 261 1523 282 nos
1536 258 1626 282 autem
1647 253 1757 282 multum
1773 262 1818 282 το-

191 316 262 341 mus,
276 312 406 335 venerunt
428 306 522 333 fratres
549 305 628 332 nobis
648 303 836 330 annuntiantes
849 309 976 330 consum-
1027 307 1163 335 garemus,
1179 303 1209 327 ut
1226 300 1435 328 adhortatorium
1450 299 1526 327 nobis
1545 306 1694 327 sermonem
1706 299 1818 331 diceret,

193 358 292 380 matum
303 360 364 380 esse
376 352 482 379 beatum
495 350 623 378 Joannem
639 349 718 376 modo
731 348 845 384 quodam
860 347 976 374 admira-
1027 345 1071 372 vix
1085 345 1112 372 in
1126 345 1244 372 animum
1260 345 1363 372 induxit
1375 348 1403 372 ut
1416 345 1492 372 nobis
1512 352 1595 379 pauca
1617 344 1761 372 dissereret
1783 344 1819 371 de

193 399 240 425 bili
257 406 264 425 :
279 398 340 425 itam
354 404 414 424 cum
427 396 554 430 iussisset
575 398 605 422 nt
620 399 673 421 tres
686 394 743 421 dies
758 393 891 421 neminem
904 393 977 420 sine-
1028 390 1243 418 mansuetudine.
1260 390 1296 423 Is,
1313 397 1375 418 cum
1389 389 1593 425 hippopotamus
1611 389 1756 424 aliquando
1770 397 1817 416 va-

194 447 256 471 rent
268 442 301 470 ad
312 449 341 470 se
356 442 456 474 venire,
469 440 582 476 genibus
593 439 670 467 ﬂexis
690 439 722 466 ad
738 440 896 470 oralionem,
912 445 977 465 con-

193 491 341 516 summatus
355 491 396 515 est
406 506 414 520 ,
435 486 468 514 ad
483 486 565 513 Deum
584 485 695 513 veniens
705 504 712 517 ,
727 484 769 512 cui
785 483 869 519 gloria
883 482 910 510 in
925 489 978 510 sae-

194 534 262 562 cuia.

470 576 583 605 CAPUT
602 575 706 603 XLVII.

493 622 533 648 De
549 620 687 648 Poemenia.

1030 438 1117 462 staret
1131 435 1244 462 vicinam
1259 435 1406 469 regionem,
1420 439 1495 462 stans
1508 442 1589 470 prope
1603 434 1720 465 ﬂuvium.
1740 442 1816 467 roga-

1031 486 1075 509 tus
1085 480 1119 507 ab
1133 479 1267 515 agricolis,
1283 479 1338 507 visa
1351 479 1439 508 bellua
1451 481 1564 515 ingentis
1579 479 1779 514 magnitudinis,
1791 479 1816 506 ei

1031 528 1170 563 praeepit,
1196 527 1288 555 dicens
1315 536 1322 554 :
1346 527 1480 555 Dennntio
1505 527 1549 554 tibi
1579 527 1605 554 in
1632 527 1738 554 nomine
1759 526 1820 554 Jcsu

1030 573 1143 606 Christi,
1161 579 1195 600 ne
1208 573 1323 608 amplius
1337 577 1426 600 vastes
1438 573 1506 600 hanc
1517 573 1663 608 regionem.
1674 572 1720 600 Illa
1733 578 1819 599 autem

1035 622 1160 652 tanquam
1176 618 1211 645 ab
1221 617 1315 652 angelo
1329 617 1389 645 loco
1405 617 1490 651 pulsa,
1504 617 1612 645 omnino
1627 617 1744 645 evanuit.
1772 616 1817 644 Sic

232 668 257 696 Is
277 674 382 703 quoque
395 674 457 694 cum
481 667 579 694 Christi
594 666 694 694 ancilla
710 665 859 699 Pmmenia,
875 671 934 699 qua:
947 662 981 691 ad
1032 665 1112 692 etiam
1123 664 1265 700 aliquando
1279 664 1368 700 abegit
1379 664 1552 692 crocodilum.

196 721 258 742 eum
279 713 421 740 videndum
446 716 607 745 acceSserat,
622 719 675 739 non
688 717 728 738 est
748 711 854 746 quidem
867 710 980 737 collocu-

201 764 255 793 tus,
271 759 431 793 signiticavit
445 763 532 786 autem
546 758 572 786 ei
587 765 690 793 quoque
701 757 820 792 qumdam
835 763 942 783 arcana.
952 755 983 783 Ei

197 810 287 833 autem
312 806 447 839 prteceplt,
477 804 569 832 dicens
591 813 599 832 :
620 803 789 832 Descendens
808 811 822 830 a
838 802 982 835 Thebaide,

200 857 235 877 ne
245 849 372 877 dcﬂectas
383 848 580 883 Alexandriam,
594 848 806 884 quandoquidem
818 848 932 873 futurum
943 850 985 874 est

198 899 228 922 ut
240 894 320 922 cadas
334 894 360 921 in
372 893 541 921 tentationes.
555 893 592 921 Ea
600 897 688 921 autem
698 892 785 927 magni
798 891 906 919 Joannis
916 899 984 925 plin—

1347 720 1459 748 CAPUT
1478 720 1508 748 L.

1248 765 1287 792 De
1313 765 1402 792 abbate
1423 765 1527 792 Theatra
1539 764 1609 801 (98).

1074 812 1192 841 Vidimus
1206 812 1286 839 etiam
1302 811 1382 838 alium
1396 819 1449 839 non
1474 812 1565 847 procul
1578 819 1593 838 a
1608 811 1725 845 civitate,
1739 811 1764 839 in
1777 818 1822 839 so-

1037 858 1161 891 litudine,
1176 859 1283 886 nomine
1296 858 1416 891 Theona,
1432 858 1519 886 virum
1532 863 1664 891 sanctum,
1675 858 1700 885 iu
1711 859 1824 886 domun-

1035 903 1094 930 cula
1111 910 1234 931 seorsum
1248 903 1391 935 inclusum,
1404 903 1450 937 qui
1478 907 1598 937 tempore
1622 903 1729 938 triginta
1742 910 1824 931 anuo-

200 939 344 967 (Ῑίειίοηεω
359 940 401 966 vel
425 938 501 966 “illi”
528 938 628 966 ducens
642 959 649 971 θ
696 937 738 965 νει
777 936 837 972 eius
876 935 960 965 οωίιδ
977 955 984 967 ε
1000 937 1025 968 Β
1040 955 1099 975 rum
1117 947 1251 975 silentium
1268 935 1424 975 exercuerat
1440 935 1598 981 (IIuif,,_'lib.
1612 954 1641 980 tt,
1659 935 1722 982 cap.
1747 947 1787 982 6).
1803 947 1826 974 Is

199 985 309 1013 deﬂexit
322 986 521 1017 Alexandriam,
530 989 560 1012 ut
572 984 676 1011 videret
689 983 835 1010 civitatem.
848 982 877 1009 In
889 982 985 1010 itinere

200 1036 291 1061 autem
303 1041 384 1068 prope
395 1033 488 1060 urbem
500 1031 591 1064 Nicias,
607 1030 639 1057 ad
651 1037 709 1057 eatn
725 1032 895 1057 accesserunt
905 1035 988 1055 naves

199 1079 258 1114 ejus
270 1077 426 1113 quiescendi
441 1077 536 1112 gratia.
550 1075 656 1110 Egressi
667 1079 756 1102 autem
773 1074 862 1101 famuli
873 1081 905 1101 ex
921 1081 986 1108 qua-

197 1126 259 1153 dam
273 1125 414 1152 insolentia
430 1131 491 1151 cum
513 1123 585 1151 illius
609 1122 660 1150 loci
676 1121 878 1154 habitatoribus,
894 1128 987 1148 amen-

200 1169 269 1198 tibus
283 1174 309 1197 et
321 1169 466 1205 proﬂigatis
478 1167 640 1200 hominibus,
656 1174 751 1194 manus
773 1169 986 1193 conseruerant:

203 1215 248 1250 qui
264 1215 371 1250 quidem
381 1215 460 1241 unius
467 1213 574 1248 quidem
585 1212 700 1240 eunuchi
712 1212 821 1246 digitum
833 1214 987 1241 secuerunt,

202 1259 282 1287 alium
297 1263 384 1286 autent
397 1257 563 1290 occiderunt,
577 1255 730 1292 Dionysium
744 1261 832 1283 autem
853 1255 990 1282 sanctissi-

203 1311 275 1331 mum
290 1304 442 1339 episcopum
458 1303 484 1330 in
499 1302 608 1330 ﬂuvium
633 1303 786 1336 ignorantes
807 1300 987 1336 proiecerunt,

202 1353 231 1376 et
243 1349 315 1376 iliatn
327 1349 413 1384 ipsam
427 1348 556 1376 conviciis
568 1351 596 1375 et
609 1346 756 1375 maledictis
768 1347 951 1382 impetierunt,
962 1350 990 1374 et

203 1394 321 1430 reliquos
332 1402 426 1422 omnes
440 1401 532 1422 servos
547 1391 706 1420 sauciaruut.

473 1448 587 1477 CAPUT
607 1446 719 1476 XLVIII.

205 1505 267 1535 Vita
281 1506 380 1533 abbatis
401 1505 532 1533 Ammona
544 1503 625 1566 (2,3,1.
635 1507 658 1530 rt
681 1510 768 1530 eorum
789 1502 833 1536 qui
854 1509 911 1528 cum
934 1500 990 1536 ipso

240 1589 363 1617 Vidimus
377 1593 465 1616 autem
478 1587 559 1614 alium
571 1593 676 1621 quoque
686 1585 771 1613 virum
786 1583 932 1615 Thebaide.
943 1590 986 1610 no-

1039 1000 1100 1021 cnm
1117 993 1246 1028 plurimas
1266 993 1380 1021 virtutes
1394 998 1543 1027 perageret,
1559 993 1707 1020 habebatur
1732 993 1766 1020 ab
1787 987 1826 1020 eis

1039 1046 1087 1073 pro
1103 1038 1244 1073 propheta.
1259 1038 1434 1066 Exihateuim
1449 1038 1481 1065 ad
1498 1038 1583 1073 ipsum
1602 1045 1649 1073 per
1663 1038 1721 1065 dies
1733 1038 1826 1073 singu-

1039 1085 1080 1111 los
1090 1084 1232 1111 multitudo
1243 1083 1440 1119 a‘grotantium,
1469 1083 1565 1118 quibus
1580 1090 1674 1110 manus
1687 1083 1827 1117 imponens

1040 1137 1089 1164 per
1104 1129 1260 1162 fenestram,
1285 1128 1434 1157 dimittebat
1447 1135 1495 1156 eos
1509 1128 1583 1156 abire
1602 1128 1700 1156 salvos.
1718 1127 1827 1155 Licehat

1038 1176 1109 1202 enim
1125 1174 1216 1202 videre
1234 1174 1321 1209 ipsum
1342 1174 1486 1201 habentem
1512 1174 1614 1201 vultum
1638 1173 1735 1208 angeli,
1758 1173 1827 1200 'aelis

1040 1221 1137 1254 oculis,
1161 1223 1188 1247 et
1215 1224 1299 1247 totum
1325 1219 1437 1254 plenutn
1460 1220 1575 1246 maxima
1601 1219 1697 1254 gratia.
1718 1219 1753 1252 Is,
1767 1225 1827 1245 cum

1039 1272 1091 1293 non
1105 1265 1188 1292 multo
1201 1269 1265 1291 ante
1276 1269 1397 1299 tempore
1411 1265 1528 1292 latrones
1542 1272 1602 1291 cum
1619 1267 1698 1290 noctu
1712 1264 1828 1290 invasis-

1041 1315 1112 1344 sent,
1128 1311 1314 1338 existimantes
1327 1317 1356 1338 se
1367 1310 1479 1337 multum
1497 1310 1555 1337 auri
1577 1309 1646 1344 apud
1661 1316 1720 1337 eum
1736 1309 1828 1337 inven-

1042 1361 1127 1389 turos,
1143 1361 1170 1384 et
1181 1356 1281 1384 vellent
1293 1363 1354 1383 eunt
1368 1355 1500 1389 occidere,
1513 1359 1636 1390 precatus
1649 1359 1700 1388 est,
1714 1359 1741 1382 et
1753 1362 1828 1382 man-

1042 1405 1137 1429 serunt
1151 1401 1302 1429 immobiles
1312 1401 1344 1429 ad
1360 1404 1450 1436 portas
1459 1401 1516 1436 ejus
1527 1408 1611 1436 usque
1618 1400 1651 1428 ad
1659 1401 1828 1428 matutinum.

1039 1445 1105 1474 Cum
1121 1447 1205 1474 turbae
1219 1451 1308 1474 autem
1323 1453 1401 1474 mane
1415 1447 1448 1473 ad
1469 1453 1530 1474 eutn
1546 1445 1730 1480 accessissent,
1742 1448 1770 1472 ct
1782 1451 1828 1472 eos

1043 1492 1098 1527 igni
1115 1492 1244 1519 mandare
1257 1491 1284 1519 in
1300 1491 1390 1519 animo
1404 1491 1542 1524 haberent,
1560 1497 1641 1517 unum
1656 1494 1756 1517 tantum
1768 1497 1829 1517 Ver-

1041 1536 1105 1565 bum
1119 1537 1154 1564 ad
1167 1545 1215 1565 eos
1228 1542 1269 1565 est
1279 1537 1384 1565 loeutus
1400 1545 1407 1564 :
1422 1536 1509 1565 Sinite
1528 1544 1575 1564 eos
1588 1536 1662 1564 abire
1675 1543 1771 1569 sanos;
1786 1536 1828 1563 sin

1042 1582 1141 1615 minus,
1157 1589 1171 1609 a
1184 1589 1228 1609 me
1241 1581 1326 1617 fugiet
1339 1581 1423 1616 gratia
1436 1582 1612 1609 curationum.
1633 1581 1653 1608 Ii
1667 1588 1731 1608 vero
1743 1581 1828 1616 ipsum

203 1636 277 1664 mine
292 1635 450 1663 Ammonam
465 1632 563 1670 (Ra/7.,
579 1619 598 1659 λ.
622 1619 653 1665 II,
676 1639 734 1666 cap.
754 1629 794 1666 ³5),
820 1629 925 1657 Patrem
951 1633 990 1656 ter
1004 1619 1028 1651 (ἶ
1042 1627 1199 1660 audierunt;
1214 1634 1267 1655 non
1278 1627 1412 1654 audebant
1424 1627 1495 1654 enim
1507 1631 1601 1654 contra
1612 1633 1673 1653 eum
1688 1625 1790 1659 dicere,
1803 1630 1830 1653 et

204 1681 276 1709 mile
290 1680 480 1708 monachorum
496 1687 504 1706 :
520 1685 588 1713 quos
611 1679 691 1706 etiam
720 1676 872 1704 nominabat
886 1674 990 1702 Tahen-
1009 1693 1013 1699 .

204 1727 332 1758 nesiotas,
346 1726 389 1760 qui
406 1724 537 1752 habebant
548 1730 671 1757 magnum
685 1722 745 1749 vitae
758 1721 869 1756 agendae
885 1720 1003 1747 iustitu-.

205 1776 271 1804 tum,
287 1775 317 1798 ut
330 1770 375 1804 qui
390 1774 418 1796 et
437 1768 531 1796 ovillas
551 1768 635 1802 pelles
661 1765 772 1797 ferrent,
791 1770 818 1792 et
834 1765 906 1791 vultu
922 1769 990 1791 tecto

204 1816 425 1847 comederent,et
437 1821 466 1841 se
477 1813 601 1840 deorsum
613 1811 824 1843 inclinantes,ne
834 1810 892 1844 quis
903 1809 991 1843 proxi-

204 1869 276 1889 mum
292 1860 477 1888 comedentem
493 1857 639 1891 aspiceret;
662 1860 689 1883 et
709 1860 810 1882 tantum
835 1857 992 1882 exercerent

205 1905 354 1937 silentium,
368 1907 397 1930 ιιι
421 1903 575 1930 viderentur
592 1908 651 1929 esse
664 1901 689 1927 in
705 1900 858 1932 solitudine,
874 1907 992 1933 unoquo-

205 1958 257 1986 que
273 1950 378 1977 occulte
390 1951 537 1983 peragente
548 1954 624 1974 suum
640 1946 701 1974 vita:
723 1946 889 1977 institutum;
905 1945 991 1972 solum

205 2000 294 2022 autent
318 1993 408 2029 specie
432 1991 545 2028 quadam
563 1991 589 2019 in
605 1998 697 2019 mensa
717 1991 852 2024 sederent,
865 1995 992 2018 conantes

207 2048 238 2069 se
251 2040 366 2067 invicem
381 2040 474 2066 latere.
491 2036 579 2072 Aliqui
602 2037 672 2064 enim
688 2044 720 2064 ex
737 2036 779 2064 his
792 2035 874 2064 semel
896 2035 939 2062 vel
953 2035 993 2062 bis

209 2093 315 2112 manum
332 2085 372 2111 ori
389 2081 556 2115 admovebat,
570 2086 709 2116 tangentes
726 2088 821 2115 panem
835 2081 878 2108 vel
892 2080 992 2114 oleum,

211 2131 254 2160 vel
268 2130 365 2165 aliquid
380 2136 412 2157 ex
427 2129 460 2156 iis
471 2135 529 2162 qua:
542 2131 618 2154 erant
629 2127 759 2161 apposita.
775 2130 871 2154 etcum
884 2125 917 2154 de
927 2133 993 2153 uno-

208 2183 314 2211 quoque
325 2175 438 2203 ohsonio
450 2173 536 2201 semel
547 2176 709 2207 gustassent,
721 2171 837 2199 contenti
851 2177 926 2199 erant
944 2171 995 2198 hoc

212 2222 357 2253 alimento;
375 2219 419 2246 alii
435 2223 521 2246 autem
535 2224 629 2252 panem
645 2216 744 2244 sensim
757 2216 924 2248 mandentes,
943 2216 994 2242 alia

212 2272 300 2294 autem
313 2266 473 2300 accipientes
487 2265 552 2291 citra
566 2263 775 2296 simulationem,
790 2263 830 2290 sic
841 2269 994 2296 persevera-

216 2313 295 2344 bant;
311 2311 354 2338 alii
366 2317 453 2337 autent
468 2309 599 2345 jusculnm
616 2314 655 2336 ter
666 2313 766 2335 tantum
779 2308 963 2342 degustabant,
976 2315 993 2336 a

216 2356 325 2391 reliquis
340 2360 427 2383 autern
443 2354 620 2382 abstinebant.
639 2355 703 2387 Quae
715 2361 787 2385 cum,
809 2357 838 2380 ut
852 2358 910 2380 erat
928 2360 994 2380 con—

213 2410 379 2437 sentaneum,
396 2409 481 2429 essem
506 2400 663 2432 admiratus,
678 2407 731 2426 non
755 2399 912 2433 praetermisi
935 2406 993 2426 eam

210 2457 269 2484 quae
281 2457 314 2476 ex
327 2450 366 2476 eis
378 2448 481 2482 capitur
493 2446 644 2473 utilitatem.

490 2490 602 2518 CAPUT
618 2489 711 2518 XLIX.

467 2536 505 2563 De
519 2536 607 2562 abbate
619 2535 656 2562 Bc
669 2535 738 2572 (97).

247 2585 370 2614 Vidimus
394 2587 482 2610 autem
504 2582 586 2609 alium
600 2589 703 2616 quoque
716 2588 820 2614 senem,
835 2581 878 2616 qui
889 2581 998 2610 lenitate

211 2630 359 2666 superabat
373 2635 466 2655 omnes
476 2627 609 2658 homines,
619 2627 725 2653 nomine
738 2626 859 2654 abbatem
873 2626 909 2654 Bc
919 2627 999 2662 (Ruf-

212 2676 271 2710 βω,
290 2674 309 2701 ι.
334 2681 364 2706 tt,
389 2681 446 2706 cap.
468 2670 497 2705 4)
515 2679 521 2696 :
538 2670 571 2697 de
584 2678 637 2705 quo
650 2670 817 2698 afﬁrmabant
841 2671 934 2698 fratres
953 2671 998 2705 qui

212 2720 282 2754 apud
296 2720 380 2754 ipsum
392 2716 645 2749 versabantur,eum
657 2723 788 2750 nunquam
802 2715 916 2750 iurasse,
927 2723 996 2743 nun—

216 2772 296 2799 quam
312 2765 344 2792 de
359 2763 447 2798 aliquo
459 2761 597 2790 mentitutn
621 2768 693 2794 esse,
707 2769 795 2796 neque
812 2762 901 2797 aliquo
915 2762 997 2789 verbo

217 2808 381 2843 increpasse,
398 2814 485 2842 neque
497 2807 593 2834 iratum
607 2805 703 2839 fuisse;
721 2810 777 2833 erat
788 2806 858 2833 cnim
870 2806 928 2846 ejus
943 2807 997 2833 rita

214 2853 293 2880 valde
303 2853 404 2888 quieta,
414 2857 441 2880 et
455 2856 542 2880 mores
557 2851 699 2883 mansueti,
727 2855 754 2878 ut
778 2851 822 2886 qui
839 2855 935 2878 statum
951 2851 999 2878 ha-

219 2899 295 2927 beret
305 2899 470 2934 angelicum;
485 2902 544 2927 erat
556 2902 645 2928 autem
659 2897 737 2926 valde
751 2904 857 2933 quoque
880 2897 995 2932 humilis,

1042 1672 1163 1706 protinus
1177 1671 1270 1699 abiere
1284 1671 1403 1699 latrones
1416 1671 1449 1699 ad
1460 1679 1490 1699 ea
1502 1678 1561 1706 qua:
1569 1676 1646 1698 erant
1659 1670 1829 1699 circumcirca

1042 1716 1216 1749 monasteria,
1232 1717 1327 1744 mutati
1343 1716 1470 1748 moribus,
1486 1721 1514 1744 et
1535 1716 1568 1744 de
1590 1715 1622 1744 iis
1636 1723 1695 1750 quae
1711 1716 1831 1743 fecerant

1043 1762 1115 1789 ducti
1132 1762 1298 1796 pmnitentia.
1312 1761 1377 1788 Erat
1389 1765 1477 1789 autem
1489 1761 1529 1789 vir
1543 1761 1663 1788 eruditus
1687 1760 1714 1788 in
1730 1760 1829 1795 triplici

1041 1806 1125 1838 gratia
1151 1813 1317 1839 sermonum,
1345 1806 1372 1833 In
1400 1805 1506 1839 scriptis
1530 1804 1667 1837 Romanis,
1682 1805 1830 1838 Graecia/et

1042 1851 1217 1886 Egyptiacis,
1231 1851 1297 1878 sicut
1312 1859 1327 1878 a
1351 1851 1440 1878 multis
1454 1854 1481 1878 et
1495 1850 1528 1878 ab
1543 1851 1588 1877 illo
1611 1851 1668 1885 ipso
1694 1850 1828 1877 audimus.

1045 1896 1113 1924 Cum
1127 1897 1197 1923 enim
1213 1904 1261 1924 nos
1272 1896 1428 1931 agnovisset
1447 1903 1506 1924 esse
1524 1896 1655 1931 hospites,
1669 1897 1790 1924 scribens
1803 1897 1829 1923 in

1043 1943 1152 1975 tabella,
1168 1943 1221 1970 Deo
1233 1947 1341 1977 propter
1359 1950 1408 1969 nos
1421 1942 1473 1976 egit
1483 1942 1592 1976 gratias.
1609 1942 1770 1969 Comedebat
1780 1949 1829 1968 au-

1043 1990 1210 2020 tem_semina
1222 1995 1274 2015 non
1290 1993 1373 2016 cocta.
1398 1988 1482 2016 Noctu
1495 1992 1594 2021 autem,
1609 1993 1639 2016 ut
1653 1988 1737 2021 aiunt,
1750 1996 1827 2023 egre-

1048 2037 1169 2065 diebatur
1179 2044 1194 2064 e
1209 2036 1286 2070 cella,
1302 2041 1328 2064 et
1342 2036 1552 2071 congregabatur
1564 2043 1624 2062 cum
1639 2036 1712 2070 feris,
1735 2041 1760 2062 et
1781 2043 1828 2062 eas

1048 2083 1154 2118 putabat
1172 2090 1204 2109 ex
1222 2090 1252 2109 ea
1267 2089 1345 2116 quam
1362 2082 1475 2110 habebat
1488 2089 1566 2116 aqua.
1580 2081 1644 2109 Erat
1656 2082 1726 2109 enim
1738 2081 1828 2109 videre

1047 2128 1156 2163 vestigia
1172 2128 1339 2161 hubalorum,
1369 2132 1397 2155 ct
1416 2134 1587 2162 onagrorum,
1612 2131 1638 2154 et
1654 2127 1828 2162 quarumdam

1045 2182 1216 2209 caprearum,
1229 2175 1300 2202 circa
1324 2173 1383 2209 ejus
1402 2172 1602 2207 monasterium,
1617 2174 1712 2209 quibus
1724 2181 1830 2210 semper

1045 2220 1237 2248 delectabatur.

1348 2255 1459 2283 CAPUT
1488 2255 1533 2283 LI.

1290 2310 1329 2338 De
1342 2311 1431 2338 abbate
1445 2309 1506 2338 Elia
1523 2311 1590 2348 (99).

1084 2355 1205 2383 Vidimus
1220 2359 1307 2382 autem
1332 2355 1413 2382 alium
1426 2363 1530 2390 quoque
1544 2363 1634 2384 senem
1650 2356 1676 2384 in
1690 2356 1832 2384 solitudine

1047 2399 1167 2432 Antinoi,
1175 2406 1234 2434 qua:
1243 2405 1283 2426 est
1291 2399 1446 2434 metropolis
1455 2400 1611 2433 Thebaidis,
1620 2401 1703 2428 Eliam
1713 2402 1830 2434 nomine,

1047 2445 1091 2480 qui
1108 2449 1185 2471 natus
1197 2448 1256 2471 erat
1269 2449 1374 2470 centum
1390 2444 1519 2472 etdecem
1534 2453 1616 2473 annos
1631 2446 1727 2480 (lin/I1,
1742 2447 1786 2473 tib.
1801 2455 1830 2480 ιι,

1047 2497 1103 2524 cap.
1113 2489 1259 2524 I2).Supcr
1269 2496 1329 2515 eam
1342 2488 1464 2516 dicebant
1474 2490 1595 2524 spiritum
1610 2491 1673 2518 Elian
1695 2492 1830 2526 propheta:
1869 2483 1872 2486 ”

1047 2534 1226 2568 requievisse;
1253 2538 1311 2561 erat
1335 2534 1406 2561 enim
1437 2534 1513 2561 valde
1526 2535 1686 2569 celebratus,
1703 2542 1730 2564 ut
1745 2537 1789 2571 qui
1805 2538 1830 2564 in

1050 2579 1162 2607 terribili
1173 2579 1217 2606 illa
1230 2579 1375 2606 solitudine
1386 2580 1658 2615 egissetseptuaginta
1671 2590 1764 2609 annos.
1775 2583 1833 2610 Non

1049 2629 1136 2660 potest
1150 2630 1238 2652 autem
1251 2626 1337 2652 oratio
1354 2634 1402 2660 pro
1426 2626 1556 2660 dignitate
1582 2635 1691 2657 narrare
1713 2635 1832 2663 asperam

1050 2671 1122 2697 illam
1155 2669 1348 2704 solitudinem,
1381 2679 1442 2707 qua:
1473 2674 1515 2698 est
1545 2671 1570 2699 iu
1585 2676 1674 2699 monte
1689 2672 1832 2706 inquoille

1051 2713 1173 2747 sedebat,
1190 2721 1324 2748 nunquam
1340 2714 1507 2742 descendens
1522 2716 1548 2743 in
1563 2723 1620 2744 eam
1632 2724 1691 2751 quae
1702 2717 1834 2745 habitatur

1048 2760 1194 2793 regionem.
1220 2759 1268 2787 Est
1294 2760 1364 2787 enim
1387 2761 1506 2795 qumdsm
1531 2766 1624 2789 semita
1636 2771 1726 2790 corutn
1742 2763 1786 2796 qui
1800 2763 1834 2791 ad

1048 2805 1133 2840 ipsum
1148 2805 1287 2833 'accedunt
1310 2806 1453 2840 ejusmodi,
1477 2811 1505 2834 ut
1525 2808 1568 2836 rix
1597 2809 1697 2842 possint
1713 2809 1834 2837 insistere

1050 2851 1168 2886 vestigiis
1179 2851 1196 2878 ii
1208 2851 1252 2886 qui
1268 2851 1409 2885 accedttnt,
1423 2853 1484 2879 hinc
1497 2857 1524 2880 et
1537 2853 1597 2882 inde
1614 2854 1745 2889 lapidibus
1757 2862 1833 2890 aspe-

1049 2896 1086 2925 ris
1099 2895 1242 2925 ohvallata.
1263 2896 1326 2925 Erat
1347 2901 1434 2925 autem
1455 2898 1551 2927 sedens
1566 2899 1615 2928 sub
1629 2900 1742 2935 quadam
1755 2905 1832 2935 petra
