2072 3153
247 214 315 242 H35

974 212 1133 241 PALLADII

1793 205 1862 234 M36

252 279 278 306 In
292 278 428 313 spelunca,
442 277 508 305 adeo
523 282 552 305 ut
574 278 660 313 ipsum
674 284 778 312 quoque
793 277 883 305 videre
895 280 964 304 esset
981 276 1035 304 for—
1047 276 1072 306 Α
1087 278 1183 310 prteter
1205 274 1355 310 opinionem
1382 276 1483 304 ratione
1500 283 1514 304 a
1539 276 1594 304 Deo
1619 276 1812 312 suppeditatur.
1838 277 1870 306 ΕΙ

254 323 388 351 tttidabile.
414 323 555 351 Tremebat
569 328 657 351 autem
671 324 726 358 jam
743 328 823 356 totus,
849 328 877 350 ut
896 331 975 357 quem
992 318 1034 351 se-

257 373 351 396 nccttts
365 362 537 403 opprimeret.
552 368 631 395 Multa
643 373 730 395 autem
742 368 815 402 signa
829 368 946 402 quotidie
959 375 1035 400 pera-

252 413 339 449 gebat,
355 421 404 440 nec
426 413 548 440 cessabat
572 413 672 440 mederi
689 413 889 448 :cgrotantibus.
906 411 1035 438 Dicebant

252 462 347 485 autcm-
356 457 401 492 qui
415 457 484 492 apud
500 457 583 492 ipsum
599 465 675 484 eran.
699 457 799 490 Patres,
826 457 958 483 neminem
979 463 1034 483 nte-

253 503 362 531 minisse
375 503 433 538 ejus
448 511 575 530 ascensus
592 502 617 530 in
634 507 761 530 montem.
773 502 934 530 Comedebat
944 506 1033 529 autem

250 549 277 576 in
293 553 432 576 senectute
442 553 497 575 tres
513 549 605 576 uncias
621 549 706 583 panis,
722 551 813 585 ettres
825 547 898 574 oleas
911 554 1031 582 vespere.

249 593 279 621 in
292 593 433 628 iuventute
448 599 534 620 autem
547 601 654 634 semper
664 593 747 621 semel
760 593 915 620 comedebat
929 593 955 620 itt
968 592 1033 620 heb-

250 639 377 667 domada.

548 674 660 702 CAPUT
674 674 728 702 ιιι.

452 719 512 746 Vita
525 719 622 746 abbatis
635 718 728 753 Apollo
742 718 825 753 (100).

283 764 407 793 Vidimus
430 769 518 792 autem
539 765 619 792 alium
645 772 751 799 quoque
772 765 856 791 virum
870 768 990 792 sanctum
1005 765 1030 791 in

247 810 394 843 Thebaide,
407 810 432 837 in
449 810 546 837 finibus
557 809 723 845 Hermupolis
736 810 834 846 (ηψπ,
845 810 863 838 ι.
876 818 904 843 tt,
917 810 1008 844 cap.7)
1021 817 1029 836 :

246 857 275 885 in
289 865 366 892 quam
379 857 506 885 Servatur
518 857 591 883 venit
602 864 662 883 cuttt
676 860 766 884 sancta
783 857 862 883 Maria
884 861 909 883 et
920 856 1027 890 Joseph,

248 902 363 936 impletis
377 901 541 936 prophetiam
558 901 643 933 lsaite,
658 908 717 935 quae
727 901 808 927 dicit:
825 901 893 927 Ecce
903 901 1029 928 Dominus

245 945 320 972 sedet
332 951 413 978 super
424 944 520 970 nubem
533 943 628 975 levem,
641 947 668 970 et
681 943 769 970 veniet
783 944 810 970 in
824 943 966 978 Egyptian
978 951 985 975 ;
1001 948 1028 970 et

245 990 397 1023 quatientur
412 989 561 1016 manufacta
576 988 682 1023 Egypti
697 996 710 1015 a
727 989 794 1016 facie
809 989 876 1022 ejus,
895 993 922 1016 et
932 989 1028 1016 cadent

245 1037 271 1062 in
288 1041 383 1062 terram
410 1034 500 1070 (Isaitc
513 1036 579 1067 xtx).
610 1035 728 1061 Vidimus
752 1036 822 1061 enim
846 1035 901 1062 illic
923 1042 1028 1070 quoque

245 1081 385 1116 templum,
398 1081 424 1107 in
436 1088 498 1115 quo,
512 1081 630 1115 ingresso
645 1082 736 1108 urbem
756 1081 909 1114 Servatore,
923 1081 1028 1109 cei-ide-

244 1132 306 1156 runt
319 1127 405 1154 omnia
421 1125 561 1152 simulacra
575 1126 600 1152 in
612 1125 706 1153 faciem
721 1134 802 1160 super
818 1131 927 1154 terram.
956 1126 1027 1153 Vidi-

243 1181 303 1201 mus
313 1177 400 1200 autem
415 1172 468 1199 illic
480 1171 507 1199 itt
517 1172 659 1199 solitudine
670 1173 754 1200 virum
767 1193 774 1205 ,
798 1172 894 1207 Apollo
907 1173 1025 1206 nomine,

243 1220 288 1255 qui
303 1217 464 1246 monasteria
478 1216 592 1244 habebat
605 1225 685 1252 super
713 1221 841 1245 montem.
870 1218 933 1245 Erat
956 1218 1026 1244 enim

244 1269 319 1298 pater
332 1265 521 1292 monachorum
535 1264 639 1291 circiter
658 1263 861 1297 quingentorum
875 1283 882 1294 ,
911 1263 955 1297 qui
970 1267 1027 1290 erat

244 1311 320 1338 valde
335 1311 421 1338 clarus
434 1315 463 1338 et
474 1311 622 1337 celebratus
633 1309 658 1336 itt
665 1309 815 1341 Thebaide;
830 1313 958 1344 erantque
969 1309 1027 1343 ejus

243 1364 337 1391 magna
351 1363 443 1389 opera,
464 1361 490 1383 et
504 1363 613 1390 magnas
633 1355 744 1381 virtutes
766 1361 812 1388 per
835 1362 896 1381 cutn
914 1354 1027 1382 facirbat

243 1403 380 1435 Dominus,
396 1408 423 1430 et
438 1404 552 1438 plurima
565 1404 638 1438 signa
657 1408 684 1430 ct
707 1403 872 1430 admirabilia
896 1411 944 1438 per
967 1411 1027 1431 eum

242 1449 438 1477 efficiebantur.
456 1449 502 1476 llic
511 1449 582 1476 enim
591 1456 649 1483 cum
665 1456 678 1474 a
696 1448 806 1482 pueritia
818 1448 927 1475 multam
937 1453 1026 1476 osten-

242 1494 327 1522 disset
337 1495 569 1526 exercitationem,
596 1494 621 1520 in
647 1494 763 1527 perfecta
778 1498 854 1521 actate
881 1493 960 1520 talem
987 1499 1028 1522 cst

242 1544 402 1567 consecutus
416 1539 539 1574 gratiam.
568 1538 634 1565 Cum
649 1538 720 1566 enim
739 1543 810 1566 esset
832 1539 1026 1573 octogenarius,

243 1585 294 1612 sibi
306 1592 429 1619 magnum
441 1584 612 1618 congregavit
624 1584 818 1611 monasterium
835 1585 950 1611 virorum
966 1591 1026 1618 [er-

243 1630 385 1662 fectorum,
399 1630 443 1664 qtti
460 1633 582 1664 poterant
595 1636 689 1656 omnes
703 1628 760 1656 fere
774 1629 850 1663 signa
863 1629 979 1656 efﬁcere.
1003 1629 1025 1656 ls
1042 1642 1063 1672 ρ

242 1682 302 1703 cum
317 1675 470 1709 quindecim
482 1682 566 1701 annos
578 1678 654 1701 natus
668 1681 683 1701 a
697 1674 794 1701 mundo
808 1675 974 1708 secessisset,
998 1679 1025 1701 et

242 1721 416 1756 quadraginta
428 1727 512 1747 annos
527 1721 553 1747 in
565 1719 710 1747 solitudine
723 1719 904 1753 tran5cgisset,
920 1725 946 1746 et
958 1719 984 1746 in
995 1726 1025 1746 ca

243 1774 350 1794 omnem
367 1771 489 1794 virtutem
501 1767 663 1793 exercuisset
677 1766 767 1792 :visus
776 1769 816 1792 est
828 1770 919 1799 postea
934 1765 1027 1792 audite

242 1813 290 1840 Dei
301 1820 404 1844 vocem,
421 1811 534 1838 dicentis
549 1811 573 1838 ei
590 1819 597 1836 :
612 1810 717 1844 Apollo,
737 1810 844 1845 Apollo,
865 1817 913 1843 per
937 1815 961 1836 te
981 1817 1024 1836 sa-

241 1858 368 1892 pientium
386 1858 411 1884 in
424 1857 551 1892 Egypto,
562 1861 588 1883 et
604 1855 770 1889 prudetttiam
782 1856 899 1889 gentium
910 1855 1026 1889 pruden-

240 1904 304 1931 tium
317 1903 438 1930 abolebo.
463 1901 562 1929 Perdes
582 1906 669 1928 autem
687 1900 751 1927 milti
765 1907 824 1927 cum
837 1900 878 1927 eis
889 1901 967 1927 etiam
980 1907 1022 1926 sa-

241 1952 345 1985 pientes
372 1949 522 1984 Babylonis,
538 1947 608 1974 etde
621 1947 708 1974 medio
718 1947 794 1973 tolles
808 1952 912 1973 omnem
925 1945 1023 1972 cultu-ii

241 1994 448 2026 daemoniaenm;
467 1997 494 2020 et
514 2000 584 2019 ttunc
600 1992 665 2019 vade
687 1991 712 2018 in
734 1998 791 2018 eam
817 1998 876 2024 qua:
891 1990 1025 2017 ltabihtur

239 2040 391 2074 regionem;
415 2037 554 2072 generabis
570 2036 640 2064 enim
668 2035 732 2062 mitti
760 2036 884 2070 populum
910 2035 1024 2069 peculia-

241 2092 309 2116 rem,
337 2083 518 2110 :cmulatoretn
534 2082 663 2109 bonorum
683 2088 802 2115 operum.
826 2080 850 2107 Is
874 2085 963 2107 autem
982 2088 1024 2108 re-

240 2129 382 2162 spondens,
401 2127 486 2154 dixit:
502 2126 589 2154 Aufer
600 2134 615 2152 a
628 2133 681 2160 me,
696 2125 816 2158 Domine,
835 2126 1023 2160 arrogantiam,

241 2181 274 2200 ne
294 2174 359 2200 forte
371 2174 455 2199 elatus
463 2179 541 2206 supra
555 2171 758 2202 fraternitatem,
768 2171 858 2204 priver
868 2170 940 2197 omni
954 2171 1024 2197 bono

239 2226 319 2254 opere
333 2218 396 2254 (Tit.
410 2218 451 2253 tt).
472 2217 502 2244 Ei
516 2222 604 2244 autem
629 2223 721 2242 rurSus
744 2216 809 2243 dixit
833 2223 883 2242 vox
903 2215 991 2242 divina
1015 2224 1021 2241 :

239 2264 312 2292 Mitte
335 2271 441 2290 mattum
467 2267 538 2289 tuam
565 2269 646 2296 super
666 2261 761 2288 collum
782 2265 865 2292 tuum,
886 2266 912 2287 et
927 2260 1023 2287 deinde

239 2307 459 2343 comprehendes,
480 2313 507 2334 et
525 2305 638 2334 infodies
657 2313 747 2333 arena.
765 2305 788 2333 ls
800 2310 888 2332 autem
901 2313 960 2332 cum
969 2310 1022 2332 sta-
1037 2324 1062 2354 Β

239 2361 285 2384 ttttt
297 2364 404 2383 manum
424 2356 539 2383 misisset
553 2361 635 2389 super
650 2354 758 2387 collum,
771 2353 945 2388 apprehendit
958 2360 1020 2387 par-

238 2412 300 2431 rum
312 2402 475 2437 Etltiopem,
495 2406 522 2429 et
541 2408 601 2428 eum
615 2399 710 2427 ittfodit
724 2400 751 2426 in
768 2407 848 2426 arena
863 2399 1020 2426 clamantem

238 2456 265 2478 et
277 2450 410 2477 dicentetn
423 2457 431 2475 :
459 2448 515 2482 Ego
528 2454 586 2474 sum
601 2447 706 2473 dmmon
730 2445 871 2478 superbiae.
887 2445 920 2472 Et
929 2451 1021 2472 rursus

236 2495 305 2522 facta
319 2499 360 2522 est
374 2501 424 2521 vox
435 2493 468 2520 ad
481 2500 552 2525 eum,
568 2491 659 2519 dicens
672 2501 677 2517 :
699 2491 781 2524 \‘ade,
814 2490 937 2525 queniam
951 2490 1021 2524 quod

237 2549 253 2568 a
268 2543 322 2568 Deo
334 2539 450 2574 petieris,
476 2538 600 2572 accipies.
627 2537 651 2564 ls
665 2541 751 2563 autem
765 2543 824 2562 cum
837 2536 950 2569 primum
971 2536 1021 2562 hoc

237 2586 366 2619 audisset,
378 2584 512 2620 profectus
524 2583 609 2618 estlin
631 2590 688 2610 eam
705 2589 762 2616 quae
782 2582 915 2609 habitatur
933 2581 1022 2616 regio-

239 2640 312 2666 nem,
335 2636 455 2667 tempore
469 2629 565 2657 Juliani
581 2628 696 2663 tyranni,
709 2632 736 2655 et
751 2632 814 2655 tunc
827 2627 900 2655 venit
915 2627 942 2654 in
955 2634 1019 2662 pro~

236 2679 361 2714 pinquam
373 2676 552 2705 solitudinem.

270 2724 337 2751 Cum
351 2722 491 2758 quamdam
514 2726 602 2748 autem
618 2726 726 2755 parvam
746 2723 902 2753 occupasset
913 2717 1019 2752 spelun.

235 2777 304 2801 eam,
329 2770 452 2796 manebat
461 2769 553 2795 subter
561 2771 690 2794 montem.
701 2766 764 2800 Ejus
774 2770 863 2793 autem
874 2773 940 2799 opus
950 2768 1017 2794 erat.

236 2820 291 2841 toto
303 2815 399 2842 diurno
413 2815 498 2849 spatio
510 2820 602 2848 preces
613 2813 707 2844 edere;
734 2816 813 2838 noctu
834 2811 940 2843 quidem
956 2817 1018 2836 cett--

235 2860 296 2891 ties,
308 2859 422 2886 interdiu
437 2863 523 2886 autem
537 2858 626 2890 toties,
638 2857 713 2884 ﬂexis
721 2856 843 2892 genibus.
854 2856 917 2890 Ejus
931 2859 1018 2882 autem

233 2903 390 2932 alimentum
413 2909 475 2932 tunc
500 2911 602 2938 quoque
627 2904 694 2932 sicut
715 2903 797 2936 prius,
825 2901 974 2930 admirabili
993 2906 1020 2929 et

1086 320 1157 347 enim
1175 320 1201 347 in
1210 321 1351 348 solitudine
1362 329 1409 356 per
1418 322 1539 358 angelum
1554 322 1713 350 efferebatur
1724 323 1870 350 nutrimen-

1087 371 1152 393 tum.
1179 365 1241 400 Ejus
1270 371 1357 393 autetn
1378 367 1560 394 indumentum
1585 372 1644 395 erat
1662 368 1770 400 lebiton,
1799 368 1869 402 quod

1086 411 1205 438 nonnulli
1230 411 1362 439 colobium
1386 412 1528 447 appellant,
1563 417 1592 440 et
1619 420 1727 447 parvum
1760 413 1868 441 linteum

1085 458 1112 484 in
1138 457 1196 492 ejus
1222 459 1317 492 capite.
1338 458 1400 486 llaec
1428 459 1498 486 enim
1517 459 1542 486 ei
1566 459 1708 487 manebant
1730 460 1755 486 in
1774 459 1869 487 solitu-

1085 501 1157 535 dine,
1183 509 1233 530 nee
1257 503 1465 531 veterascebant.
1490 504 1552 531 Erat
1566 508 1655 531 autem
1680 503 1707 530 in
1726 503 1868 532 solitudine

1085 549 1230 583 propinqua
1247 553 1326 576 terra:
1345 556 1404 584 quae
1421 549 1564 582 habitatur,
1576 549 1676 577 faciens
1689 549 1763 584 signa
1778 555 1804 577 et
1816 550 1868 577 virs

1084 597 1154 620 tutes
1166 593 1337 621 admirabiles
1352 593 1378 620 in
1395 594 1493 621 virtute
1507 594 1622 628 Spiritus
1637 603 1645 620 :
1666 601 1734 630 quas
1760 598 1868 629 propter

1082 638 1203 665 miraculi
1216 637 1345 673 insignem
1357 640 1564 673 magnitudinem
1584 646 1663 667 nemo
1678 644 1764 674 potest
1774 645 1866 666 omnes

1082 683 1182 716 dicere,
1197 684 1264 711 sicut
1278 684 1428 712 audivimus
1441 692 1456 711 a
1468 684 1575 712 senibus
1596 684 1640 719 qui
1652 691 1712 711 cum
1725 691 1758 712 eo
1770 690 1863 711 versa-

1082 728 1188 761 bantur,
1202 730 1246 764 qui
1263 730 1312 765 ipsi
1330 737 1436 764 quoqtte
1447 734 1524 757 erant
1546 730 1593 756 viri
1609 729 1729 764 perfecti,
1743 733 1770 756 et
1781 735 1866 763 prate-

1081 778 1141 801 rant
1154 774 1242 802 multis
1257 774 1393 802 fratribus.
1409 775 1469 802 Fuit
1484 775 1572 809 itaque
1593 774 1714 809 protinus
1732 773 1820 801 clarus
1832 780 1864 800 ac

1081 818 1244 854 celebratus,
1262 825 1384 855 tanquam
1399 827 1486 847 novus
1496 820 1592 855 aliquis
1611 819 1736 854 propheta
1752 818 1792 846 vel
1805 825 1865 852 apo-

1080 866 1175 900 stolus,
1189 866 1234 901 qui
1249 867 1364 893 venisset
1372 870 1463 892 nostro
1475 865 1588 898 saeculo;
1602 869 1698 892 etcum
1713 870 1809 898 magna
1823 862 1863 889 fa-

1080 921 1123 939 ma
1140 913 1173 939 de
1200 919 1232 940 eo
1248 919 1338 946 sparsa
1365 916 1446 946 esset,
1458 919 1551 939 omnes
1565 911 1610 946 qui
1628 910 1798 938 circumcirca
1808 910 1863 937 dis-

1043 960 1065 988 Β
1080 957 1151 992 persi
1167 957 1319 985 habitabant
1329 954 1463 989 monachi,
1478 964 1583 991 semper
1597 956 1630 983 ad
1643 955 1860 988 eumt'eniebant,

1079 1007 1106 1030 ct
1120 1007 1243 1038 tanqttatn
1257 1003 1321 1037 pttri
1335 1009 1470 1036 germano,
1482 1002 1550 1029 dona
1567 1009 1628 1029 suas
1647 1001 1794 1028 oderebant
1804 1007 1862 1026 ant-

1079 1057 1145 1077 mas.
1159 1049 1181 1076 ls
1196 1054 1284 1076 autem
1309 1050 1376 1076 alios
1398 1048 1505 1084 quidem
1527 1049 1682 1076 hortabatur
1695 1047 1728 1074 ad
1742 1051 1860 1074 contem—

1079 1094 1237 1129 plationem;
1252 1093 1318 1121 alios
1331 1102 1394 1121 vero
1409 1093 1572 1127 instituebat,
1597 1098 1626 1120 ut
1639 1096 1860 1128 persequerentur

1078 1140 1214 1172 virtutem,
1244 1147 1302 1174 qure
1316 1144 1436 1167 versatur
1456 1140 1481 1166 itt
1496 1139 1609 1172 actione,
1637 1139 1752 1172 primum
1771 1142 1862 1165 osten-

1078 1185 1144 1212 dens
1159 1192 1239 1220 opere
1253 1193 1284 1212 ea
1298 1193 1357 1220 qua»:
1369 1185 1439 1219 ipsos
1455 1185 1541 1213 facere
1555 1184 1712 1212 admonebat
1725 1191 1858 1211 sermone.

1077 1229 1153 1263 Stepe
1168 1231 1238 1257 enim
1257 1230 1296 1258 eis
1317 1231 1461 1258 ostendens
1474 1230 1703 1262 exercitationem,
1724 1229 1860 1256 Dotninica

1077 1275 1162 1302 solum
1178 1283 1238 1302 cum
1253 1276 1291 1303 eis
1302 1276 1475 1304 versabatur:
1492 1277 1547 1310 ipse
1563 1275 1668 1310 quidem
1685 1282 1737 1302 non
1749 1274 1860 1308 amplius

1078 1328 1197 1354 sumens,
1226 1329 1304 1356 quam
1320 1321 1391 1349 olera
1405 1329 1462 1356 qua:
1486 1329 1533 1349 sua
1561 1326 1656 1355 sponte
1675 1323 1819 1348 nascuntur
1833 1320 1860 1346 in

1079 1370 1165 1398 terra;
1182 1374 1234 1393 non
1251 1374 1346 1401 panem
1360 1367 1465 1394 interim
1477 1367 1524 1398 vel,
1535 1366 1666 1401 legumen,
1683 1373 1734 1393 non
1756 1373 1789 1392 ex
1804 1366 1860 1392 tru-

1079 1412 1166 1439 ctibus
1189 1413 1315 1439 arborum
1334 1412 1435 1446 aliquid
1456 1412 1612 1444 contedens,
1633 1418 1683 1439 nec
1696 1416 1859 1446 quaecunque

1079 1458 1133 1492 igni
1143 1457 1248 1484 adittota
1260 1457 1368 1484 veniunt
1378 1457 1405 1484 in
1418 1464 1479 1484 usus
1494 1457 1640 1484 hominum.

1113 1515 1178 1542 Cum
1192 1519 1281 1542 autem
1305 1518 1425 1549 tempore
1454 1514 1551 1542 Juliani
1577 1512 1719 1548 aliquando
1733 1512 1858 1541 audiisset

1079 1562 1096 1589 ft
1104 1567 1186 1589 atrem
1202 1562 1227 1589 in
1240 1563 1358 1589 exercitu
1373 1565 1479 1596 captum
1490 1560 1608 1588 vinctum
1624 1559 1707 1587 teneri
1722 1559 1748 1587 in
1771 1563 1858 1587 custo-

1078 1607 1130 1641 dia,
1143 1608 1255 1635 accessit
1270 1607 1303 1635 ad
1318 1615 1379 1634 eum
1394 1615 1454 1634 cum
1467 1607 1643 1640 fraternitate,
1655 1614 1751 1641 rogans
1762 1614 1821 1634 eum
1833 1610 1858 1634 et

1079 1655 1236 1687 admonens,
1253 1657 1281 1681 ut
1294 1653 1450 1681 essetfortis
1463 1657 1490 1680 et
1500 1658 1623 1680 constans
1638 1653 1664 1680 in
1680 1652 1822 1685 laboribus,
1834 1655 1859 1679 et

1078 1700 1228 1733 despiceret
1242 1698 1358 1733 pericula
1373 1697 1423 1725 sibi
1444 1694 1619 1725 iiuminentia.
1635 1697 1702 1725 Dicit
1715 1697 1785 1724 enim
1801 1703 1859 1724 esse

1077 1745 1127 1772 sibi
1141 1749 1244 1779 tempus
1255 1743 1450 1776 certaminum,
1484 1747 1514 1770 ut
1544 1746 1609 1769 tunc
1637 1748 1745 1776 quoque
1784 1748 1860 1768 mens

1076 1789 1134 1824 ejus
1148 1790 1273 1824 probetur
1295 1788 1393 1816 insultu
1408 1788 1592 1814 tentationum.
1617 1787 1758 1822 Postquam
1772 1790 1858 1812 autem

1077 1836 1118 1863 his
1133 1836 1221 1864 verbis
1232 1837 1288 1869 ejus
1302 1834 1419 1861 animum
1429 1833 1604 1866 confirmavit,
1617 1832 1760 1860 adveniens
1774 1830 1857 1858 tribu-

1077 1889 1136 1915 nus,
1150 1882 1195 1916 qui
1210 1881 1324 1916 quodam
1337 1880 1446 1907 sceleris
1459 1879 1592 1906 ferebatur
1601 1879 1710 1912 itnpetu,
1723 1884 1783 1904 curn
1797 1876 1857 1911 qui-

1076 1929 1136 1956 dam
1152 1928 1176 1955 ei
1188 1927 1222 1954 de
1236 1926 1300 1962 ipsis
1315 1926 1500 1961 significasset,
1518 1924 1615 1951 clausis
1628 1923 1710 1958 portis
1721 1921 1858 1954 custodiu‘,

1076 1977 1103 2001 et
1114 1973 1199 2007 ipsum
1213 1976 1238 1999 et
1253 1978 1346 1999 omnes
1360 1971 1403 2005 qui
1417 1977 1477 1997 cuiu
1487 1977 1518 1996 co
1528 1972 1604 1996 erant
1615 1967 1759 1995 tnonachos
1775 1966 1858 1993 inelu-

1075 2019 1120 2052 sit,
1136 2024 1259 2052 tanquam
1275 2018 1377 2044 futuros
1397 2021 1473 2049 aptos
1492 2015 1524 2043 ad
1537 2014 1674 2047 militiam;
1697 2018 1724 2040 et
1738 2020 1796 2040 cum
1819 2013 1858 2039 eis

1075 2069 1140 2099 quot
1153 2064 1216 2091 satis
1235 2067 1324 2090 essent
1343 2061 1467 2088 custodes
1484 2059 1675 2093 constituisset,
1696 2058 1803 2086 domum
1814 2065 1858 2084 ro-

1075 2110 1136 2142 diit,
1151 2116 1201 2136 nec
1220 2108 1355 2135 auditione
1368 2106 1474 2142 quidem
1493 2106 1525 2133 ab
1549 2105 1587 2133 eis
1605 2104 1692 2139 rogari
1711 2103 1857 2130 sustinens.

1075 2155 1160 2183 Media
1175 2159 1262 2182 autem
1278 2158 1365 2185 nocte,
1382 2152 1529 2186 lampadem
1555 2149 1767 2184 ferens~angelus
1778 2155 1856 2182 appa-

1075 2205 1117 2228 ret
1129 2200 1294 2233 custodibus,
1310 2199 1408 2226 iumine
1422 2199 1558 2226 illustrans
1576 2203 1669 2224 omnes
1682 2195 1727 2230 qtti
1741 2199 1816 2222 erant
1831 2194 1856 2221 in

1075 2253 1192 2280 carcere,
1215 2246 1282 2273 adeo
1306 2249 1396 2280 utprai
1412 2249 1521 2279 stupore
1534 2243 1636 2270 hiantes
1655 2248 1755 2270 starent
1767 2246 1857 2268 custo-

1075 2293 1132 2320 des.
1152 2293 1202 2326 Qui
1225 2299 1284 2319 cttm
1299 2291 1487 2324 sutrexissent,
1512 2297 1559 2318 eos
1575 2294 1699 2324 rogarunt
1713 2293 1742 2316 ut
1764 2295 1856 2314 omnes

1076 2338 1190 2371 abirent,
1205 2339 1244 2365 eis
1259 2337 1359 2372 apertis
1371 2337 1476 2372 januis;
1497 2335 1647 2363 fatebantur
1659 2335 1729 2362 enim
1742 2342 1801 2362 esse
1811 2340 1856 2360 sa-

1075 2384 1126 2410 tius
1138 2390 1185 2417 pro
1204 2383 1238 2410 iis
1253 2383 1329 2415 mori,
1346 2390 1424 2417 quam
1441 2390 1500 2417 quae
1514 2382 1546 2408 ad
1558 2388 1604 2408 eos
1619 2380 1744 2407 divinitus
1770 2379 1857 2406 venis-

1073 2432 1115 2456 set
1130 2429 1279 2456 libertatem
1291 2428 1334 2462 qui
1347 2428 1412 2454 citra
1429 2427 1560 2454 rationem
1572 2426 1755 2453 detinebantur
1768 2424 1856 2459 despi-

1075 2481 1147 2501 cere.
1164 2473 1298 2500 Tribunus
1314 2473 1401 2508 itaque
1415 2479 1476 2499 cum
1501 2471 1696 2506 magiStratibus
1712 2477 1789 2497 mane
1808 2477 1856 2496 ve-

1074 2518 1150 2546 niens
1160 2519 1184 2547 itt
1199 2518 1357 2550 custodiam,
1373 2517 1549 2545 contendebat
1564 2522 1591 2544 ut
1606 2518 1652 2544 viri
1668 2516 1856 2551 egrederentur

1071 2573 1087 2592 e
1098 2564 1220 2598 civitate;
1233 2565 1336 2592 diccbat
1350 2565 1421 2592 cnitn
1435 2564 1542 2591 domum
1554 2571 1626 2591 suam
1637 2563 1765 2591 cecidisse
1779 2567 1856 2589 terra:

1072 2616 1158 2644 motu,
1178 2615 1205 2638 et
1219 2618 1235 2638 e
1255 2612 1309 2637 suis
1334 2610 1420 2638 servis
1434 2610 1549 2644 optimos
1560 2616 1701 2643 oppressos
1716 2607 1806 2635 fuisse.
1836 2606 1855 2632 li

1073 2662 1162 2685 autem
1178 2657 1235 2685 hinc
1247 2657 1393 2688 audientes,
1410 2656 1464 2684 Deo
1482 2657 1582 2691 gratias
1595 2658 1715 2689 agentes,
1734 2653 1856 2680 abierunt

1072 2705 1098 2732 in
1127 2703 1313 2736 solitudinem,
1342 2707 1471 2737 erantque
1496 2708 1589 2729 omnes
1620 2699 1719 2732 simul,
1742 2703 1772 2726 ut
1791 2697 1856 2725 dicit

1072 2749 1228 2784 Apostolus,
1253 2749 1380 2776 habentes
1404 2754 1450 2775 cor
1475 2754 1556 2775 unum
1582 2750 1610 2775 et
1635 2753 1713 2773 unam
1740 2745 1855 2771 animam

1073 2796 1142 2830 (Act.
1159 2794 1206 2826 tv).

1109 2851 1226 2879 Docebat
1240 2855 1329 2878 autem
1348 2849 1465 2885 quotidie
1480 2847 1568 2876 ornari
1580 2846 1731 2879 virtutibus,
1759 2848 1786 2872 et
1798 2851 1858 2870 tita-

1068 2898 1164 2926 eltinas
1179 2897 1275 2925 diaboli
1288 2897 1314 2924 in
1334 2895 1537 2931 cogitationibus
1551 2893 1579 2922 in
1592 2891 1723 2928 principio
1736 2891 1858 2928 protinus
