2079 3157
212 202 281 237 1137

824 201 1009 233 HISTORIA
1027 179 1233 233 LAUSIACA:

1769 200 1839 233 1138

210 257 352 294 σπήλαιον,
365 256 434 284 ὥστε
452 255 538 284 καὶτὸ
552 255 617 282 ἰδεῖν
631 254 713 282 αὑτὸν
729 254 791 282 λίαν
809 251 844 290 ἦν
870 255 997 291 φοϐερόν,
1011 259 1038 291 Α
1049 255 1214 287 τοσαυτάκις
1230 254 1259 282 δέ
1273 254 1302 282 ἐν
1318 255 1350 290 τῇ
1364 255 1469 291 ἡμέρᾳ,
1490 240 1662 290 κάμπτοντος
1675 255 1710 284 τὰ
1726 257 1837 291 γόνατα.

210 305 330 339 Ἔτρεμε
341 303 368 330 δέ
384 301 479 329 λοιπὸν
497 301 557 333 ὅλος
570 301 622 328 ὑπὸ
635 300 683 327 τοῦ
694 300 790 336 γήρως
803 301 993 336 συνεχόμενος.

207 350 298 377 Πολλά
319 350 348 376 δέ
373 341 566 383 καθθέκάστην
591 347 698 383 ἡμέραν
727 348 829 382 σημεῖα
850 347 995 381 ἐπιτελῶν,

207 397 256 423 καὶ
276 396 390 431 ἰώμενος
404 395 468 427 τοὺς
484 395 640 430 κάμνοντας
655 393 705 421 οὐκ
729 393 860 421 ἐπαύετο.
879 394 995 428 Ἔλεγον

206 443 236 471 δὲ
258 443 322 478 περὶ
349 442 432 470 αὐτοῦ
445 442 470 469 οἱ
499 441 622 477 Πατέρες
640 461 648 473 ,
674 440 716 467 ὅτι
741 440 830 472 οὐδεὶς
856 439 993 475 μέμνηται

205 490 255 527 τὴν
270 488 354 516 αὐτοῦ
371 490 400 516 ἐν
411 488 451 524 τῷ
479 488 537 524 δρει
552 487 739 524 γεγενημένην
757 486 861 515 ἄνοδον.
877 486 992 513 Ἦσθιεν

204 536 234 563 δέ
252 536 281 563 ἐν
298 535 338 571 τῷ
357 535 438 570 γήρει
457 535 532 569 τρεῖς
545 533 662 568 οὐγγίας
685 533 768 569 ἄρτου
797 533 838 564 είς
863 532 994 568 ἑσπέραν,

205 582 253 608 καὶ
278 581 354 616 τρεῖς
372 580 477 612 ἐλαίας.
496 580 541 606 Ἐν
563 580 670 615 νεότητι
684 579 712 606 δέ
725 578 771 606 ἀε)⁸
795 578 829 606 δι’
847 577 994 614 ἑϐδομάδος

205 625 302 652 ἐσθίων
316 624 390 657 ἅπαξ
401 624 523 652 διετέλει.

502 703 630 730 ΚΕΦΑΛ.
647 703 710 730 NB’.

393 769 466 804 Περὶ
484 769 538 796 τοῦ
562 767 638 796 ἀσϐᾶ
657 767 799 796 Ἀπολλώ.

195 844 199 850 ’
243 847 435 883 Ἐθεασάμεθα
447 847 475 874 δὲ
487 847 534 875 καὶ
548 847 642 882 ’ἕτερον
668 847 755 882 ἄνδρα
779 846 856 880 ἅγιον
879 845 994 880 ὀνόματι

208 895 341 928 Ἀπολλῶ,
355 896 384 922 ἐν
399 894 524 928 Θηϐαΐδι,
539 895 568 920 ἐν
584 893 668 929 ὁρίοις
689 893 897 928 Ἑρμουπόλεως
908 899 914 906 ·
929 892 958 917 ἐν
976 888 993 928 ᾖ

1054 300 1088 327 Ἦ
1103 300 1191 336 τροφὴ
1217 300 1246 327 δέ
1277 300 1360 327 αὐτοῦ
1383 301 1452 333 τέως
1477 301 1603 337 καθάπερ
1629 302 1738 338 πρῶτον
1764 304 1839 339 παρὰ

1047 345 1115 373 Θεοῦ
1139 346 1169 378 ἐξ
1184 346 1338 381 ἀμηχανίας
1358 347 1526 382 ἐχορηγεῖτο.
1554 348 1598 374 Ἐν
1622 349 1655 384 τῇ
1673 348 1770 385 ἐρήμῳ
1784 350 1839 385 γὰρ

1047 391 1122 427 αὺτῷ
1136 393 1153 427 ἡ
1166 391 1253 427 τροφὴ
1269 393 1334 427 παρ’
1351 393 1467 427 ἀγγέλου
1481 393 1634 429 ἐκομίζετο.
1646 395 1683 421 Τὸ
1695 394 1724 421 δέ
1737 395 1840 430 ἔνδυμα

1046 435 1080 474 ἦν
1095 438 1169 473 αὐτῷ
1184 439 1198 465 ό
1214 439 1339 472 λεϐιτὼν,
1360 440 1445 475 ὅνπερ
1461 440 1534 471 τινές
1555 440 1676 467 κολόϐιον
1700 449 1839 476 προσαγο-

1049 485 1169 520 ρεύουσι,
1182 485 1230 512 καὶ
1243 485 1345 513 λέντιον
1361 485 1459 521 μικρὸν
1470 486 1517 513 ἐπὶ
1531 488 1582 522 τὴν
1606 487 1728 523 κεφαλὴν
1744 487 1837 515 αὐτοῦ.

1046 530 1142 558 Ταῦτα
1155 530 1209 566 γὰρ
1228 531 1302 566 αὺτῷ
1317 532 1347 558 ἐν
1359 533 1392 567 τῇ
1406 532 1502 568 ἐρήμῳ
1518 531 1630 567 ἐμειναν
1654 532 1692 568 μὴ
1710 532 1839 559 παλαιου-

1049 574 1194 611 μένα.⁹Ην
1203 577 1269 611 γοῦν
1283 578 1312 604 ἐν
1325 578 1358 613 τῇ
1370 578 1484 612 πλησίον
1494 578 1543 613 τῆς
1552 578 1715 614 οἰκουμένης
1729 579 1837 614 ἐρήμῳ,

1046 623 1076 648 ἐν
1087 623 1121 658 τῇ
1138 622 1253 659 δυνάμει
1267 623 1367 658 διάγων
1381 623 1428 650 τοῦ
1446 623 1617 660 Πνεύματος,
1636 625 1736 660 σημεῖα
1751 624 1838 651 δὲκαὶ

1047 668 1132 700 ίάσεις
1152 667 1283 695 ἐπιτελῶν
1298 667 1467 703 θαυμαστὰς,
1483 668 1516 700 ἃς
1532 669 1582 695 οὐκ
1599 669 1632 696 ἄν
1646 677 1688 700 τις
1705 668 1738 695 δι’
1754 668 1838 703 ὑπερ-

1046 713 1127 750 ϐολὴν
1140 713 1278 749 θαύματος
1289 714 1379 745 πάσας
1391 713 1510 746 ἐξειπεῖν
1523 713 1644 747 δύναται,
1655 713 1747 745 καθὼς
1762 713 1838 748 παρὰ

1045 760 1100 787 τῶν
1122 759 1256 786 συνόντων
1275 759 1351 796 αὺτῷ
1379 759 1573 797 πρεσϐυτέρων
1595 759 1765 795 ἠκούσαμεν,
1790 758 1838 786 καὶ

1045 805 1137 831 αὐτῶν
1147 804 1258 831 τελείων
1270 804 1354 832 όντων
1365 805 1413 831 καὶ
1429 804 1590 840 ἡγουμένων
1608 804 1709 839 πολλῆς
1729 803 1838 838 ἀδελφόι

1045 859 1136 886 τητος.
1156 851 1271 884 Γέγονεν
1291 850 1337 878 οὖν
1353 851 1433 883 εὐθὺς
1457 850 1598 886 διαϐόητος
1615 852 1629 878 ὁ
1649 851 1729 886 ἀνὴρ,
1747 850 1785 882 ὡς
1804 850 1838 876 ἂν

1045 897 1105 928 νέος
1121 905 1164 928 τις
1181 898 1323 932 προφήτης
1337 897 1383 924 καὶ
1398 897 1547 928 ἀπόστολος
1570 898 1603 932 τῇ
1620 896 1742 932 ἡμετέρᾳ
1756 897 1838 932 γενεᾷ

201 941 216 968 ὁ
229 942 324 978 Σωτὴρ
339 941 408 977 μετὰ
418 941 469 977 τῆς
483 941 618 977 παρθένου
635 940 745 976 Μαρίας
762 939 809 966 καὶ
823 938 870 965 τοῦ
887 939 993 965 δικαίου
1009 933 1030 960 Β
1047 943 1239 978 ἐπιφοιτήσας.
1263 943 1360 978 Φήμης
1382 943 1411 970 δὲ
1430 943 1532 977 πολλῆς
1549 943 1614 978 περὶ
1630 942 1712 969 αὐτοῦ
1729 942 1838 977 διαδραν

207 988 306 1024 Ἰωσὴφ
322 987 497 1023 παρεγένετο,
522 987 634 1014 Ἡσαΐου
660 985 710 1022 τὴν
735 984 903 1020 προφητείαν
928 985 993 1011 ἀνα-

200 1035 322 1070 πληρῶν,
336 1034 478 1069 λέγοντος·
501 1033 565 1060 Ἰδοὺ
589 1032 690 1068 Κύριος
708 1031 824 1067 κάθηται
844 1031 891 1058 ἐπὶ
911 1030 992 1065 νειρέ-

199 1080 248 1115 λης
261 1081 376 1116 κούφης,
395 1080 442 1107 καὶ.
454 1079 515 1115 ἥξει
527 1081 567 1111 είς
578 1080 728 1113 Αῐγυπτον,
743 1078 791 1104 καὶ
804 1077 991 1113 σεισθήσονται

198 1127 375 1162 χειροποίητα
390 1125 528 1160 Αίγύπτου
539 1125 593 1151 ἀπὸ
610 1124 756 1160 προσώπου
771 1123 865 1156 αὐτοῦ,
880 1123 928 1150 καὶ
941 1131 992 1149 πε-

199 1171 310 1198 σοῦνται
326 1172 373 1198 ἐπὶ
384 1171 432 1207 τὴν
443 1171 505 1206 γῆν.
527 1171 634 1205 ἰδομεν
653 1170 711 1196 ἐκεῖ
724 1169 771 1196 καὶ
785 1169 830 1195 τὸν
841 1168 904 1194 ναὸν
915 1167 989 1200 ἔνθα,

198 1216 364 1248 εἰσελθόντος
373 1216 419 1243 τοῦ
432 1216 558 1251 Σωτῆρος
569 1216 598 1241 ἐν
608 1216 641 1251 τῇ
651 1215 739 1248 πόλει,
747 1214 781 1241 τὰ
793 1213 891 1241 εἴδωλα
902 1213 991 1240 πάντα

198 1262 350 1289 κατέπεσεν
372 1262 418 1288 ἐπὶ
436 1261 583 1297 πρόσωπον
613 1261 653 1292 είς
669 1260 720 1296 τὴν
731 1260 795 1295 γῆν,
811 1259 917 1295 Ἵδομεν
944 1258 991 1286 οὖν

199 1308 246 1334 τὸν
264 1308 349 1343 ἄνδρα
374 1307 468 1334 τοῦτον
483 1307 512 1334 ἐν
525 1308 558 1343 τῇ
573 1307 669 1343 ἐρήμῳ
693 1306 746 1333 ὑπὸ
759 1305 790 1333 τὸ
814 1306 877 1341 ὅρος
893 1305 990 1341 ἔχοντα

201 1354 394 1390 μοναστήριον,
411 1353 523 1389 Πατέρα
535 1353 573 1385 ὡς
590 1352 777 1380 πεντακοσίων
790 1351 916 1388 μοναχῶν
928 1360 935 1367 ·
960 1351 990 1383 ὃς

198 1400 340 1435 διαϐόητος
356 1401 386 1427 ἐν
404 1399 536 1436 Θηϐαΐδι·
553 1400 602 1427 καὶ
623 1399 692 1434 ἔργα
711 1398 817 1434 μεγάλα
840 1396 874 1433 ἦν
903 1396 988 1433 αὐτῷ,

197 1446 246 1474 καὶ
269 1446 399 1480 δυνάμεις
426 1445 548 1481 μεγάλας
572 1445 661 1472 ἐποίει
680 1444 713 1472 δι’
739 1443 821 1471 αὑτοῦ
839 1444 853 1470 ὁ
875 1443 987 1478 Κύριος.

197 1492 302 1527 Σημεῖα
316 1491 344 1518 δέ
359 1491 430 1518 πάνυ
445 1491 530 1518 πολλὰ
547 1491 580 1518 δι’
599 1489 682 1518 αὑτοῦ
701 1489 886 1518 ἐπετελοῦντο.
906 1486 990 1520 Οὗτος

197 1536 252 1572 γὰρ
267 1536 299 1563 ἐκ
310 1536 436 1564 παιδόθεν
452 1535 553 1572 πολλὴν
569 1536 686 1571 ἄσκησιν
697 1535 895 1570 ἐνδειξάμενος,
905 1535 933 1561 ἐν
949 1533 989 1570 τῷ

196 1583 267 1610 τέλει
279 1583 328 1618 τῆς
342 1582 448 1619 ήλικίας
461 1583 596 1618 τοσαύτης
607 1582 685 1618 ἐτυχε
702 1582 822 1618 χάριτος.
843 1581 989 1616 Ὀγδοηκο·

197 1629 261 1656 στοῦ
343 1613 381 1655 ῶν
392 1613 470 1660 ἔτους
484 1628 556 1663 μέγα
568 1613 747 1664 μοναστήρίον
762 1627 851 1662 ἐαυτῷ
861 1613 989 1662 συνεκρό-
1004 1613 1026 1642 c

195 1680 279 1706 τησεν
296 1672 408 1699 τελείων
436 1672 541 1707 ἀνδρῶν
554 1673 739 1700 πεντακοσίων
754 1671 911 1708 δυναμένων
924 1679 988 1707 σχε-

195 1717 240 1744 δζν
252 1717 362 1745 πάντων
381 1720 482 1754 σημεῖα
498 1718 643 1745 ἐπιτελεῖν.
655 1715 740 1750 Οὗτος
757 1717 905 1744 δεκαπέντε
920 1718 989 1744 ἐτῶν

196 1763 378 1798 ἀναχωρήσας
392 1762 439 1789 τοῦ
450 1763 554 1797 κόσμου
573 1763 622 1789 καὶ
633 1763 837 1798 τεσσαράκοντα
851 1762 899 1797 έτη
913 1762 942 1788 ἐν
955 1763 989 1798 τῇ

196 1807 292 1843 ἐρήμῳ
306 1807 473 1840 διατελέσας,
492 1808 583 1834 πᾶσαν
599 1808 701 1842 ἀρετὴν
720 1807 842 1842 ἀκριϐῶς
870 1807 988 1842 ἐξασκή-

197 1858 257 1882 σας,
276 1849 389 1885 ὕστερον
418 1851 510 1885 φωνῆς
530 1850 641 1878 ἀκούειν
655 1851 728 1884 έδοξε
748 1851 794 1877 τοῦ
810 1851 889 1883 Θεοῦ,
921 1851 989 1887 πρὸς

197 1896 278 1923 αὐτὸν
307 1896 451 1930 λέγοντος·
487 1896 619 1930 Ἀπολλῶ,
645 1896 776 1930 Ἀπολλῶ,
799 1897 843 1924 δια
874 1897 921 1924 σοῦ
941 1898 988 1932 τὴν

197 1942 294 1977 σοφίαν
310 1943 364 1970 τῶν
376 1943 533 1977 Αἰγυπτίων
555 1943 601 1970 καὶ
614 1943 664 1978 τὴν
678 1943 784 1970 σύνεσιν
800 1943 854 1969 τῶν
870 1943 989 1971 συνετῶν

196 1988 282 2016 ἐθνῶν
292 1989 428 2025 ἀθετήσω.
454 1988 577 2021 Ἀπολεῖς
586 1988 614 2016 δέ
631 1997 676 2024 μοι
694 1989 743 2016 σὺν
760 1989 852 2021 αὐτοῖς
865 1990 910 2016 καὶ
925 1990 989 2022 τοὺς

198 2035 297 2069 σοφοὺς
314 2035 484 2071 Βαϐυλῶνος,
512 2036 561 2064 καὶ
578 2037 670 2064 πᾶσαν
689 2036 737 2072 τὴν
764 2037 924 2074 δαιμονικὴν
938 2037 988 2064 λα-

195 2082 290 2116 τρείαν
302 2081 486 2116 ἐξαφανίσεις.
516 2082 572 2108 Καὶ
586 2083 634 2109 νῦν
648 2082 763 2117 πορεύου
782 2083 822 2114 είς
833 2083 883 2118 τὴν
897 2083 988 2110 οίκου-

197 2127 294 2164 μένην.
305 2128 446 2164 Γεννήσεις
462 2129 516 2164 γάρ
532 2137 576 2164 μοι
604 2129 669 2155 λαὸν
684 2128 839 2164 περιούσιον
865 2128 988 2165 ζηλωτὴν

197 2175 288 2201 καλῶν
312 2174 412 2210 ἔργων.
435 2175 466 2201 '0
481 2175 509 2201 δὲ
526 2174 685 2210 ἀποκριθεὶς
704 2171 792 2208 εἶπεν,
811 2175 912 2209 ’Λφελε
939 2176 987 2202 ἀπ’

196 2219 274 2255 ἐμοῦ,
292 2220 430 2255 Δέσποτα,
445 2221 494 2256 τὴν
504 2220 658 2254 ἀλαζονίαν,
682 2222 720 2257 μή
739 2229 797 2253 πως
825 2221 988 2256 ὑπεραρθεὶς

1048 989 1164 1025 μούσης,
1180 989 1282 1021 πάντες
1292 990 1317 1016 οί
1332 989 1412 1025 πέριξ
1428 989 1564 1025 σποράδην
1577 989 1704 1024 μένοντες
1724 989 1838 1023 μοναχοὶ

1047 1035 1115 1070 πρὸς
1129 1035 1211 1062 αὐτὸν
1220 1035 1264 1062 ἀεὶ
1275 1035 1400 1070 ἔφθανον,
1412 1035 1450 1067 ὡς
1458 1035 1544 1069 πατρὶ
1555 1034 1660 1071 γνησίῳ
1670 1034 1719 1067 τὰς
1733 1034 1838 1061 ἑαυτῶν

1045 1081 1133 1116 ψυχὰς
1147 1081 1221 1116 δῶρα
1235 1081 1445 1117 προσφέροντες.
1469 1081 1498 1108 '0
1510 1082 1538 1108 δὲ
1553 1081 1600 1113 οὒς
1617 1082 1666 1116 μὲν
1683 1083 1751 1117 πρὸς
1767 1081 1837 1107 θεω-

1048 1127 1108 1163 ρίαν
1122 1126 1333 1162 προσεκαλεῖτο,
1350 1126 1395 1158 οὓς
1410 1127 1497 1162 δὲτὴν
1509 1127 1663 1163 πρακτικὴν
1677 1126 1837 1158 συνεϐίϐαζε

1047 1172 1185 1208 μετελθεῖν
1200 1173 1315 1208 ἀρετήν·
1331 1172 1439 1207 πρῶτον
1454 1172 1560 1203 δεικνὺς
1575 1171 1659 1208 ἔργῳ,
1679 1173 1750 1207 ἅπερ
1765 1172 1838 1208 λόγῳ

1045 1218 1133 1244 ποιεῖν
1147 1217 1244 1248 ἄλλους
1263 1217 1409 1243 ἐνουθέτει.
1427 1217 1561 1249 Πολλάκις
1585 1217 1638 1254 γὰρ
1659 1217 1837 1245 ἐπιδεικνύων

1045 1263 1137 1294 αὐτοῖς
1147 1262 1196 1298 τὴν
1208 1263 1336 1297 ἄσκησιν,
1352 1263 1423 1289 κατὰ
1433 1263 1575 1298 Κυριακὴν
1585 1263 1665 1298 μόνον
1680 1261 1737 1298 μετ’
1745 1262 1836 1290 αὐτῶν

1047 1308 1254 1343 μετελάμϐανεν
1265 1317 1272 1324 -
1289 1308 1370 1339 αὐτὸς
1384 1309 1444 1343 μὲν,
1461 1308 1476 1343 ἢ
1495 1309 1556 1335 ὅσον
1572 1317 1625 1344 περ
1640 1308 1694 1335 τῶν
1711 1308 1835 1344 λαχάνων

1044 1354 1205 1390 αὐτομάτως
1232 1356 1265 1381 ἐκ
1289 1354 1341 1390 τῆς
1358 1354 1411 1390 γῆς
1433 1354 1575 1389 ἀνεφύετο,
1602 1355 1652 1382 οὐκ
1667 1354 1760 1390 ἄρτον,
1783 1355 1835 1381 οὐκ

1043 1401 1168 1437 ὄσπριον,
1183 1402 1213 1428 οὐ
1229 1401 1284 1429 τῶν
1299 1402 1328 1428 ἐν
1339 1402 1396 1433 τοῖς
1411 1402 1505 1436 φυτοῖς
1519 1401 1635 1437 ὀπώρων
1650 1409 1677 1427 τι
1691 1399 1836 1436 διαιτώμε-

1043 1455 1098 1479 νος,
1112 1447 1167 1474 οὐδ’
1183 1448 1233 1474 ὅσα
1246 1447 1290 1474 διὰ
1305 1447 1350 1474 τοῦ
1367 1447 1454 1482 πυρὸς
1466 1447 1524 1482 έχει
1538 1448 1587 1482 τὴν
1602 1447 1711 1482 χρῆσιν.

1085 1493 1217 1526 Ἀκούσας
1235 1493 1264 1520 δέ
1285 1502 1350 1520 ποτε
1374 1495 1403 1520 ἐν
1417 1494 1474 1524 τοῖς
1495 1493 1637 1520 Ἰουλιανοῦ
1660 1494 1775 1529 καιροῖς,
1793 1494 1834 1522 ὅτι

1043 1538 1157 1573 ἀδελφὸς
1173 1539 1213 1571 εἰς
1236 1539 1382 1574 στρατείαν
1404 1538 1553 1574 κρατηθεὶς
1566 1539 1595 1565 ἐν
1607 1539 1714 1574 φυλακῇ
1728 1538 1835 1573 δεσμώ-

1042 1593 1091 1619 της
1106 1584 1236 1620 κάθηται,
1253 1585 1420 1620 παρεγένετο
1431 1585 1499 1620 πρδς
1515 1585 1595 1611 αὑτὸν
1612 1585 1682 1620 μετὰ
1693 1585 1743 1620 τῆς
1757 1585 1835 1611 ἀδελ-

1042 1630 1168 1665 φότητος,
1186 1630 1353 1665 παρακαλῶν
1365 1630 1446 1657 αὐτὸν
1470 1630 1517 1657 καὶ
1534 1630 1668 1657 νουθετῶν
1689 1632 1834 1666 καρτερεῖν

1041 1675 1070 1701 ἐν
1081 1677 1137 1707 τοῖς
1145 1675 1245 1707 πόνοις,
1260 1676 1307 1702 καὶ
1318 1676 1382 1706 τοὺς
1397 1675 1597 1711 ἐπερχομένους
1609 1675 1683 1710 αὐτῷ
1692 1676 1833 1708 κινδύνους

1041 1721 1179 1757 ὑπεῳρᾷν
1217 1721 1322 1757 Καιρὸν
1346 1722 1401 1757 γάρ
1419 1730 1501 1756 φησιν
1528 1721 1597 1749 εἶναι
1616 1722 1731 1756 ἀγώνων
1747 1722 1832 1758 αὐτῷ,

1039 1766 1101 1792 τότε
1117 1766 1164 1792 καὶ
1179 1766 1228 1802 τὴν
1245 1767 1359 1802 γνώμην
1372 1766 1455 1793 αὐτοῦ
1464 1767 1497 1802 τῇ
1509 1767 1563 1793 τῶν
1576 1767 1735 1803 πειρασμῶν
1747 1776 1833 1803 προσ-

1041 1811 1106 1847 ϐολῇ
1117 1812 1323 1847 δοκιμάζεσθαι.
1357 1813 1402 1844 Ὠς
1425 1812 1454 1839 δέ
1475 1813 1653 1849 ἐπεστήριξεν
1676 1813 1760 1840 αὐτοῦ
1783 1814 1834 1850 τὴν

1040 1857 1140 1892 ψυχὴν,
1159 1859 1215 1890 τοῖς
1231 1858 1320 1892 λόγοις
1334 1858 1441 1891 τούτοις
1454 1860 1570 1892 ἐπιστὰς
1585 1861 1598 1886 ὁ
1611 1859 1749 1896 χιλίαρχος
1759 1861 1831 1896 ὁρμῇ

1039 1904 1088 1939 τῆς
1111 1904 1210 1935 κακίας
1228 1905 1393 1940 φερόμενος,
1422 1906 1635 1940 ἐπαγγείλαντος
1654 1906 1728 1941 αὐτῷ
1758 1915 1833 1938 τινος

1041 1950 1104 1986 περὶ
1114 1950 1328 1983 mamma;
1336 1951 1449 1987 κλεῖθρα
1457 1953 1517 1984 ταῖς
1527 1952 1622 1988 θύραις
1635 1953 1684 1987 τῆς
1696 1952 1830 1987 φυλακῆς,

1040 1995 1122 2022 αὐτόν
1139 2004 1168 2021 τε
1182 1996 1228 2022 καὶ
1241 1995 1305 2027 τοὺς
1317 1996 1376 2030 μετ’
1393 1997 1476 2024 αὐτοῦ
1490 1998 1625 2032 μοναχοὺς
1645 1998 1750 2029 πάντας
1764 2006 1831 2024 κατ-

1040 2041 1173 2074 έκλεισεν,
1188 2041 1226 2073 ὼς
1241 2042 1412 2077 ἐπιτηδείους
1427 2043 1574 2078 ἐσομένους
1593 2043 1661 2079 πρδς
1681 2044 1730 2078 τὴν
1751 2052 1832 2079 στρα-

1039 2088 1125 2121 τείαν,
1139 2088 1187 2114 καὶ
1203 2087 1327 2122 φύλακας
1341 2088 1450 2120 ἱκανοὺς
1467 2089 1559 2120 αὐτοῖς
1577 2089 1765 2124 καταστήσας,
1784 2090 1831 2116 ἐπὶ

1040 2134 1090 2168 τὴν
1103 2133 1201 2160 ἑαυτοῦ
1217 2133 1305 2160 οἰκίαν
1317 2133 1486 2170 ἀνεχώρησε,
1507 2135 1575 2170 μηδέ
1596 2135 1659 2171 ἄχρι
1676 2136 1761 2170 ἀκοῆς
1778 2145 1832 2163 πα-

1042 2178 1210 2214 ρακληθῆναι
1239 2178 1284 2204 ὑπ’
1313 2179 1402 2206 αὐτῶν
1431 2179 1626 2214 ἀνασχόμενος.
1652 2180 1730 2207 Κατά
1754 2180 1782 2207 δὲ
1800 2181 1831 2208 τὺ

1041 2226 1217 2262 μεσονύκτιον
1226 2226 1439 2263 λαμπαδηφόρος
1452 2227 1565 2262 ἄγγελος
1578 2227 1701 2263 φαίνεται
1712 2229 1768 2260 τοῖς
1781 2237 1831 2263 φυ-

196 2267 266 2302 ὑπὲρ
283 2266 331 2302 τὴν
343 2267 522 2302 ἀδελφότητα,
536 2267 566 2294 τὸ
583 2269 636 2294 πᾶν
648 2267 749 2300 ἀγαθὸν
765 2267 906 2302 ζημιωθῶ.
919 2264 986 2294 Εἶπε
999 2282 1026 2312 D
1039 2272 1176 2306 λάττουσι,
1197 2272 1268 2307 φωτὶ
1294 2274 1510 2309 καταστράπτων
1526 2274 1631 2306 πάντας
1657 2275 1685 2302 ἐν
1701 2275 1741 2311 τῷ
1755 2276 1832 2311 οἰκή-

194 2313 222 2340 δέ
234 2313 315 2339 πάλιν
338 2313 430 2346 ήθεία
457 2313 531 2348 φωνὴ
563 2313 630 2348 πρὸς
657 2313 746 2341 αὐτόν·
766 2313 909 2339 Ἐπίϐαλον
937 2314 987 2349 τὴν

195 2359 276 2394 χεῖρά
292 2368 339 2386 σου
364 2360 410 2386 ἐπὶ
432 2358 476 2386 τὸν
506 2359 608 2396 αὐχένα
626 2367 688 2386 σου·
706 2359 751 2386 καὶ
777 2359 913 2393 καθέξεις,
940 2360 988 2387 καὶ

195 2405 356 2441 κατορύξεις
379 2406 463 2441 αὐτὴν
492 2405 521 2432 ἐν
548 2407 581 2442 τῇ
597 2406 694 2442 ἄμμῳ.
717 2405 747 2432 '0
764 2406 792 2432 δὲ
817 2407 921 2441 ταχέως
937 2407 988 2442 τὴν

195 2453 274 2488 χεῖρα
288 2452 335 2479 ἐπὶ
353 2453 398 2480 τον
414 2452 515 2488 αὐχένα
527 2452 665 2480 ἐπιϐαλὼν
677 2473 684 2486 ,
706 2453 836 2488 ἐδράξατο
858 2453 987 2485 Αἰθίοπος

197 2497 307 2533 μικροῦ·
326 2499 372 2525 καὶ
396 2499 552 2533 κατέχωσεν
569 2499 651 2525 αὐτὸν
677 2500 706 2525 ἐν
721 2500 754 2535 τῇ
769 2498 865 2534 ἄμμῳ,
881 2499 986 2534 βοῶντα

196 2544 243 2571 καὶ
256 2543 381 2578 λέγοντα·
405 2544 476 2578 Ἑγὼ
488 2544 546 2580 ειμι
568 2544 583 2570 ό
595 2545 646 2580 τῆς
664 2545 854 2580 ὑπερηφανίας
869 2545 984 2579 δαίμων.

195 2590 249 2617 Καὶ
262 2590 344 2617 πάλιν
357 2589 433 2625 φωνὴ
449 2590 557 2625 ἐγένετο
577 2589 645 2625 πρὸς
671 2589 762 2624 αὑτὸν,
780 2589 911 2624 λέγουσα·
932 2591 986 2617 llo-

195 2636 289 2672 ρεύου,
304 2637 345 2663 ὅτι
360 2637 414 2663 πᾶν
431 2636 445 2662 ὃ
466 2637 513 2663 ἐὰν
538 2637 638 2672 αἰτήσῃ
654 2635 730 2672 παρὰ
744 2636 791 2663 τοῦ
808 2636 875 2663 Θεοῦ
901 2636 984 2674 λήψῃ.

203 2682 232 2709 '0
250 2682 278 2709 δὲ
293 2682 374 2714 εὐθὺς
396 2681 515 2715 ἀκούσας
532 2683 572 2714 είς
584 2682 635 2718 τὴν
652 2682 814 2718 οἰκουμένην
829 2681 984 2718 ἐξώρμησε,

196 2728 268 2755 κατὰ
279 2728 324 2755 τὸν
336 2728 433 2765 καιρόν
458 2728 602 2756 Ἰουλιανοῦ
611 2728 658 2756 τοῦ
673 2729 818 2765 τυράννου,
832 2729 879 2756 καὶ
892 2737 984 2765 παρα-

197 2773 288 2801 ϐάλλει
301 2776 369 2807 τέως
384 2776 413 2802 ἐν
427 2777 460 2812 τῇ
475 2775 587 2812 πλησίον
600 2776 706 2812 ἐρήμῳ.

231 2821 366 2856 Σπηλαιον
377 2822 441 2849 δέτι
462 2822 560 2858 μικρὸν
574 2823 746 2856 καταλαϐὼν,
763 2823 823 2852 ἐκεῖ
836 2824 985 2860 κατέμενεν

196 2865 248 2892 ὑπὸ
264 2867 293 2905 τὸ
304 2868 375 2902 ὅρος.
393 2868 429 2895 Τὸ
446 2868 474 2895 δὲ
486 2868 566 2904 ἔργον
579 2869 661 2897 αὐτοῦ
678 2867 712 2905 ἧν
726 2870 757 2897 τὸ
770 2871 836 2904 πᾶν,
853 2871 984 2906 ήμερίους

194 2912 275 2947 εὐχὰς
288 2913 434 2942 ἀποδοῦναι
450 2915 487 2951 τῷ
497 2916 568 2952 Θεῷ,
584 2917 760 2950 ἐκατοντάκις
776 2917 825 2953 μὲν
843 2918 874 2946 ἐν
888 2919 978 2954 νυκτὶ,

1040 2327 1105 2354 ματι
1115 2327 1122 2334 ·
1137 2319 1176 2350 ὡς
1188 2319 1233 2346 ὑπ’
1245 2318 1403 2354 ἐκπλήξεως
1415 2320 1524 2355 ἀχανεῖς
1533 2321 1660 2355 γενέσθαι
1670 2322 1732 2353 τούς
1745 2322 1830 2356 φύλα-

1039 2373 1090 2397 κας
1098 2385 1104 2397 ,
1116 2365 1141 2391 οἳ
1151 2365 1198 2392 καὶ
1209 2365 1374 2397 ἀναστάντες
1389 2366 1481 2401 ἠξίουν
1492 2367 1591 2398 αὐτοὺς
1603 2367 1731 2395 ἀπελθεῖν
1742 2368 1832 2395 ἀπαν-

1038 2419 1099 2443 τας,
1119 2411 1173 2437 τῶν
1195 2411 1286 2446 θυρῶν
1306 2411 1398 2444 αὐτοῖς
1421 2412 1608 2447 ἀνοιχθεισῶν.
1632 2413 1761 2448 ’Ἄμεινον
1774 2414 1830 2450 γὰρ

1038 2454 1107 2483 εἶναι
1122 2457 1215 2488 αὐτοῖς
1227 2457 1354 2484 τεθνάναι
1368 2457 1439 2492 ὑπὲρ
1461 2458 1551 2485 αὐτῶν
1567 2458 1734 2493 ὡμολόγουν,
1747 2459 1762 2495 ἢ
1780 2460 1829 2496 τὴν

1038 2501 1129 2528 θεόθεν
1140 2502 1270 2529 ἐλθοῦσαν
1281 2504 1338 2535 τοῖς
1349 2503 1455 2538 ἀλόγως
1468 2505 1659 2540 κατεχομένοις
1671 2505 1829 2541 ἐλευθερίαν

1038 2549 1172 2584 παριδεῖν.
1205 2548 1234 2575 ὐ
1261 2548 1351 2576 τοίνυν
1379 2550 1529 2586 χιλίαρχος,
1554 2551 1602 2577 σὺν
1616 2553 1672 2584 τοῖς
1696 2552 1828 2587 ἄρχουσιν

1037 2594 1121 2622 ἕωθεν
1134 2596 1167 2630 τῇ
1188 2595 1296 2632 φυλακῇ
1320 2597 1446 2631 ἐπιστάς,
1471 2597 1638 2630 ἐσπούδαζεν
1655 2599 1704 2634 τῆς
1726 2599 1829 2632 πόλεως

1036 2642 1099 2673 τούς
1121 2641 1222 2677 ἄνδρας
1244 2642 1361 2675 ἐξελθεῖν
1373 2651 1380 2658 ·
1396 2643 1502 2679 σεισμῷ
1525 2643 1579 2680 γὰρ
1593 2635 1639 2671 τὸν
1658 2643 1732 2671 οίκον
1745 2645 1827 2671 αὑτοῦ

1037 2687 1140 2722 ἔφασκε
1155 2688 1340 2720 πεπτωκέναι,
1353 2689 1401 2716 καὶ
1417 2690 1480 2721 τούς
1497 2689 1653 2725 βελτίστους
1675 2691 1730 2718 τῶν
1746 2691 1828 2727 θερα-

1037 2734 1142 2762 πόντων
1153 2734 1235 2762 αὐτοῦ
1248 2735 1450 2770 κατειληφέναι.
1460 2736 1530 2763 Οἱδέ
1543 2736 1581 2768 ὡς
1591 2737 1722 2772 ἥκουσαν,
1735 2738 1827 2771 φωνὰς

1036 2781 1264 2817 εὐχαριστηρίους
1286 2781 1396 2814 ᾅδοντες
1417 2782 1456 2818 τῷ
1473 2782 1544 2818 Θεῷ,
1573 2783 1698 2819 ἀπῄεσαν
1711 2784 1759 2811 ἐπὶ
1776 2785 1826 2820 τὴν

1036 2827 1149 2863 ἔρημον,
1165 2828 1213 2854 καὶ
1226 2825 1297 2863 ἦσαν
1311 2828 1404 2855 λοιπὸν
1415 2828 1482 2864 ὁμοῦ
1499 2829 1598 2861 πάντες
1610 2830 1682 2857 κατὰ
1700 2830 1746 2858 τὸν
1758 2831 1826 2858 ἀπο-

1036 2872 1159 2899 στολικὸν
1171 2872 1251 2907 λόγον
1262 2872 1371 2908 ἔχοντες
1388 2874 1503 2910 καρδίαν
1514 2875 1560 2902 καὶ
1573 2874 1661 2911 ψυχὴν
1677 2876 1753 2912 μίαν.

1074 2915 1215 2948 Ἐδίδασκε
1233 2929 1261 2948 τε
1279 2920 1376 2954 αὐτοὺς
1391 2920 1452 2949 καθ’
1464 2921 1569 2958 ἡμέραν
1585 2922 1748 2959 διαπρέπειν
1764 2925 1823 2956 ταῖς
