2072 3153
238 196 308 231 1139

962 195 1141 228 PALLADII

1793 201 1869 236 mo

232 259 357 294 ἀρεταῖς,
375 256 485 290 καὶτὰς
504 255 627 292 μηχανὰς
639 255 687 283 τοῦ
699 255 823 283 διαϐόλου
849 254 899 287 τὰς
921 254 950 297 ἐν
966 254 1020 286 τοῖς
1036 253 1062 283 Α
1074 255 1134 282 τινὰ
1148 256 1335 292 ἐθεράπευον·
1363 258 1411 286 καὶ
1429 258 1554 296 σκόροδα,
1582 260 1631 288 καὶ
1660 260 1792 297 κρόμμυα
1818 263 1868 290 καὶ

231 300 370 335 λογισμοῖς
380 299 454 335 παρὰ
465 299 513 334 τὴν
525 298 611 334 ἀρχὴν
622 299 701 330 εὐθὺς
710 296 923 331 ἀποκρούεσθαι.
931 295 1020 330 Θραυ-

232 342 342 378 σθείσης
357 342 421 377 γὰρ,
435 341 512 377 φησὶ,
532 342 581 376 τῆς
600 341 721 375 κεφαλῆς
732 339 779 366 τοῦ
793 339 892 373 ὄφεως,
905 339 977 365 ἆπαν
989 337 1020 364 τὸ

232 385 312 419 σῶμα
322 384 418 418 νεκρόν
433 384 501 410 ἐστι.
513 383 613 417 Τηρεῖν
630 382 683 417 γὰρ
694 383 770 417 ἡμῖν,
787 381 879 415 φησὶν,
891 382 905 406 ὁ
921 380 1022 415 Κύριος

232 426 386 453 ἐντέλλεται
411 424 461 460 τὴν
486 424 606 459 κεφαλὴν
617 423 665 450 τοῦ
681 424 779 458 όφεως.
793 422 878 449 Τοῦτο
891 422 920 448 δέ
934 423 1020 453 ἐστιν,

232 467 276 494 ῐνα
293 467 360 502 μηδὲ
376 466 450 501 παρὰ
474 467 524 501 τὴν
538 465 625 500 ἀρχὴν
642 465 705 497 τοὺς
721 464 841 498 φαύλους
861 464 910 490 καὶ
933 463 1021 498 ἀπρε-

231 510 293 541 πεῖς
311 509 457 544 λογισμοὺς
474 508 637 535 διανοεῖσθαι
654 506 876 542 καταδεξώμεθα,
897 505 968 540 μήτε
992 504 1021 530 δὲ

231 552 279 579 καὶ
291 551 341 586 τὴν
357 549 475 585 αἰσχρὰν
492 549 642 585 φαντασίαν
656 549 703 575 τοῦ
718 548 777 579 νοὸς
805 547 885 584 ἡμῶν
905 546 1020 573 ἀπαλεῖ-

203 603 206 604 '
231 593 292 629 ψαι,
304 593 452 628 πειρᾶσθαι
465 592 493 618 δὲ
504 591 634 626 ἀλλήλους
643 590 822 624 ὑπερϐάλλειν
832 590 891 620 ταῖς
898 589 1020 624 ἀρεταῖς,

233 636 271 671 μή
287 644 329 666 τις
345 634 464 661 ἐλάττων
478 634 506 660 ἐν
516 635 576 665 ταῖς
589 633 784 668 εὖδοκιμήσεσι
799 631 913 662 ταύταις
924 630 1020 666 φανείη

231 678 278 704 τοῦ
292 677 397 712 ἐτέρου.
414 677 571 712 Τεκμήριον
585 676 624 709 δὲ,
641 675 735 710 φησὶν,
753 673 829 709 ὑμῶν
844 673 914 700 ἔστω
935 673 952 708 ἡ
968 672 1022 699 τῶν

231 720 337 755 ἀρετῶν
349 719 486 754 προκοπὴ,
504 718 567 744 ὃταν
577 717 625 752 τὴν
636 717 770 743 ἀπάθειαν
786 715 833 742 καὶ
855 715 905 750 τὴν
926 715 1023 749 ἀνορε-

233 761 293 793 ξίαν
305 761 453 796 κτήσησθε.
468 759 553 796 ’Λρχὴ
568 759 622 794 γὰρ
637 758 692 785 τῶν
702 757 748 784 τοῦ
762 756 830 784 Θεοῦ
844 756 1022 791 χαρισμάτων

231 801 292 829 ἐστὶ
304 802 401 829 ταῦτα.
417 802 502 828 Ὅταν
519 801 547 828 δέ
572 801 619 828 καὶ
645 799 700 826 τῶν
723 799 870 833 θαυμάτων
894 797 1023 828 ἐπίδειξιν

231 844 308 878 παρά
319 843 387 870 Θεοῦ
402 843 537 879 κτήσηται
551 851 603 874 τις,
626 841 692 877 μηδὲ
706 841 743 872 ὡς
767 839 866 871 ἱκανῶς
887 839 956 874 ἔχων
973 847 1024 873 φυ-

232 885 360 917 σιούσθω,
373 885 441 920 μηδὲ
458 884 640 920 ὐπεραρθήτω
652 883 691 918 τῷ
705 880 845 916 λογισμῷ,
863 880 901 912 ὡς
921 880 970 916 ήδη
996 888 1023 907 τι

1076 297 1163 324 πολλὰ
1176 298 1231 325 τῶν
1246 299 1364 326 εὐτελῶν
1374 300 1509 336 λαχάνων,
1526 301 1604 334 θεοὺς
1615 302 1739 339 ἐνόμιζον
1748 312 1756 319 ο
1772 303 1809 336 ὥς
1820 304 1868 331 αύ-

1074 340 1123 367 τοῦ
1149 340 1196 367 τοῦ
1209 341 1288 374 ἁγίου
1307 341 1444 374 Ἂπολλῶς
1467 343 1573 378 ἥκουσα
1597 344 1777 380 διηγουμένου
1799 347 1866 381 περὶ

1074 382 1174 415 αὐτῶν,
1185 383 1234 409 καὶ
1245 385 1295 419 τῆς
1304 384 1440 420 προτέρας
1450 385 1596 417 πολυθεῖας
1608 385 1658 422 τὴν
1671 387 1762 414 αιτίαν
1775 388 1865 423 ἀπαγ-

1073 425 1225 460 γέλλοντος.
1242 426 1294 452 Τὸν
1306 426 1355 461 μὲν
1369 426 1425 461 γὰρ
1439 426 1514 461 βοῦν,
1525 427 1617 462 φασὶν,
1636 428 1824 456 ἐθεοποιοῦντο
1835 431 1861 457 οἱ

1073 466 1104 493 τὸ
1118 467 1183 502 πρὶν
1195 468 1391 503 παροικοῦντες
1403 469 1470 503 ἡμῖν
1484 469 1615 504 Ἕλληνες
1626 489 1634 502 ,
1654 470 1748 506 ἐπειδὴ
1762 470 1796 497 δι’
1811 471 1864 498 αὒ-

1073 508 1121 535 τοῦ
1138 509 1188 544 τήν
1215 510 1354 544 γεωργίαν
1379 510 1569 542 ἐπιτελοῦντες
1593 512 1643 547 τὴν
1654 512 1757 547 τροφὴν
1770 512 1867 548 ἐκομί-

1074 548 1166 584 ζοντο,
1182 551 1212 577 τὸ
1225 551 1254 577 δὲ
1277 551 1350 586 ὕδωρ
1366 552 1412 578 τοῦ
1436 552 1546 583 Νείλου,
1561 552 1590 584 ὃς
1605 553 1654 585 τὰς
1666 554 1757 588 χώρας
1774 553 1864 586 πάσας

1073 591 1199 626 ὴρδευεν.
1214 592 1356 619 Ἐσέόοντο
1368 593 1397 620 δὲ
1417 594 1464 621 καὶ
1483 593 1532 628 τὴν
1543 593 1596 629 γῆν
1615 594 1654 626 ὡς
1668 595 1862 630 εὐφορωτάτην

1073 633 1156 660 οὖσαν
1167 634 1242 670 παρὰ
1253 635 1303 667 τὰς
1315 635 1398 667 ἄλλας
1414 635 1508 671 χώρας
1520 644 1526 650 ·
1555 636 1589 663 τὰ
1612 645 1642 663 τε
1658 636 1739 663 λοιπὰ
1770 637 1863 672 βδελύ-

1073 683 1176 710 γματα,
1193 676 1278 708 κύνας
1294 685 1323 703 τε
1335 678 1382 703 καὶ
1394 677 1526 712 πιθήκους
1537 678 1585 704 καὶ
1595 679 1686 705 πᾶσαν
1703 678 1753 712 τὴν
1770 679 1867 714 λοιπὴν

1073 718 1229 753 ἀπρέπειαν
1253 718 1308 746 τῶν
1338 719 1415 751 ζώων
1430 727 1460 746 τε
1477 719 1526 746 καὶ
1553 719 1677 754 λαχάνων
1698 719 1865 756 ἐθεράπευον

1074 761 1135 788 καθ’
1150 762 1192 788 ὅτι
1207 761 1344 798 πρόφασις
1358 762 1448 794 αὐτοῖς
1463 762 1509 788 καὶ
1526 763 1590 797 περὶ
1602 762 1688 789 ταῦτα
1702 763 1797 797 γέγονε
1812 772 1867 790 σω-

1074 803 1173 839 τηρίας
1194 803 1223 829 ἐν
1250 803 1290 838 τῷ
1313 803 1410 838 καιρῷὶ
1424 802 1472 829 τοῦ
1492 803 1592 838 Φαραὼ
1620 804 1682 836 τοὺς
1707 804 1868 840 ἀνθρώπους

1073 845 1274 880 ἀπασχολῆσαι,
1289 845 1370 880 ἡνίκα
1381 846 1483 877 ἐκεῖνος
1500 845 1608 881 Ἰσραὴλ
1621 845 1726 872 διώκων
1734 855 1868 874 κατεπον-

1074 887 1165 921 τίσθη.
1182 886 1318 917 Ἕκαστος
1327 886 1382 921 γὰρ
1396 887 1460 922 περὶ
1475 883 1505 913 οὗ
1517 887 1656 922 ὴσχολήθη
1671 887 1708 922 μὴ
1724 888 1868 921 ἐξακολουο

232 926 314 953 πλέον
330 926 404 961 παρὰ
414 927 476 957 τοὺς
489 926 585 957 ἄλλους
597 923 791 959 τετιμημένος.
815 922 882 957 μηδὲ
903 922 941 954 ὡς
963 923 1023 949 ἐπι·
1037 927 1059 955 Β
1074 927 1158 963 θήσας
1183 927 1222 962 τῷ
1247 927 1358 963 Φαραὼ,
1372 928 1452 955 τοῦτο
1467 929 1638 964 ἐθεοποίησε,
1659 929 1745 963 λέγων
1755 950 1762 962 ,
1784 929 1870 956 Τοῦτό

231 968 407 1003 δεικνύμενος
435 968 518 994 πᾶσιν
531 967 573 993 ὅτι
596 965 725 1001 τοιαύτης
741 965 836 999 ἔλαχεν
854 964 974 1000 χάριτος.
991 964 1024 990 Εἰ

231 1009 259 1036 δὲ
278 1009 327 1045 μή,
343 1009 503 1044 φρεναπατᾷ
520 1008 626 1039 ἑαυτὸν,
645 1007 770 1042 συληθεὶς
784 1007 833 1038 τὰς
848 1006 962 1042 φρένας.
977 1006 1024 1032 καὶ

231 1051 282 1086 τῆς
299 1051 409 1086 χάριτος
423 1048 583 1086 ζημιωθείς.
603 1047 684 1084 Εἷχεν
706 1048 752 1075 οὖν
769 1048 875 1084 μεγάλα
891 1046 977 1074 ταῦτα
994 1048 1024 1074 ἐν

232 1094 289 1124 τοῖς
316 1092 458 1127 λογισμοῖς
476 1092 644 1127 διδάγματα*
671 1087 708 1117 ὧν
721 1090 768 1117 καὶ
784 1090 865 1125 ἡμεῖς
892 1088 1023 1121 πολλάκις

233 1135 299 1170 παρ’
316 1134 399 1161 αὐτοῦ
415 1135 529 1170 ὕστερον
547 1133 718 1168 ἀκηκόαμεν.
745 1133 789 1159 Ἐν
804 1132 833 1158 δὲ
859 1132 915 1163 τοῖς
931 1131 1023 1167 ἔργοις

234 1176 347 1212 μείζονα
358 1177 491 1204 ἐπετέλει.
508 1177 567 1204 Πᾶν
579 1177 634 1211 γὰρ
653 1176 759 1210 αἴτημα
783 1173 857 1209 αὐτῷ
871 1173 953 1206 εὐθὺς
970 1174 1025 1201 ἐδί-

232 1219 293 1246 δοτο
307 1218 384 1255 παρὰ
400 1219 447 1245 τοῦ
461 1218 528 1245 Θεοῦ
542 1217 707 1253 αἰτουμένῳ.

268 1261 324 1288 Καὶ
343 1260 530 1295 ἀποκαλύψεις
556 1259 584 1286 δέ
600 1259 674 1295 ἑώρα
698 1258 785 1290 τινάς.
816 1255 879 1285 εἶδε
905 1257 960 1294 γὰρ
980 1257 1026 1285 τὸν

233 1302 332 1330 ἐαυτοῦ
349 1302 537 1338 πρεσϐύτατον
552 1301 666 1335 ἀδελφὸν
681 1301 727 1328 καὶ
740 1301 821 1328 αὑτὸν
836 1301 865 1327 ἐν
880 1302 912 1336 τῇ
928 1301 1026 1337 ἐρήμῳ

232 1344 420 1375 τελειωθέντα,
431 1344 478 1370 κα).
492 1343 606 1378 μείζονα
621 1342 760 1369 πολιτείαν
774 1342 791 1377 ἢ
811 1342 892 1374 αὐτὸς
908 1343 1026 1376 ἐνδειξά-

235 1395 327 1422 μενον,
338 1382 360 1420 ᾧ
375 1386 422 1412 καὶ
441 1385 521 1418 αὐτὸς
545 1385 574 1411 ἐν
585 1386 618 1421 τῇ
634 1385 730 1421 ἐρήμῳ
746 1385 829 1412 πολὺν
848 1385 945 1421 χρόνον
960 1394 1025 1412 συν-

234 1428 327 1463 έςησε.
344 1428 414 1455 Καθ’
423 1428 508 1455 ὕπνον
529 1425 577 1454 οὖν
592 1427 758 1462 ἐφαντάζετο
779 1427 924 1462 σύνθρονον
944 1427 1026 1455 αὐτὸν

233 1469 289 1497 τῶν
303 1470 459 1497 ἀποστόλων
474 1469 628 1505 γινόμενον,
647 1469 695 1496 καὶ
709 1469 758 1504 τὴν
775 1469 958 1505 κληρονομίαν
972 1470 1026 1497 τῶν

235 1511 341 1546 ἀρετῶν
357 1510 432 1545 αὐτῷ
446 1510 658 1544 καταλείψαντα,
675 1511 721 1537 καὶ
731 1511 768 1542 ὡς
778 1509 943 1546 ἐπρέσϐευεν
956 1511 1025 1548 ὑπὲρ

235 1551 318 1578 αὑτοῦ
332 1551 378 1578 τὸν
398 1551 464 1578 Θεὸν
479 1551 607 1578 ἱκετεύων
620 1552 732 1586 ταχεῖαν
749 1552 831 1578 αὑτοῦ
845 1552 894 1587 τὴν
914 1552 1028 1586 μετάθε-

1077 979 1122 1006 μοι
1138 970 1204 1002 Θεὸς
1217 970 1313 1004 γέγονε
1333 971 1464 1006 σήμερον,
1491 971 1531 998 διὸ
1554 971 1584 998 οὐ
1605 973 1804 1008 συναπωλόμην
1827 973 1867 1007 τῷ

1075 1011 1185 1048 Φαραώ.
1210 1011 1303 1040 Ταῦτα
1329 1012 1378 1047 μέν
1393 1013 1422 1039 ἐν
1443 1012 1533 1047 λόγοις
1552 1011 1625 1049 εἶχεν
1645 1015 1660 1040 ὁ
1680 1014 1757 1048 ἅγιος
1773 1015 1868 1041 ’Δπολ-

1074 1054 1138 1085 λῶς.

1111 1094 1169 1130 Πρὸ
1183 1095 1212 1121 δέ
1226 1095 1280 1122 τῶν
1292 1095 1391 1131 λόγων,
1407 1096 1479 1132 ἅπερ
1498 1096 1527 1124 ἐν
1547 1098 1604 1129 τοῖς
1625 1097 1716 1133 ἔργοις
1738 1097 1870 1133 ἐκέκτητο

1076 1137 1130 1172 χρὴ
1145 1137 1261 1172 γράψαι.
1273 1135 1365 1165 Ἦσαν
1380 1138 1434 1173 γὰρ
1448 1138 1522 1174 αὺτῷ
1537 1147 1602 1165 ποτε
1627 1139 1757 1174 ’Έλληνες
1774 1149 1870 1176 παροι-

1076 1179 1190 1211 κοῦντες
1218 1179 1289 1206 κατὰ
1319 1179 1424 1211 πάντας
1442 1180 1504 1212 τοὺς
1529 1180 1639 1213 τόπους,
1657 1181 1703 1208 καὶ
1723 1182 1814 1216 κῶμαι
1839 1181 1869 1208 δὲ

1079 1221 1180 1256 μᾶλλον
1202 1221 1231 1248 αἱ
1255 1221 1370 1257 πλησίον
1395 1222 1477 1249 αὐτοῦ
1505 1218 1553 1258 τὴν
1583 1222 1743 1258 δαιμονικὴν
1765 1223 1870 1259 πλάνην

1077 1263 1213 1291 ἐσέὃοντο.
1238 1263 1312 1296 Ναὸς
1325 1263 1354 1290 δέ
1364 1261 1397 1300 ἦν
1417 1264 1545 1298 μέγιστος
1562 1265 1590 1291 ἐν
1607 1265 1658 1300 μιᾷ
1680 1264 1735 1291 τῶν
1756 1265 1868 1300 κωμῶν,

1077 1305 1124 1333 καὶ
1141 1305 1250 1333 εῐδωλον
1263 1306 1292 1332 ἐν
1306 1306 1382 1341 αὐτῷ
1394 1306 1620 1340 ἐπιφανέστατον.
1639 1306 1750 1333 Ξύλινον
1769 1307 1796 1334 δέ
1815 1307 1870 1341 ἄρα

1076 1347 1107 1374 τὸ
1119 1347 1212 1381 ξόανον
1222 1347 1300 1374 τοῦτο
1309 1345 1354 1383 ἦν.
1371 1348 1541 1383 Ἐπόμπευον
1555 1348 1583 1375 δὲ
1597 1348 1793 1384 περιφέροντες
1804 1349 1870 1376 αὐτὸ

1077 1391 1147 1417 κατὰ
1157 1390 1207 1422 τὰς
1224 1391 1320 1426 κώμας
1334 1392 1358 1417 οί
1374 1391 1468 1426 μιαροὶ
1488 1391 1583 1426 ἱερεῖς,
1600 1391 1781 1427 βακχεύοντες
1801 1392 1870 1426 μετὰ

1076 1431 1124 1458 τοῦ
1137 1431 1257 1467 πλήθους
1266 1441 1272 1448 ·
1284 1432 1321 1464 ὡς
1335 1433 1382 1459 καὶ
1394 1432 1522 1467 ὑπὲρετοῦ
1534 1434 1698 1469 ποταμιαίου
1712 1433 1808 1465 ὕδατος
1818 1433 1869 1468 τὴν

1076 1473 1188 1510 τελετὴν
1201 1474 1356 1506 ἀποδόντες.
1374 1474 1476 1510 Συνέὸη
1489 1475 1517 1501 δὲ
1529 1475 1589 1502 κατ’
1600 1475 1704 1502 ἐκεῖνον
1714 1475 1759 1502 τὸν
1774 1475 1870 1510 καιρὸν

1077 1516 1183 1542 ἐκεῖθεν
1195 1516 1323 1552 παριέναι
1336 1515 1381 1542 τὸν
1397 1516 1475 1550 ἆγιον
1497 1516 1629 1550 ’Δπολλῶ,
1655 1517 1713 1552 ἃμα
1730 1518 1801 1544 τισὶν
1815 1517 1871 1544 ὀλί-

1077 1565 1136 1591 γοις
1152 1557 1286 1591 ἀδελφοῖς,
1315 1557 1358 1589 Ὧς
1373 1557 1402 1583 δὲ
1418 1557 1456 1583 ἴδε
1467 1557 1496 1584 τὸ
1509 1557 1613 1591 πλῆθος
1627 1558 1758 1593 ἐξαίφνης
1773 1558 1870 1593 δαιμο-

237 1593 436 1635 σινῗποιεῖσθαι,
452 1594 498 1635 καὶ
512 1593 647 1635 σὺναὺτῴ
662 1594 702 1625 είς
724 1594 787 1635 τοὺς
800 1593 942 1635 οὐρανοὺς
958 1594 1023 1621 ἀνα-
1035 1597 1058 1628 c
1076 1600 1179 1631 νιωδῶς
1194 1599 1265 1626 κατὰ
1279 1599 1328 1635 τὴν
1340 1598 1432 1634 χώραν
1450 1599 1624 1635 μαινόμενον,
1647 1601 1760 1635 κάμψας
1772 1602 1807 1627 τὰ
1820 1601 1869 1633 γά-

172 1668 180 1669 7
236 1634 390 1666 παύεσθαι,
406 1634 530 1666 εἰπόντος
543 1634 571 1660 δὲ
586 1634 655 1670 πρὸς
671 1634 751 1661 αὐτὸν
766 1634 812 1660 τοῦ
834 1634 971 1670 Σωτῆρος,
986 1636 1026 1662 ἔτι

239 1677 337 1712 μικρὸν
349 1676 430 1704 αὑτὸν
444 1678 594 1712 χρεωστεῖν
618 1676 692 1712 αὐτῷ
717 1676 813 1712 χρόνον
842 1677 888 1703 ἐπὶ
912 1678 962 1713 τῆς
976 1678 1027 1714 γῆς

238 1718 306 1754 πρὸς
318 1718 367 1754 τὴν
394 1718 534 1745 τελείωσιν
546 1739 553 1751 ,
577 1718 657 1754 ἄχρις
670 1718 702 1744 ἂν
718 1719 768 1753 τῆς
793 1717 931 1750 πολιτείας
944 1719 1026 1746 αὐτοῦ

236 1760 330 1787 πολλοὶ
345 1760 465 1796 ζηλωταὶ
477 1760 594 1788 ἔσονται.
607 1760 678 1791 Δαὸς
697 1760 752 1797 γὰρ
774 1760 849 1795 αὐτῷ
866 1760 954 1795 μέγας
972 1760 1028 1788 τῶν

239 1803 363 1839 μοναχῶν
373 1802 449 1838 αὑτῷ
465 1802 732 1839 ἐμπιστευθήσεσθαι
755 1803 856 1838 μέλλει,
873 1804 920 1830 καὶ
947 1811 1029 1838 στρα-

237 1845 296 1872 τεία
309 1853 350 1876 τις
378 1845 504 1879 εὐσεϐὴς,
523 1844 566 1871 ἴνα
579 1844 658 1876 ἀξίαν
669 1844 723 1870 τῶν
743 1844 875 1878 καμάτων
890 1845 940 1879 τὴν
955 1844 1029 1870 εὐδο-

237 1887 353 1922 κίμησιν
368 1887 439 1915 οὕτω
449 1887 525 1922 σχοίη
538 1887 618 1921 παρὰ
630 1886 669 1922 τῷ
683 1886 828 1921 κρείττονι.
837 1885 930 1912 Ταῦτα
943 1886 1027 1922 ἐώρα,

238 1929 311 1966 ἅπερ
327 1929 374 1956 καὶ
388 1930 494 1964 γέγονε.
508 1929 693 1956 Συνελθόντων
708 1929 762 1963 γὰρ
776 1927 880 1955 πολλῶν
896 1928 1028 1956 πάντοθεν

238 1972 268 2005 ἐξ
283 1972 368 2007 ἀκοῆς
386 1971 522 2007 μοναχῶν,
539 1971 586 1997 καὶ
612 1970 658 1997 διὰ
680 1971 729 2006 τῆς
745 1971 856 2005 διδαχῆς
882 1970 966 1998 αὑτοῦ
982 1971 1029 1998 καὶ

237 2013 411 2048 ἀναστροφῆς
432 2013 566 2042 πλείστων
594 2012 734 2043 παντελῶς
755 2011 970 2047 ἀποταξαμένων
989 2012 1029 2047 τῷ

238 2055 344 2089 κόσμῳ,
359 2055 467 2088 ἐγένετο
478 2053 600 2080 συνοικία
612 2053 667 2079 τῶν
678 2052 800 2087 ἀδελφῶν
813 2052 880 2088 ὁμοῦ
897 2053 963 2089 πρὸς
978 2053 1029 2080 αὑ-

237 2097 283 2123 τὸν
297 2098 325 2122 ἐν
342 2097 380 2131 τῷ
397 2096 454 2131 ὄρει
485 2096 549 2130 ἄχρι
574 2094 769 2127 πεντακοσίων,
790 2094 879 2121 κοινὸν
905 2095 958 2122 τῶν
972 2095 1028 2130 βίον

239 2138 356 2172 ἐχόντων
369 2138 415 2163 καὶ
426 2137 565 2172 τράπεζαν
576 2137 640 2171 μίαν
651 2136 844 2170 διαιτωμένων.
858 2136 912 2163 Καὶ
920 2134 953 2172 ἦν
965 2137 1029 2163 ίδεῖν

238 2179 340 2211 αὐτοὺς
365 2179 514 2214 ἀγγελικὴν
539 2187 599 2204 τινα
627 2178 771 2213 στρατείαν
801 2178 1027 2213 κεκοσμημένων,

238 2222 336 2257 κόσμῳ
352 2221 435 2247 παντὶ
448 2221 707 2255 ,λευκοφορούντωῃ
729 2220 775 2246 καὶ
794 2220 822 2246 τὸ
842 2219 891 2254 τῆς
918 2220 1028 2256 Γραφῆς

1076 1650 1145 1669 νατα
1155 1641 1193 1677 τῷ
1208 1641 1313 1676 Σωτῆρι
1326 1641 1429 1672 πάντας
1442 1640 1571 1676 ἐξαίφνης
1583 1641 1647 1673 τοὺς
1661 1641 1794 1676 ’Έλληνας
1807 1642 1871 1668 ἀκι-

1076 1685 1174 1720 νήτους
1185 1683 1320 1718 ἐποίησεν.
1340 1683 1383 1714 Ὧς
1397 1682 1425 1709 δέ
1440 1681 1582 1717 προελθεῖν
1599 1683 1703 1709 ἐκείνου
1719 1681 1767 1709 τοῦ
1784 1683 1870 1709 τόπου

1078 1726 1128 1753 οὐκ
1141 1724 1280 1760 ἠδύναντο,
1301 1724 1380 1756 ἄλλος
1391 1724 1436 1751 τὸν
1451 1724 1530 1751 ἄλλον
1546 1724 1696 1758 ὠθοῦντες,
1719 1724 1870 1759 ἐφρύγοντο

1078 1769 1117 1804 τῷ
1134 1767 1257 1801 καύματι
1272 1766 1447 1802 πανημέριοι,
1461 1766 1491 1792 τὸ
1507 1766 1614 1801 συμϐὰν
1629 1766 1722 1798 αὐτοῖς
1735 1766 1870 1802 ἁποροῦν‹

1078 1819 1124 1842 τες
1143 1809 1224 1836 πόθεν
1240 1807 1472 1843 γεγένηται.Τότε
1489 1807 1514 1834 οἱ
1534 1808 1618 1843 ἱερεῖς
1635 1807 1725 1834 αὐτῶν
1739 1807 1868 1842 ἔφασκον,

1078 1851 1243 1886 Χριστιανόν
1256 1859 1315 1877 τινα
1326 1847 1396 1876 εἶναι
1415 1849 1444 1876 ὲν
1459 1850 1516 1880 τοῖς
1532 1849 1615 1884 ὁρίοις
1639 1849 1728 1877 αὐτῶν
1748 1849 1870 1884 καταμέ-

1080 1902 1160 1920 νοντα
1172 1894 1211 1924 είς
1230 1891 1279 1928 τὴν
1298 1892 1411 1928 ἔρημον,
1430 1891 1477 1918 καὶ
1491 1891 1578 1918 ταῦτα
1589 1891 1682 1923 αὐτοῖς
1694 1891 1866 1926 ἐνεργοῦντα.

1081 1935 1133 1962 Τὸν
1151 1934 1272 1962 Ἀπολλῶ
1288 1934 1417 1968 ἔφασκον,
1431 1933 1479 1960 καὶ
1494 1933 1548 1959 δεῖν
1567 1933 1648 1960 αὑτὸν
1670 1932 1811 1966 ἱκετεύειν,
1825 1933 1869 1960 ἵνα

1081 1977 1119 2012 μὴ
1134 1975 1341 2003 κινδυνεύσωσιν
1354 1984 1360 1990 -
1375 1975 1412 2006 ὡς
1425 1974 1453 2001 δὲ
1464 1975 1488 2001 οἱ
1504 1974 1645 2010 πόρρωθεν
1662 1974 1870 2010 προσοικοῦντες

1079 2018 1128 2050 τὰς
1146 2017 1236 2052 φωνὰς
1248 2017 1294 2044 καὶ
1311 2017 1357 2043 τὸν
1369 2015 1481 2050 θρύλλον
1492 2016 1660 2048 ἀκούσαντες
1674 2016 1866 2052 παρεγένοντο,

1079 2060 1136 2092 καὶ,
1146 2059 1188 2092 Τί,
1199 2058 1276 2093 φασὶ,
1284 2059 1314 2085 τὸ
1327 2058 1433 2093 συμϐὰν
1448 2059 1512 2094 ὑμῖν
1523 2058 1664 2093 ἐξαπίνης,
1673 2058 1690 2094 ἦ
1700 2058 1781 2085 πόθεν
1789 2058 1870 2093 γέγο-

1079 2110 1140 2134 νεν;
1154 2102 1186 2128 Οἱ
1202 2101 1230 2128 δὲ
1254 2101 1305 2128 οὐκ
1322 2101 1422 2128 εἰδέναι
1443 2100 1564 2135 ἔφασκον
1576 2121 1583 2132 ,
1600 2101 1669 2135 πλὴν
1691 2101 1720 2127 ἐν
1741 2101 1870 2136 ὑποψίαις

1079 2142 1149 2170 εἶναι
1171 2143 1235 2178 περὶ
1259 2142 1305 2169 τοῦ
1328 2142 1424 2177 ἀνδρὸς
1437 2142 1560 2176 λέγοντος
1585 2142 1622 2174 ὡς
1645 2142 1685 2168 δεῖ
1701 2142 1870 2174 ὲξιλεοῦσθαι

1079 2186 1194 2213 ἐκεῖνον.
1213 2185 1244 2212 Οἱ
1260 2185 1289 2211 δέ
1304 2185 1350 2211 καὶ
1362 2184 1545 2220 ἐμαρτύρουν,
1558 2185 1594 2216 ὡς
1610 2185 1773 2219 θεασάμενοι
1789 2185 1871 2212 αὑτὸν

1080 2227 1214 2264 παριόντα
1227 2235 1234 2244 ·
1253 2227 1301 2254 καὶ
1329 2226 1367 2259 ὼς
1385 2227 1476 2261 ἠξίουν
1502 2226 1593 2258 αὐτοῖς
1607 2228 1718 2262 ταχεῖαν
1742 2227 1870 2261 γενέσθαι

238 2263 286 2290 επὶ
297 2262 616 2298 τούτοις,πεπληρῶσθαι,
628 2262 956 2297 λεγούσηςνεὺφράνοητι›
966 2263 1027 2298 ἔρη-
1045 2270 1067 2298 D
1081 2262 1130 2305 τὴν
1146 2269 1283 2305 βοήθειαν,
1302 2268 1366 2304 βόας
1378 2268 1527 2302 ἀγαγόντες
1548 2270 1703 2303 μετακινεῖν
1718 2269 1747 2295 τὸ
1761 2268 1870 2295 εἴδωλον

240 2315 291 2341 po;
305 2305 421 2340 διψῶσα,
439 2305 520 2340 ῥῆξον
549 2305 595 2332 καὶ
611 2305 708 2340 βόησον
731 2306 748 2340 ή
763 2305 813 2331 οὐκ
831 2304 975 2338 ὠδίνουσα,
987 2306 1028 2332 ὅτι

239 2347 324 2374 πολλὰ
334 2347 368 2373 τὰ
381 2347 465 2374 τέκνα
475 2348 523 2381 τῆς
536 2347 643 2382 ἐρήμου
660 2347 758 2382 μᾶλλον
771 2346 787 2381 ή
798 2346 844 2382 τῆς
857 2347 972 2382 ἐχούσης
983 2347 1029 2374 τὸν

239 2389 335 2424 ἄνδρα.
352 2389 520 2424 Πεπλήρωτο
541 2389 591 2423 μὲν
614 2388 668 2424 γὰρ
692 2389 739 2416 καὶ
757 2389 804 2415 ἐπὶ
819 2390 869 2424 τῆς
896 2389 925 2420 ἐξ
943 2389 1029 2416 ἐθνῶν

232 2449 234 2452 -
246 2431 410 2466 Ἑκκλησίας
424 2431 454 2457 τὸ
469 2431 638 2466 προφητικὸν
649 2430 727 2458 τοῦτο
742 2430 833 2465 λόγιον
843 2438 850 2446 ·
873 2431 1030 2458 τετελείωτο

239 2473 268 2500 δέ
282 2474 329 2500 καὶ
350 2475 396 2500 ἐπὶ
420 2475 470 2509 τῆς
483 2475 673 2510 Αἰγυπτιακῆς
689 2475 803 2510 ἐρήμου,
819 2474 930 2501 πλείονα
948 2475 1030 2501 τέκνα

240 2516 279 2551 τῷ
292 2516 352 2552 Θεῷ
367 2517 542 2552 παρ.στώσης
555 2517 626 2552 ὑπὲρ
641 2516 690 2553 τὴν
711 2517 874 2552 οἰκουμένην
896 2517 957 2551 γῆν.
975 2516 1029 2543 Ποῦ

241 2559 295 2593 γὰρ
306 2558 434 2584 τοσαῦται
451 2559 480 2584 ἐν
494 2561 554 2590 ταῖς
575 2559 670 2585 πόλεσι
684 2559 739 2585 τῶν
756 2559 918 2593 σωζομένων
933 2559 1030 2594 ἀγέλαι

242 2600 379 2635 μοναχῶν,
393 2599 487 2635 ῶσπερ
511 2600 571 2627 ὅσαι
587 2601 614 2628 αἱ
641 2601 702 2628 κατ’
720 2601 910 2636 Αἰγυπτιακὴν
927 2600 1030 2636 ἔρημον

240 2643 280 2678 τῷ
299 2642 358 2677 Θεῷ
370 2642 557 2677 παριστῶσιν;
571 2643 627 2669 ὅσοι
642 2642 696 2678 γὰρ
710 2643 827 2670 ἐνταῦθα
847 2643 918 2675 λαοὶ,
936 2643 1030 2669 τοσοῦ-

240 2694 283 2713 τοι
300 2687 329 2713 ἐν
345 2687 406 2718 ταῖς
423 2687 537 2721 ἐρήμοις
564 2687 623 2712 ἐκεῖ
653 2686 776 2722 μοναχοί.
805 2687 897 2723 Κάμοὶ
914 2688 1032 2715 δοκεῖτὸ

241 2728 289 2756 τοῦ
310 2729 472 2756 Ἀποστόλου
490 2729 571 2764 ῥητὸν
594 2729 641 2755 καὶ
657 2729 702 2755 ἐπ’
731 2730 823 2761 αὐτοῖς
848 2729 1029 2765 πληροῦσθαι,

241 2770 378 2804 λέγοντος
400 2771 487 2797 Ὅπου
498 2771 662 2798 ἐπλεόνασεν
676 2771 692 2805 ή
710 2771 844 2806 ἁμαρτία,
860 2773 918 2798 ἐκεῖ
945 2773 1031 2809 ὑπερ-

242 2813 438 2847 επερίσσευσεν
462 2813 586 2848 ήχᾰρις.
607 2813 769 2840 Ἐπλεόνασε
797 2814 852 2849 γάρ
873 2823 937 2841 ποτε
954 2816 982 2842 ἐν
997 2816 1030 2850 τῇ

242 2854 374 2889 Αἰγύπτῳ
391 2854 475 2890 πολλή
503 2864 544 2887 τις
559 2855 605 2882 καὶ
621 2855 736 2891 ἄσεμνος
758 2855 975 2892 εἰδωλολατρεία,
993 2857 1032 2889 ὡς

244 2898 274 2925 ἐν
288 2899 375 2926 οὐδενὶ
397 2899 477 2929 ἔθνει.
496 2901 589 2934 Κύνας
615 2901 669 2940 γὰρ
686 2903 733 2932 καλ
746 2904 889 2940 πιθήκους,
907 2903 952 2930 καὶ
965 2904 1031 2933 ἄλλα

1081 2311 1249 2347 ἐπειρῶντο·
1265 2311 1294 2338 τὸ
1318 2310 1345 2336 δὲ
1368 2310 1496 2346 ἀκίνητον
1517 2310 1566 2336 σὺν
1587 2311 1679 2342 αὐτοῖς
1691 2312 1749 2342 τοῖς
1767 2310 1870 2346 ἱερεῦσι

1079 2352 1214 2388 διέμενεν.
1233 2352 1288 2379 Καὶ
1307 2352 1442 2387 μηδεμίαν
1461 2351 1557 2388 ἑτέραν
1574 2352 1698 2387 μηχανῆς
1709 2352 1888 2387 ἐφευρόντες.

1080 2394 1232 2430 πρεσϐείαν
1244 2395 1288 2421 διὰ
1299 2395 1353 2421 τῶν
1375 2394 1590 2429 παροικούντων,
1607 2394 1674 2429 πρὸς
1686 2395 1731 2421 τὸν
1748 2394 1871 2421 Ἀπολλῶ

1081 2437 1215 2473 ἐπεμπον,
1233 2436 1304 2463 ὥστε
1321 2436 1525 2470 ἀπαλλαγέντας
1542 2437 1647 2464 ἐκεῖθεν
1659 2437 1810 2472 ἀποστῆναι
1821 2438 1871 2472 τῆς

1081 2480 1196 2515 πλάνης.
1215 2478 1324 2505 Τούτων
1348 2478 1376 2505 δὲ
1386 2478 1424 2513 τῷ
1439 2479 1516 2513 ἀνδρὶ
1531 2479 1716 2514 δηλωθέντων,
1737 2478 1871 2514 κατῆλθεν

1079 2522 1118 2555 ὡς
1133 2523 1249 2558 τάχιστα
1268 2524 1281 2549 ὁ
1292 2522 1339 2549 τοῦ
1351 2522 1419 2549 Θεοῦ
1436 2521 1579 2557 ἄνθρωπος
1604 2521 1670 2557 πρὸς
1686 2521 1786 2552 αὐτοὺς
1796 2540 1804 2552 ,
1823 2519 1871 2546 καὶΙ

1082 2565 1302 2600 προσευξάμενος
1313 2564 1417 2595 πάντας
1432 2563 1512 2590 ἔλυσε
1531 2563 1578 2590 τοῦ
1592 2563 1703 2598 δεσμοῦ.
1719 2563 1751 2589 Οἱ
1764 2563 1791 2589 δὲ
1804 2563 1870 2597 ὁμο-

1081 2606 1200 2642 θυμαδὸν
1227 2605 1328 2637 πάντες
1352 2606 1420 2641 πρὸς
1445 2605 1526 2632 αὑτὸν
1549 2604 1692 2641 ὥρμησαν,
1709 2604 1748 2638 τῷ
1763 2603 1870 2638 Σωτῆρι

1080 2649 1136 2676 τῶν
1146 2649 1213 2676 ὅλων
1235 2649 1282 2676 καὶ
1302 2647 1509 2684 παραδοξοποιῷ
1536 2647 1596 2683 Θεῴ
1620 2646 1825 2677 πιστεύσαντες,
1839 2645 1870 2672 τὸ

1081 2691 1190 2719 εἴδωλον
1217 2691 1299 2723 εὐθὺς
1323 2690 1362 2725 τῷ
1388 2690 1457 2725 πυρὶ
1485 2689 1656 2725 παρέδωκαν,
1677 2688 1723 2720 οὓς
1748 2688 1869 2716 ἅπαντας

1081 2736 1251 2771 κατηχήσας,
1276 2737 1336 2766 ταῖς
1363 2733 1523 2769 ἐκκλησίαις
1546 2731 1712 2768 προσέθηκε.
1731 2729 1826 2757 Πολλοὶ
1839 2729 1884 2771 δέ,

1082 2778 1171 2806 αὐτῶν
1199 2778 1280 2812 μέχρι
1306 2777 1354 2803 νῦν
1382 2776 1480 2806 ἐντοῖς
1500 2773 1692 2810 μοναστηρίοις
1719 2772 1869 2806 διάγουσιν.

1081 2819 1215 2855 Διέδραμε
1230 2819 1259 2845 δέ
1272 2818 1396 2852 πανταχῆ
1409 2817 1427 2853 ή
1441 2817 1519 2852 φήμη
1544 2815 1610 2851 περὶ
1623 2816 1716 2843 αὐτοῦ.
1735 2814 1790 2841 Καὶ
1804 2813 1871 2840 πολ·

1081 2863 1123 2890 λο¹ι
1138 2863 1302 2889 ἐπίστευσαν
1325 2862 1370 2888 ἐπὶ
1385 2860 1432 2887 τὸν
1459 2860 1561 2894 Κύριον
1572 2879 1579 2890 ,
1594 2858 1632 2889 ὡς
1658 2857 1757 2894 μηκέτι
1774 2857 1803 2885 ἐν
1816 2856 1873 2887 τοῖς

1083 2905 1168 2942 ὁρίοις
1184 2904 1266 2932 αὐτοῦ
1287 2903 1420 2938 Ἕλληνγς
1431 2900 1620 2937 ὀνομάζεσθαι.
