2079 3157
246 203 313 233 ΗΜ

869 205 1028 233 HISTORIA
1047 205 1229 235 LAUSIACA.

1790 210 1858 239 illi

239 262 402 298 propulsare.
418 260 537 288 Contrito
556 261 627 290 enim
654 260 740 296 capite
765 260 908 296 serpentis,
935 265 1020 289 totum
1035 263 1060 292 Δ
1074 262 1130 291 lucc
1143 268 1295 292 narrantem
1306 265 1500 297 audivimus,et
1512 265 1856 299 reddentemcausamprio-

238 314 335 342 corpus
359 311 398 333 est
411 310 556 334 mortuum.
571 306 650 334 Jubet
664 307 733 334 enim
749 306 875 333 Dominus
890 311 919 333 ut
930 307 1024 334 obser-

238 358 331 379 vemus
341 355 418 385 caput
431 352 563 385 serpentis
578 360 586 379 :
601 351 626 379 id
637 356 725 379 autem
740 355 791 386 est,
803 359 838 379 ne
852 351 878 378 in
893 351 1023 386 principio

238 397 407 424 admittamus
421 397 504 424 malas
519 401 546 424 et
558 402 648 432 turpes
667 398 851 432 cogitationes,
866 405 919 425 non
934 398 1020 425 solum

239 445 266 468 ut
280 442 418 469 obscmnas
437 442 518 469 animi
536 442 617 469 nostri
632 442 785 476 phantasias
798 442 934 470 deleamus
948 451 955 470 :
971 450 1019 470 co-

237 488 295 515 nari
317 493 404 515 autem
420 495 468 515 nos
491 488 603 515 invicem
619 495 745 522 superare
770 489 920 521 virtutibus,
945 493 972 517 et
986 497 1020 517 ne

236 532 295 566 quis
307 533 332 560 in
348 533 388 560 Itis
405 533 526 560 laudibus
540 534 624 561 altero
637 534 756 562 videatur
768 534 888 562 inferior.
902 535 958 562 Hoc
972 542 1020 562 au-

237 583 301 612 tem,
317 578 412 612 inquit,
440 579 475 606 sit
489 578 565 606 vobis
587 584 773 613 argumentum
790 579 923 614 profectus
938 580 1020 608 virtu-

236 627 304 656 tum,
315 623 424 658 quando
443 623 549 651 fueritis
562 625 636 652 vacui
650 623 834 657 adfectionibus
847 625 1021 660 etappetitio-

236 668 323 700 nibus,
339 668 395 695 h:ec
413 669 486 695 'enim
499 673 562 696 sunt
585 669 685 696 Christi
705 670 835 697 donorum
850 670 1017 705 principium.

235 714 346 747 Quando
369 716 456 741 autem
480 721 495 740 a
513 713 569 741 Deo
584 714 705 742 habuerit
728 715 823 748 aliquis
837 716 1018 743 ostensionem

236 758 432 790 miraculorum,
453 765 486 786 ne
496 758 604 786 nimium
617 758 784 793 intumescat,
795 761 870 793 quasi
885 760 1018 800 sufficien-

236 808 276 831 ter
294 804 436 839 proiecerit
451 811 502 831 nee
513 804 638 831 efferatur
656 805 827 839 cogitatione,
847 810 972 840 tanquam
984 806 1019 833 sit

234 849 287 883 jam
303 850 387 884 magis
402 849 547 877 honoratus
561 858 638 885 quam
654 851 709 882 alii,
739 858 824 886 neque
839 855 868 878 ut
881 856 1017 879 ostentans

234 897 305 929 quod
329 895 407 922 talem
421 895 533 930 gratiam
555 896 702 929 acceperit;
722 895 764 922 sin
780 895 877 927 minus,
898 896 1014 929 seipsum

1073 308 1110 335 ris
1121 309 1303 342 ignorationis.
1319 310 1384 337 Nam
1399 310 1492 337 bovem
1504 310 1621 342 quidem.
1638 308 1737 341 aiebat,
1751 309 1776 336 in
1789 309 1855 337 deos

1071 352 1221 380 referebant
1236 354 1347 388 gentiles
1362 356 1404 388 qui
1427 355 1500 389 prius
1525 355 1594 389 apud
1621 362 1669 382 nos
1690 354 1854 387 habitabant,

1071 397 1194 431 quoniam
1208 406 1255 433 per
1270 399 1355 434 ipsum
1368 404 1525 428 exercentes
1538 401 1736 434 agriculturam,
1758 401 1856 427 victutn

1070 441 1120 469 sibi
1143 443 1289 476 parabant;
1309 451 1405 478 aquam
1420 451 1507 472 autem
1531 445 1593 477 Nili,
1622 445 1746 480 quoniam
1767 445 1858 479 irrigat

1070 494 1164 515 omnes
1176 495 1269 523 agros;
1287 494 1384 517 terram
1405 498 1511 526 quoque
1523 491 1657 524 colebant,
1673 495 1701 518 ut
1711 498 1771 526 quae
1786 495 1857 518 esset

1069 531 1128 559 aliis
1148 533 1271 561 omnibus
1293 535 1446 568 regionibus
1470 535 1590 562 fertilior.
1625 536 1750 569 Reliquas
1769 541 1855 562 autem

1069 575 1288 610 abominationes,
1304 585 1385 606 canes
1402 585 1430 606 et.
1442 579 1543 612 simias,
1566 584 1593 607 et
1606 577 1737 614 reliquam
1750 587 1856 606 omnem

1068 620 1243 649 animantium
1267 627 1293 649 et
1308 623 1411 650 olerum
1425 623 1547 650 colebant
1575 623 1775 658 turpitudinem,
1792 630 1859 658 qua-

1069 669 1146 692 tenus
1157 673 1249 693 eorum
1262 675 1328 695 usus
1340 669 1388 695 fuit
1402 669 1441 696 eis
1449 669 1555 696 occasio
1565 669 1669 702 salutis,
1683 668 1727 703 qui
1739 673 1858 702 tempore

1069 710 1214 738 Pharaonis
1237 712 1358 740 homines
1383 718 1527 748 occupatos
1556 714 1650 747 tcttuit,
1676 714 1784 748 quando
1810 714 1858 741 ille

1067 754 1194 784 lsraelem
1220 765 1395 793 persequens,
1424 760 1578 787 submersus
1602 764 1652 787 est.
1674 759 1861 795 Unusquisque

1068 802 1140 829 enim
1155 802 1181 829 id
1195 802 1222 829 in
1235 810 1288 838 quo
1300 803 1350 830 fuit
1361 809 1518 838 occupatus,
1533 812 1594 832 cum
1620 804 1784 832 Pharaonem
1807 812 1859 831 non

1067 851 1140 874 esset
1160 852 1288 882 secutus,
1333 848 1385 875 hoc
1426 846 1453 874 in
1487 847 1552 876 deos
1593 850 1707 883 retulit,
1737 849 1858 877 dicens:

1067 890 1125 918 Hoc
1139 891 1186 918 fuit
1194 892 1257 919 mihi
1269 893 1335 920 deus
1346 893 1424 921 hodie
1441 901 1489 928 per
1498 894 1568 929 quod
1579 895 1701 922 ellectunt
1713 900 1754 922 est
1766 900 1794 921 ut
1805 901 1858 921 non

234 940 329 975 decipit
342 944 540 973 mentecaptus,
550 940 666 975 etgratia
679 939 841 967 molabitur.
855 939 1018 974 Habuitergo
1033 934 1057 964 Β
1071 937 1185 970 Peril“em
1208 945 1260 964 una
1275 945 1334 965 cum
1349 939 1499 966 Pllal’aone-
1523 939 1585 967 Hinc
1597 940 1704 974 quidem
1717 940 1744 967 in
1757 947 1860 967 sermo-

235 985 305 1012 hanc
321 991 444 1018 magnam
467 985 614 1011 doctrinam
638 984 663 1011 in
686 984 862 1017 sermonibus,
877 991 955 1018 quam
970 991 1019 1012 nos

233 1036 339 1064 quoque
352 1036 423 1063 savpe
439 1034 528 1062 postea
543 1029 576 1056 ab
587 1029 644 1064 ipso
664 1029 827 1057 audivimus:
849 1029 877 1056 in
891 1029 1018 1062 operibus

234 1077 322 1100 autem
336 1072 468 1101 efﬂclebat
483 1073 597 1108 majora,
624 1073 712 1100 omnis
737 1074 808 1100 enim
820 1073 911 1108 petitio
924 1073 948 1101 ei
961 1079 1018 1101 sta-

233 1120 281 1148 tim
291 1120 403 1148 dabatur
415 1127 429 1147 a
447 1120 509 1148 Deo.

269 1165 337 1197 Quin
351 1165 430 1192 etiam
442 1165 550 1192 videbat
573 1163 701 1199 quasdam
727 1164 905 1192 revelationes
922 1171 930 1191 :
953 1163 1020 1192 vidit

233 1210 305 1236 enim
319 1217 395 1236 suum
410 1210 517 1237 fratrem
538 1215 600 1237 natu
613 1210 768 1242 maximum,
784 1210 828 1243 qui
842 1210 897 1244 ipse
911 1217 1019 1244 quoque

235 1254 321 1281 fuerat
334 1259 533 1297 cansttmmatus
557 1255 582 1282 in
594 1255 747 1288 solitudine,
776 1259 803 1282 et
827 1256 885 1290 ipso
906 1255 1019 1297 pulchp

235 1302 297 1327 vitm
311 1293 430 1328 instituito
438 1309 498 1328 eum
513 1306 762 1336 superaverat,cutu
775 1309 828 1337 quo
843 1304 899 1336 ipse
913 1293 1018 1338 quoque

235 1345 315 1380 longo
338 1350 456 1380 tempore
479 1347 544 1373 vixit
564 1347 590 1374 in
615 1347 769 1374 solitudine.
796 1347 942 1375 Videbatur
955 1355 1019 1383 etgo

233 1399 295 1420 eum
309 1392 396 1420 videre
403 1392 538 1420 sedentem
551 1393 577 1420 in
589 1393 684 1420 eodem
692 1393 792 1420 throno
805 1399 864 1420 cum
879 1395 1017 1429 apostolis,

235 1445 295 1465 cum
310 1439 334 1465 ei
346 1438 498 1473 reliquisset
513 1446 619 1466 suarum
635 1439 762 1466 virtutum
779 1440 976 1471 hmreditatem;
991 1445 1018 1468 et

234 1484 273 1510 sic
288 1491 334 1518 pro
348 1491 378 1511 se
392 1484 449 1516 ipso
471 1484 661 1517 intercedebat,
676 1484 759 1511 Deum
775 1491 880 1518 rogans,
909 1489 936 1512 ut
946 1489 1018 1512 esset

234 1529 311 1555 velox
326 1528 383 1562 ejus
397 1528 545 1560 translatio,
568 1532 595 1555 et
610 1536 669 1556 cum
685 1529 741 1563 ipso
751 1528 800 1555 sibi
814 1529 931 1563 requiem
946 1536 1017 1563 pra:-

233 1573 358 1602 staretjn
373 1573 460 1601 caelis.
474 1573 550 1600 Visus
561 1579 601 1600 est
615 1579 703 1601 autem
716 1574 740 1600 ei
760 1573 859 1601 dixisse
878 1574 1016 1606 Servator,

233 1623 357 1653 oportere
371 1626 429 1646 eum
441 1619 527 1645 adhuc
540 1626 621 1653 parvo
636 1623 755 1653 tempore
769 1626 829 1647 esse
843 1619 868 1646 in
893 1624 963 1648 terra
982 1620 1015 1647 ad
1031 1612 1052 1642 C

236 1664 380 1691 multorum
397 1663 597 1697 perfectionem,
617 1664 703 1691 donec
722 1665 796 1692 multi
812 1665 877 1692 ﬂant
890 1665 947 1700 ejus
962 1666 1016 1693 vir-

233 1709 296 1736 tutis
303 1710 481 1737 :emnlatores.
497 1710 604 1745 Magnus
616 1710 686 1738 enim
702 1710 890 1738 monachorum
903 1712 1016 1746 populus

233 1756 357 1782 credetur
367 1756 425 1790 ejus
439 1755 511 1788 fidei,
523 1761 550 1782 et
565 1758 625 1791 pius
643 1757 792 1790 exercitus,
808 1761 837 1784 ut
851 1757 962 1792 gloriam
975 1759 1016 1785 di-

233 1808 312 1835 gnam
327 1800 463 1827 laboribus
475 1805 654 1835 consequatur
668 1801 737 1834 apud
752 1801 846 1828 Deum.
862 1801 924 1829 Haec
939 1802 1014 1834 vidit,
1047 1822 1051 1825 .

233 1853 291 1879 qua:
313 1845 392 1872 etiam
416 1849 572 1872 evenerunt.
597 1845 662 1872 Nam
683 1852 742 1872 cum
763 1845 838 1872 multi
851 1846 968 1880 undique
982 1855 1016 1874 ex

232 1890 367 1917 auditione
381 1889 414 1916 ad
426 1897 486 1917 eum
505 1891 693 1918 convenissent
707 1892 839 1923 monachi,
852 1896 878 1919 et
894 1900 941 1926 per
954 1893 1014 1926 ejus

233 1935 379 1962 doctrinam
394 1941 420 1963 et
433 1937 662 1964 conversationem
675 1937 782 1971 plurimi
796 1937 906 1964 omnino
918 1938 1015 1965 mendo

236 1980 444 2012 renuntiassent,
458 1980 523 2006 facta
533 1984 573 2006 est
591 1980 702 2008 fratrum
717 1980 887 2013 cobabitatio,
907 1989 967 2009 cum
981 1983 1014 2009 ad

231 2024 388 2059 quingentos
405 2025 499 2052 fratres
512 2025 589 2052 simul
601 2026 669 2060 apud
686 2026 773 2061 ipsum
785 2034 953 2054 communem
972 2029 1014 2055 vi-

232 2073 286 2096 tam
302 2069 440 2102 haberent,
452 2074 565 2096 etunam
580 2078 709 2103 mensatn,
722 2075 775 2098 tota
784 2079 807 2098 vt
817 2076 858 2098 ste
865 2073 1012 2105 candidati;

230 2115 295 2142 etin
315 2115 353 2142 eis
368 2115 473 2149 impleta
496 2120 537 2142 est
558 2116 705 2148 Scriptura,
733 2123 794 2150 quas
807 2116 873 2143 dicit
889 2125 895 2142 :
913 2116 1015 2144 Laetare

230 2160 364 2186 desertum
377 2160 478 2192 sitiens,
493 2167 603 2193 erumpe
613 2164 639 2186 et
653 2161 737 2187 clama
750 2168 808 2194 qu:c
819 2168 870 2188 nou
880 2162 992 2195 parturis
1005 2171 1013 2195 ;

231 2205 355 2238 quoniam
367 2205 440 2231 ntnlti
460 2210 521 2231 sunt
533 2205 579 2231 lilii
591 2205 713 2235 deserui.
736 2206 820 2240 magis
834 2214 912 2239 qualn
929 2207 1013 2233 virum

231 2248 354 2275 habentis
370 2247 458 2283 (Isaia?
473 2251 536 2283 Liv).
550 2249 614 2275 Nam
630 2250 767 2284 impletum
786 2251 893 2284 quidem
909 2255 950 2278 est
963 2251 1014 2279 hoc

229 2293 362 2327 eloquium
389 2295 572 2328 pmphcticum
595 2303 625 2323 ex
643 2295 758 2322 Ecclesia
771 2303 830 2330 qua:
854 2303 1010 2331 congregata
1027 2293 1051 2321 Β

230 2345 271 2366 est
286 2348 317 2367 ex
329 2341 452 2375 gentibus
469 2349 476 2367 ε
499 2340 645 2374 perfectum
661 2346 703 2368 cst
721 2346 810 2368 autem
828 2342 852 2368 in
865 2342 914 2368 hac
933 2343 1013 2370 etiam

230 2384 383 2419 Egyptiaca
398 2386 550 2419 solitudine,
566 2394 623 2420 qme
639 2386 729 2420 plures
743 2386 812 2413 filios
826 2387 880 2414 Deo
895 2387 1014 2421 exhibet,

230 2437 307 2464 quam
320 2435 388 2458 terra
399 2439 457 2465 qua:
470 2436 511 2458 est
523 2432 648 2459 habitata.
660 2431 708 2459 Ubi
720 2434 789 2459 enim
799 2433 899 2460 suntin
907 2434 1015 2462 urbibus

232 2480 271 2503 tot
288 2484 381 2512 greges
392 2485 484 2504 eorum
495 2478 539 2512 qui
559 2479 623 2505 salvi
638 2479 712 2510 liont,
738 2484 802 2514 quot
818 2480 872 2507 Deo
885 2481 1014 2508 exhibent

230 2529 288 2556 quae
303 2523 400 2548 suntin
413 2522 526 2558 Εκπριο
536 2523 712 2550 soéitudines?
727 2524 797 2556 Quot
810 2529 873 2552 sunt
884 2525 954 2552 enim
967 2525 1012 2552 hic

232 2566 330 2602 populi,
358 2571 397 2594 tot
421 2572 482 2594 sunt
502 2567 556 2595 illic
569 2568 595 2595 in
614 2568 727 2596 desertis
738 2569 870 2596 monachi.
891 2570 930 2598 Ac
945 2570 1011 2597 mihi

231 2613 337 2641 videtur
354 2613 452 2640 dictmn
467 2613 596 2648 Apostoli,
617 2615 697 2642 etiam
713 2615 738 2642 in
754 2615 819 2649 ipsis
834 2623 895 2643 esse
916 2616 1010 2650 imple-

229 2663 283 2686 tum
300 2667 308 2686 :
328 2658 375 2687 Ubi
391 2659 462 2686 enim
473 2659 616 2686 abundavit
626 2664 774 2694 peccatum,
786 2660 1011 2695 superabundavit

228 2710 254 2732 et
274 2705 357 2740 gratia
379 2704 476 2739 (Rom.
498 2705 535 2739 v).
562 2704 711 2732 Abundav‘it
736 2706 806 2733 enim
821 2707 955 2740 quondam
983 2707 1010 2734 in

229 2749 345 2784 Egypto
366 2750 466 2777 multus
490 2754 518 2777 et
536 2750 633 2785 impius
655 2750 786 2778 idolorum
795 2752 891 2784 cultus,
904 2752 969 2781 adeo
981 2756 1011 2779 ut

230 2795 257 2821 in
270 2797 341 2823 nulla
356 2800 434 2830 gente
450 2797 549 2831 magis;
569 2803 650 2825 canes
664 2798 735 2825 enim
751 2802 778 2825 et
788 2798 880 2825 simias
902 2798 1009 2832 quidam

229 2840 368 2873 colebant;
383 2842 428 2869 alii
447 2842 507 2869 allia
521 2847 549 2869 et
561 2849 652 2877 caepe;
678 2846 706 2869 et
724 2849 757 2870 ex
783 2843 878 2870 vilibus
891 2843 1009 2871 oleribus

231 2887 312 2915 multa
334 2888 398 2916 deos
408 2888 605 2921 existimabant.
622 2895 650 2918 ut
665 2889 750 2922 ipsum
764 2895 886 2919 sanctum
902 2891 1007 2921 Patrem

1070 982 1147 1009 nibus
1170 982 1382 1011 babuitsanetus
1392 984 1500 1019 Apollo.
1561 1007 1563 1022 ,

1104 1048 1172 1076 Ante
1185 1056 1322 1077 sermones
1334 1053 1422 1077 autem
1440 1049 1608 1077 scribendum
1622 1053 1664 1077 est
1685 1056 1744 1084 quae
1765 1056 1860 1084 posse-

1069 1093 1109 1121 dit
1137 1094 1162 1122 in
1187 1095 1323 1130 operibus.
1348 1095 1467 1123 Fuerunt
1488 1096 1559 1123 enim
1583 1096 1724 1131 aliquando
1747 1096 1860 1132 gentiles

1070 1147 1152 1174 prope
1165 1141 1316 1167 accolentes
1331 1140 1357 1167 in
1382 1141 1447 1167 locis
1469 1141 1602 1174 omnibus,
1625 1145 1653 1168 et
1679 1141 1772 1168 decem
1797 1141 1858 1176 pagi

1068 1187 1111 1220 qui
1126 1190 1200 1213 erant
1211 1187 1235 1213 ei
1251 1186 1453 1222 propinquiores
1474 1187 1560 1221 magis
1575 1187 1696 1214 colebant
1710 1187 1857 1215 dtcmones.

1070 1231 1136 1258 Erat
1147 1236 1234 1258 autem
1249 1232 1375 1266 templum
1399 1232 1541 1259 maximum
1557 1232 1583 1259 in
1607 1240 1660 1258 uno
1683 1232 1751 1266 vico,
1773 1238 1801 1260 et
1822 1232 1858 1260 sl-

1070 1277 1215 1304 mulacrum
1233 1277 1348 1304 maxime
1372 1277 1484 1312 insigne,
1501 1278 1585 1313 lignea
1608 1283 1697 1305 autem
1720 1282 1777 1305 erat
1799 1278 1858 1306 haec

1069 1326 1165 1349 statua.
1181 1322 1308 1358 Pompam
1321 1327 1408 1350 autem
1419 1323 1561 1356 ducebant,
1575 1330 1633 1350 eam
1659 1330 1706 1357 per
1722 1323 1793 1350 vicos
1807 1323 1858 1351 cir-

1068 1368 1246 1396 cumferentes
1279 1369 1373 1396 nefarii
1399 1369 1566 1401 sacerdotes,
1597 1370 1641 1404 qui
1663 1369 1859 1397 bacchabantur

1068 1422 1127 1442 cum
1140 1415 1319 1449 multitudine,
1330 1416 1410 1444 veluti
1424 1425 1470 1451 pro
1481 1424 1548 1452 aqua
1560 1416 1678 1444 ﬂuviatili
1693 1418 1858 1446 celebrantes

1069 1461 1206 1496 mysteria.
1221 1462 1324 1489 Accidit
1338 1467 1426 1490 autem
1441 1466 1470 1489 ut
1485 1463 1530 1489 illo
1541 1467 1659 1496 tempore
1678 1462 1733 1489 illic
1752 1463 1859 1492 adesset

1069 1507 1165 1541 Apollo
1184 1513 1245 1534 eum
1261 1507 1353 1542 paucis
1374 1507 1531 1542 quibusdam
1557 1507 1682 1534 fratribus
1697 1515 1704 1533 :
1721 1511 1859 1542 postquam

1070 1555 1158 1579 autem
1172 1551 1240 1579 vidit
1260 1551 1457 1579 multitudinem
1472 1557 1580 1586 repente
1595 1551 1757 1579 daemoniace
1771 1551 1858 1579 furem

1069 1601 1121 1623 tam
1137 1605 1183 1631 per
1194 1597 1339 1631 regionem,
1351 1597 1426 1624 [lexis
1437 1596 1571 1625 Servatori
1586 1597 1706 1632 genibus,
1723 1597 1784 1624 fecit
1797 1605 1857 1624 om-

1067 1649 1115 1668 nes
1134 1642 1247 1676 gentiles
1271 1646 1382 1676 repente
1403 1642 1562 1669 immoLiles.
1589 1642 1656 1669 Cum
1681 1647 1770 1670 autem
1802 1649 1856 1670 non

1066 1693 1174 1722 possent
1186 1695 1219 1715 ex
1235 1687 1281 1715 illo
1294 1688 1352 1715 loco
1369 1687 1500 1723 progredi.
1517 1687 1585 1714 alius
1595 1687 1680 1715 alium
1704 1688 1853 1721 trudentes,

1066 1737 1093 1759 et
1112 1736 1178 1758 aestu
1193 1736 1250 1759 toto
1261 1732 1303 1760 die
1317 1737 1491 1765 torrerentur,
1504 1732 1655 1767 ignorantes
1669 1733 1738 1760 unde
1757 1733 1806 1761 hoc
1818 1734 1857 1761 eis

1066 1780 1209 1811 evenisset,
1225 1779 1380 1806 sacerdotes
1393 1786 1485 1806 eorum
1497 1779 1626 1806 dixerunt
1643 1787 1700 1807 esse
1716 1780 1857 1814 quemdam

1066 1824 1244 1852 Christianum
1259 1825 1421 1852 habitantem
1436 1825 1461 1852 in
1476 1832 1568 1852 eorum
1587 1824 1682 1852 finibus
1697 1825 1747 1853 sub
1759 1826 1856 1853 solitu-

1066 1870 1139 1904 dine,
1155 1870 1200 1905 qui
1213 1871 1270 1898 haec
1292 1871 1401 1902 faceret,
1416 1870 1536 1897 dicentes
1553 1869 1586 1897 de
1610 1870 1722 1904 Apollo;
1737 1875 1765 1897 et
1779 1878 1858 1904 opor-

1066 1920 1123 1943 tere
1133 1915 1158 1942 ei
1174 1915 1332 1950 supplicare,
1347 1916 1389 1942 sin
1401 1916 1487 1942 minus
1505 1916 1561 1942 fore
1576 1919 1605 1942 ut
1619 1915 1726 1942 veniant
1745 1915 1770 1941 in
1785 1915 1857 1949 peri-

1065 1961 1165 1988 culum.
1196 1961 1338 1994 Postquam
1370 1963 1459 1987 autem
1495 1960 1538 1994 qui
1564 1959 1654 1994 procul
1682 1959 1856 1991 habitabant,

1065 2007 1161 2034 auditis
1175 2007 1337 2034 clamoribus
1361 2011 1387 2032 et
1409 2005 1651 2039 lamentationibus,
1669 2010 1852 2038 accesserunt,

1065 2057 1091 2079 et
1106 2060 1152 2080 eos
1167 2057 1309 2087 rogarunt:
1328 2053 1458 2085 Quidnam
1482 2056 1534 2085 est,
1549 2052 1677 2083 dicentes,
1694 2051 1765 2085 quod
1782 2050 1856 2078 vobis

1067 2102 1178 2131 repente
1192 2097 1311 2124 accidit?
1334 2105 1386 2132 quo
1402 2101 1478 2130 pacto
1500 2097 1549 2124 hoc
1565 2097 1661 2124 factum
1676 2096 1737 2124 esti
1754 2096 1791 2123 llli
1804 2103 1855 2123 au-

1067 2145 1119 2168 tem
1135 2142 1260 2168 dixerunt
1285 2149 1314 2168 se
1331 2143 1449 2175 nescire,
1467 2142 1516 2168 nisi
1532 2141 1602 2176 quod
1623 2141 1708 2168 virum
1724 2140 1858 2168 habebant

1065 2192 1228 2220 suspectum,
1245 2187 1363 2214 dicentes
1379 2193 1502 2221 oportere
1515 2187 1586 2214 illum
1596 2187 1711 2221 placare.
1726 2187 1776 2214 Alii
1792 2193 1856 2214 vero

1068 2233 1235 2260 testabantur
1245 2241 1274 2260 sc
1290 2241 1350 2260 cum
1367 2233 1462 2260 vidisse
1483 2237 1702 2268 prmterenntcm;
1718 2236 1746 2260 et
1759 2232 1797 2259 sic
1813 2239 1854 2258 ro-

1066 2283 1160 2313 garunt
1172 2285 1218 2305 eos
1231 2282 1260 2305 ut
1274 2278 1313 2305 eis
1324 2278 1376 2305 cito
1394 2278 1501 2305 daretur
1514 2278 1574 2304 auxi
1586 2278 1639 2304 ium
1653 2286 1659 2303 ί
1672 2277 1793 2304 adductis
1808 2277 1855 2303 bo-

1067 2324 1115 2350 bus
1129 2323 1216 2350 conati
1231 2328 1293 2350 sunt
1317 2331 1426 2350 movere
1450 2324 1636 2355 simulacrum;
1654 2322 1679 2349 id
1696 2327 1782 2349 autem
1796 2329 1854 2348 ma-

1069 2369 1150 2396 nebat
1178 2373 1301 2403 tanquam
1325 2367 1462 2395 immobilc
1487 2375 1546 2395 cum
1574 2367 1638 2401 ipsis
1661 2367 1852 2394 sacerdotibus.

1066 2414 1130 2441 Cum
1151 2413 1250 2440 nullam
1278 2420 1342 2447 ergo
1367 2413 1496 2440 evadendi
1522 2413 1650 2440 rationem
1678 2411 1853 2443 invenissent,

1066 2460 1194 2487 miserunt
1207 2465 1254 2493 per
1269 2458 1372 2485 accolas
1389 2458 1546 2492 legationem
1562 2458 1593 2483 ad
1610 2457 1721 2491 Apollo,
1737 2460 1766 2482 ut
1781 2456 1853 2482 illinc

1065 2504 1168 2531 liberati
1179 2503 1213 2530 ab
1222 2510 1314 2530 errore
1329 2503 1494 2530 recederent.
1510 2502 1555 2529 llis
1564 2506 1651 2530 autem
1666 2502 1760 2536 Apollo
1774 2502 1853 2536 signi-

1066 2550 1161 2583 ﬁcatis,
1177 2549 1316 2577 celerrime
1326 2549 1464 2576 descendit
1486 2549 1566 2576 homo
1582 2549 1645 2581 Dei;
1661 2554 1686 2576 et
1701 2555 1759 2576 cum
1780 2555 1853 2574 oras-

1064 2599 1116 2627 set,
1131 2602 1223 2621 omnes
1238 2594 1316 2621 solvit
1339 2601 1352 2620 a
1374 2593 1491 2621 vinculo.
1512 2594 1544 2621 lli
1567 2599 1654 2621 autem
1680 2601 1773 2621 omnes
1800 2600 1853 2619 uno

1065 2641 1154 2668 animo
1168 2640 1201 2667 ad
1214 2641 1299 2675 ipsutn
1316 2644 1517 2674 proces~erunt,
1534 2639 1715 2666 universorum
1731 2639 1854 2666 Servato-

1065 2690 1087 2717 ri
1102 2690 1252 2722 credentes,
1268 2693 1295 2717 et
1311 2689 1364 2716 Deo
1378 2689 1422 2724 qui
1437 2689 1498 2716 facit
1512 2688 1688 2722 admirabilia,
1701 2688 1772 2716 idolo
1787 2696 1850 2722 pro-

1065 2741 1136 2768 tinus
1147 2740 1198 2775 igni
1215 2740 1347 2767 mandato.
1361 2739 1432 2772 Quos
1454 2746 1548 2767 omnes
1572 2737 1702 2766 catechcsi
1719 2739 1852 2766 institutus

1063 2791 1305 2826 adjecitecclesiis.
1320 2790 1393 2818 Multi
1415 2796 1504 2818 autem
1529 2791 1618 2821 ethEs
1642 2791 1667 2817 in
1692 2790 1850 2818 hodiernum

1062 2850 1145 2877 usque
1156 2841 1226 2870 diem
1242 2841 1341 2876 degunt
1354 2840 1380 2868 in
1401 2840 1578 2868 monasteriis.
1602 2840 1686 2876 Hujus
1705 2846 1794 2869 autem
1810 2841 1849 2868 rei

1063 2893 1132 2922 fama
1147 2891 1258 2926 pervasit
1275 2890 1300 2919 in
1320 2898 1413 2920 omnes
1427 2894 1526 2926 partes,
1542 2894 1569 2920 et
1583 2890 1656 2919 multi
1679 2890 1850 2929 crediderunt
