2072 3153
230 186 298 216 1145

958 183 1117 212 PALLADII

1780 181 1847 208 11H

225 246 253 274 lu
269 245 426 279 Dominum;
440 246 507 274 adeo
525 251 556 274 ut
568 246 656 275 nullus
669 247 781 281 amplius
794 247 901 282 gentilis
922 248 1009 275 nonti-
1024 249 1046 278 Α
1063 248 1228 280 miraculum,
1244 251 1271 276 et
1294 252 1417 276 eventum
1440 249 1497 283 ejus
1519 249 1590 283 quod
1615 249 1728 282 dixerat,
1753 241 1844 280 omnes

225 297 303 320 netur
315 293 340 319 in
356 293 413 326 ejus
422 292 524 320 ﬁnibus.

260 338 317 366 Non
333 338 416 365 multo
428 342 487 372 post
501 342 589 364 autem
605 342 734 372 tempore,
754 338 806 365 duo
822 339 879 372 pagi
896 338 966 366 inter
981 345 1010 365 se

223 382 322 410 bellum
336 383 465 416 incipiunt
477 382 651 416 committere,
676 391 723 417 pro
743 384 815 418 agris
829 383 1008 411 decertantes.

223 429 366 460 Postquam
379 433 467 455 autem
481 433 522 456 est
542 428 636 463 Apollo
661 431 850 463 renuntiatum,
866 430 953 456 statim
977 429 1008 456 ad

222 474 424 507 eosdescendit,
451 474 518 501 inter
541 481 587 501 eos
614 482 705 508 pacem
734 475 935 502 couciliaturus.
958 475 1008 507 Qui

221 525 298 548 erant
313 524 400 547 autem
415 527 446 547 ex
461 524 534 553 parte
548 520 656 547 adversa
669 528 722 547 ttou
739 522 875 554 parebant,
886 521 932 548 sed
947 528 1009 548 con-

222 564 385 591 tradicebant
398 584 404 596 ,
422 564 480 590 freti
497 571 549 591 uno
563 564 692 591 latronum
709 565 838 599 principe,
861 569 889 591 ut
904 565 961 591 viro
975 564 1007 591 ad

222 609 320 636 bellum
335 610 563 644 praestantissimo.
572 610 639 637 Cum
650 617 710 637 eum
722 618 785 644 ergo
796 611 890 645 Apollo
900 610 1009 638 vidisset

220 656 455 689 contradicentem,
471 656 536 683 dixit
550 656 573 682 ei
587 663 594 682 :
609 656 636 683 Si
658 656 791 690 parueris,
818 664 835 683 ο
856 657 951 688 amice,
965 664 1007 683 ro-

220 701 288 734 gabo
302 700 440 727 Dominttm
457 708 554 731 meum.
572 705 601 728 ut
629 705 671 728 tua
693 705 800 735 peccata
828 702 1006 729 remittantur.

220 746 244 773 ls
259 751 345 773 autem
361 745 404 772 ubi
417 745 468 772 hoc
482 746 592 780 audiv't,
618 754 669 773 non
683 751 830 779 cunctatus,
843 746 953 782 abjectis
965 755 1007 774 ar-

219 793 287 831 mis,
317 793 374 826 ejus
398 792 512 825 genibus
531 792 671 819 advolutus
695 793 866 827 supplicavit;
893 799 918 820 et
943 800 1006 826 pace

219 837 285 864 facta
309 837 367 871 ejus
387 838 589 869 intercesstone,
616 845 678 864 suos
704 838 805 865 remisit
830 838 862 864 ad
889 838 1004 872 proptia.

219 881 283 909 Cum
307 881 323 908 ii
339 886 428 908 autem
447 889 537 915 pacem
553 882 677 915 egissent,
693 887 720 908 et
743 882 880 913 abiisscnt,
897 882 1005 916 insignis

1061 293 1197 320 Servatori
1209 293 1348 321 credentes
1363 301 1423 321 eum
1442 293 1618 328 praedicabant
1641 297 1807 330 prophetatn.

1098 337 1161 364 Erat
1172 342 1261 364 autem
1275 337 1361 365 adhuc
1384 344 1461 366 antea
1487 339 1513 365 in
1529 341 1626 366 montis
1643 341 1769 374 spelunca
1784 350 1843 369 san-

1062 387 1121 409 ctus
1135 382 1241 417 Apollo,
1263 390 1323 409 cum
1337 383 1453 418 quinque
1467 383 1526 410 aliis
1542 383 1677 417 fratribus,
1703 387 1746 420 qui
1767 388 1843 420 primi

1061 426 1165 453 fuerunt
1177 426 1236 460 ejus
1250 426 1381 461 discipuli,
1397 434 1457 454 eum
1480 432 1600 455 recenter
1615 429 1731 457 venisset
1743 438 1759 458 e
1780 431 1843 459 soli-

1060 470 1160 497 tudine.
1176 469 1242 497 Cum
1256 475 1343 498 autem
1367 472 1536 499 adventasset
1555 472 1612 500 dies
1628 472 1708 500 festus
1724 474 1842 508 Paschte,

1058 521 1084 542 et
1100 515 1147 543 Dei
1168 516 1266 543 cultum
1284 516 1448 551 implessent,
1463 522 1539 544 erant
1558 518 1629 545 esuri
1642 526 1674 545 ea
1695 527 1753 552 quae
1768 521 1840 547 inve-

1037 578 1041 581 .
1059 559 1198 586 nicbautur
1212 569 1217 586 :
1235 564 1311 587 erant
1328 564 1415 587 autem
1430 560 1530 595 al'quot
1551 561 1614 588 sicci
1628 570 1719 596 panes,
1730 568 1756 591 et
1770 572 1844 598 qum-

1059 605 1119 632 dam
1135 605 1207 631 olera
1220 605 1345 639 reposita.
1362 606 1407 643 Eis
1421 611 1509 633 autem
1531 606 1598 633 dixit
1624 608 1735 642 Apollo:
1751 609 1779 636 Si
1794 617 1840 636 su-

1059 658 1116 677 mus
1132 650 1236 684 ﬁdeles,
1252 658 1268 677 ο
1293 651 1350 684 lilii,
1377 655 1405 678 et
1428 652 1546 685 germani
1568 651 1667 680 Christi
1692 653 1748 687 ﬁlii,
1770 660 1842 688 petat

1058 695 1240 729 unusquisque
1252 700 1368 722 vestrum
1380 703 1394 721 a
1408 696 1461 722 Deo
1475 695 1500 722 id
1516 696 1584 730 quod
1606 696 1664 731 ejus
1678 698 1766 725 aninto
1778 707 1840 733 gra-

1058 745 1112 767 tum
1128 740 1216 784 estad
1232 740 1401 767 vescendum.
1425 740 1464 768 llli
1487 749 1550 769 vero
1564 749 1589 770 et
1615 744 1766 771 universum
1782 752 1840 779 per-

1057 786 1198 819 miserunt,
1213 785 1396 813 existimantes
1420 793 1449 813 se
1472 793 1531 814 esse
1547 786 1667 822 indignos
1682 788 1726 815 tali
1746 790 1839 823 gratia.

1060 832 1127 859 Cum
1143 832 1203 859 laeto
1227 836 1314 858 autem
1339 831 1413 858 vultu
1427 836 1540 866 orasset,
1557 838 1584 860 et
1597 840 1690 860 omnes
1712 834 1840 863 dixissent

1057 877 1152 908 Amen,
1165 874 1286 909 protinus
1300 880 1377 902 noctu
1394 880 1521 902 venerunt
1533 875 1559 903 itt
1570 877 1722 910 speluncam
1734 879 1839 913 quidatu

219 935 310 955 eorum
325 933 513 962 propugnator,
541 928 636 961 Apollo
658 929 692 954 de
711 933 808 954 cmtcro
831 928 1003 962 sequebatur,

1057 920 1103 947 viri
1121 921 1224 953 penitus
1239 920 1377 955 incogniti,
1401 920 1445 955 qui
1460 921 1583 949 dicebant
1596 929 1625 949 se
1639 923 1728 951 venire
1740 931 1753 950 a
1781 925 1840 952 lon-

219 973 376 1007 promissum
390 977 481 1007 aperte
503 974 622 1007 exigens.
638 973 721 1006 Quem
739 981 797 1000 cum
820 975 1006 1008 assump~isset

221 1019 313 1046 beattts
325 1019 417 1053 Apollo
440 1019 465 1046 itt
487 1019 632 1053 propinqua
656 1019 812 1051 solitudine,
827 1019 964 1046 admonu‘t
978 1024 1005 1046 et

218 1063 338 1091 hortatus
352 1068 392 1091 est
415 1067 444 1090 ut
468 1063 575 1097 patienti
598 1067 626 1090 et
649 1064 780 1090 constanti
807 1068 878 1091 esset
904 1064 1003 1098 animo,

220 1116 298 1143 posse
313 1109 382 1136 enim
397 1108 478 1135 Deum
498 1108 522 1135 ei
538 1108 699 1136 condonare.
718 1108 765 1136 Ubi
783 1114 870 1136 autem
885 1116 936 1136 nox
956 1109 1002 1137 ad—

219 1153 303 1185 venit,
315 1153 394 1180 atnbo
407 1153 530 1179 viderunt
544 1152 570 1179 in
582 1153 682 1180 somnis
697 1161 726 1180 se
741 1159 828 1181 astare
843 1158 904 1181 ante
919 1154 1004 1181 tribu-

219 1199 264 1225 nal
279 1197 376 1225 Christi
390 1205 397 1224 :
415 1198 517 1231 tttriqne
533 1201 622 1224 autem
637 1198 883 1232 contemplabantur
898 1200 1004 1234 angelos

219 1244 301 1271 Deum
317 1250 368 1270 una
392 1250 451 1270 cum
473 1242 550 1275 justis
570 1242 720 1270 adorantes.
743 1243 862 1277 Cumque
878 1244 927 1278 ipsi
953 1251 1004 1270 ttna

218 1295 278 1315 cum
293 1288 332 1315 cis
349 1288 562 1322 procubuissent,
577 1287 682 1314 Patrem
701 1287 894 1321 adoraverunt;
911 1293 938 1316 et
953 1297 1002 1316 vox

219 1333 251 1360 ad
265 1341 312 1361 eos
328 1333 394 1360 laeta
409 1337 449 1360 est
465 1333 511 1360 Dei
523 1332 636 1359 dicentis
651 1340 658 1359 :
673 1332 736 1366 Quae
751 1336 792 1360 est.
813 1334 926 1360 s0rietas
952 1334 1004 1361 luci

223 1387 282 1407 eum
299 1379 434 1406 tenebris?
450 1382 495 1405 aut
517 1386 576 1412 qua:
596 1386 657 1413 pars
669 1383 710 1406 est
725 1379 810 1406 ﬁdelis
824 1387 883 1407 cum
898 1380 1000 1407 inﬁdeli

221 1424 264 1461 (ΙΙ
279 1424 339 1452 Cor.
353 1424 403 1458 n)?
419 1424 484 1456 Quid
499 1431 562 1450 vero
574 1428 623 1450 stat
639 1431 698 1450 cum
707 1423 779 1458 justo
790 1424 930 1456 homicida,
943 1432 1004 1452 cum

219 1470 254 1496 sit
270 1469 392 1503 indiguus
407 1470 452 1496 tali
479 1469 703 1502 contemplatione
718 1469 729 1496 ‘l
749 1469 788 1496 Tu
813 1475 900 1497 autem
917 1471 971 1504 abi,
987 1478 1004 1498 o

219 1515 309 1546 homo,
322 1514 367 1540 tibi
381 1513 452 1540 enim
466 1517 507 1540 est
520 1520 662 1540 concessus
674 1513 716 1540 hic
731 1514 806 1541 tarde
825 1518 900 1540 natus
913 1515 1002 1548 perlu-

217 1567 258 1594 εει.
274 1559 324 1592 Qui
339 1566 398 1584 cum
414 1558 464 1584 alia
480 1558 560 1584 multa
572 1557 703 1584 vidissent
715 1562 741 1585 et
756 1559 900 1585 audiisseut
919 1557 1002 1584 admi-

1056 967 1152 1000 ginqua
1166 966 1288 998 regione;
1299 970 1325 992 et
1341 966 1429 992 omnia
1443 966 1577 999 ferebant,
1593 974 1623 994 ea
1639 969 1719 995 etiam
1733 969 1767 996 de
1780 970 1839 1004 qui-

1055 1011 1103 1038 bus
1118 1018 1151 1038 ne
1162 1011 1296 1037 auditione
1310 1010 1414 1044 quidem
1434 1017 1600 1045 acceperant,
1615 1017 1640 1039 et
1651 1021 1709 1048 quae
1721 1022 1773 1041 non
1785 1023 1832 1041 na-

1056 1061 1165 1083 scuntur
1190 1055 1217 1082 in
1239 1055 1367 1090 Egypto,
1394 1056 1461 1083 ltorti
1488 1056 1590 1084 fructus
1613 1059 1701 1085 omnis
1721 1060 1839 1094 generis,

1056 1109 1119 1128 uvas
1134 1105 1160 1127 et
1172 1101 1238 1127 mala
1251 1101 1355 1134 punica,
1368 1105 1395 1127 et
1406 1101 1470 1128 ﬁcus
1483 1106 1509 1128 et
1532 1109 1625 1135 nuces,
1639 1104 1727 1130 omnia
1741 1104 1838 1132 intem-

1061 1147 1182 1179 pestive:
1199 1145 1356 1180 quinetiam
1376 1146 1503 1180 quosdam
1524 1146 1644 1174 inventos
1654 1147 1741 1174 mellis
1757 1148 1838 1181 favos.

1055 1195 1082 1218 et
1094 1198 1186 1217 urnam
1211 1191 1325 1217 recentis
1342 1191 1431 1223 lactis,
1455 1196 1481 1218 et
1503 1191 1621 1219 uicolaos
1644 1193 1785 1226 maximos,
1813 1200 1838 1222 ct

1057 1243 1138 1269 panes
1147 1235 1259 1262 mundos
1273 1240 1298 1262 et
1313 1235 1413 1262 calidos
1436 1236 1510 1270 (lOl)
1522 1243 1537 1262 e
1551 1237 1658 1271 regione
1672 1242 1791 1265 externa.
1819 1239 1837 1266 li

1055 1286 1142 1308 autem
1156 1281 1200 1314 qui
1214 1288 1244 1307 ea
1271 1280 1424 1314 attulerant,
1445 1288 1504 1308 cum
1530 1282 1696 1310 solummodo
1718 1283 1838 1310 tradidis-

1055 1331 1126 1357 sent,
1143 1330 1268 1359 tanquam
1282 1325 1357 1352 missi
1368 1333 1382 1352 a
1398 1327 1454 1352 viro
1465 1333 1560 1360 magno
1572 1330 1598 1353 ct
1614 1325 1704 1358 divite,
1721 1328 1838 1361 protinus

1055 1377 1166 1405 propere
1183 1373 1361 1397 recesserunt.
1384 1368 1449 1396 Cum
1465 1374 1552 1396 autem
1581 1378 1640 1404 qua:
1666 1377 1742 1398 erant
1765 1380 1838 1399 ρεσυ-

1055 1416 1124 1442 lenta
1141 1415 1333 1449 percepissent,
1347 1422 1377 1442 ea
1392 1415 1446 1442 illis
1457 1415 1618 1443 suffecerunt
1629 1424 1712 1451 usque
1725 1418 1756 1444 ad
1770 1418 1838 1445 l’en-

1056 1463 1194 1492 tecosten;
1210 1460 1276 1486 adeo
1290 1464 1318 1487 ut
1333 1460 1382 1494 ipsi
1397 1467 1502 1495 quoque
1518 1461 1688 1496 mirarentur,
1716 1468 1743 1491 et
1767 1464 1838 1491 dice~

1055 1509 1115 1532 rent
1130 1504 1212 1532 fuisse
1226 1511 1258 1531 ea
1273 1512 1338 1531 vere
1352 1512 1367 1531 a
1381 1505 1437 1532 Deo
1453 1506 1543 1532 missa.

1089 1559 1200 1593 Quidam
1210 1564 1297 1586 autem
1311 1567 1343 1587 ex
1359 1561 1496 1587 monachis
1507 1562 1615 1595 rogabat
1626 1562 1730 1589 Patrem
1746 1567 1773 1590 ut
1786 1567 1843 1590 sta-

217 1605 319 1638 rahilia,
334 1612 393 1639 qua!
407 1610 491 1638 neque
506 1603 584 1630 audet
597 1603 681 1630 oratio
708 1603 810 1636 dicere,
828 1611 915 1638 neque
929 1604 1000 1630 auris
1015 1599 1037 1629 C
1056 1605 1101 1631 titn
1117 1605 1198 1632 Deum
1214 1612 1261 1638 pro
1276 1605 1333 1638 ipso
1344 1609 1442 1636 oraret,
1457 1610 1484 1631 ut
1495 1606 1607 1638 gratiam
1632 1606 1746 1640 aliquam
1774 1615 1838 1634 cono

217 1652 315 1683 audire,
332 1649 436 1677 excitati
451 1649 639 1676 annuntiaruut
652 1649 683 1675 iis
698 1650 741 1682 qui
758 1656 817 1676 cum
831 1650 871 1676 eis
893 1657 1003 1677 conver-

220 1697 359 1724 sabatttur.
373 1696 472 1723 Omnes
494 1699 582 1721 autem
608 1694 722 1724 maxim)
741 1694 840 1722 invasit
853 1695 1002 1722 admiratio.

219 1744 338 1782 utrisque
356 1750 434 1769 unam
448 1742 615 1769 narrantibus
629 1742 768 1769 visionem.
789 1741 938 1769 Permansit
957 1749 1004 1768 au-

218 1794 270 1817 tem
285 1797 345 1817 cum
360 1787 589 1820 exercitatoribus,
613 1788 636 1815 is
663 1788 707 1822 qui
735 1795 788 1814 non
811 1792 869 1815 erat
891 1787 1003 1822 amplius

218 1835 358 1868 homicida,
376 1842 459 1869 usque
469 1835 501 1861 ad
517 1839 629 1862 mortem
650 1834 730 1860 vitam
756 1840 829 1860 suam
854 1833 1001 1867 corrigens,

217 1890 247 1910 ex
264 1883 325 1917 lupo
340 1883 366 1909 in
382 1881 529 1915 simplicem
544 1885 571 1908 et
585 1881 752 1907 innocentem
765 1887 858 1912 agnum
874 1883 1002 1906 mutatus.

218 1928 246 1954 ltt
258 1936 289 1954 eo
302 1935 405 1962 quoque
421 1927 528 1961 impleta
542 1930 583 1953 est
607 1925 681 1953 Isaia:
705 1924 852 1960 prophetia,
871 1924 1002 1952 dicentis:

218 1973 282 2007 Lupi
296 1976 324 2000 et
338 1972 396 2007 agni
421 1972 497 1998 sintut
514 1976 663 2006 pascentur,
687 1975 713 1997 et
728 1970 770 1997 lco
795 1975 822 1997 et
848 1970 895 1997 bos
923 1970 1003 1997 simul

218 2017 359 2044 comedent
374 2017 463 2051 paleas
479 2015 568 2051 (Isaiw
581 2015 652 2051 ιμ’).
666 2015 772 2042 Licebat
786 2015 854 2042 enim
871 2015 924 2042 illic
938 2023 1003 2049 quo-

218 2070 270 2096 que
283 2063 374 2090 videre
395 2062 534 2096 Aithiopes
557 2069 617 2089 cum
642 2060 779 2087 mouathis
795 2068 823 2088 se
839 2066 1003 2092 exercentes,

218 2113 246 2135 et
269 2107 367 2135 multos
387 2107 529 2134 virtutibus
555 2110 729 2140 superantes,
746 2111 773 2132 et
799 2106 960 2140 Scripturam
977 2106 1002 2132 in

217 2153 257 2180 eis
273 2153 417 2186 impletum,
429 2159 488 2186 qua;
500 2152 560 2178 dicit
575 2160 581 2178 :
594 2150 729 2183 (Ethiopia
743 2150 885 2184 prteveniet
898 2158 1002 2177 manum

217 2198 275 2232 ejus
291 2197 345 2224 Deo
359 2197 444 2232 (l‘sal,
460 2197 549 2231 ωςγιι).

256 2243 405 2277 Aliquando
433 2247 522 2269 autem
551 2241 722 2269 decertabant
747 2241 861 2276 gentiles
875 2241 1002 2268 adversus

1055 1655 1220 1685 sequeretur.
1233 1651 1298 1677 Cum
1311 1651 1365 1684 ipse
1379 1653 1466 1676 autent
1479 1655 1591 1682 orasset,
1603 1651 1626 1677 ei
1637 1651 1838 1686 dabatur-gratia

1055 1697 1211 1724 lutmilitatis
1225 1701 1252 1724 et
1263 1697 1483 1729 mansuetudinis,
1496 1697 1563 1723 adeo
1575 1701 1603 1723 ut
1611 1698 1770 1724 mirarentur
1783 1705 1838 1725 om-

1055 1750 1103 1770 nes
1114 1750 1173 1769 eum
1186 1750 1245 1771 esse
1256 1746 1309 1769 tam
1324 1749 1500 1769 manauetum.
1518 1742 1570 1769 llas
1581 1747 1668 1769 autent
1683 1743 1741 1777 ejus
1756 1746 1839 1771 virtu-

1056 1792 1096 1815 tes
1108 1795 1248 1816 narrarunt
1263 1791 1340 1818 nobis
1352 1791 1395 1825 qui
1406 1799 1464 1818 eum
1488 1793 1547 1826 ipso
1564 1796 1639 1820 erant
1661 1792 1767 1826 fratres,
1785 1794 1839 1821 hum

1056 1835 1147 1862 multis
1158 1844 1262 1871 quoque
1274 1837 1461 1865 attestantibus
1476 1838 1609 1866 fratribus.

1093 1882 1195 1909 Etenim
1210 1889 1269 1909 cum
1285 1889 1338 1908 non
1363 1882 1446 1909 multo
1469 1887 1530 1910 ante
1546 1887 1665 1917 tempore
1685 1883 1776 1911 fuisset
1789 1884 1838 1911 ali-

1055 1927 1159 1962 quando
1174 1927 1257 1954 fames
1270 1928 1295 1954 in
1307 1927 1453 1961 Thebaide,
1481 1928 1524 1963 qui
1540 1934 1627 1955 autem
1639 1936 1669 1955 ea
1687 1931 1741 1955 lct'a
1764 1937 1839 1955 acco-

1057 1974 1145 2000 lchaut
1159 1973 1248 2008 populi
1260 1974 1397 2000 audissent
1418 1974 1487 2008 quod
1514 1974 1557 2008 qui
1582 1978 1658 2001 erant
1682 1975 1750 2008 apud
1777 1982 1838 2002 eum

1055 2019 1178 2046 monachi
1190 2024 1285 2054 praeter
1299 2027 1372 2054 spem
1387 2027 1492 2046 omnem
1514 2025 1539 2047 et
1554 2021 1706 2054 opinionem
1721 2021 1838 2054 quotidie

1056 2063 1203 2097 alerentur,
1216 2072 1268 2091 uno
1279 2065 1367 2091 animo
1393 2065 1461 2099 apttd
1478 2065 1563 2098 ipsum
1588 2070 1756 2091 accesserant
1779 2072 1839 2092 cum

1057 2109 1182 2136 uxoribus
1198 2113 1225 2136 et
1236 2109 1339 2140 liberis.
1353 2109 1431 2136 simul
1445 2110 1656 2137 benedictionem
1681 2115 1801 2144 petentes
1814 2115 1840 2138 et

1060 2154 1222 2180 alimentum.
1237 2153 1262 2181 is
1276 2159 1365 2181 autem
1379 2154 1446 2181 nihil
1471 2155 1580 2188 veritus,
1597 2163 1630 2182 ne
1655 2156 1729 2183 cibus
1743 2156 1767 2183 ei
1791 2157 1840 2183 ali-

1057 2199 1163 2233 quando
1174 2199 1289 2231 deesset,
1306 2199 1385 2226 dabat
1404 2199 1528 2226 omnibus
1543 2200 1720 2234 venientibus,
1738 2202 1838 2228 unicui-

1057 2250 1108 2277 quo
1122 2244 1190 2277 quod
1213 2243 1239 2270 iu
1266 2243 1334 2270 diem
1360 2244 1502 2270 sufliceret.
1521 2244 1630 2271 Relictis
1645 2249 1734 2272 autent
1757 2245 1840 2272 tribus

217 2288 382 2315 Christianos
404 2287 517 2315 rusticos
538 2295 587 2322 pro
614 2287 669 2314 suis
696 2287 809 2314 ﬁnibus:
830 2292 888 2313 erat
914 2291 1001 2313 autem
1017 2281 1042 2310 Ι)
1060 2289 1124 2314 solis
1138 2289 1240 2323 magnis
1255 2289 1350 2322 sportis
1366 2296 1425 2315 cum
1450 2290 1572 2323 panibus,
1596 2295 1620 2317 et
1641 2289 1711 2317 fame
1741 2291 1841 2318 invale-

219 2333 359 2361 tttultitudo
388 2337 561 2367 utrorutnque
586 2337 769 2365 armatorum,
803 2332 897 2367 quibus
922 2331 1004 2358 astitit

219 2379 313 2413 Apollo
330 2386 420 2413 pacem
434 2378 503 2405 inter
519 2385 566 2405 eos
587 2377 743 2405 concilians.
761 2377 791 2404 Ei
807 2382 894 2404 autem
909 2377 1005 2403 restitit

217 2425 354 2458 gentilium
370 2425 396 2452 in
412 2432 499 2459 pugna
514 2424 720 2459 antesignanus,
745 2425 789 2458 qui
805 2429 862 2450 erat
885 2425 925 2449 vir
945 2430 1005 2458 gra-

219 2473 259 2499 vis
273 2476 301 2500 et
313 2479 414 2504 saevus;
429 2472 578 2498 afﬁrmabat
588 2475 674 2498 autem
690 2476 715 2498 et
726 2470 866 2497 dicebatse
878 2477 930 2495 non
945 2475 1006 2495 esse

221 2517 343 2544 daturum
360 2524 450 2551 pacem
466 2524 548 2551 usque
561 2517 593 2543 ad
609 2521 734 2543 mortem.
750 2516 774 2542 Is
787 2520 875 2542 autem
887 2515 910 2541 ei
923 2515 1004 2541 dicit:

219 2566 305 2599 Atque
318 2565 385 2592 adeo
401 2565 445 2592 tibi
458 2565 504 2591 ﬁat
517 2563 585 2599 quod
600 2564 713 2598 elegisti,
726 2563 811 2589 nullus
824 2561 893 2589 enim
911 2566 1006 2596 praeter

221 2616 246 2636 te
259 2609 404 2637 oecidetur.
421 2609 480 2637 Tibi
495 2614 584 2637 atttem
599 2613 702 2636 mortuo
718 2615 770 2636 non
793 2608 843 2634 erit
864 2613 934 2634 terra
961 2614 1005 2634 se-

219 2656 359 2690 pulcrum,
403 2655 451 2683 sed
487 2659 597 2683 ventres
642 2654 756 2682 ferarum
775 2658 802 2680 et
824 2655 957 2680 vulturum
980 2657 1005 2679 te

219 2701 410 2734 ituplebuutur.
439 2700 525 2735 Atque
550 2701 616 2727 adeo
631 2700 715 2727 oratio
739 2699 861 2726 allectum
887 2699 1006 2733 protinus

221 2751 263 2773 est
276 2749 381 2779 sortita,
404 2752 463 2772 cum
479 2752 511 2772 ex
539 2751 650 2778 utraque
666 2751 740 2778 parte
766 2743 853 2770 nullus
877 2744 912 2770 sit
927 2743 1007 2770 intcr-

221 2792 304 2820 fectus
328 2796 424 2825 pratter
449 2791 661 2825 antesignanum.
691 2790 773 2823 Quem
798 2788 878 2816 etiam
903 2795 962 2815 cum
979 2788 1004 2815 itt

220 2843 300 2864 arena
315 2836 501 2868 tutnulasscnt,
515 2843 592 2862 mane
603 2833 893 2862 itt-venerunttnembra
908 2833 1005 2860 laniata

221 2883 254 2910 :tb
281 2881 383 2916 hyaznis
397 2886 425 2909 et
444 2881 604 2909 vulturibus.
621 2881 662 2909 llli
686 2886 774 2910 autent
795 2888 855 2909 cum
876 2881 1005 2910 vidissent

1055 2339 1160 2366 seente,
1174 2333 1249 2368 jubet
1268 2338 1371 2367 sportas
1388 2333 1475 2360 aiTcrri
1502 2335 1527 2360 iu
1544 2334 1672 2367 medium,
1697 2343 1761 2369 quas
1785 2336 1842 2370 ipso

1056 2377 1099 2404 die
1114 2381 1189 2404 erant
1216 2378 1286 2404 esuri
1311 2378 1450 2410 monachi;
1476 2383 1503 2404 et
1527 2379 1694 2406 audientibus
1719 2381 1841 2407 omnibus

1058 2422 1183 2450 fratribus
1198 2427 1225 2450 et
1240 2424 1327 2457 populi
1350 2424 1531 2457 multitudine,
1555 2425 1621 2451 dixit
1636 2432 1729 2460 magna
1754 2433 1817 2453 voce
1832 2435 1838 2452 :

1057 2468 1115 2495 Non
1131 2474 1225 2503 potens
1246 2474 1287 2496 est
1302 2476 1395 2496 tuanus
1418 2470 1521 2497 Domini
1544 2471 1602 2497 htrc
1625 2471 1758 2505 implere?
1781 2473 1842 2499 llrec

1058 2519 1146 2541 autem
1168 2515 1233 2542 dicit
1249 2515 1363 2548 Spiritus
1377 2519 1503 2541 sanctus:
1520 2515 1576 2542 Non
1591 2516 1697 2543 deﬁciet
1713 2518 1787 2550 panis
1809 2525 1840 2544 ex

1059 2561 1100 2588 his
1116 2562 1226 2595 sportis,
1243 2561 1327 2588 donec
1346 2564 1414 2588 novo
1437 2561 1569 2588 frumento
1592 2562 1717 2590 fuerimus
1742 2564 1840 2590 satiati.

1059 2607 1094 2634 Et
1115 2607 1281 2633 afﬁrmarunt
1295 2614 1388 2633 omttes
1409 2607 1454 2641 qtti
1478 2612 1540 2633 tunc
1563 2608 1673 2635 atlerant
1695 2608 1735 2635 cis
1761 2615 1842 2643 panes

1058 2652 1195 2679 suil‘ecisse
1223 2656 1336 2686 quatuor
1362 2659 1476 2678 menses.
1497 2652 1624 2679 Similiter
1649 2659 1736 2680 autem
1765 2659 1791 2680 et
1815 2654 1841 2680 itt

1057 2699 1116 2725 oleo
1131 2702 1158 2725 et
1173 2697 1323 2730 frumento;
1341 2698 1407 2724 adeo
1422 2702 1449 2724 ut
1465 2698 1567 2724 veniret
1584 2704 1700 2730 satanas,
1716 2703 1742 2725 et
1763 2700 1786 2725 ei
1803 2699 1841 2726 di~

1057 2747 1150 2771 ceret:
1166 2743 1234 2770 Num
1251 2748 1278 2770 tu
1292 2750 1320 2769 es
1330 2742 1412 2773 Elias.
1437 2747 1483 2769 aut
1506 2742 1574 2770 alius
1597 2751 1628 2769 ex
1655 2743 1790 2778 prophetis
1815 2749 1842 2772 et

1057 2788 1197 2822 apostolis,
1213 2788 1284 2822 quod
1297 2787 1353 2814 haec
1378 2787 1482 2814 facias?
1507 2787 1530 2814 Is
1558 2792 1647 2814 autem
1673 2788 1739 2815 dixit
1768 2789 1840 2822 ipsi:

1057 2833 1125 2866 Quid
1140 2834 1231 2861 enim?
1245 2841 1297 2861 non
1313 2833 1435 2860 homines
1449 2834 1533 2860 sancti
1555 2833 1660 2860 fuerunt
1681 2835 1792 2869 apostoli
1814 2839 1841 2862 et

1046 2879 1204 2915 .propltetas,
1220 2879 1265 2914 qui
1281 2879 1338 2907 haec
1349 2878 1424 2907 nobis
1439 2878 1627 2906 tradiderunt?
1643 2880 1683 2907 An
1708 2885 1770 2908 tunc
1780 2881 1836 2913 qui-
