2079 3157
243 191 311 225 1145

851 184 1035 217 HISTORIA
1056 183 1251 214 LAUSIACA.

1797 175 1865 210 1146

277 249 342 278 Μετ’
357 249 387 276 ού
400 247 468 276 πολὺ
487 247 515 275 δὲ
531 246 579 274 τοῦ
597 247 707 282 χρόνον,
724 245 772 271 δύο
791 243 884 279 κῶμαι
899 243 968 277 πρὸς
982 241 1030 268 ἁλι
1044 242 1067 271 Λ
1083 241 1150 276 πρὸς
1169 241 1250 268 αὑτὸν
1265 239 1480 275 ἐμαθητεύοντο,
1495 239 1593 267 νεωστὶ
1606 238 1656 274 τῆς
1677 237 1781 274 ἐρήμου
1800 238 1864 272 ἐλη-

242 295 325 331 λήλας
339 292 520 329 ἐμϐάλλουσιν
542 292 582 322 εἰς
602 289 720 324 πόλεμον
736 287 807 322 ὑπὲρ
824 286 949 322 ἀρουρῶν
970 285 1028 311 δια-

245 330 407 375 μαχόμεναι.
427 335 472 367 Ὠς
487 335 515 362 δέ
531 334 675 370 ἀπηγγέλη
690 332 729 367 τῷ
742 332 827 366 ἀνδρὶ,
838 331 920 363 εὐθὺς
931 330 1029 365 κατῄει

243 372 434 419 αὐτοὺς,
450 380 617 407 διαλλάσσων
629 377 727 408 αὐτοὺς
742 376 809 410 πρὸς
822 375 943 411 εἰρήνην.
957 375 988 400 Οἱ
1002 372 1030 400 δέ

243 427 272 460 ἐξ
287 426 411 456 ἐναντίας
425 424 475 451 οὑκ
492 424 630 450 ἐπείθοντο
643 442 650 454 ,
668 422 724 448 ἀλλ’
744 419 814 457 ἦσαν
828 420 902 456 αὐτῷ
925 418 1030 446 ἀντιλέ-

243 478 347 504 γοντες,
359 469 400 504 ἐφ’
416 468 454 495 ἐνί
472 476 524 494 τινι
545 467 696 502 ἀρχιλῃστῇ
718 465 895 496 πεποιθότες,
914 463 952 494 ὡς
968 471 1031 496 γεν-

244 514 376 548 ναιοτάτῳ
390 513 457 548 πρὸς
473 513 601 547 πόλεμον.
625 511 695 537 Ἰδὼν
715 511 744 537 δὲ
765 510 845 537 αὑτὸν
858 509 872 534 ό
894 506 1032 537 ’Λπολλὼς

243 547 428 591 ἀντιλέγοντα,
443 554 503 583 εἷπε
520 555 587 591 πρὸς
603 554 694 582 αὐτόν·
708 555 739 581 Εἰ
754 553 868 588 πεισθῇς
881 560 935 587 μοι,
951 547 973 577 ὦ
987 549 1032 585 φί-

243 602 288 633 λος
301 623 307 634 ,
328 601 459 636 ἐρωτήσω
475 608 524 633 μου
546 599 589 626 τὸν
615 598 754 632 Δεσπότην
768 595 901 632 ἀφεθῆναί
925 603 965 621 σοι
984 593 1033 625 τὰς

245 646 393 680 ἁμαρτίας.
418 645 446 671 '0
468 644 496 671 δὲ
517 644 556 676 ὡς
574 644 705 679 ἤκουσεν,
721 643 771 669 οὐκ
786 641 935 676 ἐμέλλησεν
948 648 954 655 ·
966 637 1034 665 ἀλλὰ

246 688 327 724 ῥίψας
338 688 372 714 τὰ
383 687 462 719 ὅπλα,
471 688 526 719 τοῖς
534 687 643 720 γόνασιν
657 685 738 713 αὐτοῦ
752 684 974 720 προσικέτευσεν,
988 681 1034 708 καὶ

247 732 360 767 μεσίτης
378 731 489 767 εἰρήνης
512 730 657 765 γενόμενος
673 730 736 761 τοὺς
757 729 840 759 ἰδίους
861 728 901 759 εἰς
922 726 957 753 τά
981 726 1035 753 ἴδια

245 774 411 811 ἀπέστρεψε.
427 775 536 801 Τούτων
554 773 770 810 εἰρηνευσάντων
786 772 835 799 καὶ
851 770 1032 802 ἀπελθόντων,

244 821 305 847 τότε
320 819 334 846 ὁ
349 819 491 855 διαϐόητος
515 818 605 845 αὐτῶν
621 817 761 853 πρόμαχος
779 816 871 843 εἵπετο
888 814 981 842 λοιπὸν
997 813 1036 848 τῷ

245 864 333 899 ἀνδρὶ,
346 864 395 897 τὴν
414 863 560 898 ὑπόσχεσιν
573 862 699 897 φανερῶς
724 859 860 888 ἀπαιτῶν.
876 859 925 885 Ὃν
950 865 1036 893 προσ-

245 908 394 944 λαϐόμενος
404 909 417 934 ό
434 907 568 943 μακάριος
582 905 719 937 ’Λπολλῶς
734 906 763 932 ἐν
772 905 805 940 τῇ
818 903 1036 938 πλησίονέρήμῳ

235 953 381 979 ’ἐνουθέτει
401 952 448 978 καὶ
463 950 612 987 παρεκάλει
630 949 828 985 μακροθυμεῖν,
850 945 963 973 δυνατὸν
981 945 1036 980 γὰρ

246 994 315 1023 εἶναι
330 996 408 1022 τοῦτο
423 995 509 1029 λέγων
526 994 571 1021 τὸν
588 993 654 1021 Θεὸν
671 993 834 1028 παρασχεῖν.
853 992 898 1022 Ὠς
913 991 942 1017 δέ
958 991 975 1025 ἡ
989 990 1037 1022 νὺξ

247 1040 349 1074 ἐπέστη
367 1039 413 1066 καὶ
428 1039 460 1074 δὴ
476 1038 559 1074 ἄμφω
574 1037 634 1064 κατ’
655 1037 722 1072 όναρ
735 1034 817 1072 ἦσαν,
835 1035 864 1062 ἐν
877 1033 984 1069 οὐρανῷ
999 1033 1037 1068 τῷ

248 1083 351 1119 βήματι
365 1082 411 1110 τοῦ
429 1082 548 1117 Χριστοῦ
566 1081 752 1117 παρεστῶτες,
768 1079 903 1116 ἐθεώρουν
918 1078 1038 1113 ἀμφότε-

249 1137 290 1163 ροι
304 1128 367 1159 τοὺς
380 1126 512 1161 ἀγγέλους
531 1126 579 1152 σὺν
590 1127 645 1157 τοῖς
660 1125 775 1156 δικαίοις
789 1123 828 1159 τῷ
843 1123 903 1158 Θεῷ
920 1129 1040 1157 προσκυ-

248 1172 370 1203 νοῦντας.
394 1171 438 1202 Ὧς
457 1170 486 1196 δὲ
506 1170 553 1197 καὶ
572 1166 645 1196 οῦτοι
665 1169 794 1200 πεσόντες
817 1167 885 1203 ὁμοῦ
901 1165 1038 1201 προσεκύ-

248 1225 333 1249 νησαν
353 1215 392 1250 τῷ
412 1215 535 1249 Σωτῆρι,
553 1214 628 1249 φωνὴ
653 1213 721 1249 πρὸς
746 1212 844 1243 αὐτοὺς
861 1211 955 1245 γέγονε
967 1230 975 1243 ,
992 1210 1038 1237 τοῦ

249 1259 316 1286 Θεοῦ
328 1259 463 1293 λέγοντος·
480 1258 528 1289 Τίς
543 1257 671 1284 κοινωνία
689 1257 761 1291 φωτὶ
777 1255 846 1290 πρὸς
863 1254 975 1287 σκότος;
998 1253 1040 1285 τίς

251 1305 330 1340 μερὶς
345 1302 432 1337 πιστῷ
449 1302 517 1337 μετά
539 1301 671 1334 ἀπίστου;
689 1300 715 1327 τί
737 1300 765 1327 δέ
787 1299 834 1326 καὶ
850 1299 864 1325 ό
878 1298 1041 1334 ἀνδροφόνος

251 1347 300 1374 σὺν
312 1345 352 1382 τῷ
364 1345 460 1382 δικαίῳ
474 1345 660 1380 παρέστηκεν,
675 1344 785 1377 ἀνάξιος
798 1343 835 1370 ὢν
849 1342 899 1377 τῆς
913 1341 1042 1376 τοιαύτης

252 1391 387 1426 θεωρίας;
408 1390 490 1417 Ἀλλὰ
501 1390 602 1417 ἄπελθε
620 1390 663 1422 σὺ,
680 1386 702 1416 ὧ
722 1388 861 1423 ἄνθρωπε,
882 1386 1042 1422 κεχάρισταί

252 1444 292 1462 σοι
313 1435 367 1470 γὰρ
388 1435 402 1461 ό
424 1434 548 1469 ὀψίγονος
569 1429 646 1464 οὗτος
661 1431 798 1468 πρόσφυξ.
819 1430 904 1458 ’Δλλα
922 1439 952 1457 τε
965 1429 1042 1464 πάμ-

251 1478 337 1505 πολλα
353 1478 479 1514 θαύματα
496 1477 596 1507 ἰδόντες
618 1485 648 1502 τε
671 1476 718 1502 καί
733 1475 913 1507 ἀκούσαντες,
940 1473 958 1500 ἂ
979 1473 1042 1500 οὔτε

251 1522 331 1556 λόγος
351 1521 438 1557 τολμᾷ
457 1521 578 1556 φράσαι,
602 1519 663 1546 οὗτε
689 1517 736 1551 οὖς
767 1518 897 1549 ἀκοῦσαι,
934 1517 1042 1550 ἐξυπνοι

252 1567 374 1601 γίνονται
397 1566 445 1593 καὶ
473 1566 529 1597 τοῖς
556 1564 667 1592 συνοῦσι
694 1563 862 1598 ἀπήγγελλον.
888 1562 987 1597 Θαῦμσ.
1014 1561 1042 1588 δὲ

253 1610 356 1642 πάντας
372 1608 444 1645 εῖχεν
463 1608 580 1641 ἐξαίσιον
601 1608 630 1635 τὸ
646 1608 737 1643 ὅραμα
753 1607 917 1642 ἀμφοτέρων
934 1607 1044 1641 διηγου-

254 1655 352 1689 μένων.
372 1654 485 1689 Διέμενε
508 1652 573 1687 γοῦν
592 1652 641 1679 σὺν
661 1654 718 1684 τοῖς
736 1652 871 1686 (tax-qut;
894 1651 908 1677 ό
931 1650 980 1676 οὐκ
1003 1649 1044 1676 ἐτι

252 1698 432 1733 ἀνδροφόνος,
453 1697 517 1732 ἄχρι
536 1696 587 1731 τῆς
604 1695 733 1730 τελευτῆς
756 1695 802 1722 τὸν
821 1694 918 1721 ἐαυτοῦ
943 1693 1044 1729 τρόπον

253 1742 478 1778 διορθωσάμενος,
493 1739 548 1768 οἷον
563 1741 656 1776 ἀρνίον
670 1749 696 1768 τι
710 1740 813 1766 ἄκακον
827 1740 858 1766 ἐκ
869 1739 950 1765 λύκου
963 1746 1046 1772 μετα-

254 1785 375 1821 ϐληθείς.
397 1784 564 1819 Ἑπληροῦτο
586 1784 614 1810 δὲ
636 1784 683 1810 καὶ
697 1783 743 1809 ἐπ’
757 1782 833 1818 αὐτῷ
854 1783 871 1817 ἡ
888 1780 1045 1816 προφητεία

261 1829 372 1855 Ἡσαΐου
389 1828 533 1861 λέγοντος·
557 1826 642 1853 Λύκοι
663 1826 711 1852 καί
733 1826 814 1860 ἄρνες
828 1825 887 1860 ἅμα
907 1824 1044 1860 βοσκηθή-

257 1881 357 1902 σονται,
375 1871 421 1897 καί
436 1871 504 1896 λέων
516 1870 564 1897 καὶ
578 1869 641 1904 βοῦς
656 1870 715 1904 ἅμα
727 1869 859 1903 φάγονται
873 1868 975 1903 ἄχυρα.
989 1865 1044 1894 Ἦν

256 1916 309 1951 γὰρ
340 1914 403 1941 ἰδεῖν
431 1915 490 1940 ἐκεῖ
516 1913 562 1940 καὶ
589 1913 723 1943 Αἰθίοπας
754 1912 802 1938 σὺν
829 1912 885 1943 τοῖς
917 1911 1046 1946 μοναχοῑς

256 1958 418 1990 ἀσκοῦντας,
435 1957 482 1984 κα¹ι
495 1957 609 1988 πολλοὺς
623 1955 843 1991 ὑπερϐάλλοντας
860 1956 889 1982 ἐν
903 1956 963 1986 ταῖς
980 1955 1046 1990 ἀρε-

256 2004 334 2035 ταῖς·
357 2003 404 2029 καί
429 2000 649 2036 πεπληρωμένην
674 1999 717 2026 ἐπ’
736 1999 827 2031 αὐτοῖς
848 1998 899 2034 τὴν
915 1999 1045 2033 Γραφὴν,

255 2047 397 2081 λέγουσαν·
428 2045 556 2072 Αἰθιοπία
593 2043 746 2079 προφθάσει
784 2044 863 2079 χεῖρα
894 2043 978 2078 αὐτῆς
1006 2041 1047 2077 τῷ

257 2091 326 2128 Θεῷ.

294 2145 407 2172 Ἀλλοτε
426 2144 454 2171 δὲ
468 2140 538 2179 ἦσαν
554 2142 685 2178 ’Έλληνες
709 2142 777 2178 πρὸς
789 2136 975 2177 ’Χριστιανοὺς
990 2149 1046 2167 κω-

260 2190 349 2226 μήτας
369 2189 564 2223 διαμαχόμενοι
580 2186 650 2222 ὑπὲρ
665 2186 747 2222 ὁρίων
768 2185 867 2213 αὐτῶν,
891 2184 996 2220 Πλῆθος
1017 2185 1047 2212 δὲ

258 2232 292 2269 ἦν
310 2232 448 2268 ἑκατέρων
464 2231 593 2264 ἐνόπλων,
613 2228 653 2262 οἷς
670 2229 773 2264 ἐπέστη
790 2230 804 2256 ό
824 2228 961 2261 Ἀπολλὼς
973 2229 1048 2264 εἰρη-

259 2277 353 2306 νεύων.
363 2276 518 2303 Ἀνθίστατο
526 2275 554 2301 δέ
565 2273 639 2310 αὐτῷ
650 2274 664 2300 ό
675 2274 729 2300 τῶν
748 2273 883 2308 Ἑλλήνων
893 2273 1044 2308 πρόμαχος,

259 2321 344 2352 δεινός
358 2329 398 2352 τις
411 2320 457 2346 καὶ
471 2319 565 2355 ἄγριος
577 2317 625 2350 ὢν,
638 2316 878 2352 διαϐεϐαιούμενος
889 2316 936 2342 καί
947 2316 1046 2350 λέγων,

259 2365 306 2401 Μὴ
326 2364 403 2391 δώσω
421 2363 532 2399 εἰρήνην
554 2362 618 2398 ἄχρι
632 2361 761 2387 θανάτου.
793 2359 823 2386 ’0
843 2358 871 2385 δέ
890 2368 956 2393 φησι
978 2359 1048 2394 πρὸς

260 2410 351 2437 αὐτόν’
365 2408 420 2436 Καὶ
431 2407 462 2443 δὴ
476 2406 595 2441 γενέσθω
610 2406 678 2440 ὅπερ
692 2404 765 2432 εἴλω.
780 2403 875 2434 Οὐδεὶς
890 2403 944 2438 γὰρ
956 2402 1048 2438 ἔτερος

261 2453 471 2489 ἀναιρεθήσεται
490 2450 560 2486 πλὴν
577 2449 621 2476 σύ.
639 2449 737 2475 Ἔσται
753 2448 781 2475 δέ
794 2448 835 2474 σοὶ
850 2447 956 2474 θανόντι
971 2447 1021 2483 οὐχ
1031 2448 1048 2483 ἡ

260 2497 296 2532 γῆ
311 2497 407 2530 τάφος,
421 2494 489 2521 ἀλλὰ
502 2492 635 2528 γαστέρες
646 2491 749 2527 θηρίων
760 2491 808 2518 καὶ
821 2490 916 2525 γυπῶν
928 2490 1049 2526 πλησθή-

262 2549 353 2568 σονται
370 2539 423 2567 ἀπὸ
441 2538 497 2566 σοῦ,
518 2537 573 2564 Καὶ
588 2537 619 2572 δὴ
635 2536 649 2562 ό
661 2536 740 2570 λόγος
754 2535 835 2566 εὐθὺς
850 2536 890 2566 εἰς
905 2534 985 2570 ἔργον
1000 2534 1049 2568 γέ-

261 2593 358 2620 γονεν,
382 2583 489 2614 οὐδενος
515 2582 545 2614 ἐξ
572 2580 703 2615 ἐκατέρου
734 2579 834 2614 μέρους
859 2579 1049 2614 ἀναιρεθέντος

261 2631 331 2666 πλὴν
351 2628 398 2656 τοῦ
414 2627 568 2664 προμάχου·
586 2626 616 2652 ὃν
631 2625 678 2652 καί.
692 2625 830 2660 χώσαντες
848 2625 877 2651 ἐν
893 2625 927 2659 τῇ
948 2624 1048 2659 ἄμμῳ,

262 2673 334 2709 πρωῒ
347 2669 426 2708 εὖρον
443 2672 482 2702 εἰς
499 2670 567 2705 μέλη
590 2668 800 2704 ἐσπαραγμένον
817 2667 870 2694 ὑπὸ
890 2667 986 2701 γυπῶν
1001 2668 1050 2694 καὶ

217 2709 224 2716 ³
262 2718 371 2744 ὑαίνων.
386 2716 419 2743 Ol
435 2715 463 2742 δὲ
486 2713 524 2745 ὡς
537 2711 594 2740 ἴδον
615 2712 645 2739 τδ
666 2712 758 2746 θαῦμα
777 2711 824 2738 καὶ
843 2710 893 2746 τὴν
907 2710 953 2737 τοῦ
970 2710 1049 2745 λόγου

263 2762 385 2792 ἔκϐασιν,
402 2759 503 2789 πάντες
515 2756 555 2791 τῷ
566 2756 674 2792 Σωτῆρι
690 2754 895 2787 πιστεύσαντες,
907 2755 1051 2789 προφήτην

263 2805 344 2831 αὑτὸν
362 2804 554 2838 ἀνεκήρυττον.

297 2847 352 2874 Ἦν
366 2847 395 2874 δὲ
412 2846 452 2873 ἐτι
466 2846 518 2880 πρὸ
532 2844 628 2871 τούτου
643 2843 673 2870 ἐν
688 2842 727 2878 τῷ
743 2842 867 2877 σπηλαίῳ
881 2840 927 2868 τοῦ
944 2841 1023 2876 ὅρους
1037 2842 1051 2868 ό

265 2891 342 2923 διγιος
363 2889 500 2921 ’Δπολλῶς
515 2890 563 2916 σὺν
580 2888 660 2915 πέντε
673 2888 743 2914 τισὶν
758 2885 893 2920 ἀδελφοῖς,
910 2885 935 2912 οἳ
947 2884 1049 2921 πρῶτοι

1079 285 1201 316 λυθότος.
1223 284 1339 319 Ἐπῆλοε
1361 284 1390 311 δέ
1409 285 1426 319 ἡ
1452 283 1532 319 ἑορτὴ
1548 283 1596 309 τοῦ
1614 283 1726 317 Πάσχα,
1750 281 1798 308 καὶ
1817 281 1867 317 τὴν

1079 329 1206 365 λατρείαν
1220 329 1259 366 τῷ
1274 329 1334 364 Θεῷ
1351 329 1379 356 ἐν
1396 328 1434 364 τῷ
1454 328 1579 364 σπηλαίῳ
1598 324 1846 362 ἀποπληρώσαντες
1858 345 1867 358 ,

1081 374 1192 410 ἔμελλον
1211 374 1245 400 τὰ
1267 373 1450 408 εὑρισκόμενα
1476 371 1641 398 διαιτᾶσθαι.
1665 368 1756 397 Ἦσαν
1771 369 1800 395 δὲ
1821 368 1870 395 καί⁸

1081 420 1160 454 ἄρτοι
1179 418 1264 452 ὀλίγοι
1284 417 1377 452 ξηροὶ,
1396 416 1443 443 καὶ
1462 415 1576 442 συνθετά
1596 423 1656 441 τινα
1676 414 1789 448 λάχανα.
1813 412 1870 438 Καὶ

1081 463 1113 497 δὴ
1134 463 1201 497 πρὸς
1216 462 1313 493 αὐτοὺς
1329 463 1342 488 ό
1364 460 1500 492 Ἀπολλὼς
1517 459 1567 495 ἔφη
1579 467 1585 474 ·
1604 459 1635 485 Εἰ
1661 457 1752 484 πιστοί
1767 458 1869 492 ἐσμεν,

1082 506 1104 535 ὦ
1120 509 1213 540 τέκνα,
1232 508 1278 534 καί
1293 508 1399 542 γνήσιοι
1416 506 1463 533 τοῦ
1473 504 1590 541 Χριστοῦ
1603 504 1706 536 παῖδες,
1721 502 1870 537 αἰτήσασθε

1083 554 1198 583 ἕκαστος
1217 552 1294 587 ὑμῶν
1322 552 1397 587 παρὰ
1419 550 1487 577 Θεοῦ
1503 550 1516 576 ὃ
1532 549 1702 583 καταθύμιον
1722 547 1778 582 ἔχει
1803 546 1872 581 πρὸς

1083 597 1132 633 τὴν
1149 596 1310 632 μετάληψιν.
1329 597 1361 622 Οἱ
1381 595 1408 622 δὲ
1425 594 1499 628 αὐτῷ
1517 593 1548 620 τὸ
1569 593 1623 619 πᾶν
1643 589 1807 625 ἐπέτρεψαν,
1826 589 1872 615 ἀν-

1085 630 1176 673 αξίους
1187 630 1299 672 ἑαυτοὺς
1312 639 1457 675 ἡγούμενοι
1466 637 1566 672 ταύτης
1579 637 1627 671 τῆς
1636 635 1756 670 χάριτος.
1767 630 1873 667 Φαιδρῷ

1084 686 1113 712 δέ
1135 684 1175 720 τῷ
1199 684 1337 719 προσώπῳ
1355 681 1577 718 προσευξαμένου
1595 679 1677 706 αὐτοῦ
1701 677 1748 704 καὶ
1763 676 1873 703 πάντων

1085 730 1115 756 τὸ
1138 730 1211 764 ἀμήν
1227 728 1390 764 εἰρηκότων,
1414 726 1494 758 εὐθὺς
1511 725 1665 760 ἐπέστησαν
1686 722 1725 756 τῷ
1749 720 1874 757 σπηλαίῳ

1085 773 1157 805 τινὲς
1170 774 1265 808 ἄνδρες
1282 772 1414 806 ἄγνωστοι
1425 791 1432 802 ,
1447 769 1588 800 παντελῶς
1602 768 1650 795 καὶ
1671 766 1812 802 πόρρωθεν
1827 764 1875 791 καὶ

1087 817 1184 848 αὐτοὺς
1210 817 1288 852 ἥκειν
1305 815 1470 850 φάσκοντες,
1494 813 1582 840 πάντα
1605 812 1735 847 φέροντες
1750 810 1800 836 ὅσα
1815 807 1876 835 οὑδέ

1087 862 1127 893 εἰς
1151 862 1235 896 ἀκοὴν
1251 861 1340 887 αὐτῶν
1356 859 1501 895 ἐληλύθει,
1518 857 1566 885 καὶ
1586 857 1637 884 ὅσα
1659 856 1686 882 ἐν
1700 854 1832 888 Αἰγύπτῳ
1846 852 1876 879 οὐ

1053 917 1074 946 Β
1087 905 1224 938 γίνονται,
1248 904 1373 940 καρποὺς
1399 901 1587 932 παντοδαποὺς
1613 898 1794 935 παραδείσου,
1814 905 1878 923 στα-

1089 949 1185 983 φυλὰς,
1202 949 1248 975 καὶ
1264 939 1339 983 ῥοὰς,
1356 947 1404 974 καὶ
1419 946 1506 977 σῦκα,
1522 945 1569 971 καὶ
1585 944 1674 978 κάρυα
1690 941 1766 976 παρά
1783 939 1878 974 καιρὸν

1087 995 1195 1022 ἅπαντα
1215 991 1372 1028 εὑρημένα,
1397 990 1446 1017 καὶ
1470 988 1531 1024 μέλι
1543 1009 1551 1021 ,
1566 988 1614 1014 καὶ
1635 985 1720 1021 κηρία
1733 984 1810 1017 τινὰ,
1831 983 1879 1010 καὶ

1088 1039 1222 1073 γάλακτος
1237 1035 1336 1071 νεαροῦ
1354 1034 1474 1069 στάμνον
1485 1053 1492 1065 ,
1511 1032 1559 1059 καὶ
1573 1029 1715 1061 νικολὰους
1733 1027 1879 1063 παμμεγέ-

1089 1083 1146 1114 θεις
1168 1082 1266 1117 ἄρτους
1287 1081 1353 1107 δέκα
1375 1079 1513 1113 καθαροὺς
1531 1077 1578 1103 καὶ
1604 1074 1723 1111 θερμοὺς
1748 1073 1825 1107 ξένης
1849 1079 1880 1097 τε

1089 1115 1286 1162 χώρας-αὑτοῖς
1306 1123 1502 1159 κομιζομένης.
1528 1121 1560 1147 Οἱ
1582 1120 1610 1146 δέ
1632 1118 1795 1154 κομίσαντες
1812 1115 1881 1142 αὐτὰ

1089 1160 1184 1205 ἀνδρες
1200 1169 1338 1199 ἐπιδόντες
1357 1167 1435 1202 μόνον
1458 1166 1495 1196 ὡς
1517 1163 1592 1199 παρά
1606 1171 1680 1194 τινος
1699 1161 1818 1197 μεγάλου
1833 1160 1882 1186 ἁν-

1090 1203 1152 1249 δρὸς
1165 1214 1213 1240 καὶ
1232 1211 1361 1239 πλουσίου
1380 1209 1567 1236 ἀποσταλέντα
1582 1207 1663 1237 εὐθὺς
1681 1206 1749 1241 μετά
1765 1203 1882 1237 σπουδῆς

1091 1247 1277 1292 ἀνεχώρησαν.
1303 1252 1510 1283 Μεταλαϐόντες
1529 1250 1557 1277 δέ
1580 1250 1635 1276 τῶν
1657 1248 1795 1283 ἐδωδίμων
1818 1247 1883 1280 ἄχρι

1092 1288 1278 1336 πεντηκοστῆς
1293 1298 1322 1330 ἐξ
1334 1296 1424 1324 αὐτῶν
1437 1294 1659 1330 ἐπηρκέσθησαν,
1678 1291 1748 1318 ὥστε
1777 1288 1883 1325 θαυμά-

1092 1345 1149 1378 ζειν
1163 1332 1262 1375 αὐτοὺς
1275 1343 1321 1369 καὶ
1334 1341 1434 1376 λέγειν,
1442 1341 1484 1367 ὃτι
1504 1337 1624 1372 Ἀληθῶς
1632 1336 1717 1364 ταῦτα
1728 1333 1804 1370 παρά
1815 1332 1882 1360 Θεοῦ

1092 1389 1295 1425 ἀπεστάλησαν.

1128 1433 1175 1466 Εἷς
1193 1422 1286 1466 δέίτις
1304 1433 1359 1460 τῶν
1387 1430 1512 1468 μοναχῶν
1537 1428 1612 1464 ἠξίου
1641 1425 1813 1462 παραχρῆμα
1836 1422 1884 1468 τόν

1094 1479 1203 1514 Πατέρα
1223 1477 1352 1512 δεηθῆναι
1372 1475 1444 1511 ὑπὲρ
1459 1473 1541 1514 αύτοῦ
1551 1493 1558 1505 ,
1573 1470 1683 1507 χάριτός
1705 1477 1778 1500 τινος
1794 1467 1885 1500 ἀξιοῦ-

1095 1523 1168 1550 σθαι.
1190 1521 1415 1556 Προσευξαμένου
1431 1520 1458 1546 δέ
1479 1511 1578 1549 ἀὺτοῦ,
1602 1517 1619 1551 ἡ
1635 1515 1685 1550 τῆς
1701 1520 1884 1547 ταπεινοφρο-

1096 1567 1177 1602 σύνης
1192 1566 1266 1601 αὐτῷ
1288 1565 1386 1592 δίδοται
1404 1564 1501 1599 χάρις,
1519 1561 1566 1588 καὶ
1587 1560 1636 1594 τῆς
1658 1558 1826 1594 πραότητος·
1847 1555 1885 1587 ὡς

1096 1611 1247 1648 θαυμάζειν
1265 1611 1369 1642 πάντας
1388 1609 1457 1643 ὺπέρ
1481 1605 1564 1634 αὑτοῦ
1587 1603 1741 1639 ὑπερϐολὴν
1762 1601 1884 1637 πραότη-

1094 1666 1140 1688 τος
1155 1655 1340 1691 κτησαμένου.
1365 1651 1528 1688 Ἐξηγοῦντο
1545 1650 1572 1676 δέ
1590 1650 1656 1684 ἡμῖν
1672 1648 1696 1674 οἱ
1720 1646 1785 1681 περὶ
1804 1644 1885 1671 αὐτὸν

1096 1699 1220 1734 Πατέρες
1234 1699 1336 1729 ταύτας
1351 1697 1434 1724 αὐτοῦ
1454 1695 1503 1726 τὰς
1518 1693 1656 1728 δυνάμεις,
1672 1689 1885 1726 μαρτυρούντων

1096 1742 1170 1778 αύτῷ
1185 1743 1273 1769 ταῦτα
1283 1742 1331 1768 καὶ
1345 1739 1451 1767 πολλῶν
1466 1737 1599 1772 ἀδελφῶν.

1131 1775 1254 1820 καὶγὰρ
1271 1785 1350 1819 λιμοῦ
1370 1792 1436 1810 ποτε
1455 1782 1485 1808 οὐ
1510 1781 1562 1816 προ
1581 1778 1679 1806 πολλοῦ
1700 1785 1772 1808 τινος
1788 1775 1885 1811 χρόνου

1097 1829 1168 1856 κατὰ
1183 1828 1231 1864 τὴν
1244 1828 1363 1863 Θηϐαΐδα
1379 1819 1537 1860 γενομένου,
1548 1822 1716 1853 ἀκούσαντες
1729 1821 1753 1847 οἱ
1775 1826 1886 1854 προσ-οι.

1096 1873 1208 1904 κοῦντες
1225 1872 1273 1903 τὰς
1289 1872 1380 1902 πόλεις
1392 1870 1452 1896 λαοί
1466 1870 1506 1895 ὅτι
1523 1876 1577 1903 περ
1591 1868 1616 1893 οἰ
1632 1866 1695 1901 περὶ
1709 1864 1789 1891 αὑτὸν
1805 1871 1887 1898 μονα-

1097 1918 1139 1953 χοί.
1153 1916 1284 1946 πολλάκις
1301 1915 1331 1947 ἐξ
1346 1914 1492 1949 ἀμηχάνων
1507 1911 1660 1947 ἐτρέφοντο,
1677 1908 1804 1942 παρῆσαν
1820 1907 1884 1940 όμο-

1097 1949 1216 1996 θυμαδδν
1232 1959 1299 1994 πρὸς
1319 1957 1400 1984 αὑτὸν
1422 1956 1470 1982 σὺν
1486 1954 1594 1989 γυναιξὶ
1609 1953 1657 1979 καὶ
1672 1952 1792 1983 τέκνοις,
1809 1949 1884 1976 εὐλο-

1096 1993 1159 2039 γίας
1173 2004 1231 2038 ἅμα
1248 1993 1295 2030 καὶ
1310 2002 1412 2037 τροφὴν
1427 2000 1575 2030 αἰτοῦντες.
1601 1997 1631 2023 Ὃ
1648 1996 1677 2022 δέ
1693 1995 1774 2031 μηδὲν
1789 1993 1885 2025 δεδιὼς

1099 2037 1136 2085 μή
1156 2037 1222 2075 ποτε
1245 2047 1317 2082 λήψῃ
1339 2045 1394 2072 τῶν
1418 2042 1588 2079 βρωμάτων,
1610 2040 1695 2067 ἐδίδου
1721 2039 1804 2066 πᾶσιν
1828 2037 1885 2069 τοῖς

1097 2080 1254 2129 ἐρχομένοις
1272 2080 1384 2124 ’ἑκάστω
1403 2088 1434 2115 τὸ
1455 2086 1590 2121 αὔταρκες
1612 2084 1736 2120 ἡμέριον.
1759 2080 1885 2108 Ύπολει-

1098 2124 1218 2172 φ’θέντων
1239 2135 1267 2162 δέ
1288 2133 1372 2169 τριῶν
1396 2131 1532 2166 σπυρίδων
1561 2129 1686 2172 μεγάλων
1711 2126 1791 2162 μόνον
1815 2124 1885 2172 μετά

1097 2179 1151 2206 τῶν
1165 2178 1265 2213 ἀρτων,
1280 2167 1327 2203 καί
1335 2175 1381 2201 τοῦ
1393 2173 1473 2209 λιμοῦ
1483 2170 1707 2206 ἐπικρατοῦντος,
1717 2167 1885 2204 προστάσσει

1099 2224 1139 2254 εἰς
1157 2209 1239 2258 μέσον
1255 2219 1387 2255 φέρεσθαι
1400 2218 1448 2249 τὰς
1460 2215 1602 2251 σπυρίδας,
1620 2214 1652 2245 ἃς
1664 2214 1689 2240 οἱ
1703 2213 1814 2248 μοναχοὶ
1824 2209 1886 2238 κατ’
1934 2218 1938 2219 ⁷

1100 2256 1185 2302 αὑτήν
1202 2265 1250 2301 τὴν
1265 2264 1373 2300 ἡμέραν
1388 2262 1488 2289 ἐσθίειν
1505 2259 1617 2295 ἔμελλον
1628 2279 1636 2291 ,
1650 2258 1698 2284 καὶ
1712 2258 1751 2289 εἰς
1766 2256 1885 2290 ὑπήκοον

1099 2299 1207 2338 πάντων
1222 2299 1281 2336 τῶν
1292 2307 1430 2340 ἀδελφῶν,
1444 2304 1492 2332 καὶ
1515 2304 1568 2330 τῶν
1583 2303 1680 2338 ὄχλων,
1699 2299 1758 2327 εἷπε
1780 2299 1886 2334 μεγάλῃ

1098 2356 1131 2391 τῇ
1158 2353 1246 2389 φωνῇ·
1267 2352 1313 2387 Μὴ
1330 2351 1379 2385 οὐχ
1398 2348 1486 2384 ἰσχύει
1507 2348 1523 2382 ἡ
1547 2347 1609 2381 χεῖρ
1625 2344 1727 2380 Κυρίου
1751 2341 1885 2391 πληθῦνοιι

1099 2384 1200 2431 ταῦτα;
1215 2384 1264 2423 καὶ
1284 2384 1348 2422 τάδε
1362 2393 1436 2428 λέγει
1451 2392 1482 2419 τδ
1496 2391 1607 2425 Πνεῦμα
1623 2389 1653 2415 τὺ
1676 2388 1778 2431 ἅγιον-η
1787 2386 1825 2412 Οὐ
1848 2384 1886 2420 μὴ

1099 2429 1220 2476 ἐκλείψει
1242 2439 1323 2475 ἀρτος
1342 2438 1381 2464 -ἐκ
1395 2436 1451 2464 τῶν
1474 2434 1611 2470 σπυρίδων
1635 2431 1746 2462 τούτων,
1763 2430 1842 2465 ἄχρις
1854 2429 1886 2476 ἂν

1100 2487 1268 2523 κορεσθῶσιν
1284 2485 1403 2514 ἀπαντες
1415 2482 1462 2509 τοῦ
1476 2482 1537 2508 νέου
1552 2480 1636 2507 σίτου.
1655 2477 1710 2505 Καὶ
1727 2470 1887 2503 διαϐεϐαιώζ

1102 2540 1183 2559 σαντο
1199 2531 1298 2561 πάντες
1310 2529 1333 2555 οἱ
1349 2525 1565 2562 παραγενόμενοι
1579 2524 1638 2550 τότε
1650 2522 1820 2557 τετράμηνον
1835 2519 1887 2545 πᾶ-

1102 2585 1144 2602 σιν
1163 2574 1313 2610 ἐπαρκέσαι
1339 2572 1403 2602 τοὺς
1431 2570 1539 2606 ἄρτους.
1576 2567 1692 2603 ὀμοίως
1717 2565 1746 2592 δέ
1770 2563 1817 2590 καὶ
1841 2562 1888 2589 ἐπὶ

1102 2620 1192 2647 ἐλαίου
1205 2620 1253 2646 καὶ
1272 2618 1346 2644 σίτου
1365 2616 1524 2650 πεποίηκεν·
1542 2613 1579 2645 ώς
1594 2612 1724 2647 παρεῖναι
1736 2609 1782 2635 τὸν
1800 2609 1888 2634 Σατα-

1102 2665 1161 2696 νᾶν,
1177 2663 1224 2689 καὶ
1239 2663 1326 2688 εἰπεῖν
1342 2659 1429 2694 αὐτῷ,
1444 2658 1491 2692 Μὴ
1510 2657 1602 2687 Ἠλίας
1612 2654 1637 2681 εἴ
1652 2655 1695 2686 σὺ,
1709 2653 1725 2689 ἢ
1738 2651 1830 2686 ἕτερός
1845 2660 1888 2683 τις

1101 2709 1154 2735 τῶν
1171 2707 1319 2743 προφητῶν
1333 2706 1379 2732 καὶ
1392 2703 1557 2733 ἀποστόλων,
1573 2702 1614 2727 ὅτι
1629 2698 1841 2732 ταῦτατολμᾷς;
1859 2696 1888 2723 '0

1102 2753 1130 2779 δὲ
1147 2739 1215 2788 πρός
1233 2739 1318 2777 ναῦτδν
1337 2749 1399 2783 ἐφη·
1423 2748 1455 2774 Τί
1468 2746 1541 2783 γάρ;
1558 2745 1607 2771 οὐκ
1623 2743 1762 2776 ἄνθρωποι
1776 2739 1848 2777 ἦσαν
1863 2741 1888 2766 οἰ

1103 2785 1176 2831 ἆγιοι
1191 2795 1330 2830 προφῆται
1351 2793 1398 2819 καί
1412 2790 1555 2818 ἀπόστολοι
1570 2789 1595 2816 οἰ
1610 2786 1694 2814 ταῦτα
1711 2787 1776 2822 ἡμῖν
1801 2785 1888 2812 ποιεῖν

1103 2828 1336 2875 παραδώσαντες;
1360 2837 1377 2871 ἦ
1399 2835 1460 2862 τότε
1482 2834 1573 2869 παρῆν
1599 2833 1648 2868 μὲν
1672 2832 1686 2857 ὁ
1700 2829 1846 2863 Θεδςινῦν
1860 2828 1888 2875 δέ

1103 2871 1278 2919 ἀπεδήμησεν
1289 2881 1423 2921 λδύναται
1441 2880 1455 2907 ό
1472 2878 1538 2910 Θεὸς
1554 2878 1598 2917 ἀεὶ
1624 2877 1710 2903 ποιεῖν
1726 2874 1823 2906 ταῦτα,
1839 2871 1886 2899 καί
