  <div class='ocr_page' id='page_1' title='image "/cluster/home/n/w/nwhite01/storage/ocr_20150623/34/njp.32101077772547/609.png"; bbox 0 0 2079 3157; ppageno 0'>
   <div class='ocr_carea' id='block_1_1' title="bbox 213 160 286 195">
    <p class='ocr_par' dir='ltr' id='par_1_1' title="bbox 213 160 286 195">
     <span class='ocr_line' id='line_1_1' title="bbox 213 160 286 195; baseline 0.014 -1"><span class='ocrx_word' id='word_1_1' title='bbox 213 160 286 195; x_wconf 72' lang='grc'>1147</span> 
     </span>
    </p>
   </div>
   <div class='ocr_carea' id='block_1_2' title="bbox 934 160 1112 192">
    <p class='ocr_par' dir='ltr' id='par_1_2' title="bbox 934 160 1112 192">
     <span class='ocr_line' id='line_1_2' title="bbox 934 160 1112 192; baseline 0.006 -1"><span class='ocrx_word' id='word_1_2' title='bbox 934 160 978 192; x_wconf 81' lang='lat' dir='ltr'>PA</span> <span class='ocrx_word' id='word_1_3' title='bbox 982 161 1112 192; x_wconf 71' lang='lat' dir='ltr'>LLADII</span> 
     </span>
    </p>
   </div>
   <div class='ocr_carea' id='block_1_3' title="bbox 1777 160 1846 194">
    <p class='ocr_par' dir='ltr' id='par_1_3' title="bbox 1777 160 1846 194">
     <span class='ocr_line' id='line_1_3' title="bbox 1777 160 1846 194; baseline 0.014 -1"><span class='ocrx_word' id='word_1_4' title='bbox 1777 160 1846 194; x_wconf 70' lang='grc'>1148</span> 
     </span>
    </p>
   </div>
   <div class='ocr_carea' id='block_1_4' title="bbox 212 205 1848 255">
    <p class='ocr_par' dir='ltr' id='par_1_4' title="bbox 212 205 1848 255">
     <span class='ocr_line' id='line_1_4' title="bbox 212 205 1848 255; baseline -0.001 -9"><span class='ocrx_word' id='word_1_5' title='bbox 212 218 290 246; x_wconf 77' lang='grc' dir='ltr'>οὐδὲν</span> <span class='ocrx_word' id='word_1_6' title='bbox 301 218 464 254; x_wconf 74' lang='grc' dir='ltr'>ἀδυνατήσει</span> <span class='ocrx_word' id='word_1_7' title='bbox 478 218 566 254; x_wconf 84' lang='grc' dir='ltr'>αὐτῷ,</span> <span class='ocrx_word' id='word_1_8' title='bbox 579 219 611 246; x_wconf 81' lang='grc' dir='ltr'>Εἰ</span> <span class='ocrx_word' id='word_1_9' title='bbox 623 205 671 246; x_wconf 61' lang='grc' dir='ltr'>οῦδ</span> <span class='ocrx_word' id='word_1_10' title='bbox 686 219 701 245; x_wconf 86' lang='grc' dir='ltr'><strong>ὸ</strong></span> <span class='ocrx_word' id='word_1_11' title='bbox 715 218 780 250; x_wconf 79' lang='grc' dir='ltr'>Θεὸς</span> <span class='ocrx_word' id='word_1_12' title='bbox 793 217 905 253; x_wconf 69' lang='grc' dir='ltr'>ἀγαθὸς,</span> <span class='ocrx_word' id='word_1_13' title='bbox 919 218 950 245; x_wconf 79' lang='grc' dir='ltr'>σύ</span> <span class='ocrx_word' id='word_1_14' title='bbox 960 217 1004 244; x_wconf 74' lang='grc' dir='ltr'>διὰ</span> <span class='ocrx_word' id='word_1_15' title='bbox 1016 215 1044 247; x_wconf 81' lang='grc' dir='ltr'>Α</span> <span class='ocrx_word' id='word_1_16' title='bbox 1057 225 1143 252; x_wconf 85' lang='grc' dir='ltr'>ματος</span> <span class='ocrx_word' id='word_1_17' title='bbox 1160 217 1356 254; x_wconf 77' lang='grc' dir='ltr'>ἐσιωπήσαμεν</span> <span class='ocrx_word' id='word_1_18' title='bbox 1375 218 1504 246; x_wconf 77' lang='grc' dir='ltr'>ἑκάστοτε</span> <span class='ocrx_word' id='word_1_19' title='bbox 1514 239 1522 252; x_wconf 91' lang='grc'>,</span> <span class='ocrx_word' id='word_1_20' title='bbox 1545 217 1611 255; x_wconf 76' lang='grc' dir='ltr'>παρ’</span> <span class='ocrx_word' id='word_1_21' title='bbox 1625 217 1709 246; x_wconf 88' lang='grc' dir='ltr'>αὐτου</span> <span class='ocrx_word' id='word_1_22' title='bbox 1727 218 1774 245; x_wconf 76' lang='grc' dir='ltr'>καὶ</span> <span class='ocrx_word' id='word_1_23' title='bbox 1791 219 1848 246; x_wconf 89' lang='grc' dir='ltr'>τῶν</span> 
     </span>
    </p>
   </div>
   <div class='ocr_carea' id='block_1_5' title="bbox 213 262 1004 299">
    <p class='ocr_par' dir='ltr' id='par_1_5' title="bbox 213 262 1004 299">
     <span class='ocr_line' id='line_1_5' title="bbox 213 262 1004 299; baseline -0.001 -9"><span class='ocrx_word' id='word_1_24' title='bbox 213 264 242 290; x_wconf 82' lang='grc' dir='ltr'>τί</span> <span class='ocrx_word' id='word_1_25' title='bbox 263 263 400 299; x_wconf 73' lang='grc' dir='ltr'>πονηρόςς</span> <span class='ocrx_word' id='word_1_26' title='bbox 419 263 447 290; x_wconf 86' lang='grc' dir='ltr'>τί</span> <span class='ocrx_word' id='word_1_27' title='bbox 462 263 534 298; x_wconf 88' lang='grc' dir='ltr'>γάρ;</span> <span class='ocrx_word' id='word_1_28' title='bbox 555 264 592 290; x_wconf 84' lang='grc' dir='ltr'>Οὐ</span> <span class='ocrx_word' id='word_1_29' title='bbox 619 263 661 290; x_wconf 78' lang='grc' dir='ltr'>δεῖ</span> <span class='ocrx_word' id='word_1_30' title='bbox 678 263 787 298; x_wconf 77' lang='grc' dir='ltr'>λέγειν,</span> <span class='ocrx_word' id='word_1_31' title='bbox 809 263 857 290; x_wconf 77' lang='grc' dir='ltr'>καὶ</span> <span class='ocrx_word' id='word_1_32' title='bbox 880 262 898 290; x_wconf 79' lang='grc' dir='ltr'>ἃ</span> <span class='ocrx_word' id='word_1_33' title='bbox 923 263 1004 298; x_wconf 76' lang='grc' dir='ltr'>ἡμεῖς</span> 
     </span>
    </p>
   </div>
   <div class='ocr_carea' id='block_1_6' title="bbox 215 305 1004 343">
    <p class='ocr_par' dir='ltr' id='par_1_6' title="bbox 215 305 1004 343">
     <span class='ocr_line' id='line_1_6' title="bbox 215 305 1004 343; baseline -0.001 -10"><span class='ocrx_word' id='word_1_34' title='bbox 215 306 398 343; x_wconf 73' lang='grc' dir='ltr'>ἑωράκαμεν,</span> <span class='ocrx_word' id='word_1_35' title='bbox 413 307 456 334; x_wconf 84' lang='grc' dir='ltr'>ὅτι</span> <span class='ocrx_word' id='word_1_36' title='bbox 484 307 588 342; x_wconf 80' lang='grc' dir='ltr'>μεστὰς</span> <span class='ocrx_word' id='word_1_37' title='bbox 609 307 742 342; x_wconf 79' lang='grc' dir='ltr'>σπυρίδας</span> <span class='ocrx_word' id='word_1_38' title='bbox 759 307 870 341; x_wconf 80' lang='grc' dir='ltr'>εἰσῆγον</span> <span class='ocrx_word' id='word_1_39' title='bbox 892 307 931 338; x_wconf 87' lang='grc' dir='ltr'>εἰς</span> <span class='ocrx_word' id='word_1_40' title='bbox 954 305 1004 338; x_wconf 82' lang='grc' dir='ltr'>τὰς</span> 
     </span>
    </p>
   </div>
   <div class='ocr_carea' id='block_1_7' title="bbox 212 350 1003 394">
    <p class='ocr_par' dir='ltr' id='par_1_7' title="bbox 212 350 1003 394">
     <span class='ocr_line' id='line_1_7' title="bbox 212 350 1003 394; baseline -0.001 -17"><span class='ocrx_word' id='word_1_41' title='bbox 212 351 357 394; x_wconf 64' lang='grc' dir='ltr'>ετραπέζας</span> <span class='ocrx_word' id='word_1_42' title='bbox 370 350 425 378; x_wconf 88' lang='grc' dir='ltr'>τῶν</span> <span class='ocrx_word' id='word_1_43' title='bbox 441 351 563 386; x_wconf 82' lang='grc' dir='ltr'>ἀδελφῶν</span> <span class='ocrx_word' id='word_1_44' title='bbox 584 351 609 377; x_wconf 90' lang='grc' dir='ltr'>οἰ</span> <span class='ocrx_word' id='word_1_45' title='bbox 619 351 683 383; x_wconf 82' lang='grc' dir='ltr'>τούς</span> <span class='ocrx_word' id='word_1_46' title='bbox 698 351 798 386; x_wconf 78' lang='grc' dir='ltr'>ἄρτους</span> <span class='ocrx_word' id='word_1_47' title='bbox 819 350 1003 386; x_wconf 86' lang='grc' dir='ltr'>εἰσφέροντες,</span> 
     </span>
    </p>
   </div>
   <div class='ocr_carea' id='block_1_8' title="bbox 213 393 1004 448">
    <p class='ocr_par' dir='ltr' id='par_1_8' title="bbox 213 393 1004 448">
     <span class='ocr_line' id='line_1_8' title="bbox 213 393 1004 448; baseline -0.001 -27"><span class='ocrx_word' id='word_1_48' title='bbox 213 396 264 448; x_wconf 56' lang='grc' dir='ltr'>,καὶ</span> <span class='ocrx_word' id='word_1_49' title='bbox 290 395 650 448; x_wconf 43' lang='grc' dir='ltr'>ἐσθιόντωνιπεντακοσίων</span> <span class='ocrx_word' id='word_1_50' title='bbox 675 394 798 429; x_wconf 80' lang='grc' dir='ltr'>ἀδελφῶν</span> <span class='ocrx_word' id='word_1_51' title='bbox 819 394 884 429; x_wconf 77' lang='grc' dir='ltr'>ἄχρι</span> <span class='ocrx_word' id='word_1_52' title='bbox 907 393 1004 429; x_wconf 80' lang='grc' dir='ltr'>καιροῦ</span> 
     </span>
    </p>
   </div>
   <div class='ocr_carea' id='block_1_9' title="bbox 213 438 720 477">
    <p class='ocr_par' dir='ltr' id='par_1_9' title="bbox 213 438 720 477">
     <span class='ocr_line' id='line_1_9' title="bbox 213 438 720 477; baseline -0.002 -12"><span class='ocrx_word' id='word_1_53' title='bbox 213 438 322 477; x_wconf 65' lang='grc' dir='ltr'>ςμεστὰς</span> <span class='ocrx_word' id='word_1_54' title='bbox 333 439 414 465; x_wconf 88' lang='grc' dir='ltr'>πάλιν</span> <span class='ocrx_word' id='word_1_55' title='bbox 422 439 507 470; x_wconf 75' lang='grc' dir='ltr'>αὐτὰς</span> <span class='ocrx_word' id='word_1_56' title='bbox 518 438 720 474; x_wconf 78' lang='grc' dir='ltr'>άπε).άμ6ανον;</span> 
     </span>
    </p>
   </div>
   <div class='ocr_carea' id='block_1_10' title="bbox 213 482 1004 524">
    <p class='ocr_par' dir='ltr' id='par_1_10' title="bbox 213 482 1004 524">
     <span class='ocr_line' id='line_1_10' title="bbox 213 482 1004 524; baseline -0.003 -14"><span class='ocrx_word' id='word_1_57' title='bbox 213 499 217 524; x_wconf 56' lang='grc' dir='ltr'>ι</span> <span class='ocrx_word' id='word_1_58' title='bbox 258 484 303 515; x_wconf 84' lang='grc' dir='ltr'>Ὠς</span> <span class='ocrx_word' id='word_1_59' title='bbox 322 484 349 510; x_wconf 80' lang='grc' dir='ltr'>δὲ</span> <span class='ocrx_word' id='word_1_60' title='bbox 371 484 418 510; x_wconf 75' lang='grc' dir='ltr'>καὶ</span> <span class='ocrx_word' id='word_1_61' title='bbox 438 484 532 518; x_wconf 73' lang='grc' dir='ltr'>ἕτερον</span> <span class='ocrx_word' id='word_1_62' title='bbox 557 484 649 518; x_wconf 79' lang='grc' dir='ltr'>Θαύμα</span> <span class='ocrx_word' id='word_1_63' title='bbox 673 483 773 515; x_wconf 77' lang='grc' dir='ltr'>ἰδόντες</span> <span class='ocrx_word' id='word_1_64' title='bbox 798 482 1004 517; x_wconf 82' lang='grc' dir='ltr'>ἐξεπλάγημεν,</span> 
     </span>
    </p>
   </div>
   <div class='ocr_carea' id='block_1_11' title="bbox 216 527 1007 563">
    <p class='ocr_par' dir='ltr' id='par_1_11' title="bbox 216 527 1007 563">
     <span class='ocr_line' id='line_1_11' title="bbox 216 527 1007 563; baseline -0.001 -9"><span class='ocrx_word' id='word_1_65' title='bbox 216 528 320 555; x_wconf 83' lang='grc' dir='ltr'>δίκαιόν</span> <span class='ocrx_word' id='word_1_66' title='bbox 335 528 410 555; x_wconf 81' lang='grc' dir='ltr'>ἐστιν</span> <span class='ocrx_word' id='word_1_67' title='bbox 424 529 522 556; x_wconf 81' lang='grc' dir='ltr'>εἰπεῖν.</span> <span class='ocrx_word' id='word_1_68' title='bbox 542 528 680 559; x_wconf 80' lang='grc' dir='ltr'>Ἐλθόντες</span> <span class='ocrx_word' id='word_1_69' title='bbox 696 528 751 563; x_wconf 76' lang='grc' dir='ltr'>γὰρ</span> <span class='ocrx_word' id='word_1_70' title='bbox 763 528 831 562; x_wconf 80' lang='grc' dir='ltr'>πρὸς</span> <span class='ocrx_word' id='word_1_71' title='bbox 841 527 921 554; x_wconf 78' lang='grc' dir='ltr'>αὐτὸν</span> <span class='ocrx_word' id='word_1_72' title='bbox 932 528 1007 563; x_wconf 81' lang='grc' dir='ltr'>τρεῖς</span> 
     </span>
    </p>
   </div>
   <div class='ocr_carea' id='block_1_12' title="bbox 217 571 1006 608">
    <p class='ocr_par' dir='ltr' id='par_1_12' title="bbox 217 571 1006 608">
     <span class='ocr_line' id='line_1_12' title="bbox 217 571 1006 608; baseline -0.001 -10"><span class='ocrx_word' id='word_1_73' title='bbox 217 571 300 608; x_wconf 79' lang='grc' dir='ltr'>ήμέῖς</span> <span class='ocrx_word' id='word_1_74' title='bbox 324 572 435 607; x_wconf 79' lang='grc' dir='ltr'>ἀδελφοὶ</span> <span class='ocrx_word' id='word_1_75' title='bbox 461 571 670 607; x_wconf 82' lang='grc' dir='ltr'>ἐγνωρίσθημεν</span> <span class='ocrx_word' id='word_1_76' title='bbox 693 571 836 606; x_wconf 75' lang='grc' dir='ltr'>πόρρωθεν</span> <span class='ocrx_word' id='word_1_77' title='bbox 858 571 927 606; x_wconf 80' lang='grc' dir='ltr'>ὑπὲρ</span> <span class='ocrx_word' id='word_1_78' title='bbox 952 571 1006 597; x_wconf 84' lang='grc' dir='ltr'>τῶν</span> 
     </span>
    </p>
   </div>
   <div class='ocr_carea' id='block_1_13' title="bbox 218 615 1006 652">
    <p class='ocr_par' dir='ltr' id='par_1_13' title="bbox 218 615 1006 652">
     <span class='ocr_line' id='line_1_13' title="bbox 218 615 1006 652; baseline -0.001 -9"><span class='ocrx_word' id='word_1_79' title='bbox 218 616 341 650; x_wconf 77' lang='grc' dir='ltr'>ἀδελφῶν</span> <span class='ocrx_word' id='word_1_80' title='bbox 354 616 510 652; x_wconf 79' lang='grc' dir='ltr'>ὁραθέντες,</span> <span class='ocrx_word' id='word_1_81' title='bbox 524 616 579 642; x_wconf 87' lang='grc' dir='ltr'>τῶν</span> <span class='ocrx_word' id='word_1_82' title='bbox 592 616 823 651; x_wconf 84' lang='grc' dir='ltr'>προακουσάντων</span> <span class='ocrx_word' id='word_1_83' title='bbox 842 616 908 651; x_wconf 83' lang='grc' dir='ltr'>παρ’</span> <span class='ocrx_word' id='word_1_84' title='bbox 923 615 1006 643; x_wconf 87' lang='grc' dir='ltr'>αὐτοῦ</span> 
     </span>
    </p>
   </div>
   <div class='ocr_carea' id='block_1_14' title="bbox 219 659 1008 696">
    <p class='ocr_par' dir='ltr' id='par_1_14' title="bbox 219 659 1008 696">
     <span class='ocr_line' id='line_1_14' title="bbox 219 659 1008 696; baseline 0 -10"><span class='ocrx_word' id='word_1_85' title='bbox 219 661 283 696; x_wconf 75' lang='grc' dir='ltr'>περὶ</span> <span class='ocrx_word' id='word_1_86' title='bbox 298 661 346 695; x_wconf 87' lang='grc' dir='ltr'>τῆς</span> <span class='ocrx_word' id='word_1_87' title='bbox 360 659 438 695; x_wconf 85' lang='grc' dir='ltr'>ἡμῶν</span> <span class='ocrx_word' id='word_1_88' title='bbox 453 660 522 693; x_wconf 76' lang='grc' dir='ltr'>πρὸς</span> <span class='ocrx_word' id='word_1_89' title='bbox 542 659 622 686; x_wconf 73' lang='grc' dir='ltr'>αὐτὸν</span> <span class='ocrx_word' id='word_1_90' title='bbox 640 660 758 693; x_wconf 76' lang='grc' dir='ltr'>ἀφίξεως</span> <span class='ocrx_word' id='word_1_91' title='bbox 769 668 776 675; x_wconf 88' lang='grc'><strong>·</strong></span> <span class='ocrx_word' id='word_1_92' title='bbox 799 660 824 686; x_wconf 79' lang='grc' dir='ltr'>οἳ</span> <span class='ocrx_word' id='word_1_93' title='bbox 841 660 909 694; x_wconf 80' lang='grc' dir='ltr'>μετὰ</span> <span class='ocrx_word' id='word_1_94' title='bbox 925 669 1008 686; x_wconf 87' lang='grc' dir='ltr'>σπου-</span> 
     </span>
    </p>
   </div>
   <div class='ocr_carea' id='block_1_15' title="bbox 217 701 1008 739">
    <p class='ocr_par' dir='ltr' id='par_1_15' title="bbox 217 701 1008 739">
     <span class='ocr_line' id='line_1_15' title="bbox 217 701 1008 739; baseline -0.003 -9"><span class='ocrx_word' id='word_1_95' title='bbox 217 703 267 737; x_wconf 85' lang='grc' dir='ltr'>δῆς</span> <span class='ocrx_word' id='word_1_96' title='bbox 305 703 524 739; x_wconf 79' lang='grc' dir='ltr'>προσδραμόντες</span> <span class='ocrx_word' id='word_1_97' title='bbox 560 703 720 738; x_wconf 77' lang='grc' dir='ltr'>ὑπήντησαν</span> <span class='ocrx_word' id='word_1_98' title='bbox 751 703 817 737; x_wconf 84' lang='grc' dir='ltr'>ἡμῖν</span> <span class='ocrx_word' id='word_1_99' title='bbox 861 701 1008 737; x_wconf 78' lang='grc' dir='ltr'>ψάλλοντες</span> 
     </span>
    </p>
   </div>
   <div class='ocr_carea' id='block_1_16' title="bbox 219 745 1007 783">
    <p class='ocr_par' dir='ltr' id='par_1_16' title="bbox 219 745 1007 783">
     <span class='ocr_line' id='line_1_16' title="bbox 219 745 1007 783; baseline 0 -10"><span class='ocrx_word' id='word_1_100' title='bbox 219 746 318 783; x_wconf 84' lang='grc' dir='ltr'>(τοῦτο</span> <span class='ocrx_word' id='word_1_101' title='bbox 334 747 389 782; x_wconf 83' lang='grc' dir='ltr'>γὰρ</span> <span class='ocrx_word' id='word_1_102' title='bbox 405 748 495 778; x_wconf 77' lang='grc' dir='ltr'>αὐτοῖς</span> <span class='ocrx_word' id='word_1_103' title='bbox 515 746 574 778; x_wconf 80' lang='grc' dir='ltr'>έοος</span> <span class='ocrx_word' id='word_1_104' title='bbox 591 747 665 772; x_wconf 75' lang='grc' dir='ltr'>ἐστὶν</span> <span class='ocrx_word' id='word_1_105' title='bbox 681 745 748 781; x_wconf 66' lang='grc' dir='ltr'>πρὸς</span> <span class='ocrx_word' id='word_1_106' title='bbox 761 747 865 778; x_wconf 78' lang='grc' dir='ltr'>πάντας</span> <span class='ocrx_word' id='word_1_107' title='bbox 880 747 942 777; x_wconf 77' lang='grc' dir='ltr'>τοὺς</span> <span class='ocrx_word' id='word_1_108' title='bbox 959 755 1007 781; x_wconf 88' lang='grc' dir='ltr'>μο-</span> 
     </span>
    </p>
   </div>
   <div class='ocr_carea' id='block_1_17' title="bbox 218 790 1008 826">
    <p class='ocr_par' dir='ltr' id='par_1_17' title="bbox 218 790 1008 826">
     <span class='ocr_line' id='line_1_17' title="bbox 218 790 1008 826; baseline -0.001 -8"><span class='ocrx_word' id='word_1_109' title='bbox 218 792 340 826; x_wconf 82' lang='grc' dir='ltr'>ναχοὺς),</span> <span class='ocrx_word' id='word_1_110' title='bbox 358 791 406 818; x_wconf 75' lang='grc' dir='ltr'>καί</span> <span class='ocrx_word' id='word_1_111' title='bbox 419 791 662 826; x_wconf 66' lang='grc' dir='ltr'>προσκυνήσαντες</span> <span class='ocrx_word' id='word_1_112' title='bbox 676 791 723 817; x_wconf 76' lang='grc' dir='ltr'>ἐπὶ</span> <span class='ocrx_word' id='word_1_113' title='bbox 738 791 885 825; x_wconf 82' lang='grc' dir='ltr'>πρόσωπον</span> <span class='ocrx_word' id='word_1_114' title='bbox 899 791 946 817; x_wconf 75' lang='grc' dir='ltr'>ἐπὶ</span> <span class='ocrx_word' id='word_1_115' title='bbox 959 790 1008 826; x_wconf 82' lang='grc' dir='ltr'>τὴν</span> 
     </span>
    </p>
   </div>
   <div class='ocr_carea' id='block_1_18' title="bbox 218 833 1008 870">
    <p class='ocr_par' dir='ltr' id='par_1_18' title="bbox 218 833 1008 870">
     <span class='ocr_line' id='line_1_18' title="bbox 218 833 1008 870; baseline -0.003 -8"><span class='ocrx_word' id='word_1_116' title='bbox 218 837 282 870; x_wconf 83' lang='grc' dir='ltr'>γῆν,</span> <span class='ocrx_word' id='word_1_117' title='bbox 299 835 408 869; x_wconf 71' lang='grc' dir='ltr'>ἐφίλουν</span> <span class='ocrx_word' id='word_1_118' title='bbox 429 835 503 869; x_wconf 77' lang='grc' dir='ltr'>ἡμᾶς</span> <span class='ocrx_word' id='word_1_119' title='bbox 516 855 523 867; x_wconf 87' lang='grc'>,</span> <span class='ocrx_word' id='word_1_120' title='bbox 539 834 665 869; x_wconf 79' lang='grc' dir='ltr'>ἀλλήλοις</span> <span class='ocrx_word' id='word_1_121' title='bbox 689 833 916 866; x_wconf 68' lang='grc' dir='ltr'>ἐπιδεικνύοντες·</span> <span class='ocrx_word' id='word_1_122' title='bbox 942 834 1008 861; x_wconf 77' lang='grc' dir='ltr'>Ἰδοὺ</span> 
     </span>
    </p>
   </div>
   <div class='ocr_carea' id='block_1_19' title="bbox 219 875 1009 915">
    <p class='ocr_par' dir='ltr' id='par_1_19' title="bbox 219 875 1009 915">
     <span class='ocr_line' id='line_1_19' title="bbox 219 875 1009 915; baseline -0.001 -10"><span class='ocrx_word' id='word_1_123' title='bbox 219 879 319 915; x_wconf 75' lang='grc' dir='ltr'>ἦκασιν</span> <span class='ocrx_word' id='word_1_124' title='bbox 330 879 354 905; x_wconf 86' lang='grc' dir='ltr'>οἱ</span> <span class='ocrx_word' id='word_1_125' title='bbox 366 879 473 912; x_wconf 71' lang='grc' dir='ltr'>ἀδελφοὶ</span> <span class='ocrx_word' id='word_1_126' title='bbox 485 881 547 914; x_wconf 82' lang='grc' dir='ltr'>περὶ</span> <span class='ocrx_word' id='word_1_127' title='bbox 561 875 599 904; x_wconf 84' lang='grc' dir='ltr'>ὧν</span> <span class='ocrx_word' id='word_1_128' title='bbox 611 879 625 904; x_wconf 81' lang='grc' dir='ltr'><strong>ὁ</strong></span> <span class='ocrx_word' id='word_1_129' title='bbox 636 878 729 913; x_wconf 82' lang='grc' dir='ltr'>Πατὴρ</span> <span class='ocrx_word' id='word_1_130' title='bbox 740 878 792 913; x_wconf 79' lang='grc' dir='ltr'>πρὸ</span> <span class='ocrx_word' id='word_1_131' title='bbox 803 878 886 913; x_wconf 86' lang='grc' dir='ltr'>τριῶν</span> <span class='ocrx_word' id='word_1_132' title='bbox 897 878 1009 913; x_wconf 82' lang='grc' dir='ltr'>ἡμερῶν</span> 
     </span>
    </p>
   </div>
   <div class='ocr_carea' id='block_1_20' title="bbox 220 923 1011 959">
    <p class='ocr_par' dir='ltr' id='par_1_20' title="bbox 220 923 1011 959">
     <span class='ocr_line' id='line_1_20' title="bbox 220 923 1011 959; baseline -0.003 -9"><span class='ocrx_word' id='word_1_133' title='bbox 220 923 385 959; x_wconf 77' lang='grc' dir='ltr'>προείρηκεν</span> <span class='ocrx_word' id='word_1_134' title='bbox 401 924 476 958; x_wconf 79' lang='grc' dir='ltr'>ἡμῖν,</span> <span class='ocrx_word' id='word_1_135' title='bbox 485 923 526 949; x_wconf 83' lang='grc' dir='ltr'>ὅτι</span> <span class='ocrx_word' id='word_1_136' title='bbox 539 923 616 949; x_wconf 87' lang='grc' dir='ltr'>Μετὰ</span> <span class='ocrx_word' id='word_1_137' title='bbox 629 924 703 957; x_wconf 91' lang='grc' dir='ltr'>τρεῖς</span> <span class='ocrx_word' id='word_1_138' title='bbox 717 923 824 958; x_wconf 83' lang='grc' dir='ltr'>ἡμέρας</span> <span class='ocrx_word' id='word_1_139' title='bbox 834 923 928 958; x_wconf 80' lang='grc' dir='ltr'>ἥξουσι</span> <span class='ocrx_word' id='word_1_140' title='bbox 943 923 1011 958; x_wconf 69' lang='grc' dir='ltr'>πρὸς</span> 
     </span>
    </p>
   </div>
   <div class='ocr_carea' id='block_1_21' title="bbox 220 967 1009 1004">
    <p class='ocr_par' dir='ltr' id='par_1_21' title="bbox 220 967 1009 1004">
     <span class='ocr_line' id='line_1_21' title="bbox 220 967 1009 1004; baseline -0.001 -9"><span class='ocrx_word' id='word_1_141' title='bbox 220 969 295 1004; x_wconf 82' lang='grc' dir='ltr'>ἡμᾶς</span> <span class='ocrx_word' id='word_1_142' title='bbox 316 969 390 1002; x_wconf 80' lang='grc' dir='ltr'>τρεῖς</span> <span class='ocrx_word' id='word_1_143' title='bbox 413 967 524 1002; x_wconf 72' lang='grc' dir='ltr'>ἀδελφοὶ</span> <span class='ocrx_word' id='word_1_144' title='bbox 550 968 606 994; x_wconf 86' lang='grc' dir='ltr'>ἀπὸ</span> <span class='ocrx_word' id='word_1_145' title='bbox 635 967 830 1002; x_wconf 73' lang='grc' dir='ltr'>Ἱεροσολύμων</span> <span class='ocrx_word' id='word_1_146' title='bbox 857 967 1009 1003; x_wconf 83' lang='grc' dir='ltr'>ἐρχόμενοι.</span> 
     </span>
    </p>
   </div>
   <div class='ocr_carea' id='block_1_22' title="bbox 220 1010 1012 1048">
    <p class='ocr_par' dir='ltr' id='par_1_22' title="bbox 220 1010 1012 1048">
     <span class='ocr_line' id='line_1_22' title="bbox 220 1010 1012 1048; baseline -0.003 -9"><span class='ocrx_word' id='word_1_147' title='bbox 220 1013 277 1039; x_wconf 79' lang='grc' dir='ltr'>Καὶ</span> <span class='ocrx_word' id='word_1_148' title='bbox 290 1013 315 1039; x_wconf 85' lang='grc' dir='ltr'>οἰ</span> <span class='ocrx_word' id='word_1_149' title='bbox 334 1013 383 1048; x_wconf 81' lang='grc' dir='ltr'>μὲν</span> <span class='ocrx_word' id='word_1_150' title='bbox 402 1012 522 1047; x_wconf 85' lang='grc' dir='ltr'>προῆγον</span> <span class='ocrx_word' id='word_1_151' title='bbox 538 1012 622 1046; x_wconf 79' lang='grc' dir='ltr'>ἡμᾶς,</span> <span class='ocrx_word' id='word_1_152' title='bbox 640 1012 664 1038; x_wconf 81' lang='grc' dir='ltr'>οἰ</span> <span class='ocrx_word' id='word_1_153' title='bbox 680 1012 709 1038; x_wconf 81' lang='grc' dir='ltr'>δὲ</span> <span class='ocrx_word' id='word_1_154' title='bbox 721 1010 886 1047; x_wconf 78' lang='grc' dir='ltr'>ἠκολούθουν</span> <span class='ocrx_word' id='word_1_155' title='bbox 901 1011 1012 1038; x_wconf 70' lang='grc' dir='ltr'>δπισθεν</span> 
     </span>
    </p>
   </div>
   <div class='ocr_carea' id='block_1_23' title="bbox 223 1053 1011 1092">
    <p class='ocr_par' dir='ltr' id='par_1_23' title="bbox 223 1053 1011 1092">
     <span class='ocr_line' id='line_1_23' title="bbox 223 1053 1011 1092; baseline -0.001 -10"><span class='ocrx_word' id='word_1_156' title='bbox 223 1056 302 1092; x_wconf 78' lang='grc' dir='ltr'>ἡμῶν</span> <span class='ocrx_word' id='word_1_157' title='bbox 312 1057 469 1091; x_wconf 80' lang='grc' dir='ltr'>ψάλλοντες,</span> <span class='ocrx_word' id='word_1_158' title='bbox 481 1056 561 1091; x_wconf 77' lang='grc' dir='ltr'>ἄχρις</span> <span class='ocrx_word' id='word_1_159' title='bbox 572 1053 602 1082; x_wconf 85' lang='grc' dir='ltr'>οὐ</span> <span class='ocrx_word' id='word_1_160' title='bbox 614 1055 728 1090; x_wconf 72' lang='grc' dir='ltr'>πλησίον</span> <span class='ocrx_word' id='word_1_161' title='bbox 741 1055 831 1082; x_wconf 88' lang='grc' dir='ltr'>αὐτῶν</span> <span class='ocrx_word' id='word_1_162' title='bbox 842 1055 1011 1090; x_wconf 82' lang='grc' dir='ltr'>ἐφθάσαμεν.</span> 
     </span>
    </p>
   </div>
   <div class='ocr_carea' id='block_1_24' title="bbox 229 1098 1013 1135">
    <p class='ocr_par' dir='ltr' id='par_1_24' title="bbox 229 1098 1013 1135">
     <span class='ocr_line' id='line_1_24' title="bbox 229 1098 1013 1135; baseline -0.003 -8"><span class='ocrx_word' id='word_1_163' title='bbox 229 1100 360 1132; x_wconf 82' lang='grc' dir='ltr'>’Δκούσας</span> <span class='ocrx_word' id='word_1_164' title='bbox 381 1100 409 1126; x_wconf 82' lang='grc' dir='ltr'>δὲ</span> <span class='ocrx_word' id='word_1_165' title='bbox 437 1100 452 1126; x_wconf 85' lang='grc' dir='ltr'>ό</span> <span class='ocrx_word' id='word_1_166' title='bbox 477 1100 568 1135; x_wconf 83' lang='grc' dir='ltr'>πατὴρ</span> <span class='ocrx_word' id='word_1_167' title='bbox 597 1099 733 1131; x_wconf 81' lang='grc' dir='ltr'>Ἀπολλὼς</span> <span class='ocrx_word' id='word_1_168' title='bbox 758 1099 806 1134; x_wconf 82' lang='grc' dir='ltr'>τῆς</span> <span class='ocrx_word' id='word_1_169' title='bbox 837 1099 930 1134; x_wconf 74' lang='grc' dir='ltr'>φωνῆς</span> <span class='ocrx_word' id='word_1_170' title='bbox 958 1098 1013 1125; x_wconf 86' lang='grc' dir='ltr'>τῶν</span> 
     </span>
    </p>
   </div>
   <div class='ocr_carea' id='block_1_25' title="bbox 221 1142 1013 1180">
    <p class='ocr_par' dir='ltr' id='par_1_25' title="bbox 221 1142 1013 1180">
     <span class='ocr_line' id='line_1_25' title="bbox 221 1142 1013 1180; baseline -0.004 -8"><span class='ocrx_word' id='word_1_171' title='bbox 221 1145 389 1180; x_wconf 82' lang='grc' dir='ltr'>ψαλλόντων,</span> <span class='ocrx_word' id='word_1_172' title='bbox 410 1144 565 1180; x_wconf 81' lang='grc' dir='ltr'>ὑπήντησεν</span> <span class='ocrx_word' id='word_1_173' title='bbox 588 1145 653 1179; x_wconf 82' lang='grc' dir='ltr'>ἡμῖν</span> <span class='ocrx_word' id='word_1_174' title='bbox 675 1143 746 1170; x_wconf 79' lang='grc' dir='ltr'>κατὰ</span> <span class='ocrx_word' id='word_1_175' title='bbox 757 1143 788 1169; x_wconf 67' lang='grc' dir='ltr'>τὸ</span> <span class='ocrx_word' id='word_1_176' title='bbox 810 1143 870 1174; x_wconf 82' lang='grc' dir='ltr'>έοος</span> <span class='ocrx_word' id='word_1_177' title='bbox 885 1142 968 1169; x_wconf 89' lang='grc' dir='ltr'>αὐτοῦ</span> <span class='ocrx_word' id='word_1_178' title='bbox 982 1143 1013 1170; x_wconf 79' lang='grc' dir='ltr'>τὸ</span> 
     </span>
    </p>
   </div>
   <div class='ocr_carea' id='block_1_26' title="bbox 223 1187 1013 1224">
    <p class='ocr_par' dir='ltr' id='par_1_26' title="bbox 223 1187 1013 1224">
     <span class='ocr_line' id='line_1_26' title="bbox 223 1187 1013 1224; baseline -0.004 -8"><span class='ocrx_word' id='word_1_179' title='bbox 223 1189 294 1224; x_wconf 78' lang='grc' dir='ltr'>πρὸς</span> <span class='ocrx_word' id='word_1_180' title='bbox 312 1190 417 1220; x_wconf 81' lang='grc' dir='ltr'>πάντας</span> <span class='ocrx_word' id='word_1_181' title='bbox 436 1189 499 1220; x_wconf 84' lang='grc' dir='ltr'>τοὺς</span> <span class='ocrx_word' id='word_1_182' title='bbox 513 1188 656 1223; x_wconf 80' lang='grc' dir='ltr'>ἀδελφούς.</span> <span class='ocrx_word' id='word_1_183' title='bbox 679 1189 733 1215; x_wconf 81' lang='grc' dir='ltr'>Καὶ</span> <span class='ocrx_word' id='word_1_184' title='bbox 758 1187 821 1215; x_wconf 86' lang='grc' dir='ltr'>ἰδὼν</span> <span class='ocrx_word' id='word_1_185' title='bbox 839 1188 912 1222; x_wconf 81' lang='grc' dir='ltr'>ἡμᾶς</span> <span class='ocrx_word' id='word_1_186' title='bbox 928 1195 1013 1223; x_wconf 89' lang='grc' dir='ltr'>προσ-</span> 
     </span>
    </p>
   </div>
   <div class='ocr_carea' id='block_1_27' title="bbox 224 1231 1015 1268">
    <p class='ocr_par' dir='ltr' id='par_1_27' title="bbox 224 1231 1015 1268">
     <span class='ocr_line' id='line_1_27' title="bbox 224 1231 1015 1268; baseline -0.003 -8"><span class='ocrx_word' id='word_1_187' title='bbox 224 1234 339 1268; x_wconf 65' lang='grc' dir='ltr'>εκύνησε</span> <span class='ocrx_word' id='word_1_188' title='bbox 352 1232 469 1268; x_wconf 71' lang='grc' dir='ltr'>πρῶτος,</span> <span class='ocrx_word' id='word_1_189' title='bbox 482 1233 528 1258; x_wconf 77' lang='grc' dir='ltr'>ἐπὶ</span> <span class='ocrx_word' id='word_1_190' title='bbox 542 1233 591 1267; x_wconf 84' lang='grc' dir='ltr'>τὴν</span> <span class='ocrx_word' id='word_1_191' title='bbox 604 1233 655 1266; x_wconf 75' lang='grc' dir='ltr'>γῆν</span> <span class='ocrx_word' id='word_1_192' title='bbox 669 1231 765 1258; x_wconf 79' lang='grc' dir='ltr'>ἑαυτὸν</span> <span class='ocrx_word' id='word_1_193' title='bbox 776 1231 950 1262; x_wconf 77' lang='grc' dir='ltr'>ἑναπλώσας·</span> <span class='ocrx_word' id='word_1_194' title='bbox 967 1231 1015 1258; x_wconf 80' lang='grc' dir='ltr'>καὶ</span> 
     </span>
    </p>
   </div>
   <div class='ocr_carea' id='block_1_28' title="bbox 224 1274 1016 1312">
    <p class='ocr_par' dir='ltr' id='par_1_28' title="bbox 224 1274 1016 1312">
     <span class='ocr_line' id='line_1_28' title="bbox 224 1274 1016 1312; baseline -0.003 -8"><span class='ocrx_word' id='word_1_195' title='bbox 224 1278 343 1308; x_wconf 78' lang='grc' dir='ltr'>ἀναστὰς</span> <span class='ocrx_word' id='word_1_196' title='bbox 367 1277 491 1312; x_wconf 81' lang='grc' dir='ltr'>ἐφίλησε.</span> <span class='ocrx_word' id='word_1_197' title='bbox 511 1277 566 1303; x_wconf 83' lang='grc' dir='ltr'>Καὶ</span> <span class='ocrx_word' id='word_1_198' title='bbox 583 1276 737 1310; x_wconf 87' lang='grc' dir='ltr'>εἰσαγαγὼν</span> <span class='ocrx_word' id='word_1_199' title='bbox 761 1274 942 1311; x_wconf 82' lang='grc' dir='ltr'>ὐπερηύξατο.</span> <span class='ocrx_word' id='word_1_200' title='bbox 960 1275 1016 1302; x_wconf 77' lang='grc' dir='ltr'>Καὶ</span> 
     </span>
    </p>
   </div>
   <div class='ocr_carea' id='block_1_29' title="bbox 224 1319 1016 1356">
    <p class='ocr_par' dir='ltr' id='par_1_29' title="bbox 224 1319 1016 1356">
     <span class='ocr_line' id='line_1_29' title="bbox 224 1319 1016 1356; baseline -0.003 -9"><span class='ocrx_word' id='word_1_201' title='bbox 224 1321 289 1352; x_wconf 83' lang='grc' dir='ltr'>τούς</span> <span class='ocrx_word' id='word_1_202' title='bbox 307 1321 391 1352; x_wconf 82' lang='grc' dir='ltr'>πόδας</span> <span class='ocrx_word' id='word_1_203' title='bbox 410 1321 490 1356; x_wconf 83' lang='grc' dir='ltr'>ἡμῶν</span> <span class='ocrx_word' id='word_1_204' title='bbox 511 1320 592 1355; x_wconf 79' lang='grc' dir='ltr'>νίψας</span> <span class='ocrx_word' id='word_1_205' title='bbox 620 1321 714 1356; x_wconf 81' lang='grc' dir='ltr'>χερσὶν</span> <span class='ocrx_word' id='word_1_206' title='bbox 735 1319 862 1353; x_wconf 73' lang='grc' dir='ltr'>οἰκείαις,</span> <span class='ocrx_word' id='word_1_207' title='bbox 883 1319 951 1355; x_wconf 81' lang='grc' dir='ltr'>πρὸς</span> <span class='ocrx_word' id='word_1_208' title='bbox 965 1319 1016 1354; x_wconf 79' lang='grc' dir='ltr'>τὴν</span> 
     </span>
    </p>
   </div>
   <div class='ocr_carea' id='block_1_30' title="bbox 225 1363 1016 1400">
    <p class='ocr_par' dir='ltr' id='par_1_30' title="bbox 225 1363 1016 1400">
     <span class='ocr_line' id='line_1_30' title="bbox 225 1363 1016 1400; baseline -0.003 -8"><span class='ocrx_word' id='word_1_209' title='bbox 225 1365 381 1392; x_wconf 79' lang='grc' dir='ltr'>ἀνάπαυσιν</span> <span class='ocrx_word' id='word_1_210' title='bbox 397 1364 597 1400; x_wconf 75' lang='grc' dir='ltr'>προετρέψατο.</span> <span class='ocrx_word' id='word_1_211' title='bbox 617 1364 703 1390; x_wconf 78' lang='grc' dir='ltr'>Τοῦτο</span> <span class='ocrx_word' id='word_1_212' title='bbox 716 1363 744 1390; x_wconf 79' lang='grc' dir='ltr'>δέ</span> <span class='ocrx_word' id='word_1_213' title='bbox 760 1365 843 1391; x_wconf 78' lang='grc' dir='ltr'>πᾶσιν</span> <span class='ocrx_word' id='word_1_214' title='bbox 859 1363 945 1390; x_wconf 77' lang='grc' dir='ltr'>ἐποίει</span> <span class='ocrx_word' id='word_1_215' title='bbox 961 1365 1016 1396; x_wconf 83' lang='grc' dir='ltr'>τοῖς</span> 
     </span>
    </p>
   </div>
   <div class='ocr_carea' id='block_1_31' title="bbox 225 1407 1016 1444">
    <p class='ocr_par' dir='ltr' id='par_1_31' title="bbox 225 1407 1016 1444">
     <span class='ocr_line' id='line_1_31' title="bbox 225 1407 1016 1444; baseline -0.004 -8"><span class='ocrx_word' id='word_1_216' title='bbox 225 1409 384 1444; x_wconf 73' lang='grc' dir='ltr'>ἐρχομένοις</span> <span class='ocrx_word' id='word_1_217' title='bbox 398 1409 467 1444; x_wconf 73' lang='grc' dir='ltr'>πρὸς</span> <span class='ocrx_word' id='word_1_218' title='bbox 487 1408 568 1435; x_wconf 79' lang='grc' dir='ltr'>αὑτὸν</span> <span class='ocrx_word' id='word_1_219' title='bbox 593 1407 728 1443; x_wconf 82' lang='grc' dir='ltr'>ἀδελφοῖς.</span> <span class='ocrx_word' id='word_1_220' title='bbox 744 1409 775 1435; x_wconf 86' lang='grc' dir='ltr'>Οἰ</span> <span class='ocrx_word' id='word_1_221' title='bbox 797 1407 851 1443; x_wconf 77' lang='grc' dir='ltr'>γὰρ</span> <span class='ocrx_word' id='word_1_222' title='bbox 867 1408 916 1434; x_wconf 78' lang='grc' dir='ltr'>σὺν</span> <span class='ocrx_word' id='word_1_223' title='bbox 941 1407 1016 1442; x_wconf 82' lang='grc' dir='ltr'>αύτῷ</span> 
     </span>
    </p>
   </div>
   <div class='ocr_carea' id='block_1_32' title="bbox 225 1451 1014 1490">
    <p class='ocr_par' dir='ltr' id='par_1_32' title="bbox 225 1451 1014 1490">
     <span class='ocr_line' id='line_1_32' title="bbox 225 1451 1014 1490; baseline -0.006 -8"><span class='ocrx_word' id='word_1_224' title='bbox 225 1453 336 1490; x_wconf 76' lang='grc' dir='ltr'>ἀδελφοὶ</span> <span class='ocrx_word' id='word_1_225' title='bbox 361 1453 391 1480; x_wconf 90' lang='grc' dir='ltr'>οὐ</span> <span class='ocrx_word' id='word_1_226' title='bbox 415 1452 548 1488; x_wconf 84' lang='grc' dir='ltr'>πρότερον</span> <span class='ocrx_word' id='word_1_227' title='bbox 575 1452 626 1487; x_wconf 81' lang='grc' dir='ltr'>τῆς</span> <span class='ocrx_word' id='word_1_228' title='bbox 652 1452 758 1487; x_wconf 80' lang='grc' dir='ltr'>τροφῆς</span> <span class='ocrx_word' id='word_1_229' title='bbox 790 1451 1014 1486; x_wconf 77' lang='grc' dir='ltr'>μετελάμϐανον,</span> 
     </span>
    </p>
   </div>
   <div class='ocr_carea' id='block_1_33' title="bbox 226 1495 1014 1535">
    <p class='ocr_par' dir='ltr' id='par_1_33' title="bbox 226 1495 1014 1535">
     <span class='ocr_line' id='line_1_33' title="bbox 226 1495 1014 1535; baseline -0.006 -9"><span class='ocrx_word' id='word_1_230' title='bbox 226 1499 310 1535; x_wconf 81' lang='grc' dir='ltr'>πρινὴ</span> <span class='ocrx_word' id='word_1_231' title='bbox 331 1497 382 1532; x_wconf 86' lang='grc' dir='ltr'>τῆς</span> <span class='ocrx_word' id='word_1_232' title='bbox 405 1496 580 1532; x_wconf 80' lang='grc' dir='ltr'>εὐχαριστίας</span> <span class='ocrx_word' id='word_1_233' title='bbox 606 1495 654 1522; x_wconf 87' lang='grc' dir='ltr'>τοῦ</span> <span class='ocrx_word' id='word_1_234' title='bbox 677 1495 795 1530; x_wconf 82' lang='grc' dir='ltr'>Χριστοῦ</span> <span class='ocrx_word' id='word_1_235' title='bbox 819 1496 1014 1530; x_wconf 82' lang='grc' dir='ltr'>κοινωνήσωσι.</span> 
     </span>
    </p>
   </div>
   <div class='ocr_carea' id='block_1_34' title="bbox 227 1538 1014 1575">
    <p class='ocr_par' dir='ltr' id='par_1_34' title="bbox 227 1538 1014 1575">
     <span class='ocr_line' id='line_1_34' title="bbox 227 1538 1014 1575; baseline -0.005 -6"><span class='ocrx_word' id='word_1_236' title='bbox 227 1542 313 1570; x_wconf 87' lang='grc' dir='ltr'>Τοῦτο</span> <span class='ocrx_word' id='word_1_237' title='bbox 331 1542 359 1568; x_wconf 73' lang='grc' dir='ltr'>δὲ</span> <span class='ocrx_word' id='word_1_238' title='bbox 375 1541 484 1567; x_wconf 82' lang='grc' dir='ltr'>ἐποίουν</span> <span class='ocrx_word' id='word_1_239' title='bbox 508 1539 581 1567; x_wconf 88' lang='grc' dir='ltr'>κατά</span> <span class='ocrx_word' id='word_1_240' title='bbox 594 1538 643 1575; x_wconf 84' lang='grc' dir='ltr'>τὴν</span> <span class='ocrx_word' id='word_1_241' title='bbox 664 1539 778 1574; x_wconf 86' lang='grc' dir='ltr'>ὲννάτην</span> <span class='ocrx_word' id='word_1_242' title='bbox 793 1539 867 1574; x_wconf 84' lang='grc' dir='ltr'>ὥραν</span> <span class='ocrx_word' id='word_1_243' title='bbox 881 1538 994 1574; x_wconf 78' lang='grc' dir='ltr'>ἡμέριον</span> <span class='ocrx_word' id='word_1_244' title='bbox 1007 1547 1014 1554; x_wconf 90' lang='grc'>·</span> 
     </span>
    </p>
   </div>
   <div class='ocr_carea' id='block_1_35' title="bbox 227 1582 1017 1620">
    <p class='ocr_par' dir='ltr' id='par_1_35' title="bbox 227 1582 1017 1620">
     <span class='ocr_line' id='line_1_35' title="bbox 227 1582 1017 1620; baseline -0.005 -7"><span class='ocrx_word' id='word_1_245' title='bbox 227 1584 278 1613; x_wconf 75' lang='grc' dir='ltr'>εἷθ’</span> <span class='ocrx_word' id='word_1_246' title='bbox 298 1585 383 1617; x_wconf 77' lang='grc' dir='ltr'>οὕτως</span> <span class='ocrx_word' id='word_1_247' title='bbox 402 1584 588 1620; x_wconf 84' lang='grc' dir='ltr'>διαιτηθέντες</span> <span class='ocrx_word' id='word_1_248' title='bbox 611 1583 757 1618; x_wconf 73' lang='grc' dir='ltr'>ἐκάθηντο,</span> <span class='ocrx_word' id='word_1_249' title='bbox 769 1582 914 1614; x_wconf 79' lang='grc' dir='ltr'>ἀκούοντες</span> <span class='ocrx_word' id='word_1_250' title='bbox 934 1582 1017 1609; x_wconf 84' lang='grc' dir='ltr'>αὐτοῦ</span> 
     </span>
    </p>
   </div>
   <div class='ocr_carea' id='block_1_36' title="bbox 226 1626 1017 1663">
    <p class='ocr_par' dir='ltr' id='par_1_36' title="bbox 226 1626 1017 1663">
     <span class='ocr_line' id='line_1_36' title="bbox 226 1626 1017 1663; baseline -0.004 -6"><span class='ocrx_word' id='word_1_251' title='bbox 226 1631 400 1661; x_wconf 80' lang='grc' dir='ltr'>διδάσκοντος</span> <span class='ocrx_word' id='word_1_252' title='bbox 412 1629 502 1661; x_wconf 81' lang='grc' dir='ltr'>πάσας</span> <span class='ocrx_word' id='word_1_253' title='bbox 511 1629 562 1660; x_wconf 77' lang='grc' dir='ltr'>τὰς</span> <span class='ocrx_word' id='word_1_254' title='bbox 573 1627 683 1660; x_wconf 81' lang='grc' dir='ltr'>ἐντολὰς</span> <span class='ocrx_word' id='word_1_255' title='bbox 693 1627 758 1662; x_wconf 83' lang='grc' dir='ltr'>ἄχρι</span> <span class='ocrx_word' id='word_1_256' title='bbox 768 1627 815 1654; x_wconf 80' lang='grc' dir='ltr'>τοῦ</span> <span class='ocrx_word' id='word_1_257' title='bbox 829 1626 1017 1663; x_wconf 78' lang='grc' dir='ltr'>πρωθυπνίου.</span> 
     </span>
    </p>
   </div>
   <div class='ocr_carea' id='block_1_37' title="bbox 234 1669 1020 1708">
    <p class='ocr_par' dir='ltr' id='par_1_37' title="bbox 234 1669 1020 1708">
     <span class='ocr_line' id='line_1_37' title="bbox 234 1669 1020 1708; baseline -0.006 -7"><span class='ocrx_word' id='word_1_258' title='bbox 234 1673 354 1701; x_wconf 77' lang='grc' dir='ltr'>Ἐκεῖθεν</span> <span class='ocrx_word' id='word_1_259' title='bbox 372 1673 405 1708; x_wconf 78' lang='grc' dir='ltr'>δὴ</span> <span class='ocrx_word' id='word_1_260' title='bbox 419 1674 444 1699; x_wconf 89' lang='grc' dir='ltr'>οἰ</span> <span class='ocrx_word' id='word_1_261' title='bbox 460 1672 510 1708; x_wconf 80' lang='grc' dir='ltr'>μὲν</span> <span class='ocrx_word' id='word_1_262' title='bbox 523 1672 569 1699; x_wconf 79' lang='grc' dir='ltr'>ἐπὶ</span> <span class='ocrx_word' id='word_1_263' title='bbox 584 1671 633 1707; x_wconf 79' lang='grc' dir='ltr'>τὴν</span> <span class='ocrx_word' id='word_1_264' title='bbox 647 1671 750 1707; x_wconf 76' lang='grc' dir='ltr'>ἔρημον</span> <span class='ocrx_word' id='word_1_265' title='bbox 763 1670 793 1703; x_wconf 82' lang='grc' dir='ltr'>ἐξ</span> <span class='ocrx_word' id='word_1_266' title='bbox 808 1671 898 1698; x_wconf 88' lang='grc' dir='ltr'>αὐτῶν</span> <span class='ocrx_word' id='word_1_267' title='bbox 917 1669 1020 1705; x_wconf 83' lang='grc' dir='ltr'>ἀνεχώ-</span> 
     </span>
    </p>
   </div>
   <div class='ocr_carea' id='block_1_38' title="bbox 229 1715 1018 1755">
    <p class='ocr_par' dir='ltr' id='par_1_38' title="bbox 229 1715 1018 1755">
     <span class='ocr_line' id='line_1_38' title="bbox 229 1715 1018 1755; baseline -0.005 -9"><span class='ocrx_word' id='word_1_268' title='bbox 229 1728 294 1755; x_wconf 79' lang='grc' dir='ltr'>ρουν</span> <span class='ocrx_word' id='word_1_269' title='bbox 316 1718 545 1754; x_wconf 79' lang='grc' dir='ltr'>ἀποστηθίςοντες</span> <span class='ocrx_word' id='word_1_270' title='bbox 567 1716 616 1748; x_wconf 78' lang='grc' dir='ltr'>τὰς</span> <span class='ocrx_word' id='word_1_271' title='bbox 643 1716 754 1752; x_wconf 76' lang='grc' dir='ltr'>Γραφὰς</span> <span class='ocrx_word' id='word_1_272' title='bbox 770 1716 835 1752; x_wconf 87' lang='grc' dir='ltr'>ὅλην</span> <span class='ocrx_word' id='word_1_273' title='bbox 850 1716 901 1752; x_wconf 83' lang='grc' dir='ltr'>τὴν</span> <span class='ocrx_word' id='word_1_274' title='bbox 917 1715 1018 1742; x_wconf 82' lang='grc' dir='ltr'>νύκτα·</span> 
     </span>
    </p>
   </div>
   <div class='ocr_carea' id='block_1_39' title="bbox 228 1759 1021 1798">
    <p class='ocr_par' dir='ltr' id='par_1_39' title="bbox 228 1759 1021 1798">
     <span class='ocr_line' id='line_1_39' title="bbox 228 1759 1021 1798; baseline -0.006 -7"><span class='ocrx_word' id='word_1_275' title='bbox 228 1765 253 1791; x_wconf 90' lang='grc' dir='ltr'>οἰ</span> <span class='ocrx_word' id='word_1_276' title='bbox 277 1763 306 1790; x_wconf 72' lang='grc' dir='ltr'>δὲ</span> <span class='ocrx_word' id='word_1_277' title='bbox 331 1763 389 1790; x_wconf 81' lang='grc' dir='ltr'>ἐκεῖ</span> <span class='ocrx_word' id='word_1_278' title='bbox 405 1761 643 1798; x_wconf 83' lang='grc' dir='ltr'>προσεκαρτέρουν</span> <span class='ocrx_word' id='word_1_279' title='bbox 672 1760 823 1792; x_wconf 84' lang='grc' dir='ltr'>ἀπαύστοις</span> <span class='ocrx_word' id='word_1_280' title='bbox 856 1760 950 1795; x_wconf 79' lang='grc' dir='ltr'>ὕμνοις</span> <span class='ocrx_word' id='word_1_281' title='bbox 975 1759 1021 1786; x_wconf 80' lang='grc' dir='ltr'>τὸν</span> 
     </span>
    </p>
   </div>
   <div class='ocr_carea' id='block_1_40' title="bbox 229 1803 1022 1842">
    <p class='ocr_par' dir='ltr' id='par_1_40' title="bbox 229 1803 1022 1842">
     <span class='ocr_line' id='line_1_40' title="bbox 229 1803 1022 1842; baseline -0.005 -8"><span class='ocrx_word' id='word_1_282' title='bbox 229 1807 296 1834; x_wconf 82' lang='grc' dir='ltr'>Θεὸν</span> <span class='ocrx_word' id='word_1_283' title='bbox 308 1805 497 1842; x_wconf 77' lang='grc' dir='ltr'>εὐφημοῦντες</span> <span class='ocrx_word' id='word_1_284' title='bbox 510 1806 591 1841; x_wconf 79' lang='grc' dir='ltr'>ἄχρις</span> <span class='ocrx_word' id='word_1_285' title='bbox 602 1805 718 1840; x_wconf 80' lang='grc' dir='ltr'>ἡμέρας,</span> <span class='ocrx_word' id='word_1_286' title='bbox 729 1804 776 1836; x_wconf 84' lang='grc' dir='ltr'>οὓς</span> <span class='ocrx_word' id='word_1_287' title='bbox 792 1803 848 1839; x_wconf 83' lang='grc' dir='ltr'>ἐγὼ</span> <span class='ocrx_word' id='word_1_288' title='bbox 862 1803 942 1835; x_wconf 82' lang='grc' dir='ltr'>αὐτὸς</span> <span class='ocrx_word' id='word_1_289' title='bbox 957 1804 1022 1830; x_wconf 82' lang='grc' dir='ltr'>αὐτ-</span> 
     </span>
    </p>
   </div>
   <div class='ocr_carea' id='block_1_41' title="bbox 231 1847 1022 1886">
    <p class='ocr_par' dir='ltr' id='par_1_41' title="bbox 231 1847 1022 1886">
     <span class='ocr_line' id='line_1_41' title="bbox 231 1847 1022 1886; baseline -0.004 -9"><span class='ocrx_word' id='word_1_290' title='bbox 231 1851 278 1886; x_wconf 65' lang='grc' dir='ltr'>οψῒ.</span> <span class='ocrx_word' id='word_1_291' title='bbox 308 1850 475 1885; x_wconf 74' lang='grc' dir='ltr'>ἐθεασάμην,</span> <span class='ocrx_word' id='word_1_292' title='bbox 500 1849 620 1885; x_wconf 80' lang='grc' dir='ltr'>ἑσπέρας</span> <span class='ocrx_word' id='word_1_293' title='bbox 643 1848 816 1884; x_wconf 79' lang='grc' dir='ltr'>ἀρξαμένους</span> <span class='ocrx_word' id='word_1_294' title='bbox 840 1847 894 1875; x_wconf 91' lang='grc' dir='ltr'>τῶν</span> <span class='ocrx_word' id='word_1_295' title='bbox 911 1847 1022 1883; x_wconf 81' lang='grc' dir='ltr'>ὕμνων,</span> 
     </span>
    </p>
   </div>
   <div class='ocr_carea' id='block_1_42' title="bbox 230 1891 1024 1930">
    <p class='ocr_par' dir='ltr' id='par_1_42' title="bbox 230 1891 1024 1930">
     <span class='ocr_line' id='line_1_42' title="bbox 230 1891 1024 1930; baseline -0.006 -7"><span class='ocrx_word' id='word_1_296' title='bbox 230 1895 280 1923; x_wconf 79' lang='grc' dir='ltr'>καὶ</span> <span class='ocrx_word' id='word_1_297' title='bbox 305 1894 386 1930; x_wconf 86' lang='grc' dir='ltr'>μέχρι</span> <span class='ocrx_word' id='word_1_298' title='bbox 408 1892 481 1929; x_wconf 76' lang='grc' dir='ltr'>πρωϊ</span> <span class='ocrx_word' id='word_1_299' title='bbox 496 1893 527 1920; x_wconf 88' lang='grc' dir='ltr'>οὐ</span> <span class='ocrx_word' id='word_1_300' title='bbox 551 1893 742 1928; x_wconf 82' lang='grc' dir='ltr'>παυσαμένους</span> <span class='ocrx_word' id='word_1_301' title='bbox 757 1894 807 1928; x_wconf 87' lang='grc' dir='ltr'>τῆς</span> <span class='ocrx_word' id='word_1_302' title='bbox 821 1892 903 1928; x_wconf 83' lang='grc' dir='ltr'>ᾠδῆς,</span> <span class='ocrx_word' id='word_1_303' title='bbox 927 1891 1024 1919; x_wconf 78' lang='grc' dir='ltr'>Πολλοὶ</span> 
     </span>
    </p>
   </div>
   <div class='ocr_carea' id='block_1_43' title="bbox 232 1935 1023 1974">
    <p class='ocr_par' dir='ltr' id='par_1_43' title="bbox 232 1935 1023 1974">
     <span class='ocr_line' id='line_1_43' title="bbox 232 1935 1023 1974; baseline -0.006 -8"><span class='ocrx_word' id='word_1_304' title='bbox 232 1939 297 1974; x_wconf 88' lang='grc' dir='ltr'>γοῦν</span> <span class='ocrx_word' id='word_1_305' title='bbox 315 1938 406 1966; x_wconf 78' lang='grc' dir='ltr'>αὐτῶν</span> <span class='ocrx_word' id='word_1_306' title='bbox 431 1937 502 1964; x_wconf 85' lang='grc' dir='ltr'>κατὰ</span> <span class='ocrx_word' id='word_1_307' title='bbox 523 1937 572 1973; x_wconf 76' lang='grc' dir='ltr'>τὴν</span> <span class='ocrx_word' id='word_1_308' title='bbox 588 1937 702 1972; x_wconf 83' lang='grc' dir='ltr'>ὲννάτην</span> <span class='ocrx_word' id='word_1_309' title='bbox 723 1935 798 1972; x_wconf 88' lang='grc' dir='ltr'>ὦραν</span> <span class='ocrx_word' id='word_1_310' title='bbox 821 1936 901 1971; x_wconf 88' lang='grc' dir='ltr'>μόνον</span> <span class='ocrx_word' id='word_1_311' title='bbox 918 1937 1023 1971; x_wconf 84' lang='grc' dir='ltr'>κατήρ-</span> 
     </span>
    </p>
   </div>
   <div class='ocr_carea' id='block_1_44' title="bbox 231 1979 1024 2019">
    <p class='ocr_par' dir='ltr' id='par_1_44' title="bbox 231 1979 1024 2019">
     <span class='ocr_line' id='line_1_44' title="bbox 231 1979 1024 2019; baseline -0.006 -9"><span class='ocrx_word' id='word_1_312' title='bbox 231 1990 310 2019; x_wconf 83' lang='grc' dir='ltr'>χοντο</span> <span class='ocrx_word' id='word_1_313' title='bbox 324 1983 356 2009; x_wconf 81' lang='grc' dir='ltr'>ἐκ</span> <span class='ocrx_word' id='word_1_314' title='bbox 369 1981 417 2008; x_wconf 88' lang='grc' dir='ltr'>τοῦ</span> <span class='ocrx_word' id='word_1_315' title='bbox 438 1981 536 2016; x_wconf 73' lang='grc' dir='ltr'>ὅρους,</span> <span class='ocrx_word' id='word_1_316' title='bbox 553 1980 663 2015; x_wconf 74' lang='grc' dir='ltr'>καὶτῆς</span> <span class='ocrx_word' id='word_1_317' title='bbox 683 1979 860 2016; x_wconf 77' lang='grc' dir='ltr'>εὐχαριστίας</span> <span class='ocrx_word' id='word_1_318' title='bbox 886 1979 1024 2015; x_wconf 87' lang='grc' dir='ltr'>μετελάμ-</span> 
     </span>
    </p>
   </div>
   <div class='ocr_carea' id='block_1_45' title="bbox 233 2024 1024 2061">
    <p class='ocr_par' dir='ltr' id='par_1_45' title="bbox 233 2024 1024 2061">
     <span class='ocr_line' id='line_1_45' title="bbox 233 2024 1024 2061; baseline -0.006 -7"><span class='ocrx_word' id='word_1_319' title='bbox 233 2027 325 2060; x_wconf 73' lang='grc' dir='ltr'>ϐανον,</span> <span class='ocrx_word' id='word_1_320' title='bbox 340 2027 387 2053; x_wconf 75' lang='grc' dir='ltr'>καὶ</span> <span class='ocrx_word' id='word_1_321' title='bbox 399 2026 479 2053; x_wconf 88' lang='grc' dir='ltr'>πάλιν</span> <span class='ocrx_word' id='word_1_322' title='bbox 492 2025 612 2061; x_wconf 76' lang='grc' dir='ltr'>ἀνῄεσαν</span> <span class='ocrx_word' id='word_1_323' title='bbox 625 2024 790 2060; x_wconf 79' lang='grc' dir='ltr'>ἀρκούμενοι</span> <span class='ocrx_word' id='word_1_324' title='bbox 805 2025 836 2059; x_wconf 82' lang='grc' dir='ltr'>τῇ</span> <span class='ocrx_word' id='word_1_325' title='bbox 851 2024 1024 2058; x_wconf 80' lang='grc' dir='ltr'>πνευματικῇ</span> 
     </span>
    </p>
   </div>
   <div class='ocr_carea' id='block_1_46' title="bbox 238 2067 1025 2106">
    <p class='ocr_par' dir='ltr' id='par_1_46' title="bbox 238 2067 1025 2106">
     <span class='ocr_line' id='line_1_46' title="bbox 238 2067 1025 2106; baseline -0.005 -9"><span class='ocrx_word' id='word_1_326' title='bbox 238 2070 308 2106; x_wconf 81' lang='grc' dir='ltr'>μόνῃ</span> <span class='ocrx_word' id='word_1_327' title='bbox 324 2071 412 2106; x_wconf 78' lang='grc' dir='ltr'>τροφῇ</span> <span class='ocrx_word' id='word_1_328' title='bbox 426 2070 506 2105; x_wconf 81' lang='grc' dir='ltr'>άχρις</span> <span class='ocrx_word' id='word_1_329' title='bbox 526 2069 610 2104; x_wconf 75' lang='grc' dir='ltr'>ἄλλης</span> <span class='ocrx_word' id='word_1_330' title='bbox 632 2068 756 2103; x_wconf 77' lang='grc' dir='ltr'>ἐννάτης.</span> <span class='ocrx_word' id='word_1_331' title='bbox 773 2068 858 2094; x_wconf 85' lang='grc' dir='ltr'>Τοῦτο</span> <span class='ocrx_word' id='word_1_332' title='bbox 873 2067 901 2094; x_wconf 71' lang='grc' dir='ltr'>δὲ</span> <span class='ocrx_word' id='word_1_333' title='bbox 916 2067 1025 2094; x_wconf 77' lang='grc' dir='ltr'>ἐποίουν</span> 
     </span>
    </p>
   </div>
   <div class='ocr_carea' id='block_1_47' title="bbox 234 2110 1026 2148">
    <p class='ocr_par' dir='ltr' id='par_1_47' title="bbox 234 2110 1026 2148">
     <span class='ocr_line' id='line_1_47' title="bbox 234 2110 1026 2148; baseline -0.005 -7"><span class='ocrx_word' id='word_1_334' title='bbox 234 2115 328 2142; x_wconf 78' lang='grc' dir='ltr'>πολλοὶ</span> <span class='ocrx_word' id='word_1_335' title='bbox 343 2114 375 2147; x_wconf 79' lang='grc' dir='ltr'>ἐξ</span> <span class='ocrx_word' id='word_1_336' title='bbox 395 2114 485 2140; x_wconf 86' lang='grc' dir='ltr'>αὐτῶν</span> <span class='ocrx_word' id='word_1_337' title='bbox 506 2113 554 2140; x_wconf 75' lang='grc' dir='ltr'>ἐπὶ</span> <span class='ocrx_word' id='word_1_338' title='bbox 578 2112 680 2144; x_wconf 68' lang='grc' dir='ltr'>πολλὰς</span> <span class='ocrx_word' id='word_1_339' title='bbox 699 2112 815 2148; x_wconf 82' lang='grc' dir='ltr'>ἡμέρας.</span> <span class='ocrx_word' id='word_1_340' title='bbox 836 2110 892 2138; x_wconf 83' lang='grc' dir='ltr'>Ἦν</span> <span class='ocrx_word' id='word_1_341' title='bbox 908 2111 937 2138; x_wconf 77' lang='grc' dir='ltr'>δὲ</span> <span class='ocrx_word' id='word_1_342' title='bbox 962 2110 1026 2137; x_wconf 87' lang='grc' dir='ltr'>ἰδεῖν</span> 
     </span>
    </p>
   </div>
   <div class='ocr_carea' id='block_1_48' title="bbox 235 2154 1027 2192">
    <p class='ocr_par' dir='ltr' id='par_1_48' title="bbox 235 2154 1027 2192">
     <span class='ocr_line' id='line_1_48' title="bbox 235 2154 1027 2192; baseline -0.006 -6"><span class='ocrx_word' id='word_1_343' title='bbox 235 2159 333 2190; x_wconf 80' lang='grc' dir='ltr'>αὐτοὺς</span> <span class='ocrx_word' id='word_1_344' title='bbox 347 2157 570 2192; x_wconf 84' lang='grc' dir='ltr'>ἀγαλλιωμένους</span> <span class='ocrx_word' id='word_1_345' title='bbox 585 2156 657 2183; x_wconf 74' lang='grc' dir='ltr'>κατὰ</span> <span class='ocrx_word' id='word_1_346' title='bbox 671 2155 720 2190; x_wconf 83' lang='grc' dir='ltr'>τὴν</span> <span class='ocrx_word' id='word_1_347' title='bbox 735 2155 848 2190; x_wconf 74' lang='grc' dir='ltr'>ἔρημον.</span> <span class='ocrx_word' id='word_1_348' title='bbox 864 2155 921 2182; x_wconf 85' lang='grc' dir='ltr'>Οὐκ</span> <span class='ocrx_word' id='word_1_349' title='bbox 937 2154 970 2182; x_wconf 77' lang='grc' dir='ltr'>ἄν</span> <span class='ocrx_word' id='word_1_350' title='bbox 985 2163 1027 2186; x_wconf 89' lang='grc' dir='ltr'>τις</span> 
     </span>
    </p>
   </div>
   <div class='ocr_carea' id='block_1_49' title="bbox 236 2199 1026 2237">
    <p class='ocr_par' dir='ltr' id='par_1_49' title="bbox 236 2199 1026 2237">
     <span class='ocr_line' id='line_1_49' title="bbox 236 2199 1026 2237; baseline -0.005 -7"><span class='ocrx_word' id='word_1_351' title='bbox 236 2204 308 2230; x_wconf 85' lang='grc' dir='ltr'>εῖποι</span> <span class='ocrx_word' id='word_1_352' title='bbox 337 2204 382 2229; x_wconf 80' lang='grc' dir='ltr'>ἐπὶ</span> <span class='ocrx_word' id='word_1_353' title='bbox 411 2201 461 2237; x_wconf 79' lang='grc' dir='ltr'>τὴν</span> <span class='ocrx_word' id='word_1_354' title='bbox 487 2202 539 2236; x_wconf 86' lang='grc' dir='ltr'>γῆν</span> <span class='ocrx_word' id='word_1_355' title='bbox 563 2200 665 2236; x_wconf 88' lang='grc' dir='ltr'>ταύτην</span> <span class='ocrx_word' id='word_1_356' title='bbox 696 2200 823 2235; x_wconf 82' lang='grc' dir='ltr'>τοιαύτην</span> <span class='ocrx_word' id='word_1_357' title='bbox 848 2199 1026 2234; x_wconf 82' lang='grc' dir='ltr'>ἀγαλλίασιν,</span> 
     </span>
    </p>
   </div>
   <div class='ocr_carea' id='block_1_50' title="bbox 236 2242 1066 2281">
    <p class='ocr_par' dir='ltr' id='par_1_50' title="bbox 236 2242 1066 2281">
     <span class='ocr_line' id='line_1_50' title="bbox 236 2242 1066 2281; baseline -0.007 -6"><span class='ocrx_word' id='word_1_358' title='bbox 236 2247 297 2275; x_wconf 81' lang='grc' dir='ltr'>οὐδὲ</span> <span class='ocrx_word' id='word_1_359' title='bbox 312 2246 483 2281; x_wconf 81' lang='grc' dir='ltr'>εὐφροσύνην</span> <span class='ocrx_word' id='word_1_360' title='bbox 501 2244 671 2280; x_wconf 83' lang='grc' dir='ltr'>σωματικήν.</span> <span class='ocrx_word' id='word_1_361' title='bbox 687 2244 756 2272; x_wconf 81' lang='grc' dir='ltr'>Οὐδὲ</span> <span class='ocrx_word' id='word_1_362' title='bbox 773 2244 885 2278; x_wconf 81' lang='grc' dir='ltr'>στυγνὸς</span> <span class='ocrx_word' id='word_1_363' title='bbox 904 2243 920 2280; x_wconf 89' lang='grc' dir='ltr'>ἦ</span> <span class='ocrx_word' id='word_1_364' title='bbox 943 2252 1029 2278; x_wconf 85' lang='grc' dir='ltr'>κατη-</span> <span class='ocrx_word' id='word_1_365' title='bbox 1044 2242 1066 2269; x_wconf 80' lang='grc' dir='ltr'><strong>Β</strong></span> 
     </span>
    </p>
   </div>
   <div class='ocr_carea' id='block_1_51' title="bbox 237 2289 1030 2328">
    <p class='ocr_par' dir='ltr' id='par_1_51' title="bbox 237 2289 1030 2328">
     <span class='ocr_line' id='line_1_51' title="bbox 237 2289 1030 2328; baseline -0.004 -10"><span class='ocrx_word' id='word_1_366' title='bbox 237 2292 291 2328; x_wconf 81' lang='grc' dir='ltr'>φής</span> <span class='ocrx_word' id='word_1_367' title='bbox 307 2300 350 2323; x_wconf 90' lang='grc' dir='ltr'>τις</span> <span class='ocrx_word' id='word_1_368' title='bbox 364 2289 397 2327; x_wconf 79' lang='grc' dir='ltr'>ἦν</span> <span class='ocrx_word' id='word_1_369' title='bbox 412 2291 440 2317; x_wconf 86' lang='grc' dir='ltr'>ἐν</span> <span class='ocrx_word' id='word_1_370' title='bbox 453 2291 544 2322; x_wconf 86' lang='grc' dir='ltr'>αὐτοῖς</span> <span class='ocrx_word' id='word_1_371' title='bbox 554 2298 561 2305; x_wconf 91' lang='grc'><strong>·</strong></span> <span class='ocrx_word' id='word_1_372' title='bbox 577 2289 635 2316; x_wconf 83' lang='grc' dir='ltr'>ἀλλ’</span> <span class='ocrx_word' id='word_1_373' title='bbox 647 2289 723 2321; x_wconf 84' lang='grc' dir='ltr'>εῐτίς</span> <span class='ocrx_word' id='word_1_374' title='bbox 738 2297 789 2316; x_wconf 87' lang='grc' dir='ltr'>που</span> <span class='ocrx_word' id='word_1_375' title='bbox 807 2290 854 2316; x_wconf 76' lang='grc' dir='ltr'>καὶ</span> <span class='ocrx_word' id='word_1_376' title='bbox 872 2289 1030 2324; x_wconf 70' lang='grc' dir='ltr'>στυγνάζων</span> 
     </span>
    </p>
   </div>
   <div class='ocr_carea' id='block_1_52' title="bbox 237 2332 1030 2372">
    <p class='ocr_par' dir='ltr' id='par_1_52' title="bbox 237 2332 1030 2372">
     <span class='ocr_line' id='line_1_52' title="bbox 237 2332 1030 2372; baseline -0.005 -9"><span class='ocrx_word' id='word_1_377' title='bbox 237 2337 335 2372; x_wconf 77' lang='grc' dir='ltr'>ἐφάνη,</span> <span class='ocrx_word' id='word_1_378' title='bbox 350 2335 431 2366; x_wconf 83' lang='grc' dir='ltr'>εὐθὺς</span> <span class='ocrx_word' id='word_1_379' title='bbox 450 2333 565 2361; x_wconf 80' lang='grc' dir='ltr'>ἐπύθετο</span> <span class='ocrx_word' id='word_1_380' title='bbox 583 2333 649 2369; x_wconf 85' lang='grc' dir='ltr'>παρ’</span> <span class='ocrx_word' id='word_1_381' title='bbox 668 2333 751 2360; x_wconf 83' lang='grc' dir='ltr'>αὐτοῦ</span> <span class='ocrx_word' id='word_1_382' title='bbox 767 2334 781 2359; x_wconf 86' lang='grc' dir='ltr'>ό</span> <span class='ocrx_word' id='word_1_383' title='bbox 797 2334 888 2369; x_wconf 86' lang='grc' dir='ltr'>πατὴρ</span> <span class='ocrx_word' id='word_1_384' title='bbox 909 2332 1030 2360; x_wconf 80' lang='grc' dir='ltr'>Ἀπολλὼ</span> 
     </span>
    </p>
   </div>
   <div class='ocr_carea' id='block_1_53' title="bbox 239 2377 1030 2415">
    <p class='ocr_par' dir='ltr' id='par_1_53' title="bbox 239 2377 1030 2415">
     <span class='ocr_line' id='line_1_53' title="bbox 239 2377 1030 2415; baseline -0.005 -8"><span class='ocrx_word' id='word_1_385' title='bbox 239 2382 288 2415; x_wconf 85' lang='grc' dir='ltr'>τὴν</span> <span class='ocrx_word' id='word_1_386' title='bbox 303 2379 404 2412; x_wconf 81' lang='grc' dir='ltr'>αἰτίαν,</span> <span class='ocrx_word' id='word_1_387' title='bbox 423 2378 471 2406; x_wconf 79' lang='grc' dir='ltr'>καὶ</span> <span class='ocrx_word' id='word_1_388' title='bbox 485 2378 520 2405; x_wconf 83' lang='grc' dir='ltr'>τὰ</span> <span class='ocrx_word' id='word_1_389' title='bbox 537 2379 565 2404; x_wconf 78' lang='grc' dir='ltr'>ὲν</span> <span class='ocrx_word' id='word_1_390' title='bbox 584 2378 624 2413; x_wconf 87' lang='grc' dir='ltr'>τῷ</span> <span class='ocrx_word' id='word_1_391' title='bbox 638 2377 752 2411; x_wconf 80' lang='grc' dir='ltr'>κρυπτῷ</span> <span class='ocrx_word' id='word_1_392' title='bbox 766 2377 815 2412; x_wconf 87' lang='grc' dir='ltr'>τῆς</span> <span class='ocrx_word' id='word_1_393' title='bbox 833 2378 946 2413; x_wconf 83' lang='grc' dir='ltr'>καρδίας</span> <span class='ocrx_word' id='word_1_394' title='bbox 965 2377 1030 2404; x_wconf 80' lang='grc' dir='ltr'>ἐκά-</span> 
     </span>
    </p>
   </div>
   <div class='ocr_carea' id='block_1_54' title="bbox 241 2421 1032 2458">
    <p class='ocr_par' dir='ltr' id='par_1_54' title="bbox 241 2421 1032 2458">
     <span class='ocr_line' id='line_1_54' title="bbox 241 2421 1032 2458; baseline -0.001 -8"><span class='ocrx_word' id='word_1_395' title='bbox 241 2432 303 2451; x_wconf 86' lang='grc' dir='ltr'>στου</span> <span class='ocrx_word' id='word_1_396' title='bbox 323 2423 489 2458; x_wconf 85' lang='grc' dir='ltr'>ἀπήγγελεν.</span> <span class='ocrx_word' id='word_1_397' title='bbox 508 2421 607 2456; x_wconf 84' lang='grc' dir='ltr'>Ἔλεγε</span> <span class='ocrx_word' id='word_1_398' title='bbox 620 2421 659 2448; x_wconf 83' lang='grc' dir='ltr'>δέ·</span> <span class='ocrx_word' id='word_1_399' title='bbox 677 2422 715 2448; x_wconf 90' lang='grc' dir='ltr'>Οὐ</span> <span class='ocrx_word' id='word_1_400' title='bbox 731 2421 784 2457; x_wconf 86' lang='grc' dir='ltr'>χρὴ</span> <span class='ocrx_word' id='word_1_401' title='bbox 810 2421 969 2456; x_wconf 81' lang='grc' dir='ltr'>στυγνάζειν</span> <span class='ocrx_word' id='word_1_402' title='bbox 985 2422 1032 2449; x_wconf 75' lang='grc' dir='ltr'>ἐπὶ</span> 
     </span>
    </p>
   </div>
   <div class='ocr_carea' id='block_1_55' title="bbox 216 2467 1032 2505">
    <p class='ocr_par' dir='ltr' id='par_1_55' title="bbox 216 2467 1032 2505">
     <span class='ocr_line' id='line_1_55' title="bbox 216 2467 1032 2505; baseline -0.004 -9"><span class='ocrx_word' id='word_1_403' title='bbox 216 2468 219 2469; x_wconf 51' lang='grc'><strong><em>⁷</em></strong></span> <span class='ocrx_word' id='word_1_404' title='bbox 240 2470 275 2505; x_wconf 83' lang='grc' dir='ltr'>τῇ</span> <span class='ocrx_word' id='word_1_405' title='bbox 292 2468 415 2505; x_wconf 76' lang='grc' dir='ltr'>σωτηρίᾳ</span> <span class='ocrx_word' id='word_1_406' title='bbox 439 2468 586 2503; x_wconf 81' lang='grc' dir='ltr'>μέλλοντας</span> <span class='ocrx_word' id='word_1_407' title='bbox 607 2467 747 2502; x_wconf 84' lang='grc' dir='ltr'>βασιλείαν</span> <span class='ocrx_word' id='word_1_408' title='bbox 763 2467 886 2503; x_wconf 81' lang='grc' dir='ltr'>οὐρανῶν</span> <span class='ocrx_word' id='word_1_409' title='bbox 903 2467 1032 2503; x_wconf 80' lang='grc' dir='ltr'>κληρονο-</span> 
     </span>
    </p>
   </div>
   <div class='ocr_carea' id='block_1_56' title="bbox 243 2511 1032 2549">
    <p class='ocr_par' dir='ltr' id='par_1_56' title="bbox 243 2511 1032 2549">
     <span class='ocr_line' id='line_1_56' title="bbox 243 2511 1032 2549; baseline -0.004 -8"><span class='ocrx_word' id='word_1_410' title='bbox 243 2516 314 2549; x_wconf 85' lang='grc' dir='ltr'>μεῖν.</span> <span class='ocrx_word' id='word_1_411' title='bbox 329 2514 516 2548; x_wconf 76' lang='grc' dir='ltr'>Στυγνάζουσι</span> <span class='ocrx_word' id='word_1_412' title='bbox 532 2513 581 2548; x_wconf 75' lang='grc' dir='ltr'>μὲν</span> <span class='ocrx_word' id='word_1_413' title='bbox 591 2533 598 2546; x_wconf 88' lang='grc'>,</span> <span class='ocrx_word' id='word_1_414' title='bbox 614 2513 706 2548; x_wconf 80' lang='grc' dir='ltr'>φησὶν,</span> <span class='ocrx_word' id='word_1_415' title='bbox 726 2511 867 2548; x_wconf 84' lang='grc' dir='ltr'>Ἕλληνες,</span> <span class='ocrx_word' id='word_1_416' title='bbox 885 2512 1032 2540; x_wconf 85' lang='grc' dir='ltr'>κλαύσουσι</span> 
     </span>
    </p>
   </div>
   <div class='ocr_carea' id='block_1_57' title="bbox 242 2556 1033 2593">
    <p class='ocr_par' dir='ltr' id='par_1_57' title="bbox 242 2556 1033 2593">
     <span class='ocr_line' id='line_1_57' title="bbox 242 2556 1033 2593; baseline -0.003 -8"><span class='ocrx_word' id='word_1_417' title='bbox 242 2559 271 2585; x_wconf 80' lang='grc' dir='ltr'>δὲ</span> <span class='ocrx_word' id='word_1_418' title='bbox 290 2558 421 2591; x_wconf 85' lang='grc' dir='ltr'>Ἰουδαῖοι,</span> <span class='ocrx_word' id='word_1_419' title='bbox 440 2557 606 2592; x_wconf 81' lang='grc' dir='ltr'>πενθήσουσι</span> <span class='ocrx_word' id='word_1_420' title='bbox 622 2557 651 2584; x_wconf 74' lang='grc' dir='ltr'>δὲ</span> <span class='ocrx_word' id='word_1_421' title='bbox 667 2557 842 2593; x_wconf 75' lang='grc' dir='ltr'>ἁμαρτωλοὶ,</span> <span class='ocrx_word' id='word_1_422' title='bbox 855 2557 880 2583; x_wconf 76' lang='grc' dir='ltr'>οἰ</span> <span class='ocrx_word' id='word_1_423' title='bbox 891 2557 920 2583; x_wconf 79' lang='grc' dir='ltr'>δὲ</span> <span class='ocrx_word' id='word_1_424' title='bbox 933 2556 1033 2583; x_wconf 87' lang='grc' dir='ltr'>δίκαιοι</span> 
     </span>
    </p>
   </div>
   <div class='ocr_carea' id='block_1_58' title="bbox 243 2601 1032 2639">
    <p class='ocr_par' dir='ltr' id='par_1_58' title="bbox 243 2601 1032 2639">
     <span class='ocr_line' id='line_1_58' title="bbox 243 2601 1032 2639; baseline -0.003 -9"><span class='ocrx_word' id='word_1_425' title='bbox 243 2603 500 2639; x_wconf 78' lang='grc' dir='ltr'>εὐφρανθήσονται,</span> <span class='ocrx_word' id='word_1_426' title='bbox 520 2602 569 2630; x_wconf 76' lang='grc' dir='ltr'>καὶ</span> <span class='ocrx_word' id='word_1_427' title='bbox 589 2603 613 2628; x_wconf 85' lang='grc' dir='ltr'>οἰ</span> <span class='ocrx_word' id='word_1_428' title='bbox 638 2602 672 2630; x_wconf 81' lang='grc' dir='ltr'>τὰ</span> <span class='ocrx_word' id='word_1_429' title='bbox 691 2603 773 2637; x_wconf 85' lang='grc' dir='ltr'>γήϊνα</span> <span class='ocrx_word' id='word_1_430' title='bbox 797 2603 845 2637; x_wconf 81' lang='grc' dir='ltr'>μὲν</span> <span class='ocrx_word' id='word_1_431' title='bbox 871 2601 1032 2638; x_wconf 79' lang='grc' dir='ltr'>φρονοῦντες</span> 
     </span>
    </p>
   </div>
   <div class='ocr_carea' id='block_1_59' title="bbox 243 2646 1034 2682">
    <p class='ocr_par' dir='ltr' id='par_1_59' title="bbox 243 2646 1034 2682">
     <span class='ocr_line' id='line_1_59' title="bbox 243 2646 1034 2682; baseline -0.003 -8"><span class='ocrx_word' id='word_1_432' title='bbox 243 2648 290 2675; x_wconf 75' lang='grc' dir='ltr'>ἐπὶ</span> <span class='ocrx_word' id='word_1_433' title='bbox 299 2648 356 2680; x_wconf 90' lang='grc' dir='ltr'>τοῖς</span> <span class='ocrx_word' id='word_1_434' title='bbox 367 2647 473 2682; x_wconf 77' lang='grc' dir='ltr'>γηῖνοις</span> <span class='ocrx_word' id='word_1_435' title='bbox 484 2647 686 2682; x_wconf 78' lang='grc' dir='ltr'>εὐφραίνονται,</span> <span class='ocrx_word' id='word_1_436' title='bbox 700 2647 779 2681; x_wconf 80' lang='grc' dir='ltr'>ἡμεῖς</span> <span class='ocrx_word' id='word_1_437' title='bbox 791 2646 819 2673; x_wconf 80' lang='grc' dir='ltr'>δὲ</span> <span class='ocrx_word' id='word_1_438' title='bbox 829 2647 854 2673; x_wconf 86' lang='grc' dir='ltr'>οῖ</span> <span class='ocrx_word' id='word_1_439' title='bbox 867 2646 1034 2682; x_wconf 81' lang='grc' dir='ltr'>τηλικαύτης</span> 
     </span>
    </p>
   </div>
   <div class='ocr_carea' id='block_1_60' title="bbox 243 2691 1036 2727">
    <p class='ocr_par' dir='ltr' id='par_1_60' title="bbox 243 2691 1036 2727">
     <span class='ocr_line' id='line_1_60' title="bbox 243 2691 1036 2727; baseline -0.003 -8"><span class='ocrx_word' id='word_1_440' title='bbox 243 2692 350 2724; x_wconf 80' lang='grc' dir='ltr'>ἐλπίδος</span> <span class='ocrx_word' id='word_1_441' title='bbox 361 2692 575 2726; x_wconf 75' lang='grc' dir='ltr'>καταξιωθέντες</span> <span class='ocrx_word' id='word_1_442' title='bbox 586 2712 594 2724; x_wconf 91' lang='grc'>,</span> <span class='ocrx_word' id='word_1_443' title='bbox 611 2692 668 2724; x_wconf 84' lang='grc' dir='ltr'>πῶς</span> <span class='ocrx_word' id='word_1_444' title='bbox 683 2692 744 2727; x_wconf 80' lang='grc' dir='ltr'>οὐχὶ</span> <span class='ocrx_word' id='word_1_445' title='bbox 758 2691 905 2723; x_wconf 81' lang='grc' dir='ltr'>διαπαντὸς</span> <span class='ocrx_word' id='word_1_446' title='bbox 921 2691 1036 2726; x_wconf 69' lang='grc' dir='ltr'>εὐφραι-</span> 
     </span>
    </p>
   </div>
   <div class='ocr_carea' id='block_1_61' title="bbox 243 2735 1035 2771">
    <p class='ocr_par' dir='ltr' id='par_1_61' title="bbox 243 2735 1035 2771">
     <span class='ocr_line' id='line_1_61' title="bbox 243 2735 1035 2771; baseline 0 -10"><span class='ocrx_word' id='word_1_447' title='bbox 243 2736 364 2771; x_wconf 80' lang='grc' dir='ltr'>νώμεθα,</span> <span class='ocrx_word' id='word_1_448' title='bbox 380 2736 428 2762; x_wconf 85' lang='grc' dir='ltr'>τοῦ</span> <span class='ocrx_word' id='word_1_449' title='bbox 447 2736 608 2763; x_wconf 75' lang='grc' dir='ltr'>’Δποστόλου</span> <span class='ocrx_word' id='word_1_450' title='bbox 621 2736 695 2770; x_wconf 88' lang='grc' dir='ltr'>ὴμᾶς</span> <span class='ocrx_word' id='word_1_451' title='bbox 708 2735 906 2771; x_wconf 77' lang='grc' dir='ltr'>παρορμῶντος</span> <span class='ocrx_word' id='word_1_452' title='bbox 919 2735 1035 2762; x_wconf 87' lang='grc' dir='ltr'>πάντοτε</span> 
     </span>
    </p>
   </div>
   <div class='ocr_carea' id='block_1_62' title="bbox 244 2780 1036 2816">
    <p class='ocr_par' dir='ltr' id='par_1_62' title="bbox 244 2780 1036 2816">
     <span class='ocr_line' id='line_1_62' title="bbox 244 2780 1036 2816; baseline 0 -10"><span class='ocrx_word' id='word_1_453' title='bbox 244 2780 351 2814; x_wconf 85' lang='grc' dir='ltr'>χαίρειν</span> <span class='ocrx_word' id='word_1_454' title='bbox 361 2800 368 2812; x_wconf 94' lang='grc'>,</span> <span class='ocrx_word' id='word_1_455' title='bbox 384 2781 565 2812; x_wconf 80' lang='grc' dir='ltr'>ἀδιαλείπτως</span> <span class='ocrx_word' id='word_1_456' title='bbox 581 2780 797 2816; x_wconf 83' lang='grc' dir='ltr'>προσεύχεσθαι,</span> <span class='ocrx_word' id='word_1_457' title='bbox 813 2781 841 2807; x_wconf 82' lang='grc' dir='ltr'>έν</span> <span class='ocrx_word' id='word_1_458' title='bbox 858 2781 940 2808; x_wconf 74' lang='grc' dir='ltr'>παντὶ</span> <span class='ocrx_word' id='word_1_459' title='bbox 955 2780 1036 2815; x_wconf 87' lang='grc' dir='ltr'>εὐχα-</span> 
     </span>
    </p>
   </div>
   <div class='ocr_carea' id='block_1_63' title="bbox 246 2824 1035 2862">
    <p class='ocr_par' dir='ltr' id='par_1_63' title="bbox 246 2824 1035 2862">
     <span class='ocr_line' id='line_1_63' title="bbox 246 2824 1035 2862; baseline 0.003 -13"><span class='ocrx_word' id='word_1_460' title='bbox 246 2825 365 2858; x_wconf 79' lang='grc' dir='ltr'>ριστεῖν;</span> <span class='ocrx_word' id='word_1_461' title='bbox 379 2824 411 2850; x_wconf 89' lang='grc' dir='ltr'>Τί</span> <span class='ocrx_word' id='word_1_462' title='bbox 424 2825 445 2850; x_wconf 83' lang='grc' dir='ltr'>δ’</span> <span class='ocrx_word' id='word_1_463' title='bbox 458 2825 490 2852; x_wconf 77' lang='grc' dir='ltr'>ἄν</span> <span class='ocrx_word' id='word_1_464' title='bbox 501 2834 544 2857; x_wconf 90' lang='grc' dir='ltr'>τις</span> <span class='ocrx_word' id='word_1_465' title='bbox 558 2826 630 2852; x_wconf 78' lang='grc' dir='ltr'>εῖποι</span> <span class='ocrx_word' id='word_1_466' title='bbox 645 2825 694 2861; x_wconf 78' lang='grc' dir='ltr'>τὴν</span> <span class='ocrx_word' id='word_1_467' title='bbox 706 2826 735 2852; x_wconf 76' lang='grc' dir='ltr'>ἐν</span> <span class='ocrx_word' id='word_1_468' title='bbox 747 2825 836 2860; x_wconf 70' lang='grc' dir='ltr'>λόγοις</span> <span class='ocrx_word' id='word_1_469' title='bbox 847 2826 930 2853; x_wconf 85' lang='grc' dir='ltr'>αὐτοῦ</span> <span class='ocrx_word' id='word_1_470' title='bbox 943 2827 1035 2862; x_wconf 84' lang='grc' dir='ltr'>χάριν,</span> 
     </span>
    </p>
   </div>
   <div class='ocr_carea' id='block_1_64' title="bbox 247 2865 1036 2906">
    <p class='ocr_par' dir='ltr' id='par_1_64' title="bbox 247 2865 1036 2906">
     <span class='ocr_line' id='line_1_64' title="bbox 247 2865 1036 2906; baseline 0.009 -15"><span class='ocrx_word' id='word_1_471' title='bbox 247 2865 295 2892; x_wconf 75' lang='grc' dir='ltr'>καὶ</span> <span class='ocrx_word' id='word_1_472' title='bbox 309 2866 359 2898; x_wconf 81' lang='grc' dir='ltr'>τὰς</span> <span class='ocrx_word' id='word_1_473' title='bbox 371 2866 468 2900; x_wconf 83' lang='grc' dir='ltr'>λοιπὰς</span> <span class='ocrx_word' id='word_1_474' title='bbox 484 2869 566 2896; x_wconf 81' lang='grc' dir='ltr'>αὐτοῦ</span> <span class='ocrx_word' id='word_1_475' title='bbox 578 2869 690 2905; x_wconf 79' lang='grc' dir='ltr'>ἀρετὰς,</span> <span class='ocrx_word' id='word_1_476' title='bbox 711 2869 744 2902; x_wconf 76' lang='grc' dir='ltr'>ἃς</span> <span class='ocrx_word' id='word_1_477' title='bbox 762 2870 786 2897; x_wconf 88' lang='grc' dir='ltr'>δι</span> <span class='ocrx_word' id='word_1_478' title='bbox 803 2870 956 2906; x_wconf 76' lang='grc' dir='ltr'>ὑπερῦολην</span> <span class='ocrx_word' id='word_1_479' title='bbox 972 2870 1036 2898; x_wconf 78' lang='grc' dir='ltr'>θαύ-</span> 
     </span>
    </p>
   </div>
   <div class='ocr_carea' id='block_1_65' title="bbox 1055 260 1316 296">
    <p class='ocr_par' dir='ltr' id='par_1_65' title="bbox 1055 260 1316 296">
     <span class='ocr_line' id='line_1_65' title="bbox 1055 260 1316 296; baseline 0.008 -9"><span class='ocrx_word' id='word_1_480' title='bbox 1055 260 1143 288; x_wconf 76' lang='grc' dir='ltr'>ᾶλλων</span> <span class='ocrx_word' id='word_1_481' title='bbox 1157 261 1316 296; x_wconf 80' lang='grc' dir='ltr'>ἀκούοντες;</span> 
     </span>
    </p>
   </div>
   <div class='ocr_carea' id='block_1_66' title="bbox 1091 304 1850 343">
    <p class='ocr_par' dir='ltr' id='par_1_66' title="bbox 1091 304 1850 343">
     <span class='ocr_line' id='line_1_66' title="bbox 1091 304 1850 343; baseline 0.001 -11"><span class='ocrx_word' id='word_1_482' title='bbox 1091 304 1180 333; x_wconf 81' lang='grc' dir='ltr'>Πολλά</span> <span class='ocrx_word' id='word_1_483' title='bbox 1194 306 1222 333; x_wconf 76' lang='grc' dir='ltr'>δὲ</span> <span class='ocrx_word' id='word_1_484' title='bbox 1238 308 1303 343; x_wconf 81' lang='grc' dir='ltr'>περὶ</span> <span class='ocrx_word' id='word_1_485' title='bbox 1318 308 1463 343; x_wconf 84' lang='grc' dir='ltr'>ἀσκήσεως</span> <span class='ocrx_word' id='word_1_486' title='bbox 1481 307 1529 335; x_wconf 77' lang='grc' dir='ltr'>καὶ</span> <span class='ocrx_word' id='word_1_487' title='bbox 1550 307 1687 339; x_wconf 83' lang='grc' dir='ltr'>πολιτείας</span> <span class='ocrx_word' id='word_1_488' title='bbox 1701 307 1769 342; x_wconf 83' lang='grc' dir='ltr'>ἡμῖν</span> <span class='ocrx_word' id='word_1_489' title='bbox 1790 306 1850 333; x_wconf 84' lang='grc' dir='ltr'>δια-</span> 
     </span>
    </p>
   </div>
   <div class='ocr_carea' id='block_1_67' title="bbox 1055 348 1848 386">
    <p class='ocr_par' dir='ltr' id='par_1_67' title="bbox 1055 348 1848 386">
     <span class='ocr_line' id='line_1_67' title="bbox 1055 348 1848 386; baseline 0.001 -11"><span class='ocrx_word' id='word_1_490' title='bbox 1055 348 1161 384; x_wconf 76' lang='grc' dir='ltr'>λεχθεὶς</span> <span class='ocrx_word' id='word_1_491' title='bbox 1176 351 1247 377; x_wconf 84' lang='grc' dir='ltr'>κατὰ</span> <span class='ocrx_word' id='word_1_492' title='bbox 1262 351 1345 386; x_wconf 88' lang='grc' dir='ltr'>μόνας</span> <span class='ocrx_word' id='word_1_493' title='bbox 1358 351 1500 383; x_wconf 75' lang='grc' dir='ltr'>πολλάκις,</span> <span class='ocrx_word' id='word_1_494' title='bbox 1515 352 1562 378; x_wconf 80' lang='grc' dir='ltr'>καὶ</span> <span class='ocrx_word' id='word_1_495' title='bbox 1577 350 1642 384; x_wconf 81' lang='grc' dir='ltr'>περί</span> <span class='ocrx_word' id='word_1_496' title='bbox 1650 351 1701 385; x_wconf 83' lang='grc' dir='ltr'>τῆς</span> <span class='ocrx_word' id='word_1_497' title='bbox 1713 349 1848 385; x_wconf 82' lang='grc' dir='ltr'>ὑποδοχῆς</span> 
     </span>
    </p>
   </div>
   <div class='ocr_carea' id='block_1_68' title="bbox 1055 394 1848 430">
    <p class='ocr_par' dir='ltr' id='par_1_68' title="bbox 1055 394 1848 430">
     <span class='ocr_line' id='line_1_68' title="bbox 1055 394 1848 430; baseline -0.001 -9"><span class='ocrx_word' id='word_1_498' title='bbox 1055 394 1110 421; x_wconf 85' lang='grc' dir='ltr'>τῶν</span> <span class='ocrx_word' id='word_1_499' title='bbox 1126 394 1259 429; x_wconf 82' lang='grc' dir='ltr'>ἀδελφῶν,</span> <span class='ocrx_word' id='word_1_500' title='bbox 1275 395 1378 429; x_wconf 77' lang='grc' dir='ltr'>ἔλεγεν,</span> <span class='ocrx_word' id='word_1_501' title='bbox 1395 395 1437 423; x_wconf 74' lang='grc' dir='ltr'>ὅτι</span> <span class='ocrx_word' id='word_1_502' title='bbox 1449 395 1490 422; x_wconf 89' lang='grc' dir='ltr'>δεῖ</span> <span class='ocrx_word' id='word_1_503' title='bbox 1504 395 1669 430; x_wconf 76' lang='grc' dir='ltr'>ἐρχομένους</span> <span class='ocrx_word' id='word_1_504' title='bbox 1688 394 1751 425; x_wconf 77' lang='grc' dir='ltr'>τοὺς</span> <span class='ocrx_word' id='word_1_505' title='bbox 1767 394 1848 420; x_wconf 81' lang='grc' dir='ltr'>ἁδελ-</span> 
     </span>
    </p>
   </div>
   <div class='ocr_carea' id='block_1_69' title="bbox 1056 437 1849 474">
    <p class='ocr_par' dir='ltr' id='par_1_69' title="bbox 1056 437 1849 474">
     <span class='ocr_line' id='line_1_69' title="bbox 1056 437 1849 474; baseline 0.001 -10"><span class='ocrx_word' id='word_1_506' title='bbox 1056 438 1124 472; x_wconf 74' lang='grc' dir='ltr'>φοὺς</span> <span class='ocrx_word' id='word_1_507' title='bbox 1145 439 1320 473; x_wconf 84' lang='grc' dir='ltr'>προσκυνεῖν.</span> <span class='ocrx_word' id='word_1_508' title='bbox 1346 438 1385 466; x_wconf 89' lang='grc' dir='ltr'>οὐ</span> <span class='ocrx_word' id='word_1_509' title='bbox 1414 438 1469 474; x_wconf 76' lang='grc' dir='ltr'>γὰρ</span> <span class='ocrx_word' id='word_1_510' title='bbox 1492 439 1607 470; x_wconf 75' lang='grc' dir='ltr'>αὐτοὺς,</span> <span class='ocrx_word' id='word_1_511' title='bbox 1629 437 1698 465; x_wconf 79' lang='grc' dir='ltr'>ἀλλὰ</span> <span class='ocrx_word' id='word_1_512' title='bbox 1718 438 1765 464; x_wconf 82' lang='grc' dir='ltr'>τὸν</span> <span class='ocrx_word' id='word_1_513' title='bbox 1781 437 1849 465; x_wconf 80' lang='grc' dir='ltr'>Θεὸν</span> 
     </span>
    </p>
   </div>
   <div class='ocr_carea' id='block_1_70' title="bbox 1057 482 1848 518">
    <p class='ocr_par' dir='ltr' id='par_1_70' title="bbox 1057 482 1848 518">
     <span class='ocr_line' id='line_1_70' title="bbox 1057 482 1848 518; baseline 0 -10"><span class='ocrx_word' id='word_1_514' title='bbox 1057 482 1274 517; x_wconf 79' lang='grc' dir='ltr'>προσεκύνησας·</span> <span class='ocrx_word' id='word_1_515' title='bbox 1291 482 1344 514; x_wconf 81' lang='grc' dir='ltr'>ίδες</span> <span class='ocrx_word' id='word_1_516' title='bbox 1358 482 1421 518; x_wconf 80' lang='grc' dir='ltr'>γὰρ,</span> <span class='ocrx_word' id='word_1_517' title='bbox 1437 483 1515 518; x_wconf 78' lang='grc' dir='ltr'>φησὶ,</span> <span class='ocrx_word' id='word_1_518' title='bbox 1533 482 1579 509; x_wconf 79' lang='grc' dir='ltr'>τὸν</span> <span class='ocrx_word' id='word_1_519' title='bbox 1592 482 1705 516; x_wconf 81' lang='grc' dir='ltr'>ἀδελφόν</span> <span class='ocrx_word' id='word_1_520' title='bbox 1722 491 1780 514; x_wconf 87' lang='grc' dir='ltr'>σου,</span> <span class='ocrx_word' id='word_1_521' title='bbox 1794 482 1848 514; x_wconf 72' lang='grc' dir='ltr'>ἴδες</span> 
     </span>
    </p>
   </div>
   <div class='ocr_carea' id='block_1_71' title="bbox 1057 526 1850 562">
    <p class='ocr_par' dir='ltr' id='par_1_71' title="bbox 1057 526 1850 562">
     <span class='ocr_line' id='line_1_71' title="bbox 1057 526 1850 562; baseline -0.001 -9"><span class='ocrx_word' id='word_1_522' title='bbox 1057 526 1158 562; x_wconf 84' lang='grc' dir='ltr'>Κύριον</span> <span class='ocrx_word' id='word_1_523' title='bbox 1178 526 1224 554; x_wconf 80' lang='grc' dir='ltr'>τὸν</span> <span class='ocrx_word' id='word_1_524' title='bbox 1245 527 1311 553; x_wconf 82' lang='grc' dir='ltr'>Θεόν</span> <span class='ocrx_word' id='word_1_525' title='bbox 1328 535 1375 553; x_wconf 89' lang='grc' dir='ltr'>σου</span> <span class='ocrx_word' id='word_1_526' title='bbox 1389 534 1396 540; x_wconf 93' lang='grc'><strong>·</strong></span> <span class='ocrx_word' id='word_1_527' title='bbox 1413 527 1490 561; x_wconf 80' lang='grc' dir='ltr'>παρὰ</span> <span class='ocrx_word' id='word_1_528' title='bbox 1505 527 1551 553; x_wconf 79' lang='grc' dir='ltr'>τοῦ</span> <span class='ocrx_word' id='word_1_529' title='bbox 1576 526 1701 562; x_wconf 73' lang='grc' dir='ltr'>’Δὸραὰμ</span> <span class='ocrx_word' id='word_1_530' title='bbox 1718 526 1850 562; x_wconf 83' lang='grc' dir='ltr'>παρειλή-</span> 
     </span>
    </p>
   </div>
   <div class='ocr_carea' id='block_1_72' title="bbox 1057 571 1850 606">
    <p class='ocr_par' dir='ltr' id='par_1_72' title="bbox 1057 571 1850 606">
     <span class='ocr_line' id='line_1_72' title="bbox 1057 571 1850 606; baseline 0 -9"><span class='ocrx_word' id='word_1_531' title='bbox 1057 579 1164 605; x_wconf 89' lang='grc' dir='ltr'>φαμεν,</span> <span class='ocrx_word' id='word_1_532' title='bbox 1188 571 1213 597; x_wconf 84' lang='grc' dir='ltr'>εί</span> <span class='ocrx_word' id='word_1_533' title='bbox 1236 572 1283 597; x_wconf 80' lang='grc' dir='ltr'>καὶ</span> <span class='ocrx_word' id='word_1_534' title='bbox 1297 571 1338 597; x_wconf 82' lang='grc' dir='ltr'>ὅτι</span> <span class='ocrx_word' id='word_1_535' title='bbox 1357 571 1398 597; x_wconf 79' lang='grc' dir='ltr'>δεῖ</span> <span class='ocrx_word' id='word_1_536' title='bbox 1414 571 1470 597; x_wconf 76' lang='grc' dir='ltr'>ἔσθ’</span> <span class='ocrx_word' id='word_1_537' title='bbox 1487 571 1532 598; x_wconf 82' lang='grc' dir='ltr'>ὅτε</span> <span class='ocrx_word' id='word_1_538' title='bbox 1552 572 1615 602; x_wconf 85' lang='grc' dir='ltr'>τοὺς</span> <span class='ocrx_word' id='word_1_539' title='bbox 1633 571 1763 605; x_wconf 78' lang='grc' dir='ltr'>ἀδελφοὺς</span> <span class='ocrx_word' id='word_1_540' title='bbox 1781 571 1850 606; x_wconf 72' lang='grc' dir='ltr'>πρὸς</span> 
     </span>
    </p>
   </div>
   <div class='ocr_carea' id='block_1_73' title="bbox 1058 614 1850 650">
    <p class='ocr_par' dir='ltr' id='par_1_73' title="bbox 1058 614 1850 650">
     <span class='ocr_line' id='line_1_73' title="bbox 1058 614 1850 650; baseline 0.001 -10"><span class='ocrx_word' id='word_1_541' title='bbox 1058 614 1211 644; x_wconf 78' lang='grc' dir='ltr'>ἀνάπαυσιν</span> <span class='ocrx_word' id='word_1_542' title='bbox 1224 614 1456 650; x_wconf 74' lang='grc' dir='ltr'>παραϐιάζεσθαι,</span> <span class='ocrx_word' id='word_1_543' title='bbox 1467 615 1543 649; x_wconf 71' lang='grc' dir='ltr'>παρὰ</span> <span class='ocrx_word' id='word_1_544' title='bbox 1551 615 1598 640; x_wconf 88' lang='grc' dir='ltr'>τοῦ</span> <span class='ocrx_word' id='word_1_545' title='bbox 1614 614 1675 641; x_wconf 84' lang='grc' dir='ltr'>Λὼτ</span> <span class='ocrx_word' id='word_1_546' title='bbox 1693 614 1850 650; x_wconf 78' lang='grc' dir='ltr'>μεμαθήκα-</span> 
     </span>
    </p>
   </div>
   <div class='ocr_carea' id='block_1_74' title="bbox 1060 657 1848 693">
    <p class='ocr_par' dir='ltr' id='par_1_74' title="bbox 1060 657 1848 693">
     <span class='ocr_line' id='line_1_74' title="bbox 1060 657 1848 693; baseline 0.001 -10"><span class='ocrx_word' id='word_1_547' title='bbox 1060 665 1119 692; x_wconf 86' lang='grc' dir='ltr'>μεν,</span> <span class='ocrx_word' id='word_1_548' title='bbox 1137 657 1379 693; x_wconf 81' lang='grc' dir='ltr'>παρασιασαμένου</span> <span class='ocrx_word' id='word_1_549' title='bbox 1396 658 1460 690; x_wconf 84' lang='grc' dir='ltr'>τοὺς</span> <span class='ocrx_word' id='word_1_550' title='bbox 1480 658 1622 692; x_wconf 83' lang='grc' dir='ltr'>ἀγγέλους,</span> <span class='ocrx_word' id='word_1_551' title='bbox 1643 659 1689 684; x_wconf 75' lang='grc' dir='ltr'>καὶ</span> <span class='ocrx_word' id='word_1_552' title='bbox 1710 658 1750 685; x_wconf 85' lang='grc' dir='ltr'>ὃτι</span> <span class='ocrx_word' id='word_1_553' title='bbox 1772 658 1812 684; x_wconf 88' lang='grc' dir='ltr'>δεῖ</span> <span class='ocrx_word' id='word_1_554' title='bbox 1824 658 1848 685; x_wconf 89' lang='grc' dir='ltr'>εἰ</span> 
     </span>
    </p>
   </div>
   <div class='ocr_carea' id='block_1_75' title="bbox 1057 700 1849 737">
    <p class='ocr_par' dir='ltr' id='par_1_75' title="bbox 1057 700 1849 737">
     <span class='ocr_line' id='line_1_75' title="bbox 1057 700 1849 737; baseline 0.001 -10"><span class='ocrx_word' id='word_1_555' title='bbox 1057 700 1170 728; x_wconf 60' lang='grc' dir='ltr'>δυνατὸν</span> <span class='ocrx_word' id='word_1_556' title='bbox 1194 702 1258 733; x_wconf 82' lang='grc' dir='ltr'>τοὺς</span> <span class='ocrx_word' id='word_1_557' title='bbox 1282 703 1415 737; x_wconf 75' lang='grc' dir='ltr'>μοναχοὺς</span> <span class='ocrx_word' id='word_1_558' title='bbox 1440 701 1502 728; x_wconf 79' lang='grc' dir='ltr'>καθ’</span> <span class='ocrx_word' id='word_1_559' title='bbox 1527 702 1645 736; x_wconf 80' lang='grc' dir='ltr'>ἑκάστην</span> <span class='ocrx_word' id='word_1_560' title='bbox 1667 702 1774 737; x_wconf 77' lang='grc' dir='ltr'>ἡμέραν</span> <span class='ocrx_word' id='word_1_561' title='bbox 1794 702 1849 728; x_wconf 89' lang='grc' dir='ltr'>τῶν</span> 
     </span>
    </p>
   </div>
   <div class='ocr_carea' id='block_1_76' title="bbox 1061 745 1851 781">
    <p class='ocr_par' dir='ltr' id='par_1_76' title="bbox 1061 745 1851 781">
     <span class='ocr_line' id='line_1_76' title="bbox 1061 745 1851 781; baseline 0 -9"><span class='ocrx_word' id='word_1_562' title='bbox 1061 745 1219 781; x_wconf 85' lang='grc' dir='ltr'>μυστηρίων</span> <span class='ocrx_word' id='word_1_563' title='bbox 1233 748 1379 773; x_wconf 85' lang='grc' dir='ltr'>κοινωνεῖν.</span> <span class='ocrx_word' id='word_1_564' title='bbox 1402 746 1431 772; x_wconf 92' lang='lat'>&#39;0</span> <span class='ocrx_word' id='word_1_565' title='bbox 1447 746 1502 781; x_wconf 73' lang='grc' dir='ltr'>γὰρ</span> <span class='ocrx_word' id='word_1_566' title='bbox 1517 745 1664 781; x_wconf 86' lang='grc' dir='ltr'>μακρύνων</span> <span class='ocrx_word' id='word_1_567' title='bbox 1683 746 1780 772; x_wconf 79' lang='grc' dir='ltr'>ἑαυτοῦ</span> <span class='ocrx_word' id='word_1_568' title='bbox 1796 746 1851 772; x_wconf 72' lang='grc' dir='ltr'>ἀπὸ</span> 
     </span>
    </p>
   </div>
   <div class='ocr_carea' id='block_1_77' title="bbox 1058 789 1850 824">
    <p class='ocr_par' dir='ltr' id='par_1_77' title="bbox 1058 789 1850 824">
     <span class='ocr_line' id='line_1_77' title="bbox 1058 789 1850 824; baseline -0.001 -8"><span class='ocrx_word' id='word_1_569' title='bbox 1058 790 1173 821; x_wconf 81' lang='grc' dir='ltr'>τούτων,</span> <span class='ocrx_word' id='word_1_570' title='bbox 1197 789 1367 824; x_wconf 86' lang='grc' dir='ltr'>μακρύνεται</span> <span class='ocrx_word' id='word_1_571' title='bbox 1389 790 1444 816; x_wconf 80' lang='grc' dir='ltr'>άπὸ</span> <span class='ocrx_word' id='word_1_572' title='bbox 1463 789 1510 816; x_wconf 87' lang='grc' dir='ltr'>τοῦ</span> <span class='ocrx_word' id='word_1_573' title='bbox 1529 789 1607 815; x_wconf 79' lang='grc' dir='ltr'>θεοῦ.</span> <span class='ocrx_word' id='word_1_574' title='bbox 1637 789 1666 816; x_wconf 91' lang='lat'>&#39;0</span> <span class='ocrx_word' id='word_1_575' title='bbox 1687 789 1715 815; x_wconf 74' lang='grc' dir='ltr'>δὲ</span> <span class='ocrx_word' id='word_1_576' title='bbox 1731 789 1850 824; x_wconf 85' lang='grc' dir='ltr'>συνεχῶς</span> 
     </span>
    </p>
   </div>
   <div class='ocr_carea' id='block_1_78' title="bbox 1060 832 1851 868">
    <p class='ocr_par' dir='ltr' id='par_1_78' title="bbox 1060 832 1851 868">
     <span class='ocr_line' id='line_1_78' title="bbox 1060 832 1851 868; baseline -0.001 -8"><span class='ocrx_word' id='word_1_577' title='bbox 1060 833 1140 860; x_wconf 81' lang='grc' dir='ltr'>τοῦτο</span> <span class='ocrx_word' id='word_1_578' title='bbox 1162 833 1248 860; x_wconf 85' lang='grc' dir='ltr'>ποιῶν</span> <span class='ocrx_word' id='word_1_579' title='bbox 1270 833 1316 860; x_wconf 77' lang='grc' dir='ltr'>τὸν</span> <span class='ocrx_word' id='word_1_580' title='bbox 1338 833 1453 868; x_wconf 84' lang='grc' dir='ltr'>Σωτῆρα</span> <span class='ocrx_word' id='word_1_581' title='bbox 1474 834 1593 868; x_wconf 89' lang='grc' dir='ltr'>συνεχῶς</span> <span class='ocrx_word' id='word_1_582' title='bbox 1618 833 1786 867; x_wconf 82' lang='grc' dir='ltr'>ὑποδέχεται.</span> <span class='ocrx_word' id='word_1_583' title='bbox 1817 832 1851 858; x_wconf 82' lang='grc' dir='ltr'><strong>Ἦ</strong></span> 
     </span>
    </p>
   </div>
   <div class='ocr_carea' id='block_1_79' title="bbox 1024 877 1849 920">
    <p class='ocr_par' dir='ltr' id='par_1_79' title="bbox 1024 877 1849 920">
     <span class='ocr_line' id='line_1_79' title="bbox 1024 877 1849 920; baseline -0.002 -15"><span class='ocrx_word' id='word_1_584' title='bbox 1024 890 1048 920; x_wconf 79' lang='grc' dir='ltr'>Β</span> <span class='ocrx_word' id='word_1_585' title='bbox 1062 878 1114 913; x_wconf 85' lang='grc' dir='ltr'>γὰρ</span> <span class='ocrx_word' id='word_1_586' title='bbox 1131 878 1264 912; x_wconf 85' lang='grc' dir='ltr'>σωτήριος</span> <span class='ocrx_word' id='word_1_587' title='bbox 1279 877 1354 913; x_wconf 79' lang='grc' dir='ltr'>φωνή</span> <span class='ocrx_word' id='word_1_588' title='bbox 1361 885 1457 920; x_wconf 66' lang='grc' dir='ltr'>φησιν,</span> <span class='ocrx_word' id='word_1_589' title='bbox 1466 877 1496 904; x_wconf 89' lang='lat'>&#39;0</span> <span class='ocrx_word' id='word_1_590' title='bbox 1507 877 1605 904; x_wconf 80' lang='grc' dir='ltr'>ἐσθίων</span> <span class='ocrx_word' id='word_1_591' title='bbox 1623 885 1673 911; x_wconf 88' lang='grc' dir='ltr'>μου</span> <span class='ocrx_word' id='word_1_592' title='bbox 1686 878 1736 912; x_wconf 73' lang='grc' dir='ltr'>τὴν</span> <span class='ocrx_word' id='word_1_593' title='bbox 1750 877 1849 910; x_wconf 72' lang='grc' dir='ltr'>σάρκα,</span> 
     </span>
    </p>
   </div>
   <div class='ocr_carea' id='block_1_80' title="bbox 1063 919 1852 958">
    <p class='ocr_par' dir='ltr' id='par_1_80' title="bbox 1063 919 1852 958">
     <span class='ocr_line' id='line_1_80' title="bbox 1063 919 1852 958; baseline -0.004 -8"><span class='ocrx_word' id='word_1_594' title='bbox 1063 923 1110 950; x_wconf 65' lang='grc' dir='ltr'>καλ⁸</span> <span class='ocrx_word' id='word_1_595' title='bbox 1127 923 1212 950; x_wconf 88' lang='grc' dir='ltr'>πίνων</span> <span class='ocrx_word' id='word_1_596' title='bbox 1230 931 1281 958; x_wconf 78' lang='grc' dir='ltr'>μου</span> <span class='ocrx_word' id='word_1_597' title='bbox 1294 922 1324 949; x_wconf 86' lang='grc' dir='ltr'>τδ</span> <span class='ocrx_word' id='word_1_598' title='bbox 1340 919 1420 957; x_wconf 76' lang='grc' dir='ltr'>αἷμα,</span> <span class='ocrx_word' id='word_1_599' title='bbox 1439 923 1515 957; x_wconf 80' lang='grc' dir='ltr'>μένει</span> <span class='ocrx_word' id='word_1_600' title='bbox 1529 922 1558 949; x_wconf 77' lang='grc' dir='ltr'>ἐν</span> <span class='ocrx_word' id='word_1_601' title='bbox 1574 922 1647 956; x_wconf 70' lang='grc' dir='ltr'>ἐμοὶ,</span> <span class='ocrx_word' id='word_1_602' title='bbox 1665 920 1743 956; x_wconf 83' lang='grc' dir='ltr'>κάγὼ</span> <span class='ocrx_word' id='word_1_603' title='bbox 1757 922 1786 948; x_wconf 85' lang='grc' dir='ltr'>ὲν</span> <span class='ocrx_word' id='word_1_604' title='bbox 1804 920 1852 948; x_wconf 77' lang='grc' dir='ltr'>αὑ-</span> 
     </span>
    </p>
   </div>
   <div class='ocr_carea' id='block_1_81' title="bbox 1060 966 1851 1003">
    <p class='ocr_par' dir='ltr' id='par_1_81' title="bbox 1060 966 1851 1003">
     <span class='ocr_line' id='line_1_81' title="bbox 1060 966 1851 1003; baseline -0.003 -9"><span class='ocrx_word' id='word_1_605' title='bbox 1060 967 1110 1003; x_wconf 85' lang='grc' dir='ltr'>τῷ.</span> <span class='ocrx_word' id='word_1_606' title='bbox 1134 967 1220 994; x_wconf 86' lang='grc' dir='ltr'>Τοῦτο</span> <span class='ocrx_word' id='word_1_607' title='bbox 1235 966 1282 994; x_wconf 78' lang='grc' dir='ltr'>οὖν</span> <span class='ocrx_word' id='word_1_608' title='bbox 1301 968 1436 1002; x_wconf 83' lang='grc' dir='ltr'>συμφέρει</span> <span class='ocrx_word' id='word_1_609' title='bbox 1457 968 1514 998; x_wconf 92' lang='grc' dir='ltr'>τοῖς</span> <span class='ocrx_word' id='word_1_610' title='bbox 1537 967 1680 1002; x_wconf 88' lang='grc' dir='ltr'>μοναχοῖς,</span> <span class='ocrx_word' id='word_1_611' title='bbox 1698 966 1851 1000; x_wconf 83' lang='grc' dir='ltr'>ὑπόμνησιν</span> 
     </span>
    </p>
   </div>
   <div class='ocr_carea' id='block_1_82' title="bbox 1060 1008 1851 1047">
    <p class='ocr_par' dir='ltr' id='par_1_82' title="bbox 1060 1008 1851 1047">
     <span class='ocr_line' id='line_1_82' title="bbox 1060 1008 1851 1047; baseline -0.003 -9"><span class='ocrx_word' id='word_1_612' title='bbox 1060 1012 1108 1038; x_wconf 88' lang='grc' dir='ltr'>τοῦ</span> <span class='ocrx_word' id='word_1_613' title='bbox 1125 1011 1260 1047; x_wconf 84' lang='grc' dir='ltr'>σωτηρίου</span> <span class='ocrx_word' id='word_1_614' title='bbox 1278 1011 1382 1042; x_wconf 77' lang='grc' dir='ltr'>πάθους</span> <span class='ocrx_word' id='word_1_615' title='bbox 1398 1011 1516 1046; x_wconf 84' lang='grc' dir='ltr'>συνεχῶς</span> <span class='ocrx_word' id='word_1_616' title='bbox 1531 1010 1714 1045; x_wconf 84' lang='grc' dir='ltr'>ποιουμένοις,</span> <span class='ocrx_word' id='word_1_617' title='bbox 1729 1010 1776 1036; x_wconf 75' lang='grc' dir='ltr'>καὶ</span> <span class='ocrx_word' id='word_1_618' title='bbox 1791 1008 1851 1044; x_wconf 82' lang='grc' dir='ltr'>μεθ’</span> 
     </span>
    </p>
   </div>
   <div class='ocr_carea' id='block_1_83' title="bbox 1062 1054 1853 1093">
    <p class='ocr_par' dir='ltr' id='par_1_83' title="bbox 1062 1054 1853 1093">
     <span class='ocr_line' id='line_1_83' title="bbox 1062 1054 1853 1093; baseline -0.006 -8"><span class='ocrx_word' id='word_1_619' title='bbox 1062 1057 1169 1093; x_wconf 78' lang='grc' dir='ltr'>ἡμέραν</span> <span class='ocrx_word' id='word_1_620' title='bbox 1184 1058 1308 1092; x_wconf 75' lang='grc' dir='ltr'>ἑτοίμους</span> <span class='ocrx_word' id='word_1_621' title='bbox 1323 1055 1392 1084; x_wconf 80' lang='grc' dir='ltr'>εἶναι</span> <span class='ocrx_word' id='word_1_622' title='bbox 1407 1055 1627 1092; x_wconf 80' lang='grc' dir='ltr'>παρασκευάζειν</span> <span class='ocrx_word' id='word_1_623' title='bbox 1642 1055 1755 1086; x_wconf 74' lang='grc' dir='ltr'>ἑαυτοὺς</span> <span class='ocrx_word' id='word_1_624' title='bbox 1766 1054 1853 1081; x_wconf 84' lang='grc' dir='ltr'>τοιού-</span> 
     </span>
    </p>
   </div>
   <div class='ocr_carea' id='block_1_84' title="bbox 1063 1099 1853 1135">
    <p class='ocr_par' dir='ltr' id='par_1_84' title="bbox 1063 1099 1853 1135">
     <span class='ocr_line' id='line_1_84' title="bbox 1063 1099 1853 1135; baseline -0.005 -6"><span class='ocrx_word' id='word_1_625' title='bbox 1063 1111 1136 1135; x_wconf 82' lang='grc' dir='ltr'>τους,</span> <span class='ocrx_word' id='word_1_626' title='bbox 1153 1102 1191 1133; x_wconf 85' lang='grc' dir='ltr'>ὡς</span> <span class='ocrx_word' id='word_1_627' title='bbox 1201 1101 1293 1134; x_wconf 79' lang='grc' dir='ltr'>ἀξίους</span> <span class='ocrx_word' id='word_1_628' title='bbox 1314 1099 1385 1129; x_wconf 74' lang='grc' dir='ltr'>εἶναι</span> <span class='ocrx_word' id='word_1_629' title='bbox 1405 1101 1521 1128; x_wconf 82' lang='grc' dir='ltr'>πάντοτε</span> <span class='ocrx_word' id='word_1_630' title='bbox 1536 1100 1604 1135; x_wconf 77' lang='grc' dir='ltr'>πρὸς</span> <span class='ocrx_word' id='word_1_631' title='bbox 1625 1099 1674 1135; x_wconf 85' lang='grc' dir='ltr'>τὴν</span> <span class='ocrx_word' id='word_1_632' title='bbox 1692 1099 1746 1126; x_wconf 85' lang='grc' dir='ltr'>τῶν</span> <span class='ocrx_word' id='word_1_633' title='bbox 1767 1099 1853 1132; x_wconf 86' lang='grc' dir='ltr'>ἁγίων</span> 
     </span>
    </p>
   </div>
   <div class='ocr_carea' id='block_1_85' title="bbox 1064 1143 1853 1182">
    <p class='ocr_par' dir='ltr' id='par_1_85' title="bbox 1064 1143 1853 1182">
     <span class='ocr_line' id='line_1_85' title="bbox 1064 1143 1853 1182; baseline -0.005 -9"><span class='ocrx_word' id='word_1_634' title='bbox 1064 1147 1112 1174; x_wconf 78' lang='grc' dir='ltr'>καὶ</span> <span class='ocrx_word' id='word_1_635' title='bbox 1123 1145 1257 1182; x_wconf 81' lang='grc' dir='ltr'>οὐρανίων</span> <span class='ocrx_word' id='word_1_636' title='bbox 1273 1145 1430 1181; x_wconf 85' lang='grc' dir='ltr'>μυστηρίων</span> <span class='ocrx_word' id='word_1_637' title='bbox 1441 1144 1587 1179; x_wconf 77' lang='grc' dir='ltr'>ὑποδοχὴν,</span> <span class='ocrx_word' id='word_1_638' title='bbox 1599 1143 1660 1170; x_wconf 76' lang='grc' dir='ltr'>ἐπεὶ</span> <span class='ocrx_word' id='word_1_639' title='bbox 1670 1143 1717 1169; x_wconf 72' lang='grc' dir='ltr'>καὶ</span> <span class='ocrx_word' id='word_1_640' title='bbox 1730 1143 1853 1177; x_wconf 72' lang='grc' dir='ltr'>ἀφέσεως</span> 
     </span>
    </p>
   </div>
   <div class='ocr_carea' id='block_1_86' title="bbox 1064 1187 1855 1226">
    <p class='ocr_par' dir='ltr' id='par_1_86' title="bbox 1064 1187 1855 1226">
     <span class='ocr_line' id='line_1_86' title="bbox 1064 1187 1855 1226; baseline -0.005 -9"><span class='ocrx_word' id='word_1_641' title='bbox 1064 1189 1208 1226; x_wconf 81' lang='grc' dir='ltr'>ἁμαρτιῶν</span> <span class='ocrx_word' id='word_1_642' title='bbox 1233 1188 1304 1215; x_wconf 76' lang='grc' dir='ltr'>οὕτω</span> <span class='ocrx_word' id='word_1_643' title='bbox 1333 1187 1546 1223; x_wconf 81' lang='grc' dir='ltr'>καταξιούμεθα.</span> <span class='ocrx_word' id='word_1_644' title='bbox 1573 1187 1627 1219; x_wconf 81' lang='grc' dir='ltr'>Τὰς</span> <span class='ocrx_word' id='word_1_645' title='bbox 1653 1187 1682 1214; x_wconf 79' lang='grc' dir='ltr'>δὲ</span> <span class='ocrx_word' id='word_1_646' title='bbox 1708 1187 1855 1219; x_wconf 61' lang='lat' dir='ltr'>woman;</span> 
     </span>
    </p>
   </div>
   <div class='ocr_carea' id='block_1_87' title="bbox 1065 1231 1853 1269">
    <p class='ocr_par' dir='ltr' id='par_1_87' title="bbox 1065 1231 1853 1269">
     <span class='ocr_line' id='line_1_87' title="bbox 1065 1231 1853 1269; baseline -0.004 -8"><span class='ocrx_word' id='word_1_647' title='bbox 1065 1234 1203 1269; x_wconf 83' lang='grc' dir='ltr'>νηστείας,</span> <span class='ocrx_word' id='word_1_648' title='bbox 1222 1234 1299 1268; x_wconf 79' lang='grc' dir='ltr'>φησὶ,</span> <span class='ocrx_word' id='word_1_649' title='bbox 1319 1232 1356 1268; x_wconf 84' lang='grc' dir='ltr'>μὴ</span> <span class='ocrx_word' id='word_1_650' title='bbox 1371 1232 1431 1264; x_wconf 78' lang='grc' dir='ltr'>ἐξὸν</span> <span class='ocrx_word' id='word_1_651' title='bbox 1446 1232 1521 1259; x_wconf 86' lang='grc' dir='ltr'>λύειν</span> <span class='ocrx_word' id='word_1_652' title='bbox 1534 1232 1598 1260; x_wconf 77' lang='grc' dir='ltr'>ἄνευ</span> <span class='ocrx_word' id='word_1_653' title='bbox 1614 1232 1705 1267; x_wconf 78' lang='grc' dir='ltr'>πάσης</span> <span class='ocrx_word' id='word_1_654' title='bbox 1720 1231 1853 1266; x_wconf 85' lang='grc' dir='ltr'>ἀνάγκης.</span> 
     </span>
    </p>
   </div>
   <div class='ocr_carea' id='block_1_88' title="bbox 1071 1275 1856 1312">
    <p class='ocr_par' dir='ltr' id='par_1_88' title="bbox 1071 1275 1856 1312">
     <span class='ocr_line' id='line_1_88' title="bbox 1071 1275 1856 1312; baseline -0.004 -8"><span class='ocrx_word' id='word_1_655' title='bbox 1071 1278 1116 1304; x_wconf 83' lang='grc' dir='ltr'>Ἐν</span> <span class='ocrx_word' id='word_1_656' title='bbox 1136 1278 1192 1312; x_wconf 83' lang='grc' dir='ltr'>γὰρ</span> <span class='ocrx_word' id='word_1_657' title='bbox 1213 1276 1320 1311; x_wconf 79' lang='grc' dir='ltr'>τετράδι</span> <span class='ocrx_word' id='word_1_658' title='bbox 1343 1277 1357 1302; x_wconf 89' lang='grc' dir='ltr'>ὀ</span> <span class='ocrx_word' id='word_1_659' title='bbox 1379 1275 1475 1311; x_wconf 81' lang='grc' dir='ltr'>Σωτὴρ</span> <span class='ocrx_word' id='word_1_660' title='bbox 1497 1275 1690 1311; x_wconf 85' lang='grc' dir='ltr'>παραδίδοται,</span> <span class='ocrx_word' id='word_1_661' title='bbox 1714 1276 1742 1302; x_wconf 75' lang='grc' dir='ltr'>ἐν</span> <span class='ocrx_word' id='word_1_662' title='bbox 1770 1275 1798 1301; x_wconf 85' lang='grc' dir='ltr'>δέ</span> <span class='ocrx_word' id='word_1_663' title='bbox 1821 1275 1856 1310; x_wconf 71' lang='grc' dir='ltr'>τῇ</span> 
     </span>
    </p>
   </div>
   <div class='ocr_carea' id='block_1_89' title="bbox 1055 1317 1857 1356">
    <p class='ocr_par' dir='ltr' id='par_1_89' title="bbox 1055 1317 1857 1356">
     <span class='ocr_line' id='line_1_89' title="bbox 1055 1317 1857 1356; baseline -0.002 -9"><span class='ocrx_word' id='word_1_664' title='bbox 1055 1321 1230 1356; x_wconf 79' lang='grc' dir='ltr'>,παρασκευῇ</span> <span class='ocrx_word' id='word_1_665' title='bbox 1249 1320 1422 1356; x_wconf 85' lang='grc' dir='ltr'>σταυροῦται.</span> <span class='ocrx_word' id='word_1_666' title='bbox 1447 1320 1477 1346; x_wconf 83' lang='grc'>’0</span> <span class='ocrx_word' id='word_1_667' title='bbox 1495 1317 1541 1347; x_wconf 84' lang='grc' dir='ltr'>οὖν</span> <span class='ocrx_word' id='word_1_668' title='bbox 1558 1319 1659 1351; x_wconf 90' lang='grc' dir='ltr'>ταύτας</span> <span class='ocrx_word' id='word_1_669' title='bbox 1673 1319 1763 1353; x_wconf 90' lang='grc' dir='ltr'>λύων,</span> <span class='ocrx_word' id='word_1_670' title='bbox 1785 1327 1857 1353; x_wconf 89' lang='grc' dir='ltr'>συμ-</span> 
     </span>
    </p>
   </div>
   <div class='ocr_carea' id='block_1_90' title="bbox 1066 1362 1859 1400">
    <p class='ocr_par' dir='ltr' id='par_1_90' title="bbox 1066 1362 1859 1400">
     <span class='ocr_line' id='line_1_90' title="bbox 1066 1362 1859 1400; baseline -0.004 -8"><span class='ocrx_word' id='word_1_671' title='bbox 1066 1365 1234 1400; x_wconf 77' lang='grc' dir='ltr'>παραδίδωσι</span> <span class='ocrx_word' id='word_1_672' title='bbox 1260 1365 1306 1391; x_wconf 78' lang='grc' dir='ltr'>τὸν</span> <span class='ocrx_word' id='word_1_673' title='bbox 1334 1364 1449 1399; x_wconf 85' lang='grc' dir='ltr'>Σωτῆρα</span> <span class='ocrx_word' id='word_1_674' title='bbox 1475 1364 1523 1391; x_wconf 76' lang='grc' dir='ltr'>καὶ</span> <span class='ocrx_word' id='word_1_675' title='bbox 1553 1364 1710 1398; x_wconf 85' lang='grc' dir='ltr'>συσταυροῖ.</span> <span class='ocrx_word' id='word_1_676' title='bbox 1740 1362 1802 1389; x_wconf 79' lang='grc' dir='ltr'>Ἐάν</span> <span class='ocrx_word' id='word_1_677' title='bbox 1829 1362 1859 1389; x_wconf 75' lang='grc' dir='ltr'>δὲ</span> 
     </span>
    </p>
   </div>
   <div class='ocr_carea' id='block_1_91' title="bbox 1065 1408 1860 1446">
    <p class='ocr_par' dir='ltr' id='par_1_91' title="bbox 1065 1408 1860 1446">
     <span class='ocr_line' id='line_1_91' title="bbox 1065 1408 1860 1446; baseline -0.005 -9"><span class='ocrx_word' id='word_1_678' title='bbox 1065 1411 1129 1446; x_wconf 80' lang='grc' dir='ltr'>ἥκει</span> <span class='ocrx_word' id='word_1_679' title='bbox 1145 1409 1214 1445; x_wconf 67' lang='grc' dir='ltr'>πρδς</span> <span class='ocrx_word' id='word_1_680' title='bbox 1225 1409 1298 1444; x_wconf 75' lang='grc' dir='ltr'>ἡμᾶς</span> <span class='ocrx_word' id='word_1_681' title='bbox 1311 1408 1440 1443; x_wconf 67' lang='grc' dir='ltr'>ἀδελφὸς,</span> <span class='ocrx_word' id='word_1_682' title='bbox 1455 1409 1636 1440; x_wconf 86' lang='grc' dir='ltr'>ἀναπαύσεως</span> <span class='ocrx_word' id='word_1_683' title='bbox 1653 1408 1778 1443; x_wconf 83' lang='grc' dir='ltr'>δεόμενος</span> <span class='ocrx_word' id='word_1_684' title='bbox 1789 1428 1797 1439; x_wconf 84' lang='grc'>,</span> <span class='ocrx_word' id='word_1_685' title='bbox 1810 1415 1860 1442; x_wconf 87' lang='grc' dir='ltr'>νη-</span> 
     </span>
    </p>
   </div>
   <div class='ocr_carea' id='block_1_92' title="bbox 1067 1451 1858 1489">
    <p class='ocr_par' dir='ltr' id='par_1_92' title="bbox 1067 1451 1858 1489">
     <span class='ocr_line' id='line_1_92' title="bbox 1067 1451 1858 1489; baseline -0.005 -8"><span class='ocrx_word' id='word_1_686' title='bbox 1067 1454 1160 1486; x_wconf 80' lang='grc' dir='ltr'>στείας</span> <span class='ocrx_word' id='word_1_687' title='bbox 1174 1453 1269 1488; x_wconf 79' lang='grc' dir='ltr'>οὐσης.</span> <span class='ocrx_word' id='word_1_688' title='bbox 1283 1452 1455 1489; x_wconf 75' lang='grc' dir='ltr'>παραθήσεις</span> <span class='ocrx_word' id='word_1_689' title='bbox 1470 1453 1545 1489; x_wconf 89' lang='grc' dir='ltr'>αὐτῷ</span> <span class='ocrx_word' id='word_1_690' title='bbox 1560 1453 1633 1488; x_wconf 83' lang='grc' dir='ltr'>μόνῳ</span> <span class='ocrx_word' id='word_1_691' title='bbox 1644 1452 1693 1488; x_wconf 80' lang='grc' dir='ltr'>τὴν</span> <span class='ocrx_word' id='word_1_692' title='bbox 1708 1451 1858 1488; x_wconf 77' lang='grc' dir='ltr'>τράπεζαν.</span> 
     </span>
    </p>
   </div>
   <div class='ocr_carea' id='block_1_93' title="bbox 1067 1495 1861 1534">
    <p class='ocr_par' dir='ltr' id='par_1_93' title="bbox 1067 1495 1861 1534">
     <span class='ocr_line' id='line_1_93' title="bbox 1067 1495 1861 1534; baseline -0.004 -9"><span class='ocrx_word' id='word_1_693' title='bbox 1067 1499 1099 1526; x_wconf 84' lang='grc' dir='ltr'>Εἰ</span> <span class='ocrx_word' id='word_1_694' title='bbox 1114 1498 1142 1525; x_wconf 86' lang='grc' dir='ltr'>δὲ</span> <span class='ocrx_word' id='word_1_695' title='bbox 1160 1498 1198 1534; x_wconf 84' lang='grc' dir='ltr'>μὴ</span> <span class='ocrx_word' id='word_1_696' title='bbox 1214 1498 1349 1533; x_wconf 78' lang='grc' dir='ltr'>βούλεται,</span> <span class='ocrx_word' id='word_1_697' title='bbox 1367 1497 1404 1532; x_wconf 82' lang='grc' dir='ltr'>μὴ</span> <span class='ocrx_word' id='word_1_698' title='bbox 1423 1498 1594 1533; x_wconf 82' lang='grc' dir='ltr'>ἀναγκάσῃς.</span> <span class='ocrx_word' id='word_1_699' title='bbox 1612 1497 1713 1532; x_wconf 73' lang='grc' dir='ltr'>Κοινὴν</span> <span class='ocrx_word' id='word_1_700' title='bbox 1730 1496 1785 1532; x_wconf 79' lang='grc' dir='ltr'>γὰρ</span> <span class='ocrx_word' id='word_1_701' title='bbox 1801 1495 1861 1531; x_wconf 80' lang='grc' dir='ltr'>ἕχο-</span> 
     </span>
    </p>
   </div>
   <div class='ocr_carea' id='block_1_94' title="bbox 1070 1539 1861 1578">
    <p class='ocr_par' dir='ltr' id='par_1_94' title="bbox 1070 1539 1861 1578">
     <span class='ocr_line' id='line_1_94' title="bbox 1070 1539 1861 1578; baseline -0.005 -8"><span class='ocrx_word' id='word_1_702' title='bbox 1070 1552 1119 1578; x_wconf 91' lang='grc' dir='ltr'>μεν</span> <span class='ocrx_word' id='word_1_703' title='bbox 1134 1543 1235 1575; x_wconf 88' lang='grc' dir='ltr'>πάντες</span> <span class='ocrx_word' id='word_1_704' title='bbox 1249 1543 1299 1577; x_wconf 85' lang='grc' dir='ltr'>τὴν</span> <span class='ocrx_word' id='word_1_705' title='bbox 1311 1541 1471 1577; x_wconf 84' lang='grc' dir='ltr'>παράδοσιν.</span> <span class='ocrx_word' id='word_1_706' title='bbox 1492 1541 1648 1578; x_wconf 80' lang='grc' dir='ltr'>Ἑμέμφετο</span> <span class='ocrx_word' id='word_1_707' title='bbox 1659 1540 1687 1568; x_wconf 74' lang='grc' dir='ltr'>δὲ</span> <span class='ocrx_word' id='word_1_708' title='bbox 1699 1539 1785 1566; x_wconf 77' lang='grc' dir='ltr'>πολλὰ</span> <span class='ocrx_word' id='word_1_709' title='bbox 1798 1539 1861 1571; x_wconf 82' lang='grc' dir='ltr'>τοὺς</span> 
     </span>
    </p>
   </div>
   <div class='ocr_carea' id='block_1_95' title="bbox 1068 1580 1862 1622">
    <p class='ocr_par' dir='ltr' id='par_1_95' title="bbox 1068 1580 1862 1622">
     <span class='ocr_line' id='line_1_95' title="bbox 1068 1580 1862 1622; baseline -0.006 -8"><span class='ocrx_word' id='word_1_710' title='bbox 1068 1586 1103 1614; x_wconf 75' lang='grc' dir='ltr'>τὰ</span> <span class='ocrx_word' id='word_1_711' title='bbox 1118 1587 1218 1621; x_wconf 82' lang='grc' dir='ltr'>σιδηρᾶ</span> <span class='ocrx_word' id='word_1_712' title='bbox 1232 1586 1381 1622; x_wconf 84' lang='grc' dir='ltr'>φέροντας,</span> <span class='ocrx_word' id='word_1_713' title='bbox 1397 1585 1446 1612; x_wconf 76' lang='grc' dir='ltr'>καὶ</span> <span class='ocrx_word' id='word_1_714' title='bbox 1460 1580 1523 1617; x_wconf 79' lang='grc' dir='ltr'>τοὺς</span> <span class='ocrx_word' id='word_1_715' title='bbox 1541 1584 1696 1619; x_wconf 84' lang='grc' dir='ltr'>κομῶντας.</span> <span class='ocrx_word' id='word_1_716' title='bbox 1713 1580 1793 1611; x_wconf 75' lang='grc' dir='ltr'>Οὗτοι</span> <span class='ocrx_word' id='word_1_717' title='bbox 1807 1582 1862 1617; x_wconf 85' lang='grc' dir='ltr'>γὰρ</span> 
     </span>
    </p>
   </div>
   <div class='ocr_carea' id='block_1_96' title="bbox 1069 1626 1864 1664">
    <p class='ocr_par' dir='ltr' id='par_1_96' title="bbox 1069 1626 1864 1664">
     <span class='ocr_line' id='line_1_96' title="bbox 1069 1626 1864 1664; baseline -0.008 -6"><span class='ocrx_word' id='word_1_718' title='bbox 1069 1630 1271 1663; x_wconf 76' lang='grc' dir='ltr'>ἐνδεικνύουσι,</span> <span class='ocrx_word' id='word_1_719' title='bbox 1288 1630 1372 1664; x_wconf 77' lang='grc' dir='ltr'>φησί,</span> <span class='ocrx_word' id='word_1_720' title='bbox 1394 1629 1442 1656; x_wconf 81' lang='grc' dir='ltr'>καί</span> <span class='ocrx_word' id='word_1_721' title='bbox 1460 1628 1509 1664; x_wconf 77' lang='grc' dir='ltr'>τὴν</span> <span class='ocrx_word' id='word_1_722' title='bbox 1530 1627 1791 1663; x_wconf 74' lang='grc' dir='ltr'>ἀνθρωπάρεσκειαν</span> <span class='ocrx_word' id='word_1_723' title='bbox 1815 1626 1864 1660; x_wconf 85' lang='grc' dir='ltr'>θη·</span> 
     </span>
    </p>
   </div>
   <div class='ocr_carea' id='block_1_97' title="bbox 1071 1669 1864 1712">
    <p class='ocr_par' dir='ltr' id='par_1_97' title="bbox 1071 1669 1864 1712">
     <span class='ocr_line' id='line_1_97' title="bbox 1071 1669 1864 1712; baseline -0.008 -11"><span class='ocrx_word' id='word_1_724' title='bbox 1071 1675 1156 1712; x_wconf 83' lang='grc' dir='ltr'>ρῶσι⁸</span> <span class='ocrx_word' id='word_1_725' title='bbox 1185 1674 1244 1701; x_wconf 82' lang='grc' dir='ltr'>δέον</span> <span class='ocrx_word' id='word_1_726' title='bbox 1276 1673 1375 1704; x_wconf 82' lang='grc' dir='ltr'>αὐτοὺς</span> <span class='ocrx_word' id='word_1_727' title='bbox 1409 1673 1511 1708; x_wconf 80' lang='grc' dir='ltr'>μᾶλλον</span> <span class='ocrx_word' id='word_1_728' title='bbox 1534 1672 1674 1708; x_wconf 81' lang='grc' dir='ltr'>νηστείαις</span> <span class='ocrx_word' id='word_1_729' title='bbox 1701 1670 1807 1697; x_wconf 80' lang='grc' dir='ltr'>ἐκλύειν</span> <span class='ocrx_word' id='word_1_730' title='bbox 1832 1669 1864 1696; x_wconf 71' lang='grc' dir='ltr'>το</span> 
     </span>
    </p>
   </div>
   <div class='ocr_carea' id='block_1_98' title="bbox 1071 1714 1864 1754">
    <p class='ocr_par' dir='ltr' id='par_1_98' title="bbox 1071 1714 1864 1754">
     <span class='ocr_line' id='line_1_98' title="bbox 1071 1714 1864 1754; baseline -0.008 -8"><span class='ocrx_word' id='word_1_731' title='bbox 1071 1720 1161 1754; x_wconf 85' lang='grc' dir='ltr'>σῶμα,</span> <span class='ocrx_word' id='word_1_732' title='bbox 1177 1719 1225 1745; x_wconf 76' lang='grc' dir='ltr'>καὶ</span> <span class='ocrx_word' id='word_1_733' title='bbox 1251 1719 1280 1745; x_wconf 78' lang='grc' dir='ltr'>ἐν</span> <span class='ocrx_word' id='word_1_734' title='bbox 1296 1717 1411 1754; x_wconf 84' lang='grc' dir='ltr'>κρυπτῷ</span> <span class='ocrx_word' id='word_1_735' title='bbox 1436 1717 1466 1744; x_wconf 81' lang='grc' dir='ltr'>τὸ</span> <span class='ocrx_word' id='word_1_736' title='bbox 1483 1716 1564 1744; x_wconf 75' lang='grc' dir='ltr'>καλὸν</span> <span class='ocrx_word' id='word_1_737' title='bbox 1587 1716 1728 1752; x_wconf 85' lang='grc' dir='ltr'>πράττειν.</span> <span class='ocrx_word' id='word_1_738' title='bbox 1745 1716 1776 1742; x_wconf 73' lang='lat' dir='ltr'>Ut</span> <span class='ocrx_word' id='word_1_739' title='bbox 1791 1715 1818 1741; x_wconf 81' lang='grc' dir='ltr'>δὲ</span> <span class='ocrx_word' id='word_1_740' title='bbox 1832 1714 1864 1740; x_wconf 81' lang='grc' dir='ltr'>οὐ</span> 
     </span>
    </p>
   </div>
   <div class='ocr_carea' id='block_1_99' title="bbox 1070 1758 1865 1796">
    <p class='ocr_par' dir='ltr' id='par_1_99' title="bbox 1070 1758 1865 1796">
     <span class='ocr_line' id='line_1_99' title="bbox 1070 1758 1865 1796; baseline -0.006 -6"><span class='ocrx_word' id='word_1_741' title='bbox 1070 1764 1159 1796; x_wconf 77' lang='grc' dir='ltr'>τοῦτο,</span> <span class='ocrx_word' id='word_1_742' title='bbox 1175 1763 1245 1789; x_wconf 77' lang='grc' dir='ltr'>ἀλλὰ</span> <span class='ocrx_word' id='word_1_743' title='bbox 1261 1763 1345 1789; x_wconf 81' lang='grc' dir='ltr'>πᾶσιν</span> <span class='ocrx_word' id='word_1_744' title='bbox 1357 1762 1470 1792; x_wconf 76' lang='grc' dir='ltr'>ἑαυτοὺς</span> <span class='ocrx_word' id='word_1_745' title='bbox 1485 1761 1619 1796; x_wconf 78' lang='grc' dir='ltr'>φανεροὺς</span> <span class='ocrx_word' id='word_1_746' title='bbox 1633 1759 1793 1786; x_wconf 79' lang='grc' dir='ltr'>καθιστῶσι.</span> <span class='ocrx_word' id='word_1_747' title='bbox 1810 1758 1865 1785; x_wconf 76' lang='grc' dir='ltr'>Καὶ</span> 
     </span>
    </p>
   </div>
   <div class='ocr_carea' id='block_1_100' title="bbox 1075 1803 1867 1840">
    <p class='ocr_par' dir='ltr' id='par_1_100' title="bbox 1075 1803 1867 1840">
     <span class='ocr_line' id='line_1_100' title="bbox 1075 1803 1867 1840; baseline -0.006 -6"><span class='ocrx_word' id='word_1_748' title='bbox 1075 1807 1102 1834; x_wconf 87' lang='grc' dir='ltr'>τί</span> <span class='ocrx_word' id='word_1_749' title='bbox 1118 1807 1152 1834; x_wconf 77' lang='grc' dir='ltr'>ἄν</span> <span class='ocrx_word' id='word_1_750' title='bbox 1168 1815 1210 1838; x_wconf 87' lang='grc' dir='ltr'>τις</span> <span class='ocrx_word' id='word_1_751' title='bbox 1228 1806 1301 1833; x_wconf 77' lang='grc' dir='ltr'>εἴποι</span> <span class='ocrx_word' id='word_1_752' title='bbox 1315 1806 1365 1838; x_wconf 75' lang='grc' dir='ltr'>τὰς</span> <span class='ocrx_word' id='word_1_753' title='bbox 1392 1805 1503 1840; x_wconf 82' lang='grc' dir='ltr'>διδαχὰς</span> <span class='ocrx_word' id='word_1_754' title='bbox 1518 1804 1601 1832; x_wconf 84' lang='grc' dir='ltr'>αὐτοῦ</span> <span class='ocrx_word' id='word_1_755' title='bbox 1617 1804 1706 1836; x_wconf 84' lang='grc' dir='ltr'>πάσας</span> <span class='ocrx_word' id='word_1_756' title='bbox 1722 1803 1867 1839; x_wconf 82' lang='grc' dir='ltr'>παραπλη-</span> 
     </span>
    </p>
   </div>
   <div class='ocr_carea' id='block_1_101' title="bbox 1074 1849 1868 1885">
    <p class='ocr_par' dir='ltr' id='par_1_101' title="bbox 1074 1849 1868 1885">
     <span class='ocr_line' id='line_1_101' title="bbox 1074 1849 1868 1885; baseline -0.006 -7"><span class='ocrx_word' id='word_1_757' title='bbox 1074 1851 1139 1883; x_wconf 86' lang='grc' dir='ltr'>σίως</span> <span class='ocrx_word' id='word_1_758' title='bbox 1155 1851 1239 1883; x_wconf 79' lang='grc' dir='ltr'>οὐσας</span> <span class='ocrx_word' id='word_1_759' title='bbox 1254 1850 1335 1877; x_wconf 87' lang='grc' dir='ltr'>αὐτοῦ</span> <span class='ocrx_word' id='word_1_760' title='bbox 1360 1851 1394 1885; x_wconf 87' lang='grc' dir='ltr'>τῇ</span> <span class='ocrx_word' id='word_1_761' title='bbox 1413 1849 1546 1884; x_wconf 81' lang='grc' dir='ltr'>πολιτείᾳ,</span> <span class='ocrx_word' id='word_1_762' title='bbox 1571 1849 1604 1880; x_wconf 69' lang='grc' dir='ltr'>ἃς</span> <span class='ocrx_word' id='word_1_763' title='bbox 1626 1849 1686 1875; x_wconf 75' lang='grc' dir='ltr'>οὐδὲ</span> <span class='ocrx_word' id='word_1_764' title='bbox 1709 1850 1812 1883; x_wconf 68' lang='grc' dir='ltr'>φράσαι</span> <span class='ocrx_word' id='word_1_765' title='bbox 1826 1855 1868 1878; x_wconf 81' lang='grc' dir='ltr'>τις</span> 
     </span>
    </p>
   </div>
   <div class='ocr_carea' id='block_1_102' title="bbox 1073 1890 1868 1931">
    <p class='ocr_par' dir='ltr' id='par_1_102' title="bbox 1073 1890 1868 1931">
     <span class='ocr_line' id='line_1_102' title="bbox 1073 1890 1868 1931; baseline -0.008 -8"><span class='ocrx_word' id='word_1_766' title='bbox 1073 1896 1136 1923; x_wconf 79' lang='grc' dir='ltr'>οὐδὲ</span> <span class='ocrx_word' id='word_1_767' title='bbox 1150 1896 1257 1931; x_wconf 70' lang='grc' dir='ltr'>γράψαι</span> <span class='ocrx_word' id='word_1_768' title='bbox 1272 1895 1333 1922; x_wconf 79' lang='grc' dir='ltr'>κατ’</span> <span class='ocrx_word' id='word_1_769' title='bbox 1348 1894 1428 1927; x_wconf 81' lang='grc' dir='ltr'>ἀξίαν</span> <span class='ocrx_word' id='word_1_770' title='bbox 1445 1895 1600 1928; x_wconf 75' lang='grc' dir='ltr'>δυνήσεταις</span> <span class='ocrx_word' id='word_1_771' title='bbox 1614 1893 1732 1919; x_wconf 85' lang='grc' dir='ltr'>Πλεῖστα</span> <span class='ocrx_word' id='word_1_772' title='bbox 1745 1890 1791 1918; x_wconf 80' lang='grc' dir='ltr'>οὖν</span> <span class='ocrx_word' id='word_1_773' title='bbox 1805 1891 1868 1917; x_wconf 82' lang='grc' dir='ltr'>πολ-</span> 
     </span>
    </p>
   </div>
   <div class='ocr_carea' id='block_1_103' title="bbox 1075 1935 1867 1975">
    <p class='ocr_par' dir='ltr' id='par_1_103' title="bbox 1075 1935 1867 1975">
     <span class='ocr_line' id='line_1_103' title="bbox 1075 1935 1867 1975; baseline -0.008 -8"><span class='ocrx_word' id='word_1_774' title='bbox 1075 1940 1153 1972; x_wconf 89' lang='grc' dir='ltr'>λάκις</span> <span class='ocrx_word' id='word_1_775' title='bbox 1169 1940 1235 1975; x_wconf 82' lang='grc' dir='ltr'>ἡμῖν</span> <span class='ocrx_word' id='word_1_776' title='bbox 1255 1939 1412 1973; x_wconf 88' lang='grc' dir='ltr'>καταμόνας</span> <span class='ocrx_word' id='word_1_777' title='bbox 1425 1938 1489 1973; x_wconf 83' lang='grc' dir='ltr'>ὃλην</span> <span class='ocrx_word' id='word_1_778' title='bbox 1499 1938 1548 1972; x_wconf 83' lang='grc' dir='ltr'>τὴν</span> <span class='ocrx_word' id='word_1_779' title='bbox 1562 1937 1697 1971; x_wconf 80' lang='grc' dir='ltr'>έὸδομάδα</span> <span class='ocrx_word' id='word_1_780' title='bbox 1709 1935 1867 1970; x_wconf 75' lang='grc' dir='ltr'>διαλεγόμε-</span> 
     </span>
    </p>
   </div>
   <div class='ocr_carea' id='block_1_104' title="bbox 1075 1979 1868 2020">
    <p class='ocr_par' dir='ltr' id='par_1_104' title="bbox 1075 1979 1868 2020">
     <span class='ocr_line' id='line_1_104' title="bbox 1075 1979 1868 2020; baseline -0.009 -8"><span class='ocrx_word' id='word_1_781' title='bbox 1075 1985 1193 2018; x_wconf 55' lang='grc' dir='ltr'>νος,νκαὶ</span> <span class='ocrx_word' id='word_1_782' title='bbox 1204 1984 1376 2020; x_wconf 82' lang='grc' dir='ltr'>προπέμπων</span> <span class='ocrx_word' id='word_1_783' title='bbox 1385 1983 1468 2018; x_wconf 82' lang='grc' dir='ltr'>ἡμᾶς,</span> <span class='ocrx_word' id='word_1_784' title='bbox 1481 1982 1583 2016; x_wconf 78' lang='grc' dir='ltr'>ἔλεγεν·</span> <span class='ocrx_word' id='word_1_785' title='bbox 1597 1981 1715 2016; x_wconf 83' lang='grc' dir='ltr'>Εἰρήνην</span> <span class='ocrx_word' id='word_1_786' title='bbox 1723 1980 1798 2015; x_wconf 73' lang='grc' dir='ltr'>ἔχετε</span> <span class='ocrx_word' id='word_1_787' title='bbox 1811 1979 1868 2014; x_wconf 83' lang='grc' dir='ltr'>μετ’</span> 
     </span>
    </p>
   </div>
   <div class='ocr_carea' id='block_1_105' title="bbox 1077 2023 1868 2065">
    <p class='ocr_par' dir='ltr' id='par_1_105' title="bbox 1077 2023 1868 2065">
     <span class='ocr_line' id='line_1_105' title="bbox 1077 2023 1868 2065; baseline -0.009 -8"><span class='ocrx_word' id='word_1_788' title='bbox 1077 2029 1217 2065; x_wconf 88' lang='grc' dir='ltr'>ἀλλήλων,</span> <span class='ocrx_word' id='word_1_789' title='bbox 1235 2028 1282 2055; x_wconf 73' lang='grc' dir='ltr'>καὶ</span> <span class='ocrx_word' id='word_1_790' title='bbox 1295 2027 1333 2064; x_wconf 85' lang='grc' dir='ltr'>μὴ</span> <span class='ocrx_word' id='word_1_791' title='bbox 1353 2027 1400 2054; x_wconf 80' lang='grc' dir='ltr'>ἀπ’</span> <span class='ocrx_word' id='word_1_792' title='bbox 1422 2026 1545 2061; x_wconf 85' lang='grc' dir='ltr'>ἀλλήλων</span> <span class='ocrx_word' id='word_1_793' title='bbox 1570 2027 1609 2058; x_wconf 89' lang='grc' dir='ltr'>εἰς</span> <span class='ocrx_word' id='word_1_794' title='bbox 1629 2025 1688 2052; x_wconf 72' lang='grc' dir='ltr'>ὁδὸν</span> <span class='ocrx_word' id='word_1_795' title='bbox 1708 2023 1868 2060; x_wconf 77' lang='grc' dir='ltr'>χωρίζεσθε.</span> 
     </span>
    </p>
   </div>
   <div class='ocr_carea' id='block_1_106' title="bbox 1113 2066 1869 2105">
    <p class='ocr_par' dir='ltr' id='par_1_106' title="bbox 1113 2066 1869 2105">
     <span class='ocr_line' id='line_1_106' title="bbox 1113 2066 1869 2105; baseline -0.008 -6"><span class='ocrx_word' id='word_1_796' title='bbox 1113 2073 1243 2104; x_wconf 77' lang='grc' dir='ltr'>Εἰπόντος</span> <span class='ocrx_word' id='word_1_797' title='bbox 1257 2072 1285 2098; x_wconf 77' lang='grc' dir='ltr'>δὲ</span> <span class='ocrx_word' id='word_1_798' title='bbox 1300 2072 1357 2103; x_wconf 85' lang='grc' dir='ltr'>τοῖς</span> <span class='ocrx_word' id='word_1_799' title='bbox 1377 2071 1426 2097; x_wconf 78' lang='grc' dir='ltr'>σὺν</span> <span class='ocrx_word' id='word_1_800' title='bbox 1445 2070 1520 2105; x_wconf 85' lang='grc' dir='ltr'>αὐτῷ</span> <span class='ocrx_word' id='word_1_801' title='bbox 1538 2069 1673 2103; x_wconf 78' lang='grc' dir='ltr'>ἀδελφοῖς,</span> <span class='ocrx_word' id='word_1_802' title='bbox 1691 2068 1733 2100; x_wconf 88' lang='grc' dir='ltr'>τίς</span> <span class='ocrx_word' id='word_1_803' title='bbox 1750 2068 1782 2094; x_wconf 78' lang='grc' dir='ltr'>ἂν</span> <span class='ocrx_word' id='word_1_804' title='bbox 1800 2066 1869 2094; x_wconf 80' lang='grc' dir='ltr'>ἑκὼν</span> 
     </span>
    </p>
   </div>
   <div class='ocr_carea' id='block_1_107' title="bbox 1081 2111 1871 2153">
    <p class='ocr_par' dir='ltr' id='par_1_107' title="bbox 1081 2111 1871 2153">
     <span class='ocr_line' id='line_1_107' title="bbox 1081 2111 1871 2153; baseline -0.009 -9"><span class='ocrx_word' id='word_1_805' title='bbox 1081 2117 1202 2153; x_wconf 88' lang='grc' dir='ltr'>βούλοιτο</span> <span class='ocrx_word' id='word_1_806' title='bbox 1216 2116 1245 2149; x_wconf 74' lang='grc' dir='ltr'>ἐξ</span> <span class='ocrx_word' id='word_1_807' title='bbox 1258 2115 1348 2143; x_wconf 83' lang='grc' dir='ltr'>αὐτῶν</span> <span class='ocrx_word' id='word_1_808' title='bbox 1359 2113 1576 2150; x_wconf 75' lang='grc' dir='ltr'>συμπροπέμψαι</span> <span class='ocrx_word' id='word_1_809' title='bbox 1590 2113 1663 2148; x_wconf 77' lang='grc' dir='ltr'>ἡμᾶς</span> <span class='ocrx_word' id='word_1_810' title='bbox 1678 2113 1742 2148; x_wconf 81' lang='grc' dir='ltr'>άχρι</span> <span class='ocrx_word' id='word_1_811' title='bbox 1754 2111 1809 2138; x_wconf 87' lang='grc' dir='ltr'>τῶν</span> <span class='ocrx_word' id='word_1_812' title='bbox 1824 2111 1871 2137; x_wconf 83' lang='grc' dir='ltr'>ἄλ-</span> 
     </span>
    </p>
   </div>
   <div class='ocr_carea' id='block_1_108' title="bbox 1080 2156 1872 2197">
    <p class='ocr_par' dir='ltr' id='par_1_108' title="bbox 1080 2156 1872 2197">
     <span class='ocr_line' id='line_1_108' title="bbox 1080 2156 1872 2197; baseline -0.009 -8"><span class='ocrx_word' id='word_1_813' title='bbox 1080 2163 1134 2189; x_wconf 89' lang='grc' dir='ltr'>λων</span> <span class='ocrx_word' id='word_1_814' title='bbox 1148 2161 1287 2197; x_wconf 86' lang='grc' dir='ltr'>Πατέρων,</span> <span class='ocrx_word' id='word_1_815' title='bbox 1301 2160 1394 2195; x_wconf 74' lang='grc' dir='ltr'>σχεδον</span> <span class='ocrx_word' id='word_1_816' title='bbox 1405 2159 1524 2190; x_wconf 75' lang='grc' dir='ltr'>ἅπαντες</span> <span class='ocrx_word' id='word_1_817' title='bbox 1537 2157 1710 2193; x_wconf 87' lang='grc' dir='ltr'>παρεκάλουν</span> <span class='ocrx_word' id='word_1_818' title='bbox 1724 2156 1872 2192; x_wconf 70' lang='grc' dir='ltr'>προθύμως</span> 
     </span>
    </p>
   </div>
   <div class='ocr_carea' id='block_1_109' title="bbox 1081 2199 1872 2242">
    <p class='ocr_par' dir='ltr' id='par_1_109' title="bbox 1081 2199 1872 2242">
     <span class='ocr_line' id='line_1_109' title="bbox 1081 2199 1872 2242; baseline -0.01 -8"><span class='ocrx_word' id='word_1_819' title='bbox 1081 2205 1299 2242; x_wconf 76' lang='grc' dir='ltr'>συμπροπέμψαι</span> <span class='ocrx_word' id='word_1_820' title='bbox 1314 2205 1396 2240; x_wconf 70' lang='grc' dir='ltr'>ἡμᾶς.</span> <span class='ocrx_word' id='word_1_821' title='bbox 1419 2203 1449 2229; x_wconf 83' lang='grc' dir='ltr'><strong>Ὀ</strong></span> <span class='ocrx_word' id='word_1_822' title='bbox 1461 2203 1490 2229; x_wconf 81' lang='grc' dir='ltr'>δὲ</span> <span class='ocrx_word' id='word_1_823' title='bbox 1506 2203 1582 2237; x_wconf 85' lang='grc' dir='ltr'>ἇγιος</span> <span class='ocrx_word' id='word_1_824' title='bbox 1604 2201 1740 2232; x_wconf 79' lang='grc' dir='ltr'>Ἀπολλὼς</span> <span class='ocrx_word' id='word_1_825' title='bbox 1755 2201 1830 2236; x_wconf 84' lang='grc' dir='ltr'>τρεῖς</span> <span class='ocrx_word' id='word_1_826' title='bbox 1843 2199 1872 2231; x_wconf 77' lang='grc' dir='ltr'>ἐξ</span> 
     </span>
    </p>
   </div>
   <div class='ocr_carea' id='block_1_110' title="bbox 1080 2245 1874 2285">
    <p class='ocr_par' dir='ltr' id='par_1_110' title="bbox 1080 2245 1874 2285">
     <span class='ocr_line' id='line_1_110' title="bbox 1080 2245 1874 2285; baseline -0.01 -6"><span class='ocrx_word' id='word_1_827' title='bbox 1080 2252 1171 2280; x_wconf 86' lang='grc' dir='ltr'>αὐτῶν</span> <span class='ocrx_word' id='word_1_828' title='bbox 1195 2250 1407 2285; x_wconf 77' lang='grc' dir='ltr'>ἐπιλεξάμενος,</span> <span class='ocrx_word' id='word_1_829' title='bbox 1431 2249 1530 2284; x_wconf 82' lang='grc' dir='ltr'>ἄνδρας</span> <span class='ocrx_word' id='word_1_830' title='bbox 1553 2248 1662 2278; x_wconf 79' lang='grc' dir='ltr'>ἱκανοὺς</span> <span class='ocrx_word' id='word_1_831' title='bbox 1685 2248 1714 2273; x_wconf 77' lang='grc' dir='ltr'>ἐν</span> <span class='ocrx_word' id='word_1_832' title='bbox 1733 2245 1804 2280; x_wconf 83' lang='grc' dir='ltr'>λόγῳ</span> <span class='ocrx_word' id='word_1_833' title='bbox 1826 2246 1874 2272; x_wconf 78' lang='grc' dir='ltr'>καὶ</span> 
     </span>
    </p>
   </div>
   <div class='ocr_carea' id='block_1_111' title="bbox 1081 2289 1875 2331">
    <p class='ocr_par' dir='ltr' id='par_1_111' title="bbox 1081 2289 1875 2331">
     <span class='ocr_line' id='line_1_111' title="bbox 1081 2289 1875 2331; baseline -0.01 -7"><span class='ocrx_word' id='word_1_834' title='bbox 1081 2296 1216 2331; x_wconf 72' lang='grc' dir='ltr'>πολιτεία,</span> <span class='ocrx_word' id='word_1_835' title='bbox 1240 2295 1288 2322; x_wconf 78' lang='grc' dir='ltr'>καὶ</span> <span class='ocrx_word' id='word_1_836' title='bbox 1310 2294 1461 2329; x_wconf 79' lang='grc' dir='ltr'>ἐμπείρους</span> <span class='ocrx_word' id='word_1_837' title='bbox 1479 2293 1531 2327; x_wconf 83' lang='grc' dir='ltr'>τῆς</span> <span class='ocrx_word' id='word_1_838' title='bbox 1554 2292 1714 2327; x_wconf 78' lang='grc' dir='ltr'>Ἑλληνικῆς</span> <span class='ocrx_word' id='word_1_839' title='bbox 1731 2291 1778 2318; x_wconf 79' lang='grc' dir='ltr'>καὶ</span> <span class='ocrx_word' id='word_1_840' title='bbox 1808 2289 1875 2316; x_wconf 83' lang='grc' dir='ltr'>Ῥω-</span> 
     </span>
    </p>
   </div>
   <div class='ocr_carea' id='block_1_112' title="bbox 1083 2333 1875 2376">
    <p class='ocr_par' dir='ltr' id='par_1_112' title="bbox 1083 2333 1875 2376">
     <span class='ocr_line' id='line_1_112' title="bbox 1083 2333 1875 2376; baseline -0.011 -8"><span class='ocrx_word' id='word_1_841' title='bbox 1083 2341 1186 2376; x_wconf 85' lang='grc' dir='ltr'>μαῖκῆς</span> <span class='ocrx_word' id='word_1_842' title='bbox 1202 2339 1250 2366; x_wconf 74' lang='grc' dir='ltr'>καὶ</span> <span class='ocrx_word' id='word_1_843' title='bbox 1269 2337 1462 2375; x_wconf 70' lang='grc' dir='ltr'>Αἰγυπτιακῆς</span> <span class='ocrx_word' id='word_1_844' title='bbox 1478 2336 1632 2368; x_wconf 79' lang='grc' dir='ltr'>διαλέκτου,</span> <span class='ocrx_word' id='word_1_845' title='bbox 1646 2333 1875 2370; x_wconf 83' lang='grc' dir='ltr'>συμπροπέμπων</span> 
     </span>
    </p>
   </div>
   <div class='ocr_carea' id='block_1_113' title="bbox 1080 2377 1876 2421">
    <p class='ocr_par' dir='ltr' id='par_1_113' title="bbox 1080 2377 1876 2421">
     <span class='ocr_line' id='line_1_113' title="bbox 1080 2377 1876 2421; baseline -0.011 -10"><span class='ocrx_word' id='word_1_846' title='bbox 1080 2385 1156 2421; x_wconf 76' lang='grc' dir='ltr'>ἡμᾶς</span> <span class='ocrx_word' id='word_1_847' title='bbox 1173 2383 1265 2414; x_wconf 87' lang='grc' dir='ltr'>αὐτοῖς</span> <span class='ocrx_word' id='word_1_848' title='bbox 1281 2381 1434 2409; x_wconf 72' lang='grc' dir='ltr'>ἐνετέλλετο</span> <span class='ocrx_word' id='word_1_849' title='bbox 1456 2381 1495 2416; x_wconf 83' lang='grc' dir='ltr'>μὴ</span> <span class='ocrx_word' id='word_1_850' title='bbox 1518 2379 1652 2415; x_wconf 85' lang='grc' dir='ltr'>πρότερον</span> <span class='ocrx_word' id='word_1_851' title='bbox 1671 2378 1781 2412; x_wconf 70' lang='grc' dir='ltr'>ἀφιέναι</span> <span class='ocrx_word' id='word_1_852' title='bbox 1803 2377 1876 2421; x_wconf 70' lang='grc' dir='ltr'>ήμᾷς</span> 
     </span>
    </p>
   </div>
   <div class='ocr_carea' id='block_1_114' title="bbox 1082 2419 1878 2465">
    <p class='ocr_par' dir='ltr' id='par_1_114' title="bbox 1082 2419 1878 2465">
     <span class='ocr_line' id='line_1_114' title="bbox 1082 2419 1878 2465; baseline -0.014 -9"><span class='ocrx_word' id='word_1_853' title='bbox 1082 2419 1148 2465; x_wconf 75' lang='grc' dir='ltr'>πρὶν</span> <span class='ocrx_word' id='word_1_854' title='bbox 1163 2428 1195 2455; x_wconf 80' lang='grc' dir='ltr'>ἂν</span> <span class='ocrx_word' id='word_1_855' title='bbox 1211 2427 1312 2457; x_wconf 76' lang='grc' dir='ltr'>ἱκανῶς</span> <span class='ocrx_word' id='word_1_856' title='bbox 1328 2426 1436 2460; x_wconf 74' lang='grc' dir='ltr'>ἔχοιμεν</span> <span class='ocrx_word' id='word_1_857' title='bbox 1455 2425 1518 2455; x_wconf 82' lang='grc' dir='ltr'>τοὺς</span> <span class='ocrx_word' id='word_1_858' title='bbox 1541 2423 1665 2458; x_wconf 83' lang='grc' dir='ltr'>Πατέρας</span> <span class='ocrx_word' id='word_1_859' title='bbox 1680 2422 1756 2452; x_wconf 80' lang='grc' dir='ltr'>ὅλους</span> <span class='ocrx_word' id='word_1_860' title='bbox 1774 2419 1878 2465; x_wconf 79' lang='grc' dir='ltr'>θεωρῇ-</span> 
     </span>
    </p>
   </div>
   <div class='ocr_carea' id='block_1_115' title="bbox 1084 2463 1877 2505">
    <p class='ocr_par' dir='ltr' id='par_1_115' title="bbox 1084 2463 1877 2505">
     <span class='ocr_line' id='line_1_115' title="bbox 1084 2463 1877 2505; baseline -0.013 -6"><span class='ocrx_word' id='word_1_861' title='bbox 1084 2463 1190 2504; x_wconf 81' lang='grc' dir='ltr'>σαντες.</span> <span class='ocrx_word' id='word_1_862' title='bbox 1206 2471 1260 2503; x_wconf 82' lang='grc' dir='ltr'>Οὓς</span> <span class='ocrx_word' id='word_1_863' title='bbox 1281 2470 1328 2496; x_wconf 78' lang='grc' dir='ltr'>ἐὰν</span> <span class='ocrx_word' id='word_1_864' title='bbox 1346 2468 1474 2505; x_wconf 82' lang='grc' dir='ltr'>βούληταί</span> <span class='ocrx_word' id='word_1_865' title='bbox 1488 2476 1531 2501; x_wconf 81' lang='grc' dir='ltr'>τις</span> <span class='ocrx_word' id='word_1_866' title='bbox 1549 2467 1612 2493; x_wconf 86' lang='grc' dir='ltr'>ἰδεῖν</span> <span class='ocrx_word' id='word_1_867' title='bbox 1626 2466 1758 2497; x_wconf 70' lang='grc' dir='ltr'>ἅπαντας,</span> <span class='ocrx_word' id='word_1_868' title='bbox 1773 2464 1822 2491; x_wconf 82' lang='grc' dir='ltr'>οὐκ</span> <span class='ocrx_word' id='word_1_869' title='bbox 1843 2463 1877 2490; x_wconf 78' lang='grc' dir='ltr'>ἂν</span> 
     </span>
    </p>
   </div>
   <div class='ocr_carea' id='block_1_116' title="bbox 1084 2510 1879 2552">
    <p class='ocr_par' dir='ltr' id='par_1_116' title="bbox 1084 2510 1879 2552">
     <span class='ocr_line' id='line_1_116' title="bbox 1084 2510 1879 2552; baseline -0.015 -7"><span class='ocrx_word' id='word_1_870' title='bbox 1084 2517 1180 2552; x_wconf 80' lang='grc' dir='ltr'>φθάνοι</span> <span class='ocrx_word' id='word_1_871' title='bbox 1197 2516 1241 2543; x_wconf 86' lang='grc' dir='ltr'>διὰ</span> <span class='ocrx_word' id='word_1_872' title='bbox 1256 2515 1356 2546; x_wconf 81' lang='grc' dir='ltr'>παντὸς</span> <span class='ocrx_word' id='word_1_873' title='bbox 1375 2513 1422 2541; x_wconf 81' lang='grc' dir='ltr'>τοῦ</span> <span class='ocrx_word' id='word_1_874' title='bbox 1449 2513 1507 2548; x_wconf 85' lang='grc' dir='ltr'>βίου</span> <span class='ocrx_word' id='word_1_875' title='bbox 1534 2511 1692 2539; x_wconf 80' lang='grc' dir='ltr'>Θεάσασθαι.</span> <span class='ocrx_word' id='word_1_876' title='bbox 1720 2510 1879 2552; x_wconf 75' lang='grc' dir='ltr'>Εὐλογήσας</span> 
     </span>
    </p>
   </div>
   <div class='ocr_carea' id='block_1_117' title="bbox 1084 2551 1878 2596">
    <p class='ocr_par' dir='ltr' id='par_1_117' title="bbox 1084 2551 1878 2596">
     <span class='ocr_line' id='line_1_117' title="bbox 1084 2551 1878 2596; baseline -0.013 -8"><span class='ocrx_word' id='word_1_877' title='bbox 1084 2559 1131 2588; x_wconf 88' lang='grc' dir='ltr'>οὖν</span> <span class='ocrx_word' id='word_1_878' title='bbox 1149 2561 1224 2596; x_wconf 82' lang='grc' dir='ltr'>ἡμᾶς</span> <span class='ocrx_word' id='word_1_879' title='bbox 1242 2558 1428 2592; x_wconf 81' lang='grc' dir='ltr'>ἐξαπέστειλε,</span> <span class='ocrx_word' id='word_1_880' title='bbox 1445 2557 1545 2591; x_wconf 87' lang='grc' dir='ltr'>λέγων,</span> <span class='ocrx_word' id='word_1_881' title='bbox 1559 2555 1715 2590; x_wconf 82' lang='grc' dir='ltr'>Εὐλογὴσαι</span> <span class='ocrx_word' id='word_1_882' title='bbox 1731 2554 1803 2588; x_wconf 81' lang='grc' dir='ltr'>ὑμᾶς</span> <span class='ocrx_word' id='word_1_883' title='bbox 1820 2551 1878 2596; x_wconf 79' lang='grc' dir='ltr'>Κύ-</span> 
     </span>
    </p>
   </div>
   <div class='ocr_carea' id='block_1_118' title="bbox 1087 2595 1879 2640">
    <p class='ocr_par' dir='ltr' id='par_1_118' title="bbox 1087 2595 1879 2640">
     <span class='ocr_line' id='line_1_118' title="bbox 1087 2595 1879 2640; baseline -0.014 -8"><span class='ocrx_word' id='word_1_884' title='bbox 1087 2613 1143 2640; x_wconf 91' lang='grc' dir='ltr'>ριος</span> <span class='ocrx_word' id='word_1_885' title='bbox 1160 2595 1193 2631; x_wconf 71' lang='grc' dir='ltr'>ἔκ</span> <span class='ocrx_word' id='word_1_886' title='bbox 1207 2603 1287 2636; x_wconf 85' lang='grc' dir='ltr'>Σιὼν,</span> <span class='ocrx_word' id='word_1_887' title='bbox 1306 2602 1352 2630; x_wconf 77' lang='grc' dir='ltr'>καὶ</span> <span class='ocrx_word' id='word_1_888' title='bbox 1375 2601 1456 2628; x_wconf 87' lang='grc' dir='ltr'>ῖδοιτε</span> <span class='ocrx_word' id='word_1_889' title='bbox 1472 2601 1506 2627; x_wconf 84' lang='grc' dir='ltr'>τὰ</span> <span class='ocrx_word' id='word_1_890' title='bbox 1522 2599 1614 2633; x_wconf 73' lang='grc' dir='ltr'>ἀγαθὰ</span> <span class='ocrx_word' id='word_1_891' title='bbox 1632 2597 1811 2633; x_wconf 80' lang='grc' dir='ltr'>Ἰερουσαλὴμ</span> <span class='ocrx_word' id='word_1_892' title='bbox 1826 2595 1879 2622; x_wconf 85' lang='grc' dir='ltr'>πά-</span> 
     </span>
    </p>
   </div>
   <div class='ocr_carea' id='block_1_119' title="bbox 1086 2643 1583 2683">
    <p class='ocr_par' dir='ltr' id='par_1_119' title="bbox 1086 2643 1583 2683">
     <span class='ocr_line' id='line_1_119' title="bbox 1086 2643 1583 2683; baseline -0.012 -7"><span class='ocrx_word' id='word_1_893' title='bbox 1086 2658 1136 2681; x_wconf 90' lang='grc' dir='ltr'>σας</span> <span class='ocrx_word' id='word_1_894' title='bbox 1150 2649 1200 2680; x_wconf 79' lang='grc' dir='ltr'>τὰς</span> <span class='ocrx_word' id='word_1_895' title='bbox 1219 2649 1327 2683; x_wconf 80' lang='grc' dir='ltr'>ἡμέρας</span> <span class='ocrx_word' id='word_1_896' title='bbox 1341 2647 1390 2681; x_wconf 82' lang='grc' dir='ltr'>τῆς</span> <span class='ocrx_word' id='word_1_897' title='bbox 1406 2645 1480 2680; x_wconf 79' lang='grc' dir='ltr'>ζωῆς</span> <span class='ocrx_word' id='word_1_898' title='bbox 1495 2643 1583 2679; x_wconf 84' lang='grc' dir='ltr'>ὑμῶν.</span> 
     </span>
    </p>
   </div>
   <div class='ocr_carea' id='block_1_120' title="bbox 1122 2686 1880 2728">
    <p class='ocr_par' dir='ltr' id='par_1_120' title="bbox 1122 2686 1880 2728">
     <span class='ocr_line' id='line_1_120' title="bbox 1122 2686 1880 2728; baseline -0.015 -8"><span class='ocrx_word' id='word_1_899' title='bbox 1122 2693 1317 2728; x_wconf 82' lang='grc' dir='ltr'>Πορευομένων</span> <span class='ocrx_word' id='word_1_900' title='bbox 1338 2692 1366 2718; x_wconf 81' lang='grc' dir='ltr'>δὲ</span> <span class='ocrx_word' id='word_1_901' title='bbox 1385 2690 1465 2726; x_wconf 79' lang='grc' dir='ltr'>ἡμῶν</span> <span class='ocrx_word' id='word_1_902' title='bbox 1485 2689 1556 2716; x_wconf 82' lang='grc' dir='ltr'>κατὰ</span> <span class='ocrx_word' id='word_1_903' title='bbox 1571 2688 1621 2724; x_wconf 77' lang='grc' dir='ltr'>την</span> <span class='ocrx_word' id='word_1_904' title='bbox 1642 2687 1746 2722; x_wconf 77' lang='grc' dir='ltr'>ἔρημον</span> <span class='ocrx_word' id='word_1_905' title='bbox 1763 2686 1791 2711; x_wconf 85' lang='grc' dir='ltr'>ὲν</span> <span class='ocrx_word' id='word_1_906' title='bbox 1812 2692 1880 2719; x_wconf 81' lang='grc' dir='ltr'>μεσ-</span> 
     </span>
    </p>
   </div>
   <div class='ocr_carea' id='block_1_121' title="bbox 1087 2729 1879 2774">
    <p class='ocr_par' dir='ltr' id='par_1_121' title="bbox 1087 2729 1879 2774">
     <span class='ocr_line' id='line_1_121' title="bbox 1087 2729 1879 2774; baseline -0.016 -8"><span class='ocrx_word' id='word_1_907' title='bbox 1087 2738 1209 2774; x_wconf 80' lang='grc' dir='ltr'>ημὸρίᾳ,</span> <span class='ocrx_word' id='word_1_908' title='bbox 1230 2737 1360 2772; x_wconf 76' lang='grc' dir='ltr'>ἐξαίφνης</span> <span class='ocrx_word' id='word_1_909' title='bbox 1377 2735 1486 2771; x_wconf 81' lang='grc' dir='ltr'>ὁρῶμεν</span> <span class='ocrx_word' id='word_1_910' title='bbox 1502 2733 1595 2769; x_wconf 84' lang='grc' dir='ltr'>σύρμα</span> <span class='ocrx_word' id='word_1_911' title='bbox 1618 2731 1738 2766; x_wconf 84' lang='grc' dir='ltr'>μεγάλου</span> <span class='ocrx_word' id='word_1_912' title='bbox 1764 2729 1879 2774; x_wconf 45' lang='grc' dir='ltr'>δράκονξ</span> 
     </span>
    </p>
   </div>
   <div class='ocr_carea' id='block_1_122' title="bbox 1086 2772 1880 2814">
    <p class='ocr_par' dir='ltr' id='par_1_122' title="bbox 1086 2772 1880 2814">
     <span class='ocr_line' id='line_1_122' title="bbox 1086 2772 1880 2814; baseline -0.004 -5"><span class='ocrx_word' id='word_1_913' title='bbox 1086 2772 1131 2814; x_wconf 76' lang='grc' dir='ltr'>τος</span> <span class='ocrx_word' id='word_1_914' title='bbox 1148 2772 1231 2809; x_wconf 16' lang='grc' dir='ltr'>γοῗάτε</span> <span class='ocrx_word' id='word_1_915' title='bbox 1249 2781 1328 2808; x_wconf 90' lang='grc' dir='ltr'>δοκοῦ</span> <span class='ocrx_word' id='word_1_916' title='bbox 1353 2780 1397 2807; x_wconf 74' lang='grc' dir='ltr'>διὰ</span> <span class='ocrx_word' id='word_1_917' title='bbox 1412 2779 1462 2814; x_wconf 81' lang='grc' dir='ltr'>τῆς</span> <span class='ocrx_word' id='word_1_918' title='bbox 1479 2778 1594 2813; x_wconf 76' lang='grc' dir='ltr'>ψάμμου</span> <span class='ocrx_word' id='word_1_919' title='bbox 1612 2774 1789 2806; x_wconf 74' lang='grc' dir='ltr'>ἑλκυσθείσης</span> <span class='ocrx_word' id='word_1_920' title='bbox 1800 2794 1808 2806; x_wconf 80' lang='grc'><strong>1</strong></span> <span class='ocrx_word' id='word_1_921' title='bbox 1832 2772 1880 2798; x_wconf 53' lang='grc' dir='ltr'>καὶ</span> 
     </span>
    </p>
   </div>
   <div class='ocr_carea' id='block_1_123' title="bbox 1089 2817 1882 2861">
    <p class='ocr_par' dir='ltr' id='par_1_123' title="bbox 1089 2817 1882 2861">
     <span class='ocr_line' id='line_1_123' title="bbox 1089 2817 1882 2861; baseline -0.015 -7"><span class='ocrx_word' id='word_1_922' title='bbox 1089 2827 1189 2857; x_wconf 78' lang='grc' dir='ltr'>ἰδόντες</span> <span class='ocrx_word' id='word_1_923' title='bbox 1204 2826 1279 2861; x_wconf 82' lang='grc' dir='ltr'>φόὸῳ</span> <span class='ocrx_word' id='word_1_924' title='bbox 1296 2824 1385 2859; x_wconf 82' lang='grc' dir='ltr'>πολλῷ</span> <span class='ocrx_word' id='word_1_925' title='bbox 1400 2822 1614 2857; x_wconf 84' lang='grc' dir='ltr'>συνεσχέθημεν.</span> <span class='ocrx_word' id='word_1_926' title='bbox 1631 2820 1662 2846; x_wconf 81' lang='lat' dir='ltr'>Ol</span> <span class='ocrx_word' id='word_1_927' title='bbox 1675 2819 1703 2845; x_wconf 84' lang='grc' dir='ltr'>δὲ</span> <span class='ocrx_word' id='word_1_928' title='bbox 1716 2817 1882 2853; x_wconf 71' lang='grc' dir='ltr'>ὁδηγοῦντες</span> 
     </span>
    </p>
   </div>
   <div class='ocr_carea' id='block_1_124' title="bbox 1088 2861 1885 2908">
    <p class='ocr_par' dir='ltr' id='par_1_124' title="bbox 1088 2861 1885 2908">
     <span class='ocr_line' id='line_1_124' title="bbox 1088 2861 1885 2908; baseline -0.011 -9"><span class='ocrx_word' id='word_1_929' title='bbox 1088 2871 1162 2908; x_wconf 76' lang='grc' dir='ltr'>ἡμᾶς</span> <span class='ocrx_word' id='word_1_930' title='bbox 1177 2869 1289 2904; x_wconf 75' lang='grc' dir='ltr'>ἁδελφοί</span> <span class='ocrx_word' id='word_1_931' title='bbox 1309 2868 1482 2904; x_wconf 82' lang='grc' dir='ltr'>παρεκάλουν</span> <span class='ocrx_word' id='word_1_932' title='bbox 1505 2866 1582 2902; x_wconf 82' lang='grc' dir='ltr'>ἡμᾶς</span> <span class='ocrx_word' id='word_1_933' title='bbox 1607 2865 1644 2901; x_wconf 79' lang='grc' dir='ltr'>μὴ</span> <span class='ocrx_word' id='word_1_934' title='bbox 1663 2863 1789 2897; x_wconf 71' lang='grc' dir='ltr'>δεδιέναι,</span> <span class='ocrx_word' id='word_1_935' title='bbox 1813 2861 1885 2890; x_wconf 61' lang='grc' dir='ltr'>αλλὰ</span> 
     </span>
    </p>
   </div>
  </div>
