2072 3153
230 153 298 180 1149

865 157 1023 187 HISTORIA
1046 157 1225 187 LAUSIACA.

1770 168 1840 198 “50

226 217 286 242 dem
315 214 407 242 aderat
420 214 500 246 Deus,
521 222 590 242 nttnc
614 218 704 242 autem
727 222 837 250 peregre
857 219 898 244 est
923 215 1010 250 prole-
1024 215 1048 244 Α
1063 215 1088 242 in
1102 223 1226 244 sermone
1243 216 1364 252 gratiam,
1380 222 1409 244 et
1431 217 1547 253 reliquas
1560 217 1618 253 ejus
1631 217 1752 251 virtutes,
1777 225 1844 254 quas

231 260 311 290 ctus?
324 261 414 288 Potest
427 265 514 287 autent
531 261 600 288 Deus
615 261 671 288 haec
685 268 792 294 semper
809 261 907 294 facere,
927 264 954 288 et
968 260 1008 287 ni-

231 305 269 333 hil
287 305 337 333 erit
362 306 432 340 quod
453 306 510 340 ipse
532 312 585 332 non
612 306 704 340 possit.
733 306 760 334 Si
784 313 847 341 ergo
875 305 945 334 Deus
968 310 1009 333 est

228 350 324 384 bonus,
336 358 382 378 cur
394 355 422 377 tu
433 351 540 377 malus?
561 350 628 383 Quid
654 357 718 378 vero
746 358 800 378 non
826 354 931 383 oportet
959 357 1008 377 nos

227 404 333 433 quoque
347 397 437 424 dicere
449 404 479 424 ea
492 405 550 431 qua:
563 397 680 424 vidimus
691 417 698 428 ,
712 404 807 430 nempe
827 396 897 430 quod
913 396 1007 423 fratres

228 443 445 478 ingrediebantur
460 450 520 470 cum
544 443 652 477 sportis,
668 442 701 470 ad
718 449 823 469 mensas
847 449 929 477 panes
944 441 1007 470 affe-

227 492 326 520 rentes,
341 492 439 515 etcum
454 487 623 515 comederent
638 488 772 522 quingenti
799 488 893 515 fratres
916 487 950 514 ad
963 494 1007 514 sa-

225 533 354 565 tietatem,
369 539 414 560 eas
428 539 520 560 rursus
540 532 631 566 plenas
642 532 829 567 accipiebant?

261 577 339 604 Aliud
352 585 458 612 quoque
471 577 638 610 miraculum,
654 578 724 611 quod
739 577 858 605 videntes
869 577 1007 613 obstupui-

224 628 294 654 mus,
308 630 354 656 par
367 627 406 649 est
418 622 516 650 dicere.
531 623 596 649 Cum
613 623 682 650 enim
710 623 743 650 ad
768 630 815 650 eos
841 623 1006 652 venissemus

223 667 310 702 spatio
327 669 405 695 trium
422 668 534 702 dierum,
556 669 654 702 cogniti
670 677 771 702 sumus,
799 669 889 702 procul
913 670 964 697 visi
990 678 1005 698 a

222 712 359 746 fratribus,
371 713 414 747 qui
425 720 458 739 ex
471 720 503 740 eo
517 713 655 740 audierant
670 714 703 741 de
718 719 809 741 nostro
828 714 862 741 ad
884 722 944 742 eum
959 715 1007 742 ad—

221 762 300 785 ventu
316 766 323 784 :
336 758 379 792 qui
391 758 497 792 quidem
510 765 622 793 propere
637 763 808 786 occurrentes
833 759 910 787 nobis
925 767 1006 787 vene-

222 807 283 830 rttnt
297 803 400 829 obviam
416 803 572 837 psallentes,
586 808 628 831 est
639 804 709 831 enim
725 804 767 832 hic
781 812 840 832 mos
854 804 925 840 apud
947 813 1005 832 ont-

221 854 269 874 nes
279 847 436 874 monachos.
458 847 489 874 Et
503 855 562 874 cutn
578 849 651 882 proni
668 848 694 875 in
718 853 815 876 terram
836 850 1002 882 adorassent,

1061 267 1167 295 propter
1181 269 1313 289 summum
1328 262 1482 291 miraculum
1492 263 1625 298 siluimus,
1638 263 1741 292 auditas
1751 264 1842 300 utique

1059 313 1091 334 ex
1105 306 1163 340 ipso
1178 311 1204 334 et
1219 314 1250 334 ex
1270 307 1350 334 aliis?

1094 351 1159 378 Cum
1174 357 1261 378 autem
1278 351 1311 379 de
1325 352 1514 380 exercitatione
1528 358 1554 380 et
1575 354 1635 380 vita
1654 353 1775 382 instituto
1794 361 1842 382 no-

1060 395 1160 423 biscttm
1176 405 1246 431 szepe
1261 405 1382 425 seorsum
1397 398 1581 432 disseruisset,
1596 407 1668 434 stepe
1680 400 1760 428 etiam
1774 400 1840 428 dixit

1059 441 1092 469 de
1105 443 1280 476 suscipiendis
1292 444 1444 476 monachis,
1459 444 1528 479 qttod
1544 449 1648 479 oportet
1661 445 1774 473 adorare
1784 446 1838 472 fra-

1059 491 1114 516 tres
1128 489 1298 516 advenientes
1311 497 1318 517 :
1335 490 1391 517 Non
1403 491 1473 518 enim
1488 491 1574 525 ipsos,
1586 491 1682 524 aiebat,
1695 492 1741 519 sed
1756 491 1839 519 Deum

1057 534 1185 561 adorasti.
1214 534 1306 561 Vidisti
1333 535 1403 562 enim
1422 555 1430 568 ,
1461 535 1571 570 inquit,
1605 536 1712 563 fratrem
1746 537 1840 563 tuutnl

1057 578 1147 606 vidisti
1177 579 1314 606 Duminttm
1341 580 1422 607 Deutn
1440 585 1530 613 tuum;
1551 585 1576 608 et
1598 582 1662 614 huc,
1686 581 1788 615 inquit,
1804 581 1838 608 ab

1057 623 1191 651 Abraham
1206 625 1356 659 accepimus
1371 625 1448 657 (Gm.
1463 625 1539 660 xvttt)
1552 633 1559 658 ;
1574 631 1600 653 et
1615 626 1684 660 qttod
1699 631 1837 660 oporteat,

1057 669 1141 702 inquit
1153 690 1160 702 ,
1178 677 1365 703 nonnunquam
1379 676 1476 704 cogere
1491 670 1587 698 fratres
1599 670 1631 698 ad
1646 671 1817 698 refectionem
1829 690 1838 703 ,

1056 721 1070 740 a
1086 714 1135 740 Lot
1150 714 1315 748 accepimus,
1333 714 1378 748 qui
1394 715 1481 749 coegit
1495 715 1604 750 angelos
1620 715 1702 749 (Gen.
1715 716 1771 751 xtx)
1785 724 1792 749 ;
1810 721 1837 743 et

1056 759 1126 794 quod
1150 763 1272 793 oportet,
1300 759 1321 786 si
1348 759 1403 786 fieri
1424 765 1529 794 potest,
1555 760 1698 788 monachos
1719 760 1837 795 quotidie

1030 816 1034 819 ι
1056 804 1252 831 communicare
1267 805 1452 832 sacramentis.
1469 805 1518 837 Qui
1534 805 1604 831 enim
1619 812 1648 833 sc
1661 805 1695 832 ab
1714 805 1752 832 eis
1775 812 1837 839 pro-

1055 848 1098 875 cul
1112 853 1232 880 amovet,
1250 849 1319 875 Deus
1332 855 1437 882 quoque
1453 849 1544 883 proetvl
1557 849 1590 875 ab
1605 857 1638 876 eo
1656 850 1765 877 recedit.
1785 849 1836 883 Qui

222 898 271 918 nos
285 891 428 918 deosculati
453 897 524 922 sunt,
541 899 589 919 nos
611 891 660 920 sibi
676 893 788 921 invicem
809 895 982 922 ostendentes
995 916 1003 925 ,
1020 897 1044 928 B
1057 898 1144 920 autem
1167 894 1216 919 hoc
1239 893 1300 920 facit
1320 893 1443 924 assidue,
1464 894 1570 921 assidue
1584 895 1694 928 suscipit
1708 895 1834 922 Servato-

219 935 374 964 etdicentes
386 944 394 962 :
408 935 478 963 Ecce
492 942 621 964 venerunt
644 938 752 970 fratres,
765 938 798 965 de
819 939 915 973 quibus
928 945 1003 973 pater

218 986 310 1008 noster
321 982 388 1008 dixit
402 981 485 1008 tribus
499 987 559 1009 ante
577 982 681 1016 diebus,
697 983 809 1010 dicendo
824 992 845 1022 :I
859 983 923 1011 Post
946 989 1002 1012 tres

218 1029 276 1056 dies
289 1028 396 1056 venient
413 1028 446 1054 ad
469 1035 518 1054 nos
534 1033 588 1055 tres
604 1027 710 1061 fratres,
731 1029 869 1057 venientes
890 1029 1002 1057 .leroso-

216 1073 305 1109 lymis.
322 1074 355 1101 Et
367 1073 411 1100 alii
426 1072 533 1108 quidem
549 1079 597 1099 nos
611 1072 788 1105 deducebant,
807 1073 853 1101 alii
873 1081 938 1101 vero
953 1081 1002 1102 nos

216 1124 288 1147 retro
312 1119 503 1154 sequebantur,
526 1118 682 1152 psallentes,
705 1118 791 1146 donec
812 1126 895 1154 prope
914 1119 1000 1154 ipsum

216 1166 346 1193 venimus.
360 1164 427 1192 Cum
441 1168 529 1191 autent
545 1163 675 1191 audiisset
699 1168 776 1199 pater
790 1165 887 1199 Apollo
906 1172 999 1193 vocem

217 1210 398 1246 psallentium,
414 1210 486 1235 venit
499 1208 574 1235 nobis
584 1207 701 1241 obviam,
717 1214 745 1236 ut
757 1216 815 1236 mos
829 1209 854 1237 ei
867 1213 925 1236 erat
937 1215 999 1244 erga

220 1261 313 1282 omnes
326 1255 437 1286 fratres;
453 1257 548 1280 etcum
563 1261 611 1280 ttos
626 1253 751 1287 vidisset,
766 1253 886 1282 adoravit
900 1255 1000 1290 primus

216 1306 247 1326 se
261 1299 287 1326 in
301 1305 369 1326 terra
385 1298 550 1330 extendens;
567 1302 594 1325 et
604 1305 664 1326 cum
681 1299 853 1333 surrexisset,
867 1304 908 1327 est
921 1307 1000 1327 oscu-

216 1345 341 1378 latus;et
354 1349 494 1380 postquam
519 1343 719 1377 introduxisset,
742 1345 839 1378 oravit,
863 1346 999 1381 et.pedes

217 1395 324 1417 nostros
335 1389 456 1417 manibus
468 1388 531 1416 lavit
546 1388 671 1423 propriis,
685 1393 712 1416 et
723 1388 843 1417 ltortatus
857 1395 898 1418 est
911 1391 944 1419 ad
956 1399 999 1420 re-

217 1435 370 1463 fectionem.
385 1433 441 1461 lloc
451 1437 538 1462 autem
551 1433 667 1462 faciebat
681 1434 804 1462 omnibus
819 1436 941 1464 fratribus
953 1437 998 1472 qui

216 1479 251 1506 ad
262 1479 347 1513 ipsum
359 1479 510 1507 veniebant.
521 1479 570 1513 Qui
580 1479 650 1507 enim
661 1486 720 1507 cum
732 1480 790 1515 ipso
802 1487 877 1508 erant
887 1481 995 1516 fratres,

214 1524 369 1552 alimentum
382 1531 435 1552 non
451 1524 524 1559 prius
535 1525 712 1559 accipiebant,
726 1532 806 1560 quam
822 1525 996 1555 Eucharistize

1056 945 1124 964 rettt.
1139 937 1185 964 Est
1199 937 1284 970 enitn,
1301 937 1387 972 inquit
1399 958 1406 968 ,
1421 945 1470 964 vox
1485 938 1626 966 salutaris:
1649 940 1697 972 Qui
1718 940 1834 968 comedit

1053 990 1159 1010 carnem
1191 990 1295 1015 meam,
1317 988 1343 1009 et
1370 984 1435 1010 bibit
1466 991 1552 1011 meum
1580 986 1751 1019 sanguinem,
1779 994 1836 1014 ma-

1053 1033 1099 1055 net
1122 1027 1149 1055 itt
1170 1036 1223 1061 me,
1239 1033 1266 1056 et
1286 1036 1335 1063 ego
1360 1028 1385 1055 itt
1411 1036 1442 1057 eo
1457 1028 1550 1065 (Joan.
1573 1029 1628 1065 vt).
1655 1031 1711 1058 Hoc
1733 1032 1837 1060 confert

1052 1073 1189 1100 ntonachis
1202 1073 1324 1101 salutaris
1335 1075 1467 1109 passionis
1478 1076 1757 1104 commemorationettt
1769 1084 1834 1104 con-

1052 1118 1168 1145 tinenter
1184 1118 1350 1149 facientibus.
1365 1119 1482 1154 quotidie
1493 1120 1571 1146 etiam
1586 1127 1615 1148 se
1629 1128 1790 1155 prteparare,
1804 1126 1835 1149 ut

1053 1164 1126 1190 omni
1144 1168 1264 1198 tentpore
1277 1163 1348 1197 digni
1364 1165 1416 1191 sint
1430 1164 1473 1199 qui
1489 1165 1635 1199 suscipiant
1650 1166 1767 1193 coelestia
1788 1173 1833 1194 sa-

1050 1213 1204 1240 cramenta,
1230 1208 1442 1242 quandoquidem
1470 1209 1509 1235 sic
1534 1216 1640 1244 quoque
1662 1210 1833 1245 consequitur

1051 1253 1238 1280 remissionem
1260 1259 1441 1288 peccatorum.
1457 1253 1592 1282 Catholica
1608 1259 1694 1282 autem
1709 1259 1735 1282 et
1749 1262 1831 1291 gene-

1051 1298 1118 1326 ralia
1130 1297 1230 1334 jejunia
1247 1306 1300 1325 non
1316 1299 1377 1326 licet
1391 1299 1496 1326 solvere
1516 1300 1573 1327 sine
1593 1299 1692 1334 ingenti
1714 1300 1833 1327 necessi-

1049 1347 1104 1370 tate
1118 1351 1125 1375 ;
1143 1344 1168 1370 in
1184 1348 1278 1377 quarta
1293 1343 1364 1370 enim
1381 1342 1446 1370 feria
1467 1343 1580 1370 traditur
1593 1344 1730 1378 Servatur,
1752 1347 1780 1372 et
1802 1343 1830 1372 in

1048 1395 1192 1424 parasceve
1206 1387 1387 1423 crucifigitur;
1402 1388 1446 1423 qui
1462 1396 1492 1416 ea
1507 1396 1570 1423 ergo
1589 1389 1686 1422 solvit,
1703 1389 1830 1418 Servato-

1049 1441 1106 1461 rem
1123 1441 1175 1460 ttna
1190 1434 1286 1467 tradit,
1302 1438 1330 1461 et
1345 1441 1395 1460 una
1409 1434 1549 1469 crucifigit.
1565 1435 1617 1462 Sed
1633 1435 1656 1462 si
1675 1436 1708 1462 ad
1723 1443 1771 1464 vos
1784 1444 1832 1465 ve-

1049 1479 1106 1506 niat
1120 1479 1203 1506 frater
1218 1479 1262 1514 qui
1279 1487 1344 1514 opus
1360 1479 1440 1508 habet
1454 1484 1482 1506 nt
1495 1480 1629 1508 reficiatur
1643 1488 1702 1508 cutn
1715 1482 1749 1508 sit
1760 1481 1831 1516 jeju-

1047 1523 1121 1551 nium
1132 1545 1139 1556 ,
1155 1524 1206 1558 ipsi
1220 1524 1269 1552 soli
1287 1531 1405 1551 mensam
1418 1525 1566 1559 apponite;
1582 1526 1623 1552 sin
1637 1532 1726 1554 autetn
1748 1527 1830 1559 nolit.

216 1570 315 1598 Christi
329 1570 570 1598 comtnunicasscnt
583 1579 589 1596 :
615 1570 665 1597 hoc
683 1577 771 1598 autem
785 1571 917 1599 faciebant
931 1573 994 1600 bon
1009 1577 1033 1610 ο
1049 1576 1082 1596 Ιοε
1097 1569 1215 1603 εοεηιίεν
1232 1569 1362 1596 habemus
1378 1570 1449 1597 eﬂim
1463 1577 1633 1598 communent
1649 1571 1831 1601 tradito-em.

215 1623 285 1644 nona
298 1616 361 1644 diei.
373 1616 473 1644 Deinde
485 1622 545 1643 cum
556 1616 594 1643 sic
608 1616 796 1648 comedissent,
811 1617 938 1644 sedebant
946 1624 994 1646 au-

213 1662 316 1690 dicntes
338 1670 398 1690 cum
414 1662 555 1690 docentem
578 1662 668 1689 omnia
690 1667 836 1698 prmeepta,
863 1671 946 1698 usque
960 1663 994 1691 ad

212 1709 324 1742 pritnum
337 1716 472 1736 somnum.
496 1708 571 1736 lllinc
595 1708 638 1735 alii
661 1708 768 1743 quidem
788 1716 822 1737 ex
836 1709 900 1744 ipsis
920 1716 996 1738 sece-

211 1753 307 1780 dobant
322 1754 347 1780 in
368 1753 551 1784 solitudinem,
609 1750 763 1788 Scripturas
814 1759 868 1782 tota
917 1757 996 1781 nocte

211 1798 365 1826 memotiter
386 1803 591 1832 expromentes;
615 1798 659 1825 alii
684 1806 746 1825 vero
770 1799 823 1825 illic
838 1806 994 1834 persevcra-

212 1842 294 1877 bant,
316 1843 431 1870 assiduis
452 1843 558 1876 hymnis
583 1842 665 1869 Deum
692 1843 840 1876 laudantes,
867 1843 901 1870 ad
924 1843 994 1872 diem

212 1895 296 1922 usque
313 1896 320 1914 :
336 1895 402 1922 quos
416 1895 466 1922 ego
482 1887 535 1914 vidi
553 1886 594 1914 bis
606 1887 700 1920 Oculis,
715 1895 776 1914 cum
791 1895 902 1922 vespere
917 1889 995 1925 bym-

215 1940 262 1960 nos
275 1933 430 1967 cmpissent,
448 1940 532 1967 usque
553 1932 586 1959 ad
601 1932 758 1960 matutinum
780 1940 832 1960 non
848 1940 967 1962 eeSsasse
980 1942 995 1962 a

213 1982 304 2006 cantu.
320 1978 394 2006 Multi
409 1983 482 2006 certe
496 1986 529 2005 ex
545 1978 577 2005 iis
588 1977 652 2005 liora
668 1985 737 2005 nona
752 1977 836 2006 solum
851 1978 996 2007 descende-

213 2026 275 2051 bant
289 2024 323 2050 de
333 2029 434 2056 monte,
447 2029 473 2050 et
486 2022 677 2049 Eucharistiam
687 2028 834 2057 sumentes,
848 2031 939 2050 rursus
947 2023 995 2051 ad-

213 2071 386 2102 scendebant,
402 2069 644 2104 contentispiritali
667 2070 828 2101 nutrimento
852 2076 937 2104 usque
960 2069 994 2097 ad

211 2116 291 2143 aliam
318 2123 426 2143 nonam.
453 2116 508 2143 lloc
534 2121 622 2143 autem
644 2116 720 2143 multi
744 2124 777 2143 ex
805 2116 837 2144 iis
862 2115 996 2144 faciebant

211 2162 309 2190 multos
323 2162 392 2189 dies.
417 2161 526 2189 Licebat
539 2166 627 2189 autem
647 2169 694 2189 eos
719 2162 810 2189 videre
830 2162 996 2190 exsultantes

211 2208 238 2235 in
253 2208 406 2240 solitudine,
422 2209 488 2235 adeo
499 2211 528 2234 ut
539 2208 636 2234 nttllam
651 2207 781 2242 ejusmodi
797 2207 875 2234 aliam
890 2207 994 2235 exulta-

1049 1613 1160 1640 llultum
1174 1618 1262 1641 autem
1278 1614 1493 1648 reprehendebat
1506 1622 1552 1642 eos
1567 1615 1610 1649 qui
1627 1615 1724 1644 ferrum
1744 1621 1833 1653 gesta-

1048 1659 1129 1692 bant,
1150 1664 1177 1686 et
1198 1666 1302 1687 comam
1324 1660 1487 1688 nutriebant.
1513 1661 1543 1688 lli
1566 1662 1654 1696 enim,
1676 1661 1777 1698 inquit,
1802 1671 1832 1692 se

1046 1709 1186 1732 ostentant
1198 1710 1226 1732 et
1239 1710 1360 1739 quaerunt
1375 1706 1479 1740 placere
1495 1706 1645 1735 hominibus
1655 1727 1663 1741 ,
1678 1715 1738 1736 cum
1753 1716 1832 1744 opor-

1047 1755 1103 1778 teat
1124 1751 1196 1785 ipsos
1216 1752 1304 1785 potius
1324 1758 1422 1785 corpus
1443 1751 1548 1779 solvere
1567 1751 1694 1787 jejttnik,
1714 1757 1741 1781 et
1759 1754 1830 1788 quod

1048 1797 1148 1825 bonum
1169 1801 1211 1824 est
1231 1797 1318 1824 facere
1339 1799 1365 1823 itt
1381 1797 1504 1829 occulto;
1522 1798 1537 1824 ii
1555 1805 1618 1824 vero
1644 1806 1696 1824 non
1711 1799 1766 1831 sic,
1781 1799 1829 1826 sed

1047 1849 1077 1870 sc
1094 1842 1234 1876 propalant
1248 1842 1382 1868 omnibus.
1399 1841 1431 1869 Et
1446 1841 1508 1876 quid
1525 1849 1592 1876 opus
1611 1843 1746 1876 pluribus?
1767 1843 1832 1870 0m-

1049 1888 1090 1914 ttis
1104 1887 1174 1913 enim
1189 1886 1248 1921 ejus
1261 1887 1381 1913 doctrina
1395 1891 1436 1913 cst
1448 1887 1506 1920 ejus
1519 1887 1579 1913 vitre
1592 1886 1713 1914 instituto
1725 1887 1831 1922 similis,

1047 1938 1126 1966 quam
1142 1938 1191 1958 nec
1205 1930 1264 1965 quis
1277 1930 1392 1957 scribere
1407 1931 1521 1965 potuerit
1536 1938 1585 1958 nec
1601 1931 1699 1958 dicere.
1713 1931 1830 1960 Plurima
1860 1964 1865 1967 _

1047 1983 1112 2011 ergo
1127 1975 1268 2003 nobiscum
1284 1983 1406 2002 seorsum
1416 1995 1424 2008 ,
1441 1980 1494 2002 tota
1511 1983 1582 2010 stepe
1597 1976 1760 2003 ltebdomada
1773 1977 1832 2004 dis-

1049 2021 1180 2053 serendo,
1207 2021 1313 2047 tandem
1340 2019 1478 2048 dimittens
1502 2021 1588 2047 dixit:
1612 2021 1712 2048 llabete
1736 2029 1827 2056 pacem

1049 2066 1120 2094 inter
1132 2073 1195 2097 vos,
1211 2073 1296 2100 neque
1310 2065 1470 2099 separemini
1486 2066 1511 2092 in
1528 2065 1579 2092 via.

1083 2109 1150 2137 Cum
1167 2116 1257 2137 autem
1273 2109 1386 2137 dixisset
1401 2110 1434 2137 iis
1448 2111 1492 2145 qui
1508 2117 1566 2138 cum
1583 2111 1641 2145 ipso
1654 2116 1730 2138 erant
1744 2111 1831 2139 fratri-

1047 2155 1115 2188 bus,
1130 2157 1252 2191 quisnam
1269 2164 1300 2184 ex
1317 2156 1380 2190 ipsis
1394 2157 1476 2184 vellet
1497 2165 1544 2183 nos
1560 2157 1690 2184 deducere
1712 2157 1745 2184 ad
1767 2158 1831 2185 visi-

1049 2202 1145 2228 tandos
1169 2201 1236 2229 alios
1260 2201 1373 2234 Patres,
1397 2207 1504 2229 santtus
1530 2203 1637 2237 Apollo,
1662 2203 1746 2230 tribus
1768 2203 1832 2232 viris

211 2254 311 2281 tionem
329 2253 356 2280 in
371 2257 439 2280 terra
453 2252 544 2280 videre
564 2251 653 2285 liceat,
669 2259 718 2280 nec
733 2252 852 2280 lmtitiam
866 2259 994 2288 corpora-

1050 2246 1161 2273 delectis
1174 2246 1218 2280 qui
1234 2246 1353 2273 valerent
1376 2252 1402 2274 et
1422 2254 1546 2274 sermone
1566 2253 1592 2274 et
1614 2249 1673 2275 vita:
1692 2248 1830 2282 instituto,

212 2299 276 2327 lem.
291 2298 381 2332 Neque
402 2298 473 2324 enint
491 2301 548 2325 erat
564 2298 633 2325 inter
646 2305 693 2325 eos
712 2297 806 2332 aliquis
825 2304 935 2325 maestus
949 2302 996 2325 aut

211 2345 313 2379 tristis;
329 2345 375 2372 sed
390 2345 412 2371 si
427 2344 487 2378 quis
498 2344 637 2372 videbatur
650 2352 705 2379 prae
722 2351 751 2371 se
766 2344 834 2371 ferre
849 2344 994 2378 tristitiam,

210 2384 393 2424 statitn'paler
416 2389 509 2422 Apollo
531 2396 563 2416 ex
585 2396 618 2416 eo
633 2389 742 2423 rogi-bat
761 2396 879 2421 causam,
895 2394 922 2416 et
935 2397 995 2424 qua:

209 2439 288 2462 erant
299 2435 324 2462 in
350 2434 455 2461 occulto
473 2434 678 2469 uniuscujusque
696 2433 798 2467 cordis,
815 2435 993 2462 renuntiabat.

212 2479 321 2506 Dicebat
335 2484 422 2506 autem
435 2488 442 2505 :
458 2478 515 2506 Non
526 2483 632 2513 oportet
644 2485 704 2506 esse
721 2479 810 2506 tristes
824 2484 933 2513 propter
947 2486 991 2507 sa-

210 2523 303 2557 lutem,
319 2531 379 2551 cum
403 2523 482 2550 ftttttri
506 2523 588 2551 simus
611 2523 731 2552 ltmredes
754 2524 827 2559 regni
853 2525 992 2552 caelorum.

208 2568 312 2596 Tristes
326 2573 422 2599 autem,
439 2567 534 2603 inquit,
555 2572 633 2595 erunt
646 2568 768 2603 gentiles.
783 2569 882 2596 flebunt
897 2569 991 2602 Jurlmi,

208 2613 336 2647 lugebunt
352 2616 520 2647 peccatores;
531 2611 595 2646 jttSt't
617 2617 704 2640 autem
719 2613 894 2640 la'tabttntur:
909 2618 936 2641 et
948 2613 993 2649 qui

210 2662 318 2685 terrena
332 2657 439 2692 quidem
463 2657 552 2684 animo
575 2657 684 2691 agitant,
713 2658 835 2685 lmtantur
858 2659 884 2685 in
913 2659 991 2686 rebus

212 2704 343 2736 terrenis;
357 2711 404 2731 nos
417 2709 505 2730 autem
519 2703 564 2737 qui
580 2707 651 2731 tanta
671 2711 719 2738 spe
732 2704 803 2738 digni
817 2712 909 2732 sumus
923 2705 997 2732 habi-

211 2748 240 2781 ti,
255 2749 388 2784 quomodo
403 2757 455 2776 non
468 2749 491 2776 la
501 2754 588 2776 tamur
599 2749 748 2783 perpetuo?
761 2756 821 2776 cum
838 2750 913 2777 nobis
925 2751 996 2784 Apo-

209 2795 293 2821 stolus
306 2795 426 2826 suadeat,
450 2799 477 2822 ut
491 2802 600 2829 semper
623 2795 754 2828 lmtemur,
780 2795 846 2822 etin
870 2795 994 2823 omnibus

209 2839 307 2874 gratias
321 2847 428 2874 agamus
439 2839 465 2874 (l
482 2839 560 2868 Tim:
585 2839 624 2869 vi.
647 2840 711 2873 Quis
725 2845 812 2869 autem
827 2839 925 2869 dixerit
937 2840 995 2876 ejus

1048 2296 1176 2326 erantque
1191 2292 1267 2326 periti
1284 2292 1378 2326 lingua:
1394 2291 1492 2319 (Inerat
1509 2297 1535 2319 ct
1551 2292 1676 2320 ROtlialliL‘
1690 2299 1716 2320 et
1729 2294 1831 2330 Egyp-

1046 2337 1140 2370 tiacze,
1167 2345 1229 2364 cum
1254 2337 1292 2364 cis
1317 2345 1365 2364 nos
1388 2337 1523 2365 ditnittens
1537 2358 1545 2370 ,
1567 2338 1645 2372 jusxit
1666 2341 1705 2366 eis
1726 2348 1759 2367 tte
1781 2347 1830 2367 nos

1047 2383 1119 2417 prius
1146 2382 1330 2416 relinquerent
1354 2389 1433 2416 quam
1456 2383 1618 2410 satisfactum
1642 2391 1712 2412 esset
1737 2390 1830 2414 nostro

1045 2429 1220 2457 videndorum
1242 2428 1350 2456 Patrum
1371 2429 1523 2457 desiderio:
1544 2438 1610 2464 quos
1629 2431 1651 2458 si
1671 2432 1730 2466 quis
1749 2432 1830 2460 vellet

1045 2482 1139 2502 omnes
1153 2474 1254 2508 videre,
1268 2474 1301 2501 ad
1315 2481 1362 2501 eos
1375 2474 1542 2508 aspiciendos
1554 2479 1606 2502 tota
1621 2476 1672 2503 vita
1687 2484 1738 2503 nun
1752 2476 1829 2504 suffl-

1043 2523 1126 2548 ceret.
1141 2519 1207 2546 Cum
1223 2519 1300 2546 nobis
1318 2526 1381 2553 ergo
1396 2519 1591 2553 benedixisset,
1608 2522 1773 2554 amandavit,
1787 2522 1830 2550 di-

1043 2571 1122 2592 cens:
1136 2562 1276 2591 Benedicat
1286 2571 1333 2590 vos
1348 2563 1510 2591 Dominusex
1523 2564 1697 2597 Sion,etvide
1716 2567 1748 2593 tis
1758 2566 1827 2594 bona

1042 2610 1189 2639 Jerusalem
1203 2609 1326 2638 omnibus
1338 2609 1430 2636 diebus
1440 2610 1500 2637 vitae
1516 2615 1610 2638 vestra:
1619 2611 1702 2647 (Prol.
1713 2612 1828 2648 cxxvtt).

1082 2657 1162 2684 Nobis
1182 2660 1269 2683 autem
1293 2656 1490 2683 ambulantibus
1510 2657 1620 2684 meridie
1641 2665 1688 2692 per
1707 2658 1828 2685 solitudi-

1047 2710 1125 2734 nem,
1149 2702 1270 2728 videmus
1294 2705 1405 2728 tractum
1430 2703 1516 2736 magni
1539 2702 1680 2736 draconis,
1703 2703 1748 2738 qui
1771 2707 1829 2731 tan-

1045 2756 1124 2783 quam
1139 2748 1227 2776 trabes
1241 2753 1297 2776 erat
1312 2751 1462 2782 protractus
1475 2755 1521 2782 per
1533 2755 1641 2776 arenam
1656 2757 1663 2776 ε
1676 2756 1754 2784 quem
1765 2756 1825 2776 cum

1045 2792 1222 2824 vidissct'nus.
1242 2800 1291 2820 nos
1311 2800 1420 2827 magnus
1441 2793 1521 2820 timor
1540 2794 1644 2820 invasit.
1666 2794 1716 2828 Qui
1735 2799 1825 2823 autem

1046 2847 1094 2867 nos
1114 2839 1246 2868 ducebant
1266 2839 1380 2874 fratres,
1402 2837 1499 2866 hortati
1521 2843 1583 2866 sunt
1603 2843 1636 2867 ne
1656 2840 1829 2873 timeremus.
