2072 3153
257 161 322 189 1151

986 160 1145 191 PALLADII

1809 157 1878 188 1152

269 231 314 259 sed
333 238 453 259 essemus
471 230 541 258 bono
559 236 664 263 antmo,
683 233 710 257 et
730 235 903 263 sequeremur
921 227 1045 254 draconis
1059 226 1212 259 Adimisit,
1235 231 1263 254 ut
1285 229 1329 262 qui
1352 229 1390 255 eis
1413 227 1518 255 tristitia
1541 227 1639 256 affectis
1659 229 1724 256 nihil
1740 227 1879 265 prodesse-

270 278 409 312 vestigium
424 285 430 303 :
447 275 575 303 Videbitis
589 276 658 302 enim
675 275 752 302 fidem
768 278 884 301 nostram
895 294 902 305 ,
917 272 1045 306 eumipsi

269 323 353 351 simus
372 330 432 350 eum
452 330 531 349 manu
552 327 640 348 nostra
661 320 820 355 superaturi.
843 320 938 347 Multos
958 319 1042 351 enim,

274 369 412 402 inquiunt,
433 371 459 393 et
478 366 606 393 dracones
626 370 653 393 et
671 370 788 392 cerastas
810 372 888 391 manu
909 362 1045 390 interfeci-

273 420 332 439 mus
343 431 351 445 ,
369 412 436 438 sicut
449 412 574 445 scriptum
589 415 641 437 est.
656 410 683 437 ln
697 410 736 437 eis
750 410 819 436 enim
842 408 998 442 implebatur
1013 407 1031 434 il

271 459 339 485 iud:
361 457 426 484 Dedi
448 457 521 484 Vobis
540 461 696 491 potestatem
717 455 867 482 ambulandi
889 461 969 488 super
986 459 1044 480 ser—

270 508 363 538 pentes
383 508 410 529 et
429 503 599 536 scorpiones,
620 506 646 529 et
667 508 746 535 super
761 508 866 527 omnem
887 503 1045 535 potestatem

269 548 368 575 :nimici
384 547 482 583 (Luca
498 555 513 574 x
526 547 546 582 ).
561 547 614 574 Nos
628 551 715 573 autem
735 546 779 579 qui
795 545 944 572 ferebamur
959 545 1046 572 incre-

267 593 395 624 dulitate,
415 599 441 619 et
470 593 513 626 qui
535 592 626 625 majori
647 599 752 618 eramus
773 590 859 617 achcti
884 590 1043 621 formidine,

270 637 425 671 rugabamus
439 643 486 664 eos
502 644 533 663 ne
549 637 646 662 iremus
661 643 707 670 per
723 635 829 669 testigia
843 635 964 662 draconis
975 657 981 668 ,
996 635 1043 661 sed

268 686 339 710 recta
354 682 406 708 via.
422 680 496 708 Unus
510 686 596 707 autem
612 680 693 707 frater
707 687 739 707 ex
760 680 824 713 ipsis
834 699 842 710 ,
857 686 949 713 magna
963 679 1042 705 animi

267 726 417 759 alacritate,
434 734 493 753 cum
509 733 558 753 nos
573 733 604 752 eo
620 725 644 752 in
661 725 720 752 loco
734 724 892 755 dimisisset,
911 723 1042 758 profectus

266 777 307 798 est
320 771 346 798 in
360 771 526 798 solitudinem
542 778 663 805 qumrens
684 770 810 797 belluam.
828 769 911 802 Quam
927 775 986 795 cum
1000 768 1042 795 in-

268 817 404 849 venisset,
421 824 473 843 non
489 817 580 850 procul
596 817 629 843 ab
644 821 737 848 antro,
758 822 852 849 magna
872 822 937 841 voce
956 814 1042 841 ext-la-

267 862 356 889 tnabat
368 861 508 888 draconem
522 869 580 888 esse
594 861 620 888 in
634 861 761 895 spelunca
777 869 783 892 ;
798 864 824 887 et
836 859 946 886 vocabat
959 859 1040 893 ipsus,

1096 276 1194 305 posset.
1210 272 1285 300 Mane
1304 278 1391 300 autem
1412 280 1539 307 surgens,
1559 274 1632 300 venit
1653 274 1678 301 in
1698 284 1757 302 eum
1780 278 1866 304 locum

1095 323 1147 350 quo
1172 317 1312 343 transitura
1335 321 1393 344 erat
1419 317 1530 344 bellua:
1555 323 1692 353 postquam
1717 324 1804 347 autem
1829 327 1869 348 ter

1095 361 1167 388 ﬂexit
1183 369 1266 397 genua
1282 362 1314 389 ad
1333 363 1497 396 orationem,
1520 364 1546 390 in
1567 364 1653 398 ipsum
1674 365 1797 393 veniebat
1816 366 1869 395 hei-

1095 405 1155 439 lua,
1172 414 1268 442 magno
1282 414 1341 434 cum
1360 408 1473 435 stridore
1492 415 1598 443 gravem
1620 410 1744 437 emittcns
1764 411 1869 439 anheli-

1095 455 1165 482 tum,
1187 455 1214 478 et
1234 451 1410 478 intumescens
1430 459 1461 479 ac
1476 452 1602 484 sibilans.
1624 459 1772 489 tctrumque
1790 455 1871 482 edens

1097 495 1228 529 spiritum.
1247 496 1269 522 is
1285 501 1372 523 autem
1388 496 1452 523 nihil
1466 497 1589 529 territus,
1603 497 1635 524 ad
1650 498 1789 525 draconem
1804 506 1871 526 con-

1097 546 1205 571 versus,
1221 540 1308 566 dixit:
1326 540 1419 567 Vincet
1439 545 1465 568 te
1483 540 1559 568 Iesus
1578 541 1711 575 Christus,
1724 541 1804 569 Filius
1825 543 1870 570 Dei

1100 584 1170 616 vivi,
1193 585 1235 616 qui
1258 589 1298 611 est
1319 593 1442 619 magnum
1462 591 1549 613 cetum
1570 587 1696 614 victurus.
1717 587 1796 622 ldque
1810 596 1871 615 cutn

1099 628 1226 662 dixisset,
1244 630 1362 663 protinus
1376 630 1510 664 disruptus
1525 635 1566 658 est
1579 631 1673 665 draco,
1690 639 1736 666 per
1750 640 1779 659 os
1792 639 1871 660 omne

1093 673 1166 700 virus
1180 681 1306 701 evomens
1322 682 1380 701 cum
1395 675 1532 709 sanguine.
1554 675 1618 702 Cum
1639 681 1724 702 autem
1738 676 1872 704 venissent

1097 718 1189 744 rustici
1210 719 1352 752 postridie,
1374 724 1399 746 et
1420 719 1481 746 illud
1505 727 1627 753 magnum
1648 720 1775 748 vidissent
1789 721 1868 748 mira-

1096 763 1204 796 culmn,
1229 768 1257 790 et
1276 772 1329 791 nun
1355 764 1455 791 ferrent
1476 766 1613 799 Spiritum,
1637 766 1662 792 in
1685 766 1783 794 animal
1805 768 1872 794 mul-

1094 810 1148 834 tam
1161 815 1266 835 arenam
1279 816 1377 843 congcs
1392 815 1479 842 erunt,
1496 810 1573 837 Patre
1591 810 1642 838 illic
1656 810 1694 838 eis
1711 816 1823 844 astante,
1839 811 1872 840 ad

1092 853 1233 879 draconem
1241 853 1310 881 enim
1319 854 1380 880 licet
1388 859 1518 881 mortuum
1530 861 1580 881 non
1595 855 1726 882 audebant
1733 856 1870 884 accedere.

266 911 295 933 ut
308 907 341 933 ad
355 914 384 933 se
404 907 524 933 venirent
545 906 627 932 visuri
646 906 708 939 quid
730 909 799 932 esset
818 910 994 936 eventurum;
1016 908 1043 930 ct

1129 898 1197 924 Puer
1208 902 1295 925 autem
1307 918 1315 931 ,
1329 898 1431 931 inquit,
1447 906 1558 933 pascens
1572 907 1630 926 cum
1645 900 1871 934 repentevidisset

265 951 432 978 hortantibus
456 958 504 976 nos
523 950 580 976 aliis
601 949 725 976 fratribus
745 956 777 976 ne
795 949 962 981 timeremus,
983 955 1042 975 cum

264 1003 360 1030 magno
379 1001 450 1022 metu
472 994 584 1021 abiimus
604 994 686 1021 visuri
708 993 832 1021 belluam.
852 993 934 1021 Nobis
954 998 1042 1020 autem

265 1044 374 1074 repente
399 1045 543 1066 occurrens
569 1037 650 1064 frater
665 1045 756 1069 unus,
789 1044 871 1064 manu
902 1044 954 1064 nos
985 1040 1042 1064 tra-

268 1085 306 1113 xit
341 1085 368 1112 in
402 1091 478 1111 suum
494 1083 703 1113 monasterium,
724 1082 814 1109 dicens
835 1089 884 1109 nos
899 1089 949 1108 non
966 1088 1043 1115 posse

265 1128 333 1156 ferre
348 1129 474 1162 impetum
490 1128 587 1155 bellua:
597 1147 603 1159 ,
620 1133 643 1154 et
661 1127 776 1154 maxime
791 1127 859 1160 quod
874 1126 988 1153 nondum
1003 1127 1043 1152 vi—

265 1173 394 1208 dissemus
409 1173 487 1200 talem
498 1193 505 1205 ,
520 1179 549 1200 se
561 1180 624 1200 vero
637 1179 708 1206 sirpe
719 1172 818 1198 vidisse
831 1172 914 1206 ipsam
929 1171 1042 1199 belluam

266 1223 319 1246 tam
336 1224 410 1245 vasta
426 1217 623 1252 magnitudine,
641 1223 668 1244 ut
682 1224 740 1251 qua:
754 1217 787 1244 sit
803 1217 860 1251 plus
875 1225 951 1251 quam
967 1217 1044 1251 quin-

264 1264 349 1291 decim
364 1264 524 1291 cubitorum.
539 1263 603 1290 Cum
618 1270 666 1290 nos
681 1269 743 1297 ergo
755 1262 879 1295 jussisset
893 1269 1000 1288 manere
1017 1261 1042 1288 in

265 1308 338 1341 loco,
354 1308 418 1335 abiit
440 1308 472 1335 ad
491 1308 616 1341 fratrem,
633 1308 724 1335 dicens
739 1308 763 1334 t-i
779 1313 807 1334 ut
822 1308 957 1334 recederet
972 1315 984 1332 a
1000 1315 1044 1334 ca—

265 1361 365 1387 verna;
388 1354 533 1380 conabatur
556 1353 627 1381 enitn
649 1354 694 1380 ille
714 1360 728 1380 a
751 1353 809 1380 loro
831 1361 883 1379 non
903 1352 1040 1385 recedere,

267 1401 420 1434 priusquam
437 1399 616 1427 interfecisset
630 1399 783 1426 draconem.
797 1398 846 1425 Cui
862 1406 921 1425 cum
937 1405 1039 1430 persua-

265 1444 363 1476 sisset,
379 1452 438 1470 eum
455 1444 527 1470 ducit
540 1444 572 1470 ad
588 1451 637 1471 nos
652 1444 830 1477 increpantem
850 1443 980 1469 modicam
994 1450 1040 1469 nov

264 1493 346 1515 stram
362 1488 449 1515 fidem.
464 1489 635 1522 Quiescentes
648 1494 734 1515 autem
746 1489 815 1522 apud
830 1488 901 1514 illurn
917 1487 1039 1520 fratrem,

265 1533 309 1566 qui
323 1533 429 1559 circiter
444 1540 525 1559 unum
538 1533 651 1559 milliarc
665 1538 793 1560 remotum
816 1532 930 1560 habebat
950 1539 1037 1560 mona-

263 1577 371 1604 sterium
382 1596 389 1609 ,
403 1577 468 1604 satis
483 1577 573 1605 refecti
588 1584 690 1605 sumus.

555 1621 667 1649 CAPUT
687 1621 751 1649 Llll.

510 1667 569 1695 Vita
588 1668 684 1694 abbatis
703 1669 795 1695 Antun.

300 1710 347 1739 llle
359 1716 446 1739 autem
460 1712 535 1739 nobis
549 1712 689 1746 narrabat,
703 1713 730 1740 in
745 1713 789 1740 illo
805 1713 864 1741 loco
877 1714 902 1741 in
918 1722 971 1748 quo
985 1715 1044 1749 ipse

265 1757 389 1789 sedebat,
411 1757 492 1784 fuisse
516 1758 599 1784 virum
619 1763 739 1784 sanctum
750 1778 757 1790 ,
778 1759 854 1793 cujus
869 1759 926 1794 ipse
941 1760 990 1788 fuit
1004 1761 1044 1787 di-

269 1802 402 1836 scipulus,
416 1803 523 1829 nomine
537 1802 623 1830 Amun
639 1803 647 1836 (
661 1803 732 1836 [tu/7'.
743 1823 751 1836 ,
766 1804 786 1831 ι.
802 1811 821 1830 tt
831 1825 838 1836 ,
853 1813 908 1838 cap.
926 1804 957 1840 8,
973 1811 1043 1833 t‘ocat

265 1847 439 1883 Ammonem),
449 1849 493 1883 qui
501 1849 526 1875 in
534 1849 646 1876 illuloco
653 1849 778 1882 plurimas
793 1849 852 1877 fecit
868 1851 996 1885 virtutes;
1012 1853 1044 1880 ad

267 1901 345 1927 quem
360 1901 431 1928 stepe
452 1894 568 1922 latrones
581 1895 718 1921 venientes
728 1915 735 1925 ,
751 1896 913 1929 accipiebant
927 1897 984 1931 ejus
999 1905 1045 1932 pa-

267 1947 326 1966 nem
342 1945 367 1966 ct
387 1940 523 1967 alimenta.
547 1939 608 1966 llzec
627 1947 690 1973 ergo
709 1948 779 1975 aegre
795 1941 897 1975 ferens,
912 1951 970 1970 cum
991 1951 1045 1971 uno

265 1982 307 2010 die
329 1991 450 2018 egressus
472 1988 543 2011 esset
565 1985 590 2011 in
613 1985 800 2020 solitudinem,
823 1987 935 2015 adduxit
955 1996 1044 2016 secum

266 2029 332 2055 duos
352 2036 460 2063 magnos
479 2029 623 2062 dracones,
644 2035 670 2057 et
687 2030 766 2064 jussit
785 2033 824 2058 eis
844 2036 872 2058 ut
893 2033 919 2059 in
940 2040 972 2060 eo
987 2034 1045 2061 loco

266 2079 424 2105 manerent,
440 2079 465 2100 ct
481 2078 582 2108 portam
597 2076 769 2103 custodirent.
793 2076 937 2105 Homicida:
956 2083 1043 2106 autent

265 2126 324 2145 cum
342 2126 389 2152 pro
409 2126 482 2144 more
505 2119 653 2152 venissent,
674 2125 698 2147 et
719 2120 848 2149 vidissent
869 2123 1041 2158 miraculum,

267 2169 322 2196 pra:
336 2167 443 2196 stupore
460 2163 562 2189 hiantes
578 2163 730 2191 ceciderunt
750 2165 776 2193 in
794 2166 899 2194 faciem.
916 2167 1044 2202 Egressus

265 2210 353 2234 autern
369 2206 470 2233 invenit
483 2214 529 2233 eos
545 2212 647 2238 mutes.
669 2213 696 2235 et
718 2208 773 2237 fere
793 2211 1000 2244 semimortuus;
1017 2217 1044 2239 et

1094 942 1181 970 adhuc
1204 944 1293 970 vivutn
1317 944 1480 976 draconem,
1504 945 1591 971 statim
1613 949 1698 972 emota
1715 944 1802 973 mente
1823 945 1871 973 fuit

1093 988 1279 1021 exanimatus;
1292 987 1376 1023 jacuit
1393 989 1481 1023 itaque
1496 997 1560 1024 puer
1574 989 1638 1017 nihil
1653 989 1755 1024 spirans
1771 991 1797 1017 in
1813 990 1872 1018 loco

1093 1036 1148 1059 tota
1163 1032 1206 1059 die
1220 1033 1245 1060 in
1261 1033 1412 1062 solitudine.
1428 1034 1493 1061 Cum
1509 1042 1568 1062 eum
1587 1040 1675 1062 autem
1696 1036 1737 1062 sui
1759 1043 1869 1070 vespere

1093 1076 1257 1105 invenissent
1282 1085 1374 1115 parum
1401 1080 1563 1114 spirantem,
1587 1085 1668 1108 totum
1696 1081 1813 1108 inﬂatum
1837 1089 1871 1109 ex

1093 1123 1209 1156 ecstasi,
1235 1123 1371 1152 deducunt
1395 1125 1426 1152 ad
1452 1131 1573 1159 patrem,
1597 1127 1746 1161 ignorantes
1767 1134 1871 1154 causam

1095 1167 1153 1201 ejus
1171 1168 1241 1202 quod
1257 1169 1402 1196 acciderat.
1418 1170 1484 1197 Cum
1500 1170 1522 1197 is
1537 1175 1624 1198 autem
1637 1176 1755 1204 orasset,
1770 1176 1796 1198 et
1811 1179 1872 1198 eum

1094 1215 1213 1242 unxisset
1226 1214 1301 1248 oleo,
1317 1215 1432 1243 surrexit
1446 1224 1511 1251 puer
1525 1224 1635 1244 narrans
1650 1216 1675 1244 id
1697 1217 1767 1251 quod
1789 1216 1872 1244 fuerat

1093 1258 1302 1293 deprehensum.
1318 1260 1375 1292 Qua
1389 1268 1418 1287 re
1434 1261 1474 1287 vir
1489 1261 1604 1288 maxime
1621 1265 1723 1294 motus,
1739 1261 1771 1288 ad
1786 1260 1873 1288 interi-

1095 1305 1222 1332 mendum
1236 1304 1379 1333 draconem
1397 1309 1438 1332 est
1452 1313 1609 1334 conversus.

1387 1348 1499 1378 CAPUT
1518 1350 1585 1378 LIV.

1215 1394 1276 1422 Vita
1294 1395 1391 1422 abbatis
1411 1395 1492 1430 Capro
1512 1395 1586 1432 (109.)
1607 1396 1753 1432 presbyteri.

1131 1439 1194 1467 Erat
1208 1445 1295 1467 autem
1313 1441 1369 1468 illic
1387 1440 1492 1476 quidam
1509 1445 1654 1476 presbyter,
1677 1443 1720 1476 qui
1742 1446 1872 1469 monaste-

1094 1484 1162 1510 rium
1183 1492 1265 1519 prope
1286 1485 1400 1512 habebat
1423 1487 1449 1512 in
1469 1486 1626 1519 solitudine,
1647 1487 1747 1521 Copres
1767 1487 1872 1514 nomine

1094 1529 1198 1564 (Hum,
1215 1531 1259 1556 lib.
1275 1531 1310 1563 it,
1326 1539 1382 1565 cap.
1397 1532 1431 1566 9)
1448 1541 1455 1557 :
1471 1532 1511 1559 vir
1525 1537 1649 1565 sanctus,
1663 1540 1744 1568 prope
1760 1541 1873 1568 nonage.

1053 1577 1077 1609 ο
1093 1575 1198 1609 narius,
1214 1576 1372 1610 prmpositus
1395 1577 1508 1604 fratrum
1528 1578 1733 1614 quinquaginta,
1752 1580 1796 1614 qui
1817 1581 1873 1614 ipse

1095 1627 1201 1654 quoque
1217 1620 1305 1654 plures
1319 1620 1432 1648 faciebat
1446 1621 1572 1656 virtutes,
1591 1624 1691 1650 morbis
1706 1624 1832 1657 medens,
1848 1629 1875 1651 et

1093 1666 1190 1692 multas
1205 1666 1305 1692 faciens
1325 1667 1492 1700 curationes,
1517 1672 1544 1694 et
1565 1668 1699 1695 daemones
1721 1669 1875 1703 expellens,

1096 1716 1121 1739 et
1136 1719 1179 1739 res
1193 1712 1292 1738 multas
1306 1711 1445 1745 efficiens,
1460 1717 1539 1747 atque
1554 1713 1619 1741 adeo
1637 1715 1763 1748 quasdam
1784 1715 1810 1742 in
1828 1724 1875 1743 nu-

1094 1756 1159 1783 stris
1173 1758 1267 1784 oculis.
1282 1757 1306 1784 is
1320 1764 1384 1791 ergo
1396 1762 1534 1792 postquam
1551 1766 1599 1785 nos
1613 1759 1679 1786 vidit
1694 1760 1832 1792 salutavit,
1847 1766 1875 1788 et

1095 1808 1142 1835 pro
1165 1802 1240 1828 nobis
1255 1803 1357 1833 oravit,
1373 1806 1400 1829 et
1417 1807 1554 1836 postquam
1570 1803 1653 1837 pedes
1668 1809 1772 1832 nostros
1792 1805 1874 1832 lavis-

1094 1851 1152 1880 set,
1169 1848 1318 1875 sciscitatus
1331 1852 1372 1874 est
1387 1855 1401 1874 a
1417 1848 1510 1881 nobis,
1526 1856 1646 1883 quamam
1670 1849 1695 1876 in
1715 1850 1814 1876 mundo
1829 1849 1874 1877 [le-

1095 1896 1176 1924 rent;
1193 1899 1242 1919 nos
1255 1897 1343 1919 autem
1368 1893 1536 1928 rogavimus,
1560 1898 1589 1920 ut
1614 1893 1670 1928 ipse
1691 1894 1765 1920 nobis
1788 1894 1873 1928 potius

1095 1941 1240 1970 exponeret
1259 1936 1300 1963 sui
1317 1937 1378 1964 vitae
1401 1937 1512 1964 instituti
1535 1937 1662 1970 virtutes,
1683 1942 1709 1964 ct
1728 1945 1780 1971 quo
1795 1939 1873 1966 modo

1094 1985 1167 2008 esset
1179 1980 1250 2008 Deus
1263 1980 1289 2008 ei
1301 1981 1370 2008 dona
1386 1981 1511 2016 largitus,
1526 1986 1553 2009 et
1568 1988 1682 2016 quanam
1697 1981 1798 2010 ratione
1811 1983 1873 2010 fuis-

1094 2033 1135 2054 set
1149 2028 1283 2062 particeps
1296 2028 1353 2062 ejus
1365 2029 1469 2063 gratias.
1485 2028 1509 2055 ls
1522 2033 1611 2055 autem
1625 2029 1697 2055 nulla
1712 2036 1745 2056 eo
1764 2029 1873 2056 nomine

1094 2072 1180 2099 elatus
1193 2072 1316 2106 superbia
1326 2094 1333 2106 ,
1349 2073 1427 2100 nobis
1442 2080 1517 2100 suam
1532 2074 1611 2099 vitam
1628 2074 1763 2107 narravit,
1778 2078 1804 2101 et
1818 2081 1874 2100 ma-

1091 2118 1178 2152 jorum
1193 2124 1302 2145 suorum
1317 2118 1361 2152 qui
1380 2118 1466 2152 ipsum
1487 2122 1662 2152 superarunt,
1683 2126 1796 2152 quorum
1816 2119 1873 2151 ipse

1093 2164 1153 2190 vita:
1167 2164 1314 2191 institutum
1327 2169 1367 2191 est
1379 2164 1495 2190 imitatus
1510 2171 1516 2189 :
1532 2163 1588 2190 Non
1601 2167 1655 2196 est,
1670 2163 1769 2198 inquit,
1784 2171 1800 2190 ο
1813 2163 1873 2197 filii,

1093 2210 1163 2244 quod
1177 2217 1192 2237 a
1207 2218 1250 2237 me
1264 2210 1292 2237 fit
1306 2209 1478 2241 admirabile,
1492 2211 1516 2237 si
1527 2209 1678 2237 conferatur
1693 2218 1752 2237 cum
1770 2211 1801 2237 iis
1814 2218 1873 2244 quae

264 2259 324 2278 cntn
349 2259 395 2278 cos
419 2251 580 2285 excitasset,
605 2253 709 2286 probris
734 2263 779 2282 eos
801 2255 905 2288 affecit,
928 2257 1019 2284 dicens
1033 2278 1038 2284 .
1056 2254 1120 2284 Din
1138 2256 1191 2282 vita
1205 2260 1278 2291 gesta
1294 2259 1356 2283 sunt
1370 2263 1385 2282 a
1400 2255 1524 2286 Patribtts
1537 2256 1647 2283 nostris.
1663 2256 1767 2283 Etcum
1782 2263 1874 2283 narra-

267 2296 358 2323 Videte
370 2300 495 2330 quantum
509 2297 572 2322 estis
594 2296 686 2326 bestiis
707 2301 883 2334 agrestiores;
903 2308 963 2327 nam
986 2301 1042 2328 istte

267 2341 369 2376 quidem
387 2345 494 2376 propter
514 2341 597 2371 Deum
614 2349 712 2371 nostrte
726 2349 820 2378 parent
838 2346 980 2377 voluntati,
997 2354 1044 2373 vos

264 2391 353 2414 autem
376 2395 464 2424 neque
478 2389 559 2416 Deum
575 2389 719 2424 timuistis,
737 2398 821 2424 neque
836 2391 1043 2418 Christianorum

265 2432 330 2461 estis
355 2434 465 2461 reveriti
489 2433 651 2467 religionem.
673 2434 831 2462 introductis
851 2439 938 2462 autetn
959 2435 996 2462 eis
1016 2436 1044 2464 in

266 2478 360 2505 cellam
372 2499 379 2511 ,
396 2486 514 2505 mensam
531 2480 669 2513 apposuit,
685 2484 712 2506 et
727 2481 829 2507 n.0nuit
841 2484 869 2507 ut
884 2488 970 2507 mores
986 2489 1043 2507 mtt-

266 2527 361 2549 tarent.
387 2523 425 2550 illi
449 2528 537 2550 autem
563 2529 717 2557 surgentes,
742 2526 861 2558 protinus
884 2525 973 2552 multis
993 2526 1041 2553 visi

266 2572 328 2594 sunt
349 2569 489 2601 meliores;
513 2577 563 2596 non
582 2570 663 2596 multo
685 2574 745 2603 post
762 2575 848 2597 autem
868 2570 917 2604 ipsi
938 2578 1042 2606 quoque

268 2613 318 2639 visi
334 2616 395 2639 sunt
409 2613 500 2640 eadem
515 2613 588 2648 signa
604 2614 702 2641 facere.

301 2657 449 2692 Aliquando
462 2663 547 2684 autern
558 2679 566 2691 ,
581 2659 677 2692 inquit,
689 2666 748 2686 cum
763 2667 829 2686 unus
843 2667 950 2693 magnus
963 2660 1043 2688 draco

266 2702 438 2736 propinquam
455 2707 570 2729 vastaret
591 2704 741 2738 regionem,
765 2709 791 2731 el.
811 2705 892 2731 multa
911 2706 1043 2733 occideret

267 2747 407 2780 animalia,
423 2747 570 2781 quicunque
590 2747 741 2775 habitabant
759 2748 833 2784 juxta
854 2750 1020 2778 solitudinem
1034 2772 1042 2784 ,

269 2797 362 2817 omnes
376 2792 453 2818 simul
469 2797 600 2819 venerunt
614 2793 646 2819 ad
664 2792 766 2819 Patrem
779 2814 785 2825 ,
806 2800 926 2828 rogantes
948 2801 976 2821 ttt
998 2795 1044 2822 dc-

273 2835 368 2863 lcrctur
388 2836 470 2863 bellua
491 2845 522 2863 ex
544 2845 633 2864 eorum
654 2838 770 2872 regione.
796 2839 817 2865 ls
838 2845 924 2867 autem
946 2848 991 2868 cos
1007 2840 1042 2868 ita

1093 2306 1134 2329 ret
1148 2302 1225 2329 nobis
1241 2302 1338 2336 Copres
1353 2301 1494 2336 presbyter
1507 2309 1566 2335 quae
1583 2307 1658 2329 recte
1675 2305 1702 2329 et
1721 2309 1755 2330 ex
1775 2302 1874 2329 virtute

1092 2351 1164 2382 gesta
1180 2347 1287 2374 fuerant
1301 2354 1314 2372 a
1331 2346 1454 2373 Patrihus
1465 2367 1471 2377 .
1488 2353 1556 2373 unus
1577 2354 1609 2373 ex
1630 2345 1754 2373 fratribus
1775 2347 1874 2373 nostris

1092 2394 1254 2425 dormitans,
1270 2398 1299 2420 ut
1314 2393 1358 2427 qui
1375 2393 1406 2419 iis
1421 2400 1479 2427 quae
1494 2392 1651 2420 dicebantur
1668 2391 1747 2418 fidem
1771 2399 1874 2425 nequa—

1092 2446 1170 2473 quam
1187 2437 1312 2469 habcret,
1330 2436 1400 2463 videt
1416 2436 1442 2462 in
1456 2436 1513 2469 ejus
1533 2436 1658 2462 manibus
1677 2435 1772 2462 librutn
1790 2435 1873 2462 admi-

1095 2483 1220 2514 rabilem,
1238 2482 1363 2515 scriptum
1381 2481 1476 2508 litteris
1498 2481 1603 2511 aureis,
1625 2485 1652 2507 et
1671 2487 1765 2506 canum
1787 2481 1873 2507 virum

1095 2532 1243 2559 astantem,
1261 2531 1287 2553 et
1302 2526 1439 2552 minaciter
1453 2525 1476 2552 ei
1491 2525 1642 2552 dicentem:
1662 2524 1717 2551 Non
1738 2524 1812 2551 audis
1831 2529 1874 2550 at-

1095 2575 1166 2597 tente
1181 2571 1320 2601 lecturum,
1335 2570 1380 2596 sed
1397 2570 1524 2596 dormitas
1536 2570 1547 2595 7
1561 2569 1583 2595 ls
1593 2574 1679 2595 autem
1689 2569 1871 2600 conturbatus,

1097 2615 1170 2642 nobis
1184 2622 1244 2641 eum
1260 2614 1442 2646 audientibus,
1464 2614 1553 2641 statim
1572 2614 1642 2648 quod
1663 2614 1780 2640 audierat
1793 2619 1819 2640 et
1833 2614 1873 2639 vi-

1093 2661 1169 2687 derat
1190 2660 1310 2687 Romane
1323 2660 1455 2694 exposuit.
1472 2660 1509 2687 Eo
1523 2664 1609 2686 autem
1626 2659 1683 2686 lure
1697 2659 1772 2686 nobis
1787 2659 1873 2685 adhuc

1094 2705 1218 2735 dicente,
1247 2706 1319 2732 venit
1345 2704 1450 2739 quidam
1477 2705 1590 2731 rusticos
1615 2704 1715 2731 habens
1739 2702 1873 2730 calathum

1094 2758 1192 2780 areum,
1206 2750 1249 2784 qui
1261 2750 1429 2783 exspectabat
1444 2749 1526 2776 donec
1537 2749 1852 2784 implesst-tnsrratiunem
1864 2757 1871 2775 :

1094 2795 1243 2830 rogavimus
1257 2800 1344 2821 autem
1360 2801 1409 2822 nos
1431 2794 1615 2830 presbyterum
1631 2804 1637 2820 :
1660 2794 1726 2826 Quid
1746 2793 1796 2821 sibi
1816 2793 1871 2820 vult

1095 2841 1208 2868 rusticus
1221 2848 1280 2867 cum
1297 2848 1375 2868 arena
1390 2840 1402 2867 2
1417 2840 1492 2867 nobis
1507 2840 1642 2874 respondit
1657 2839 1743 2875 Pater,
1761 2840 1870 2868 dicem:
