2072 3153
225 183 296 216 H53

842 178 1026 216 HISTORIA
1045 181 1244 215 LAUSIACA.

1791 182 1861 216 ιιδι

225 237 326 274 "mw
336 237 662 276 θαρῤεἴν-καὶέπέχεσθαι
672 238 711 275 τῷ
722 238 791 275 ἰχνει
803 237 850 267 τοῦ
860 239 1015 276 δράκοντος.
1033 237 1055 266 Α
1070 239 1169 272 αὐτοὺς
1184 239 1308 274 ὠφελεῖν,
1323 239 1511 277 λυπουμένους
1523 241 1587 274 τοὺς
1601 239 1702 278 ἄνδρας
1714 240 1858 269 ἀπέλυσεν.

225 283 345 321 Ὀψεσθε
358 285 422 320 γὰρ,
436 287 514 321 φησί,
529 287 577 321 τὴν
591 286 682 313 πίστιν
696 285 785 321 ἡμῶν,
801 284 952 319 μελλόντων
965 284 1015 311 αὗ-

223 333 279 359 τῶν
293 330 460 367 χειροῦσθαι.
477 331 597 364 Πολλοὺς
613 333 678 366 γάρ,
696 331 775 367 φησί,
792 330 840 357 καὶ
854 329 1016 365 δράκοντας,

226 380 272 405 κει
287 378 419 410 ἀσπίδας,
436 379 482 405 καὶ
499 379 637 414 κεραστὰς
659 378 691 404 ἐκ
713 377 805 413 χειρὸς
825 376 1016 412 άνῃρήκαμεν.

225 425 282 452 Κιὶ
301 425 331 451 τδ
351 425 544 460 γεγραμμένον
559 425 602 451 ἐπ’
618 425 710 455 αὐτοῖς
725 423 890 459 ἐπληροῦτο·
907 422 1019 450 Δέδωκα

226 471 291 506 ὑμῖν
305 471 430 504 ἐξουσίαν
452 471 500 497 τοῦ
522 472 618 498 πατεῖν
634 472 725 499 ἐπάνω
749 472 849 506 ὕφεων,
870 472 918 498 καὶ
937 479 1019 507 σκορ-

226 518 307 549 πίων,
320 517 368 544 καὶ
378 517 424 544 ἐπὶ
439 517 531 544 πᾶσαν
542 518 592 553 τὴν
604 518 718 553 δύναμιν
733 517 779 545 τοῦ
792 518 901 553 ἐχθροῦ.
923 517 1019 553 Ἡμεῖς

226 563 275 591 οῦν
300 564 414 599 ἀπιστίᾳ
438 564 603 599 φερόμενοι,
629 565 676 591 καὶ
703 564 749 591 ἐπὶ
779 564 878 598 μᾶλλον
904 564 1020 599 ἔμφοϐοι

227 610 382 644 γὲνόμενοι,
407 609 444 645 μὴ
462 610 522 636 κατ’
540 610 613 644 ῐχνος
632 610 679 637 τοῦ
700 610 862 646 δράκοντος,
878 610 945 637 ἀλλὰ
971 610 1020 645 τὴν

228 656 337 683 εὐθεῖαν
353 655 472 690 βαδίζειν
487 655 619 691 ἠξιοῦμεν
643 656 751 688 αὐτούς.
769 655 816 687 Εἷς
831 656 859 683 δὲ
880 656 910 689 ἐξ
930 656 1021 683 αὐτῶν

228 700 352 737 ἀδελφὸς,
363 701 417 728 ἀπὺ
432 702 533 737 πολλῆς
544 702 698 738 προθυμίας
713 702 872 729 καταλιπὼν
885 702 960 738 ἡμᾶς
975 702 1022 729 ἐπὶ

228 747 275 774 τοῦ
292 747 386 779 τόπου,
407 747 454 774 ἐπὶ
477 748 527 783 τὴν
549 747 652 784 ἔρημον
677 747 808 784 ὥρμησεν
826 748 976 783 ἀνιχνεύων
993 748 1023 774 τδ

229 794 334 829 θηρίον,
348 793 396 820 καὶ
411 793 499 828 εὑρὼν
511 794 561 820 οὐκ
574 794 614 825 εἰς
629 793 737 829 μακρὰν
750 793 795 820 τὸν
814 793 928 828 φωλεὸν,
945 794 1021 828 φωνῇ

229 839 296 866 ἐῦόα
310 840 387 874 ἡμῖν,
402 839 432 866 ἐν
449 838 488 873 τῷ
512 839 639 875 σπηλαίῳ
653 836 724 866 εἶναι
741 839 787 865 τὸν
800 839 951 874 δράκοντα,
975 838 1024 865 καὶ

229 885 323 912 ἐκάλει
339 884 406 920 πρὸς
421 884 502 912 αὑτὸν
517 885 632 920 δψεσθαι
647 885 677 912 τὸ
693 885 888 920 ἐκϐησόμενον,
907 893 1023 920 προτρε-

230 931 356 966 πομένων
373 930 449 966 ἡμᾶς
469 930 557 958 ἄλλων
570 931 617 957 καὶ
634 931 671 966 μὴ
685 931 811 958 δεδιέναι.
834 930 879 961 Ὠς
897 931 926 957 δέ
942 931 1021 966 ἡμεῖς
1036 920 1060 950 Β

231 975 300 1011 μετὰ
321 975 420 1002 πολλοῦ
446 976 530 1010 φόὸου
557 976 694 1011 ἀπῄειμεν
715 976 844 1011 ὀψόμενοι
865 975 895 1002 τὺ
912 975 1022 1012 θηρίον,

230 1023 398 1058 συνήντησεν
414 1023 480 1058 ἡμῖν
495 1022 626 1056 ἐξαίφνης
639 1019 680 1054 εἷς
696 1022 811 1057 ἀδελφὸς
824 1023 857 1049 ἐκ
872 1022 963 1057 χειρὸς
975 1022 1024 1048 αύ-

229 1068 277 1094 τοῦ
294 1068 383 1096 ἐλκων
399 1070 439 1100 εἱς
462 1069 492 1095 τὸ
513 1068 612 1096 ἑαυτοῦ
640 1070 839 1105 μοναστήριον,
857 1070 971 1103 φάσκων
986 1068 1024 1104 μὴ

230 1115 361 1147 δυνατοὺς
381 1116 454 1151 ἡμᾶς
478 1113 548 1142 εῖναι
569 1114 730 1149 ὑπενεγκεῖν
747 1115 797 1148 τὴν
811 1115 899 1149 ὁρμὴν
911 1114 958 1140 τοῦ
973 1114 1024 1150 θη-

233 1160 302 1196 ρίου,
319 1163 367 1189 καὶ
382 1162 499 1195 μάλιστα
515 1162 555 1188 ἔτι
569 1161 695 1188 οὐδέποτε
710 1158 781 1196 ἦμεν
795 1160 914 1187 τοιοῦτόν
930 1169 957 1187 τι
973 1161 1023 1187 ἐω-

233 1207 358 1241 ρακότες⁶
380 1207 510 1239 πολλάκις
531 1207 586 1242 γὰρ
607 1206 688 1234 αὑτὸν
711 1206 804 1241 ἔλεγεν
827 1207 980 1242 ἑωρακέναι
994 1207 1025 1233 τὸ

232 1253 312 1286 ζῶον,
329 1254 518 1288 ὑπερμέγεθες
535 1254 658 1288 ὑπάρχον
673 1253 720 1280 καὶ
735 1252 955 1289 ὑπερόεκαπέντε
972 1252 1025 1288 πή-

231 1308 290 1335 χεις
302 1300 374 1335 ἔχον.
395 1299 494 1326 Μένειν
509 1297 555 1326 οὖν
572 1300 646 1334 ἡμᾶς
664 1299 795 1331 κελεύσας
810 1300 894 1336 ἀπῄει
910 1300 957 1326 ἐπὶ
976 1300 1024 1327 τοῦ

232 1344 315 1371 τόπου
330 1345 398 1379 πρὸς
408 1345 453 1371 τὸν
467 1344 592 1378 ἀδελφὺν,
607 1342 709 1371 πείθων
724 1346 893 1380 μεταστῆναι
907 1344 955 1371 τοῦ
969 1354 1025 1380 φω-

231 1391 306 1418 λεοῦ.
325 1391 472 1426 Ἐπειρᾶπο
486 1391 540 1426 γὰρ
555 1392 657 1422 ἐκεῖνος
680 1389 717 1425 μὴ
734 1391 901 1426 μεταστῆναι
915 1389 962 1417 τοῦ
979 1391 1025 1418 τό·

233 1445 286 1463 που
316 1438 381 1472 πρὶν
398 1437 503 1464 ἀνελεῖν
527 1437 573 1463 τὸν
605 1436 752 1472 δράκοντα.
784 1437 840 1464 Καὶ
865 1437 897 1473 δὴ
926 1437 1024 1470 πείσας

232 1483 314 1509 αὑτὸν
330 1484 392 1517 ἄγει
411 1483 479 1518 πρὸς
491 1484 576 1518 ἡμᾶς,
592 1483 640 1517 τὴν
656 1483 842 1517 ὀλιγοπιστίαν
857 1483 935 1519 ἡμῶν
952 1492 1023 1518 μεμ-

231 1526 364 1561 ψάμενον.
381 1527 617 1563 Ἀναπαυσάμενοι
631 1527 659 1554 δέ
670 1528 736 1562 παρ’
751 1527 849 1563 ἐκείνῳ
862 1527 901 1563 τῷ
915 1528 1024 1563 ἀδελφῷ

1071 285 1178 313 Ἕωθεν
1192 285 1221 312 δέ
1238 286 1357 318 ἀναστὰς
1378 287 1425 313 ἐπὶ
1440 286 1492 322 τὴν
1513 286 1574 314 ὀδὺν
1586 286 1635 314 τοῦ
1660 287 1756 324 θηρίου
1769 286 1861 323 ἀπήρ-

1070 339 1142 368 χετο.
1164 331 1212 364 Ὠς
1235 331 1264 359 δὲ
1293 332 1382 360 ἔκλινε
1396 333 1430 360 τά
1446 333 1550 368 γόνατα
1578 333 1620 366 εἰς
1644 333 1799 370 προσευχὴν
1815 333 1862 360 ἐπὶ

1072 379 1174 415 τρίτον,
1190 379 1291 415 ἤρχετο
1306 379 1374 415 πρὸς
1388 379 1472 407 αὐτὸν
1484 379 1514 406 τὺ
1528 379 1633 416 θηρίον,
1649 379 1796 416 ῥοιζήματι
1813 389 1862 416 με·

1071 424 1147 459 γάλῳ
1159 422 1252 459 ἆσθμα
1268 424 1354 451 δεινδν
1367 425 1542 460 προπέμπον,
1559 425 1607 451 καὶ
1623 424 1737 460 φυσοῦν,
1752 425 1800 452 καὶ
1814 433 1860 452 συ-

1074 470 1158 506 ρίζον,
1175 471 1223 497 καὶ
1239 470 1324 505 πνοὴν
1348 470 1470 506 πονηράν
1495 470 1671 505 ἀποπέμπον.
1700 469 1730 496 '0
1742 470 1771 497 δέ
1786 470 1863 498 οὐδὲν

1073 517 1214 552 φοϐηθεὶς,
1227 517 1408 553 ἐπιστραφεὶς
1416 517 1462 543 τὸν
1470 516 1615 551 δράκοντα,
1628 514 1715 549 εἶπεν,
1724 516 1862 552 Χειρώσε-

1071 562 1118 590 ταί
1135 571 1164 589 σε
1175 562 1190 589 ὁ
1201 563 1318 598 Χριστὸς
1333 563 1347 589 ὁ
1367 563 1432 594 Υίὸς
1447 563 1493 590 τοῦ
1505 562 1573 590 Θεοῦ
1588 563 1635 589 τοῦ
1647 562 1758 595 ζῶντος,
1770 564 1785 589 ὁ
1798 563 1864 598 μέλ-

1073 609 1126 636 λων
1144 609 1175 636 τὺ
1196 610 1267 644 μέγα
1293 609 1377 643 κῆτος
1394 609 1636 645 διαχειρὼσασθαι.
1661 609 1716 636 Καὶ
1735 609 1813 635 τοῦτο
1827 609 1865 635 εἰ·

1073 654 1170 686 πόντος
1185 654 1267 686 εὐθὺς
1284 655 1298 681 ὁ
1314 654 1423 689 δράκων
1435 655 1554 691 ἐρράγη,
1570 654 1659 682 πάντα
1676 654 1723 681 τὸν
1739 654 1778 681 ἰθν
1795 654 1864 689 μετά

1073 700 1120 727 τοῦ
1132 699 1248 736 αἵματος
1261 700 1305 727 διὰ
1316 700 1362 727 τοῦ
1375 701 1509 735 στόματος
1522 699 1665 735 ἐξεμέσας.
1688 699 1826 732 Ἐλθόντες
1835 700 1864 726 δέ

1074 747 1099 773 οἱ
1119 747 1244 782 ἄγροικοι
1262 746 1321 782 μεθ’
1335 747 1453 782 ἡμέρας,
1470 747 1517 773 καὶ
1532 747 1563 773 τὸ
1581 746 1653 782 μέγα
1668 746 1762 781 θαῦμα
1776 747 1865 773 ἐκεῖνο

1076 792 1253 827 θεασάμενοι,
1269 793 1317 819 καὶ
1326 792 1376 827 τὴν
1391 792 1476 828 πνοὴν
1489 793 1527 828 μὴ
1543 791 1683 828 φέροντες,
1700 792 1793 827 ἄμμον
1815 801 1864 819 πο-

1075 837 1123 864 λὺν
1136 838 1183 864 ἐπὶ
1201 839 1233 864 τδ
1244 838 1315 870 ζῶον
1330 837 1497 873 ἐσώρευσαν,
1519 838 1696 874 παρεστῶτος
1707 839 1799 869 αὐτοῖς
1808 838 1867 865 ἐκεῖ

1076 884 1124 911 τοῦ
1140 883 1273 920 Πατέρος.
1293 885 1331 911 Ob
1347 884 1401 920 γάρ
1410 885 1532 920 ἐτόλμων
1545 885 1687 920 προσιέναι
1711 884 1799 911 καίτοι
1821 892 1866 910 νε-

1074 929 1142 967 κροῦ
1155 929 1232 962 ὄντος
1254 931 1301 957 τοῦ
1316 930 1473 965 δράκοντος.
1491 930 1569 963 Παῖς,
1588 930 1681 965 φησὶν,
1693 929 1786 957 ἄλλοτε
1805 937 1866 956 ποι-

1076 975 1191 1011 μαίνων,
1207 975 1315 1012 ἀθρόως
1327 975 1366 1002 ἐτι
1381 975 1470 1007 ζῶντα
1483 976 1529 1002 τὸν
1537 975 1672 1011 δράκοντα
1685 975 1864 1011 θεασάμενος,

1074 1023 1102 1049 ἐν
1119 1023 1248 1049 ἐκστάσει
1275 1021 1419 1057 γενόμενος
1443 1021 1669 1057 ἐλειποψύχησεν.
1696 1021 1806 1049 Ἐκειτο
1819 1021 1866 1048 οὖν

1074 1069 1177 1100 ἄπνους
1191 1070 1205 1095 ὁ
1222 1069 1285 1100 παῖς
1297 1069 1325 1095 ἐν
1340 1067 1379 1103 τῷ
1391 1068 1484 1104 χωρίῳ
1500 1067 1575 1103 παρὰ
1590 1068 1639 1104 τὴν
1656 1067 1760 1103 ἔρημον
1777 1068 1867 1094 πᾶσαν

1073 1116 1193 1151 ἡμέραν.
1224 1116 1359 1151 Εὑρόντες
1387 1116 1415 1142 δέ
1432 1115 1513 1142 αὑτὸν
1529 1115 1598 1151 πρὸς
1622 1115 1742 1150 ἐσπέραν
1764 1115 1789 1141 οἰ
1806 1115 1866 1142 ἴδιοι

1076 1162 1174 1198 μικρὸν
1192 1162 1354 1198 ἐμπνέοντα,
1371 1162 1564 1197 πεφυσημένον
1582 1162 1643 1188 ὃλον
1657 1163 1689 1188 ἐκ
1699 1161 1749 1196 τῆς
1765 1160 1865 1188 ἐκστά-

1075 1217 1154 1242 σεως,
1165 1208 1262 1243 ἄγουσι
1273 1208 1341 1243 πρὸς
1355 1209 1400 1235 τὸν
1412 1208 1533 1243 Πατέρα,
1544 1207 1706 1242 ἀγνοοῦντες
1716 1207 1765 1243 τὴν
1777 1208 1866 1234 αἰτίαν

1074 1255 1121 1282 τοῦ
1140 1256 1294 1291 συμϐάντος
1309 1255 1395 1290 αὐτῷ.
1410 1255 1567 1290 Εὕξαμένου
1583 1254 1612 1281 δὲ
1625 1254 1708 1281 αὑτοῦ
1724 1254 1770 1282 καὶ
1783 1254 1866 1290 ἐλαίῳ

1076 1301 1159 1329 αὑτὸν
1172 1301 1327 1337 χρίσαντος,
1344 1301 1444 1337 ἀνέστη
1456 1302 1470 1328 ὁ
1487 1302 1551 1332 παῑς
1566 1301 1744 1337 διηγούμενος
1756 1300 1786 1327 τδ
1800 1301 1866 1335 ὀρα-

1075 1348 1122 1375 θέν
1136 1355 1143 1363 ”
1160 1348 1221 1375 ὃθεν
1244 1348 1362 1384 μάλιστα
1377 1347 1497 1383 κινηθεὶς
1511 1347 1614 1385 ὸάνὴρ,
1631 1347 1700 1384 πρὸς
1718 1347 1768 1384 τήν
1788 1346 1867 1375 ἀναί-

1078 1403 1153 1430 ρεσιν
1167 1394 1274 1430 ἐτράπη
1289 1394 1336 1421 τοῦ
1348 1394 1504 1430 δράκοντος.
1560 1392 1563 1395 ⁴

1368 1440 1493 1467 ΚΕΦΑΛ.
1514 1439 1577 1467 NA'.

1216 1485 1286 1521 Περὶ
1298 1485 1373 1515 ἀόϐᾶ
1385 1486 1488 1521 Κόπρη
1510 1484 1725 1521 πρεσϐυτέρου.

1109 1531 1164 1560 Ἦν
1184 1533 1212 1560 δέ
1228 1542 1270 1565 τις
1282 1532 1468 1569 πρεσϐύτερος
1493 1532 1563 1568 ἔχων
1580 1533 1695 1568 πλησίον
1712 1533 1771 1559 ἐκεῖ
1785 1540 1868 1568 μονα-

232 1571 272 1625 ῶς
286 1573 341 1599 ἀπὸ
360 1573 426 1625 ,ἐνὸς
447 1572 535 1608 μιλίου
559 1573 590 1600 τὸ
611 1573 792 1609 μοναστήριον
809 1573 897 1608 ἔχοντι
923 1574 1024 1606 ἱκανῶς
1036 1594 1060 1625 c
1076 1580 1189 1616 στήριον
1200 1580 1229 1606 ὲν
1237 1581 1270 1615 τῇ
1280 1579 1387 1615 ἐρήμῳ,
1401 1579 1514 1614 Κόπρης
1525 1578 1683 1614 λεγόμενος,
1694 1577 1764 1614 ἀνὴρ
1779 1578 1867 1613 ᾶγιος,

232 1617 454 1654 ἀνεκησάμεθα.

528 1665 655 1694 ΚΕΦΔΛ.
674 1665 738 1695 NI'.

435 1710 505 1746 Περὶ
521 1711 574 1738 τοῦ
588 1711 665 1740 ἀϐσᾶ
687 1713 825 1748 Ἆμμοῦν.

268 1755 394 1790 Διηγεϊτο
408 1753 437 1782 δὲ
452 1757 518 1792 ἡμῖν
535 1758 638 1788 ἐκεῖνος
654 1758 822 1793 γεγενῆσθαι
838 1759 900 1786 κατ’
918 1758 1024 1786 ἐκεῖνον

231 1801 279 1828 τδν
293 1801 386 1834 τόποι,
402 1801 522 1837 ἔνθαπερ
538 1803 620 1834 αὐτὸς
634 1802 793 1836 ἐκαθέζετο,
809 1804 895 1840 ἄνδρα
911 1805 989 1840 ἅγιον
1004 1802 1027 1839 ᾧ

233 1846 316 1878 αὐτὸς
347 1846 542 1882 ἐμαθητεύθη,
579 1847 703 1882 Ἀμμοῦν
734 1847 866 1883 ὀνόματι,
896 1849 1028 1882 πλείστας

233 1892 363 1926 δυνάμεις
378 1892 411 1918 ἐκ
428 1892 525 1928 ἐκείνῳ
551 1892 591 1927 τῷ
617 1892 693 1928 τόπῳ
712 1894 877 1929 ποιήσαντα.
901 1895 975 1930 Πρὸς
997 1895 1028 1922 ὃν

234 1938 365 1970 πολλάκις
380 1937 504 1970 ἐλθόντες
519 1939 544 1965 οε
557 1939 712 1966 λωποδύται
726 1940 790 1971 τοὺς
804 1939 905 1975 ἄρτους
919 1941 967 1967 καὶ
978 1940 1028 1972 τὰς

235 1985 337 2021 τροφάς
349 1985 433 2013 αὑτοῦ
448 1986 611 2021 ἐλάμὸανον.
629 1986 760 2020 Ἐξελθὼν
771 1987 799 2014 δέ
812 1989 876 2023 μιᾶς
889 1987 945 2015 τῶν
959 1989 1028 2024 ἠμε-

236 2031 291 2067 ρῶν
308 2031 355 2059 δύο
371 2032 521 2068 δράκοντας
543 2033 679 2069 μεγάλους
697 2035 730 2061 ἐκ
750 2035 801 2069 τῆς
827 2035 932 2070 ἐρήμου
959 2036 1028 2071 πρὸς

232 2077 317 2105 αὐτὸν
331 2078 501 2114 συνηγάγετο
515 2099 523 2111 ,
539 2080 671 2112 κελεύσας
687 2080 780 2111 αὐτοῖς
794 2081 964 2116 παραμένειν
980 2082 1028 2108 καὶ

234 2123 383 2156 φυλάσσειν
397 2123 447 2160 τὴν
464 2124 558 2160 θύραν.
583 2126 616 2152 Οί
639 2125 667 2152 δέ
687 2126 847 2162 ἀνδροφόνοι
867 2127 1028 2160 ἐπελθόντες

235 2170 306 2200 κατὰ
321 2170 352 2197 τὸ
376 2170 448 2204 ἐθος,
475 2171 523 2198 καὶ
545 2171 710 2206 θεασάμενοι
735 2172 766 2198 τὺ
790 2172 898 2207 θαῦμα,
918 2174 1026 2209 ἀχανεῖς

234 2216 375 2251 γενόμενοι
405 2217 451 2243 ὑπ’
479 2217 638 2253 ἐκπλήξεως
665 2218 768 2245 ἔπεσαν
797 2219 844 2245 ἐπὶ
871 2219 1025 2254 πρόσωπον.

1077 1627 1147 1653 ἐτῶν
1164 1626 1258 1662 σχεδὸν
1283 1627 1456 1662 ἐνενήκοντα,
1480 1625 1633 1661 ἡγούμενος
1660 1625 1782 1660 ἀδελφῶν
1802 1633 1869 1652 πεν-

1077 1673 1214 1708 τήκοντα·
1232 1672 1262 1704 ὃς
1288 1673 1335 1699 καὶ
1359 1672 1440 1704 αὐτὸς
1469 1671 1600 1704 πλείστας
1623 1671 1753 1707 δυνάμεις
1769 1671 1868 1703 ἐποίει,

1078 1718 1240 1753 θεραπεύων
1254 1718 1304 1750 τὰς
1319 1719 1424 1751 νόσους,
1442 1719 1491 1745 καὶ
1508 1719 1592 1750 ίάσεις
1608 1717 1710 1750 πολλὰς
1722 1717 1868 1750 ἐπιτελῶν,

1079 1765 1128 1792 καὶ
1143 1764 1274 1799 δαίμονας
1290 1764 1461 1796 ἀπελαύνων,
1483 1764 1530 1791 καὶ
1551 1764 1637 1790 πολλά
1658 1764 1785 1799 θαύματα
1802 1764 1870 1790 ἀπο-

1079 1809 1279 1845 πραττόμενος,
1290 1810 1352 1836 τινὰ
1368 1809 1418 1844 μὲν
1428 1810 1476 1836 καὶ
1495 1810 1524 1836 ὲν
1538 1809 1631 1844 ὕψεσιν
1645 1809 1805 1845 ἡμετέραις.
1825 1809 1870 1841 Ὠς

1078 1853 1144 1888 γοῦν
1156 1854 1230 1889 ἡμᾶς
1244 1853 1385 1885 ἐθεάσατο,
1401 1853 1448 1879 καί
1461 1852 1641 1887 θπερεύξατο,
1656 1852 1702 1878 καὶ
1714 1852 1776 1883 τοὺς
1785 1851 1870 1882 πόδας

1079 1897 1159 1934 ἡμῶν
1179 1897 1270 1933 νίψας,
1286 1898 1381 1933 ὴρὼτα
1397 1897 1472 1932 ἡμᾶς
1484 1897 1520 1924 τὰ
1539 1897 1569 1923 ἐν
1587 1896 1626 1932 τῷ
1643 1897 1738 1932 κόσμῳ
1753 1896 1870 1932 πραττό-

1081 1953 1172 1981 μενα·
1195 1945 1276 1980 ήμεῖς
1294 1944 1323 1970 δέ
1349 1943 1480 1978 ἠξιοῦμεν
1503 1942 1585 1970 αὑτὸν
1614 1942 1715 1978 μᾶλλον
1732 1942 1798 1977 ἡμῖν
1818 1941 1870 1977 τῆς

1078 1991 1183 2022 οἰκείας
1199 1989 1282 2017 αὐτοῦ
1300 1989 1437 2021 πολιτείας
1460 1989 1510 2021 τὰς
1532 1989 1634 2024 ἀρετὰς
1656 1988 1868 2024 ὑφηγήσασθαι·

1079 2037 1127 2065 καὶ
1144 2037 1203 2070 πῶς
1219 2035 1295 2070 αὐτῷ
1311 2036 1346 2063 τὰ
1361 2036 1519 2072 χαρίσματα
1531 2036 1546 2062 ὁ
1557 2035 1623 2067 Θεὸς
1638 2035 1805 2071 ἐδωρήσατο,
1822 2035 1870 2062 καὶ

1078 2083 1111 2110 ἐκ
1125 2083 1205 2116 ποίας
1232 2083 1346 2118 μεθόδου
1361 2081 1462 2118 ταύτης
1475 2082 1582 2117 εἰλήφει
1594 2081 1644 2116 τῆς
1658 2081 1780 2116 χάριτος.
1798 2080 1826 2107 Ὁ
1841 2080 1870 2107 δὲ

1080 2128 1165 2165 μηδὲν
1183 2128 1359 2164 ὑπερήφανον
1374 2127 1565 2163 λογισάμενος,
1599 2127 1730 2163 ὑφηγεῖτο
1741 2127 1806 2162 ήμῖν
1825 2125 1871 2153 τὸν

1078 2174 1178 2202 ἐαυτοῦ
1193 2174 1261 2209 βίον,
1276 2175 1323 2200 καὶ
1341 2173 1396 2200 τῶν
1416 2174 1498 2200 αὑτοῦ
1524 2173 1747 2208 προγενεστέρων
1765 2173 1812 2199 καὶ
1823 2181 1872 2208 με-

1080 2219 1172 2253 γάλων
1188 2220 1236 2246 καὶ
1259 2219 1365 2245 πολλῶν
1393 2218 1526 2254 μειζόνων
1547 2216 1631 2245 αὑτοῦ
1655 2218 1817 2253 γεγονότων,
1833 2212 1871 2245 ὧν

241 2261 371 2294 Ἐξελθὼν
382 2262 411 2288 δὲ
425 2263 479 2289 ίδεν
492 2264 591 2295 αὐτοὺς
601 2264 708 2295 ἐννεοὺς
718 2264 891 2299 γενομένους,
906 2266 952 2291 καὶ
967 2274 1028 2301 σχε-
1040 2267 1068 2298 Ῑ)
1081 2264 1130 2301 τὴν
1151 2264 1290 2292 πολιτείαν
1317 2264 1397 2297 αὐτὸς
1418 2265 1557 2300 ἐμιμεῖτο.
1582 2265 1666 2292 Οὐδὲν
1687 2265 1752 2300 γὰρ,
1777 2265 1870 2299 φησὶν,

234 2307 278 2334 δὸν
289 2308 442 2343 ἡμιθανεῖς·
457 2309 504 2336 καὶ
518 2310 672 2344 ἀναστήσας
683 2310 783 2342 αὐτοὺς
795 2310 917 2343 ὠνείδιζε
929 2310 1026 2345 λέγων·

243 2351 339 2388 Ὁρᾶτε
357 2353 439 2380 πόσον
454 2354 533 2389 ὑμεῖς
548 2355 711 2390 ἀγριώτεροι
731 2355 786 2382 τῶν
803 2356 904 2391 Θηρίων
915 2363 923 2371 ⁸
938 2357 964 2383 οί
978 2358 1028 2392 μὲν

235 2398 290 2435 γὰρ
305 2399 384 2435 ήμῶν
397 2400 442 2427 διὰ
457 2401 524 2427 Θεὸν
538 2402 594 2432 τοίς
610 2400 763 2435 βουλήμασι
781 2401 932 2435 πείθονται,
947 2403 1028 2438 ὑμεῖς

235 2444 262 2472 δὲ
275 2446 336 2473 οὐδὲ
346 2446 390 2473 τὸν
402 2446 468 2473 Θεὸν
483 2447 647 2482 ὲφοὸήθητε,
660 2448 720 2474 οὐδὲ
729 2448 778 2483 τὴν
791 2448 845 2475 τῶν
857 2449 1028 2484 Χριστιανῶν

236 2489 380 2518 εὐλάϐειαν
393 2491 600 2527 ἐδυσωπήθητε.
617 2493 779 2527 Εἰσαγαγὼν
799 2493 827 2519 δὲ
841 2494 940 2527 αὐτοὺς
955 2495 1029 2531 αὑτῷ

236 2536 334 2572 κελλίῳ
351 2537 494 2573 παρέθηκε
514 2538 653 2573 τράπεζαν
666 2558 673 2570 ,
691 2539 739 2565 καὶ
756 2539 891 2567 ἐνουθέτει
909 2541 1030 2576 μεταδα-

235 2583 292 2609 λεῖν
313 2583 361 2610 τοῦ
381 2585 494 2620 τρόπου.
516 2586 548 2612 υῑ
565 2585 594 2611 δέ
616 2586 680 2621 παρ’
699 2586 788 2613 αὐτῶν
810 2589 1030 2622 μεταναστάντες

236 2629 377 2664 κρείττους
393 2629 498 2657 πολλῶν
512 2630 686 2666 ἀνεφάνησαν
698 2639 705 2646 ·
724 2631 782 2665 μετ’
801 2632 832 2658 οὑ
849 2631 916 2659 πολὺ
933 2632 962 2659 δὲ
982 2634 1030 2659 καὶ

236 2677 314 2704 αὐτοὶ
331 2677 365 2704 τὰ
381 2678 451 2705 αὐτὰ
469 2680 570 2714 σημεῖα
587 2679 776 2712 ἐπιτελοῦντες
797 2680 938 2716 ὤφθησαν.

274 2724 386 2751 Ἀλλοτε
397 2725 436 2757 δέ,
458 2725 535 2760 φησὶ,
553 2726 674 2761 μεγάλου
691 2726 836 2760 δράκοντος
851 2728 900 2764 τὴν
914 2728 1029 2765 πλησίον

239 2768 331 2805 χώραν
345 2771 558 2807 λυμαινομένου,
574 2772 621 2799 καὶ
635 2772 669 2798 τὰ
683 2773 769 2800 πολλά
784 2773 838 2800 τῶν
861 2775 940 2806 ζώων
953 2777 1030 2803 ἀναι-

241 2814 362 2849 peis/20;,
375 2815 458 2853 ἦλθον
470 2818 494 2844 οἱ
511 2819 722 2854 προσοικοῦντες
737 2820 787 2855 τὴν
810 2821 914 2857 ἔρημον
930 2823 1031 2855 πάντες

241 2861 308 2906 ὁμοῦ
326 2863 394 2898 πρὸς
409 2865 455 2891 τὸν
474 2865 594 2900 Πατέρα,
609 2865 730 2900 δεόμενοι
744 2868 927 2905 ἀφανισθῆναι
939 2870 970 2896 ἐκ
983 2871 1031 2906 τῆς

242 2904 333 2941 κώρας
357 2908 447 2936 αὐτῶν
462 2910 490 2936 τὸ
505 2910 609 2946 θηρίον.
625 2910 654 2937 ’0
674 2911 702 2938 δὲ
717 2911 755 2944 ὡς
776 2913 859 2948 μηδὲν
881 2904 1030 2952 δυνάμενος

421 2959 556 2991 ΡΑτιιοι..
578 2961 625 2992 Gn
659 2961 802 2993 XXXIV.

1080 2311 1242 2346 θαυμαστὸν
1267 2309 1297 2336 τὸ
1323 2310 1390 2345 ἐμὸν
1416 2310 1506 2345 ἔργον,
1525 2307 1548 2337 ὦ
1572 2310 1666 2343 τέκνα,
1690 2311 1757 2345 πρδς
1771 2310 1800 2337 τὸ
1817 2310 1871 2337 τῶν

1080 2358 1211 2393 Πατέρων
1237 2356 1316 2392 ήμῶν
1337 2357 1497 2392 πολίτευμα.
1518 2356 1575 2383 Καὶ
1604 2356 1642 2388 ὡς
1663 2353 1698 2392 ἦν
1724 2357 1765 2392 ἐτι
1785 2357 1871 2383 ταῦτα

1079 2403 1257 2438 διηγούμενος
1281 2403 1395 2438 Κόπρης
1414 2404 1428 2429 ὁ
1453 2402 1650 2438 πρεσσύτερος,
1668 2402 1871 2435 άπονυστάξας,

1080 2447 1119 2481 εἷς
1132 2450 1162 2483 ἐξ
1188 2449 1264 2484 ὑμῶν
1284 2449 1397 2483 ἀδελφὸς
1420 2449 1534 2484 ἀπιστίᾳ
1552 2449 1617 2484 περί
1638 2448 1692 2475 τῶν
1717 2448 1872 2484 λεγομένων

1081 2496 1240 2531 φερόμενος,
1253 2496 1305 2531 ὁρᾷ
1318 2495 1409 2530 βίϐλον
1423 2495 1584 2530 θαυμαστὴν
1606 2495 1637 2520 ἐν
1650 2496 1711 2527 ταῖς
1723 2495 1802 2530 χερσὶ
1822 2495 1870 2521 τοῦ

1080 2542 1176 2576 ἀνδρὸς
1189 2542 1367 2576 ἐπικειμένην
1377 2543 1488 2577 χρυσοῖς
1498 2541 1644 2576 γράμμασι
1661 2541 1869 2576 γεγραμμένην,

1081 2587 1130 2614 καὶ⁴
1143 2587 1284 2622 ἐφεστῶτα
1299 2588 1382 2622 ἄνδρα
1394 2587 1454 2614 τινὰ
1471 2588 1562 2614 πολιὸν
1577 2587 1647 2623 μετά
1664 2587 1778 2621 ἀπειλῆς
1797 2587 1872 2621 αὐτῷ

1081 2635 1207 2669 λέγοντα·
1225 2635 1284 2661 Οὐκ
1301 2634 1411 2666 ἀκούεις
1431 2634 1574 2670 προσεχῶς
1589 2634 1635 2660 τοῦ
1647 2633 1871 2668 ἀναγνώσματος,

1081 2682 1150 2710 ἀλλὰ
1173 2681 1335 2713 νυστάζεις;
1364 2682 1392 2708 '0
1419 2681 1448 2707 δὲ
1469 2680 1617 2716 ταραχθεὶς
1646 2681 1725 2712 εὐθὺς
1755 2676 1819 2715 ἡμῖν
1842 2680 1873 2706 τὸ

1081 2728 1256 2765 ἀκροώμενον
1280 2729 1326 2754 καὶ
1340 2727 1422 2762 όφοὲν
1444 2728 1594 2763 Ῥωμαϊστί
1611 2727 1751 2761 ἐξέφηνεν.
1770 2727 1828 2753 Ἔτι
1844 2727 1872 2753 δέ

1081 2777 1178 2802 τούτου
1207 2775 1348 2806 λαλοῦντος
1373 2775 1441 2810 πρὸς
1472 2775 1545 2809 ἡμᾶς
1573 2773 1670 2805 ταῦτα,
1701 2773 1803 2807 ἐπῆλθέ
1832 2782 1874 2804 τις

1082 2823 1212 2858 ἀγροῖκος
1232 2822 1349 2848 κάλαθον
1361 2821 1432 2856 ἔχων
1446 2821 1548 2856 μεστὴν
1569 2821 1700 2856 ψάμμου·
1714 2821 1761 2847 καὶ
1776 2829 1873 2856 παρει-

1083 2868 1181 2902 στήκει
1202 2868 1378 2902 ἐκδεχόμενος
1403 2866 1546 2902 πληρῶσαι
1571 2867 1653 2894 αὑτὸν
1668 2868 1718 2902 τὴν
1735 2866 1871 2902 διήγησιν.

1091 2913 1315 2950 Ἐπννθανόμεθα
1329 2913 1357 2940 δὲ
1375 2914 1455 2949 ἡμεῖς
1467 2911 1548 2940 αὑτοῦ
1561 2912 1609 2940 τοῦ
1626 2912 1821 2948 πρεσϐυτέρου,
1840 2910 1873 2937 Τί

1651 2963 1690 2994 37
