2072 3153
225 172 293 206 1155

953 170 1128 207 PALLADII

1781 158 1850 193 1156

224 231 278 266 ἄρα
289 228 361 256 θέλει
374 229 388 256 ό
397 229 525 264 ἀγροῖκος
541 227 609 263 μετὰ
623 227 673 263 τῆς
682 226 794 263 ψάμμου
807 237 814 261 ;
835 228 1014 264 Ἀπεκρίνατο
1026 231 1053 261 Α
1066 223 1134 259 πρὸς
1161 221 1235 258 ἡμᾶς
1262 219 1426 266 διεκέέμισενι
1450 215 1616 266 “afﬁxa-5”?
1642 215 1850 266 συγχωρηθῆναι

226 276 253 301 δὲ
269 275 338 310 πρὸς
354 275 454 310 ή·μᾶς’ό
470 274 563 310 Πατὴρ
576 274 673 308 λέγων·
690 274 791 307 Τέκνα,
806 274 855 302 οὐκ
868 275 951 311 ἐχρῆν
964 275 1013 310 μὲν

226 322 300 355 ἡμᾶς
315 320 468 356 καυχᾶσθαι
485 320 552 355 πρὸς
579 320 662 355 ὑμᾶς,
676 320 737 347 οὐδὲ
754 320 873 353 ἐξειπεῖν
893 320 932 350 ,τά
960 320 1014 347 τῶν

228 367 357 402 Πατέρων
385 366 598 402 κατορθώματα,
627 365 671 392 ἵνα
693 366 731 401 μὴ
755 366 922 402 ἐπαρθέντες
944 366 1014 392 κατὰ

226 413 355 444 διάνοιαν,
381 412 427 438 τὸν
445 411 540 447 μισθὸν
554 412 743 446 ἀπολέσωμεν.
766 412 854 439 Διὰδέ
873 413 923 447 τὴν
938 412 1015 447 ὑμῶν

227 458 344 493 σπουδὴν
358 458 404 484 καὶ
417 457 562 491 ὠφέλειαν,
574 458 615 485 ὅτι
627 458 659 485 ἐκ
675 457 803 485 τοσούτου
817 459 930 494 μήκους,
947 457 1014 493 πρὸς

228 503 299 536 ὑμᾶς
323 501 484 537 ἐληλύθατε,
501 502 532 528 οὑ
548 501 695 538 ζημειώσω
711 502 784 538 ὑμᾶς
803 502 853 536 τῆς
869 502 1013 536 ὠφελείας,

227 547 284 575 ἀλλ’
300 548 374 583 άπερ
395 547 429 574 δι’
449 548 527 584 ἡμῶν
555 548 569 575 ὁ
594 548 660 581 Θεὸς
674 548 844 584 ᾠκονόμησε,
875 547 1014 584 παρόντων

226 593 281 621 τῶν
295 594 417 628 ἀδελφῶν
430 594 608 629 διηγήσομαι.

263 641 404 674 ’Λκαρπος
417 637 451 675 ἦν
464 640 480 675 ή
496 640 610 676 πλησίον
627 639 713 675 ἡμῶν·
721 639 809 675 χώρα,
821 639 868 666 καὶ
878 640 902 666 οἱ
914 647 1013 673 κεκτη-

229 685 304 719 μένοι
323 686 409 719 αὐτὴν
427 686 552 720 ἀγροῖκοι
568 686 731 721 σπείραντες
756 686 828 712 σίτον
844 685 919 721 μόλις
933 686 962 712 ἐν
976 685 1016 711 δι-

228 731 286 766 πλῷ
300 731 330 757 τὸ
343 731 453 766 σπέρμα
461 731 592 766 ἐθέριζον.
609 730 720 766 Σκώληξ
733 731 787 766 γάρ
801 731 974 765 γεννώμενος
987 732 1016 758 ἐν

228 776 266 810 τῷ
282 776 380 811 στάχυϊ
394 777 454 803 ὅλον
469 776 515 804 τὸν
540 777 646 811 άμητὸν
671 776 837 811 διέφθειρεν.
854 777 884 803 01.
903 777 931 803 δέ
947 785 1014 802 κατ-

228 822 375 856 ηχηθέντες
390 823 508 858 γεωργοὶ
522 822 588 857 παρ’
603 822 684 858 ἡμῶν
696 823 741 849 καὶ
760 821 918 857 Χριστιανοὶ
937 830 1017 856 γεγο-

228 869 315 901 νότες,
331 869 424 904 ἠξίουν
452 869 526 904 ἡμᾶς
551 868 680 904 εὖχεσθαι
706 869 777 904 ὑπὲρ
802 868 848 895 τοῦ
870 868 1013 904 θερισμοῦ.

229 912 312 942 Εῐπον
327 914 375 941 οὖν
403 915 470 950 πρὸς
487 915 603 943 αὐτούς·
627 915 658 941 Εἰ
678 915 754 949 ἔχετε
769 914 861 941 πίστιν
884 914 953 949 πρὸς
969 914 1014 940 τὸν

228 960 294 987 Θεὸν
311 961 357 987 καὶ
372 961 388 996 ὴ
413 960 532 996 ἐρημικὴ
545 960 614 996 αὕτη
624 960 739 995 ψάμμος
756 961 820 994 ὑμῖν
836 960 1014 995 καρποφορή-

229 1014 270 1032 σει
282 1014 289 1020 ·
303 1007 328 1033 οι
344 1006 371 1032 δὲ
385 1006 461 1032 οὐδὲν
485 1006 712 1041 ἀναϐαλλόμενοι,
723 1006 772 1041 τῆς
783 1006 898 1040 ψάμμου
912 1005 1014 1040 ταύτης

227 1054 277 1088 τῆς
292 1053 358 1088 παρ’
373 1053 452 1088 ἡμῶν
476 1053 653 1089 πατουμένης
675 1054 739 1085 τοὺς
768 1052 872 1079 ἑαυτῶν
898 1052 1014 1083 κόλπους

227 1097 432 1133 πληρώσαντες,
456 1097 577 1132 εὐλογεῖν
592 1098 763 1134 προσέφερον
782 1096 928 1130 ἀξιοῦντες.
943 1097 1015 1131 Ἐγὼ

227 1144 254 1170 δέ
268 1144 306 1176 ὡς
322 1144 450 1180 ηὐξάμην
474 1145 566 1177 αὐτοῖς
582 1144 654 1172 κατὰ
668 1145 717 1180 τὴν
734 1144 824 1171 πίστιν
837 1144 929 1171 αὐτῶν
939 1143 1015 1177 γενέ-

229 1189 301 1220 σθαι,
314 1189 445 1224 ἔσπειραν
466 1189 551 1225 αὐτὴν
566 1190 614 1216 σὺν
629 1189 669 1224 τῷ
686 1189 752 1223 σίτῳ
766 1188 796 1214 ἐν
816 1189 876 1220 ταῖς
892 1187 996 1223 χώραις
1006 1195 1014 1204 ο

230 1235 274 1261 καὶ
292 1235 421 1270 ἐξαίφνης
435 1235 611 1270 πολύκαρπος
630 1234 750 1269 αὺτῶνή
770 1233 848 1269 χώρα
869 1233 1015 1269 γεγένηται

229 1280 304 1316 παρά
324 1282 415 1308 πᾶσαν
429 1282 481 1316 γῆν
508 1281 658 1315 Αἰγύπτου.
673 1279 760 1306 Τοῦτο
776 1277 822 1307 οὖν
843 1281 931 1306 ποιεῖν
956 1279 1015 1311 ἐθος

228 1326 346 1362 ἔχοντες,
368 1326 428 1353 κατ’
449 1326 573 1353 ἐνιαυτὸν
587 1326 654 1361 ἡμῖν
670 1325 834 1360 ἐνοχλοῦσιν.
862 1325 909 1351 Ἐν
922 1325 950 1351 δέ
971 1333 1015 1359 μοι

230 1371 313 1406 μέγα,
328 1371 422 1406 φησὶν,
439 1372 453 1398 ὁ
469 1371 536 1403 Θεὸς
550 1371 657 1398 πολλῶν
672 1371 815 1406 παρόντων
830 1370 923 1406 θαῦμα
943 1379 1015 1405 παρ-

229 1417 318 1453 έσχεν.
335 1417 480 1444 Κατελθὼν
502 1417 556 1453 γὰρ
572 1416 627 1450 ἐγώ
652 1425 716 1444 ποτε
730 1417 759 1443 ἐν
779 1417 813 1452 τῇ
835 1417 922 1448 πόλει,
937 1412 1016 1451 εὗρον

229 1463 313 1498 ἄνδρα
327 1462 389 1489 τινά
401 1463 561 1497 Μανιχαῖον,
577 1462 641 1494 τοὺς
653 1462 757 1498 δήμους
772 1461 1015 1496 ἀποπλανήσαντα·

229 1509 267 1540 ὡς
279 1509 309 1535 δέ
321 1508 425 1535 πείθειν
436 1509 518 1535 αὐτὸν
529 1508 646 1544 δημοσίᾳ
657 1508 707 1535 οὐκ
719 1508 871 1543 ἠδυνάμην,
887 1507 1017 1543 στραφεὶς

230 1553 299 1589 πρὸς
317 1553 347 1580 τὸ
359 1553 474 1588 πλῆθος,
487 1552 574 1586 εἷπον,
592 1553 684 1589 Πυράν
698 1553 820 1588 μεγάλην
831 1553 871 1584 εἰς
884 1553 933 1587 τὴν
947 1552 1018 1579 πλα-

1064 268 1137 304 αὑτῷ
1162 267 1192 294 τὸ
1219 264 1424 301 πλημμέλημα,
1449 263 1497 290 καὶ
1523 262 1649 296 γενέσθαι
1678 261 1850 297 Χριστιανός.

1065 315 1154 348 Ὅπερ
1180 312 1227 339 καὶ
1258 311 1380 345 γέγονεν.
1406 309 1497 335 Ἦσαν
1529 307 1583 343 γὰρ
1608 307 1668 334 κατ’
1695 306 1780 342 αὐτὴν
1801 306 1852 342 τὴν

1065 359 1140 394 ῶραν
1159 358 1228 391 ξένοι
1242 356 1310 392 πρὸς
1325 355 1399 391 ἡμᾶς
1414 353 1537 385 ἐλθόντες
1559 353 1679 387 ἀδελφοὶ,
1691 352 1724 379 δι’
1739 352 1786 383 οὓς
1799 351 1853 386 μά-

1064 405 1141 431 λιστα
1155 401 1316 437 ἐπιτηδείως
1326 401 1392 436 ἡμῖν
1405 399 1441 426 τὰ
1455 399 1559 434 λάχανα
1567 397 1748 434 προσηνέχθη.
1759 398 1851 425 Mem-

1065 449 1193 479 λαϐόντες
1213 445 1261 473 οὖν
1287 445 1317 479 ἐξ
1341 444 1442 476 αὐτῶν,
1463 443 1700 479 εὐχαριστήσαμεν
1719 442 1758 477 τῷ
1774 441 1847 477 Θεῷ,

1065 494 1163 529 διπλῆν
1180 492 1352 528 εὐφροσύνην
1373 490 1562 526 ποιησάμενοι,
1577 489 1627 524 τήν
1641 497 1670 515 τε
1687 488 1733 515 τοῦ
1749 488 1854 524 ἀνθρώ-

1066 550 1117 568 που
1135 539 1273 575 σωτηρίαν
1284 539 1330 565 καὶ
1341 538 1392 573 τὴν
1407 537 1462 564 τῶν
1482 535 1604 570 ἀδελφῶν
1619 536 1781 562 ἀνάπαυσιν.

1351 583 1373 609 Κ
1379 582 1478 609 ΕΦΔΛ.
1503 581 1567 607 NE'.

1277 629 1346 663 Περὶ
1370 626 1445 656 ἀϐϐᾶ
1468 627 1609 660 Σούρους.

1107 677 1192 704 Ἀϐϐᾶ
1207 676 1323 710 Σούρους
1350 674 1379 701 δέ
1401 681 1467 700 ποτε
1491 672 1538 699 καὶ
1559 671 1632 698 ἀϐϐᾶ
1660 670 1784 702 Ἠσαίας,
1807 669 1854 696 καὶ

1065 723 1138 750 άϐϐᾶ
1168 721 1275 753 Παῦλος
1296 720 1441 755 συνέτυχον
1464 718 1600 752 ἀλλήλοις,
1619 716 1714 751 ἄνδρες
1731 715 1854 747 εὐλαϐεῖς

1067 769 1114 797 καὶ
1129 768 1258 804 ἀσκηταὶ,
1285 767 1331 794 τὸν
1355 766 1442 800 μέγαν
1462 763 1631 799 όμολογητὴν
1659 762 1731 789 ἀϐϐἅ.
1759 761 1854 788 Ἀνοὺϐ

1068 814 1292 848 ἐπισκεψόμενοι.
1323 812 1449 846 Ἀπεῖχεν
1469 809 1497 836 δέ
1518 808 1606 836 αὐτῶν
1625 809 1698 842 τρεῖς
1722 806 1806 841 μονὰς
1824 805 1855 831 τὸ

1069 860 1218 895 διάστημα.
1250 858 1304 886 Καί
1321 866 1387 892 φασι
1416 857 1484 891 πρὸς
1507 855 1654 890 ἀλλήλους·
1681 852 1855 885 Ἐπιδειξὰτω

1033 903 1052 930 Β
1067 906 1181 937 ἕκαστος
1198 904 1276 940 ἡμῶν
1292 905 1341 940 τὴν
1358 903 1456 929 ἐαυτοῦ
1471 901 1620 931 πολιτείαν,
1638 899 1683 926 καὶ
1695 899 1768 930 ὅπως
1779 898 1856 935 παρὰ

1067 952 1136 978 Θεοῦ
1152 952 1180 978 ἐν
1196 951 1235 986 τῷ
1253 951 1303 985 βίῳ
1318 949 1404 982 τούτῳ
1420 948 1573 983 τετίμηται.
1595 945 1679 972 Ἀϐϐἂ
1693 944 1810 979 Σούρους
1825 943 1855 969 δὲ

1068 998 1136 1033 πρὸς
1149 997 1249 1027 αὐτοὺς
1266 995 1329 1030 ἔφη’
1355 993 1490 1029 Αἰτοῦμαι
1518 992 1593 1027 παρὰ
1607 992 1655 1017 τοῦ
1668 990 1735 1017 Θεοῦ
1756 989 1854 1025 δῶρον,

1067 1042 1228 1076 ἀκαμάτους
1251 1040 1325 1075 ἡμᾶς
1341 1039 1443 1073 φθάσαι
1475 1037 1520 1064 ἐπὶ
1534 1036 1581 1063 τοῦ
1591 1036 1674 1063 τόπου
1695 1035 1723 1061 ἐν
1742 1034 1855 1068 δυνάμει

1068 1087 1115 1115 τοῦ
1130 1087 1305 1122 ῐινεύματος·
1320 1086 1367 1113 καὶ
1381 1085 1461 1121 μόνον
1480 1083 1628 1119 εὐξαμένου
1650 1080 1745 1113 αὐτοῦ,
1764 1080 1855 1106 πλοῖον

1067 1134 1177 1169 ἕτοιμον
1193 1132 1292 1168 εὑρέθη
1308 1132 1489 1166 παραχρῆμα,
1502 1129 1549 1156 κοιλ¹
1571 1129 1672 1162 ἄνεμος
1692 1127 1853 1162 ἐπιτήδειος,

1069 1181 1116 1207 καὶ
1136 1181 1165 1206 ἐν
1179 1180 1249 1215 ῥοπῇ
1271 1178 1423 1214 εὑρέθησαν
1447 1176 1494 1203 ἐπὶ
1522 1175 1568 1202 τοῦ
1595 1175 1676 1201 τόπου
1700 1171 1856 1201 ἀνελθόντες

1069 1227 1139 1253 κατὰ
1151 1225 1198 1253 τοῦ
1209 1225 1353 1260 ῥεύματος.

1350 1269 1474 1296 ΚΕΦᾹΛ.
1492 1268 1563 1301 NQ".

1258 1314 1327 1350 Περὶ
1346 1315 1396 1342 καὶ
1417 1313 1506 1341 ’Λϐϐᾱ
1531 1313 1665 1340 Ἡσαΐου.

1110 1362 1226 1394 Ἦσατας
1242 1361 1271 1388 δέ
1285 1370 1352 1396 φησι
1367 1360 1436 1395 πρὸς
1450 1358 1560 1390 αὐτοὺς,
1576 1357 1666 1384 Καὶτί
1684 1355 1853 1391 θαυμαστὸν,

1070 1407 1093 1437 ὦ
1107 1408 1191 1444 φίλοι,
1210 1408 1257 1434 ἐὰν
1279 1407 1436 1443 συναντήσῃ
1456 1406 1522 1441 ἡμῖν
1545 1406 1559 1431 ὁ
1581 1403 1651 1438 ἀνὴρ
1665 1402 1780 1429 ἑκάστου
1806 1399 1857 1431 τὰς

1070 1454 1206 1486 πολιτείας
1218 1452 1400 1488 διαγορεύων;
1597 1448 1600 1452 ’

1367 1497 1491 1524 ΚΕΦΑΛ.
1515 1497 1577 1523 ΝΖ¹.

1265 1545 1335 1578 Περὶ
1359 1544 1408 1570 καὶ
1433 1542 1507 1570 ᾱϐϐἀ
1530 1542 1664 1568 Παύλου.

230 1577 1017 1635 153;;;;a;,;;:;.‘;;{gigegx'ggeiaggsaw;
1033 1577 1057 1608 ο
1108 1592 1213 1624 Παῦλος
1226 1592 1255 1619 δέ
1270 1577 1336 1627 φησι
1359 1591 1427 1625 πρὸς
1454 1588 1563 1635 αὐτούς·
1580 1588 1610 1635 ει
1633 1585 1798 1635 ἀπεκάλυψὶ
1808 1583 1860 1635 ,καὶ

231 1645 285 1672 Καὶ
297 1644 323 1672 εῐ
334 1653 377 1677 τις
393 1644 470 1680 ἡμῶν
483 1644 648 1679 ἀφλόγιστος
659 1644 794 1679 διαμείνῃ,
810 1640 887 1674 οὗτος
901 1642 957 1678 ἔχει
970 1642 1019 1677 τὴν

231 1690 317 1726 καλὴν
342 1691 445 1717 πίστιν.
468 1691 513 1722 Ὦς
528 1690 556 1716 δέ
571 1690 666 1724 γέγονε
683 1689 776 1723 τοῦτο,
798 1689 845 1716 καὶ
858 1689 881 1715 οἱ
903 1688 976 1723 ὔχλοι
990 1688 1019 1713 ἐν

232 1736 333 1772 σπουδῇ
350 1737 399 1772 τὴν
425 1736 514 1771 πυρὰν
529 1736 647 1770 ἀνῆψαν,
665 1733 757 1762 εἷλκον
782 1735 862 1762 αὑτὸν
882 1734 939 1769 μετ’
952 1734 1019 1769 ἐμοῦ

232 1784 272 1815 εἰς
283 1782 313 1810 τὸ
329 1783 394 1818 πῦρ.
419 1783 448 1809 ’0
464 1783 491 1809 δέ
506 1791 599 1816 φησιν,
613 1782 749 1814 Ἕκαστος
763 1782 841 1817 ἡμῶν
850 1780 919 1807 κατὰ
937 1781 1019 1816 μόνας

233 1829 389 1863 εἶσελθέτω,
419 1829 467 1856 καὶ
489 1830 597 1865 πρῶτος
619 1829 751 1856 εἰσελθεῖν
764 1828 882 1863 ὀφείλεις
903 1828 984 1859 αὐτὸς
1007 1828 1022 1854 ὁ

234 1875 398 1911 προστάξας.
422 1875 466 1906 Ὠς
493 1875 520 1901 δὲ
543 1876 572 1901 ἐν
591 1875 705 1910 ὀνόματι
730 1875 777 1901 τοῦ
798 1874 918 1910 Χριστοῦ
938 1883 1020 1901 xum.

234 1923 456 1958 σφραγισάμενος
472 1921 643 1956 εἰσελήλυθα.
657 1923 674 1956 ἡ
691 1920 756 1955 φλὸξ
774 1918 824 1947 ὧδε
856 1921 936 1947 κάκεῖ
964 1921 1023 1947 διαηι

238 1967 400 2003 μερισθεῖσα
415 1967 446 1994 οὑ
473 1966 664 2002 παρηνόχλησέ
690 1975 745 2000 μοι,
763 1965 898 2001 ἠμιώριον
913 1966 941 1992 ἐν
954 1966 1021 2001 αὐτῇ

232 2013 414 2049 διατρίψαντι.
437 2013 547 2045 ’ἰδόντες
574 2013 602 2039 δὲ
617 2013 641 2039 οἱ
660 2012 734 2047 ὄχλοι
750 2013 780 2039 τὸ
797 2012 890 2047 θαῦμα
908 2011 1022 2046 ἀνεϐόη-

234 2068 293 2091 σαν,
307 2060 354 2086 καὶ
376 2059 531 2094 ἠνάγκαζον
558 2058 639 2085 πάλιν
655 2059 780 2084 κάκεῖνον
796 2058 836 2088 είς
859 2058 909 2092 τὴν
934 2057 1023 2091 πυράν

234 2105 376 2131 εἰσελθεῖν.
398 2105 428 2131 '0
441 2104 468 2130 δὲ
480 2104 517 2136 ὡς
526 2104 575 2130 οὐκ
590 2104 669 2139 ἤθελε
685 2103 788 2135 δεδιὼς,
804 2102 931 2132 λαϐόντες
941 2102 1023 2128 αὑτὸν

235 2152 259 2178 οι
276 2151 358 2185 δῆμοι
371 2151 410 2181 είς
425 2150 506 2184 μέσον
519 2148 639 2184 ὧθηςαν,
652 2148 699 2175 καὶ
709 2148 931 2183 περιφλογισθεὶς
944 2147 1022 2179 ὅλως,

235 2196 340 2230 ἀτίμως
349 2195 398 2229 τῆς
413 2195 516 2225 πόλεως
530 2194 671 2230 ἐξερρίφη,
686 2193 739 2220 τῶν
750 2194 781 2228 δή
787 2202 843 2228 μων
855 2193 1021 2228 κραζόντων,

234 2241 286 2267 Τὸν
297 2241 397 2267 πλάνον
405 2240 492 2271 ζῶντα
501 2239 552 2266 καύ
557 2248 632 2266 σατε·
647 2239 696 2275 ἐμὲ
703 2239 730 2266 δέ
738 2239 916 2270 ἀναλαϐόντες
924 2240 938 2266 ό
945 2239 1022 2274 ὃχλος
1039 2250 1060 2278 ι)

235 2288 282 2315 καὶ
299 2286 495 2322 εὐφημοῦντες,
511 2287 551 2318 είς
564 2285 612 2321 τὴν
629 2285 777 2320 ἐκκλησίαν
795 2285 985 2320 προέπεμψαν.

270 2333 383 2360 Ἀλλοτε
397 2332 425 2359 δέ
438 2341 490 2368 μου
505 2332 651 2367 παριόντος
666 2331 709 2359 διὰ
725 2331 790 2358 ναοῦ
799 2340 881 2363 τινος,
893 2331 963 2362 τινὲς
970 2331 1024 2357 τῶν

234 2378 319 2406 ἐθνῶν
331 2379 386 2410 τοῖς
399 2378 520 2409 εἰδώλοις
536 2377 626 2404 αὐτῶν
641 2376 783 2409 ἐθυσίαζον
797 2384 805 2391 ·
828 2375 905 2403 εἶπον
929 2376 957 2403 δὲ
975 2376 1023 2403 αὑ-

233 2426 300 2456 τοῖςο
310 2425 339 2450 Εἰ
350 2424 453 2459 λογικοὶ
465 2423 551 2457 ὄντες,
560 2422 668 2457 ἀλόγοις
681 2422 706 2449 τί
718 2423 812 2455 θύετε;
827 2422 872 2448 καὶ
887 2422 965 2457 ὑμεῖς
976 2423 1024 2449 αὖ·

235 2471 289 2496 τῶν
299 2470 360 2496 ἐστε
373 2469 465 2496 λοιπὸν
480 2468 655 2504 ἀλογώτεροι.
668 2469 699 2494 Οἱ
712 2468 738 2494 δὲ
755 2469 792 2500 ὡς
805 2468 896 2499 καλῶς
918 2468 1024 2494 ειπόντι

235 2516 336 2547 εὐθέως
351 2524 396 2551 μοι
412 2516 611 2551 ἠκολούθησαν,
632 2515 672 2550 τῷ
693 2515 801 2550 Σωτῆρι
817 2514 1023 2545 πιστεύσαντες.

271 2562 368 2597 Κήπου
384 2561 412 2588 δέ
425 2561 470 2595 μοί
485 2570 551 2588 ποτε
570 2563 598 2588 ἐν
615 2563 647 2597 τῇ
663 2561 776 2595 πλησίον
789 2561 866 2596 χώρᾳ
887 2561 1024 2596 ὑπάρχον-

236 2616 282 2639 τος
297 2607 341 2634 διὰ
360 2607 408 2642 τὴν
427 2607 577 2642 ἐρχομένην
599 2608 666 2641 πρὸς
684 2608 758 2642 ἡμᾶς
772 2607 952 2640 ἀδελφότητα,
978 2608 1025 2632 καὶ

236 2654 294 2685 ἐνός
307 2662 378 2684 τινος
396 2653 478 2680 αὺτὸν
494 2653 610 2687 πένητος
635 2652 832 2688 ἐργαζομένου,
856 2652 962 2687 εὶσῆλθὲ
984 2660 1026 2682 τις

236 2701 290 2727 τίων
310 2700 445 2735 Ἑλλήνων
460 2699 574 2735 συλῆσαι
599 2699 633 2726 τὰ
659 2699 773 2734 λάχανα.
796 2699 840 2729 Ὠς
860 2698 889 2724 δέ
908 2697 1025 2732 συλήσας

238 2746 368 2782 ἀπῆλθεν,
378 2746 430 2777 ἕως
454 2746 504 2780 τῆς
525 2746 621 2780 τρίτης
649 2745 757 2779 ἡμέρας
786 2743 860 2778 ἐψεῖν
881 2743 950 2770 αὐτὰ
976 2743 1026 2769 οὐκ

237 2791 357 2823 ἑδυ-ιάτο,
373 2793 431 2819 ἀλλ’
442 2792 553 2827 ἔμειναν
569 2793 599 2817 ἐν
611 2791 649 2825 τῷ
663 2790 757 2825 λέϐητι
769 2787 813 2816 οἷὰ
830 2798 881 2824 περ
897 2789 944 2815 καὶ
961 2788 1025 2823 ἐλή-

238 2837 355 2871 φθησαν,
384 2838 421 2872 μὴ
448 2836 662 2872 θερμαινομένου
683 2836 751 2866 ὅλως
773 2835 820 2861 τοῦ
843 2834 949 2866 ὓδατος.
981 2834 1026 2860 Ἕν

237 2884 325 2919 ἐαυτῷ
343 2884 371 2911 δὲ
386 2885 531 2918 γενόμενος
558 2885 571 2910 ό
590 2884 669 2918 ἀνὴρ,
691 2882 832 2910 ἀναλαϐὼν
852 2882 885 2908 τά
906 2882 1020 2917 λάχανα,

1071 1641 1138 1676 ἡμῖν
1161 1640 1175 1666 ὁ
1190 1639 1267 1672 Θεὸς,
1292 1639 1333 1665 ὅτι
1357 1636 1427 1672 μετὰ
1451 1636 1525 1673 τρεῖς
1544 1633 1651 1668 ἡμέρας
1672 1630 1860 1665 ἀναλαμϐάνει

1070 1675 1116 1712 τὸν
1130 1685 1283 1719 ᾶνθρωπον;
1300 1682 1384 1715 Ὠςδέ
1397 1681 1531 1717 προῆλθον
1545 1678 1697 1714 ἔμπροσθεν
1705 1676 1751 1703 τοῦ
1764 1675 1860 1707 τόπου,

1071 1731 1085 1759 ό
1102 1731 1171 1766 ἀνὴρ
1186 1730 1276 1761 αὐτοῖς
1302 1727 1460 1762 ἀπαντήσας
1477 1725 1626 1761 ἠσπάζετο.
1647 1724 1676 1750 '0
1697 1722 1726 1748 δέ
1753 1720 1860 1752 Παῦλός

1072 1786 1138 1812 φησι
1157 1775 1225 1811 πρὸς
1242 1774 1340 1801 αὐτόν·
1363 1772 1469 1808 Φράσον
1485 1771 1551 1806 ἡμῖν
1567 1771 1601 1796 τὰ
1627 1768 1742 1795 σεαυτοῦ
1759 1775 1859 1801 κατορ.

1072 1823 1189 1858 θώματα
1199 1830 1206 1836 ·
1227 1821 1377 1856 μεθαὺριον
1387 1819 1441 1854 γὰρ
1457 1818 1525 1854 πρὸς
1534 1817 1607 1843 Θεὸνά
1616 1814 1764 1850 ἀπελεύσῃ.

1282 1898 1287 1902 ε
1356 1865 1481 1892 ΚΕΦΑΛ.
1513 1864 1579 1890 NH’.

1287 1912 1353 1946 Περὶ
1370 1911 1417 1938 καί
1432 1909 1506 1938 ἀϐὅᾶ
1532 1908 1648 1936 Ἀνούϐ.

1110 1959 1177 1987 Εῐπε
1203 1960 1231 1985 δέ
1251 1958 1323 1985 ἀὸϐᾶ
1342 1957 1437 1983 Ἀλλοὺὸ
1460 1955 1527 1990 πρὸς
1552 1953 1662 1984 αὐτούς*
1678 1949 1830 1986 Εὐλογητὸς
1846 1949 1860 1975 ὁ

1074 2005 1141 2037 Θεὸς
1156 2007 1170 2032 ὁ
1184 2005 1267 2039 κάμοὶ
1281 2003 1365 2029 ταῦτα
1378 2001 1528 2036 γνωρίσας,
1541 2000 1589 2026 καὶ
1604 1999 1653 2033 τὴν
1668 1997 1744 2032 ὑμῶν
1756 2004 1861 2030 παρου-

1075 2052 1135 2080 σίαν
1154 2050 1201 2078 καὶ
1214 2049 1365 2076 πολιτείαν.
1386 2046 1478 2075 Εἰπὼν
1493 2047 1521 2073 δὲ
1534 2047 1651 2073 ἑκάστου
1667 2045 1700 2070 τά
1719 2041 1861 2077 κατορθώ-

1076 2106 1160 2133 ματα,
1178 2097 1225 2123 καὶ
1242 2096 1274 2122 τὰ
1285 2094 1383 2122 ἐαυτοῦ
1395 2095 1489 2121 λοιπὸν
1500 2093 1634 2128 ἐξηγεῖτο,
1647 2091 1735 2124 λέγων
1744 2099 1751 2105 ·
1774 2088 1816 2121 Ἐξ
1830 2083 1862 2133 οὗ

1074 2144 1104 2169 τὸ
1115 2142 1242 2177 Σωτῆρος
1250 2141 1336 2176 ὄνομα
1348 2141 1394 2167 ἐπὶ
1402 2141 1451 2175 τῆς
1461 2140 1512 2174 γῆς
1523 2137 1696 2173 ὡμολόγησα,
1705 2136 1734 2162 οὺ
1745 2132 1862 2169 προῆλθε

1073 2189 1173 2223 ψεῦδος
1189 2188 1220 2214 ἐκ
1235 2187 1282 2213 τοῦ
1296 2186 1429 2222 στόματός
1443 2194 1504 2221 μου,
1518 2186 1612 2220 γήϊνον
1627 2183 1702 2210 οὐδὲν
1719 2180 1861 2220 διητήθην,

1075 2234 1122 2261 τοῦ
1136 2233 1253 2268 ἀγγέλου
1270 2241 1303 2268 με
1316 2233 1430 2267 ἡμέριον
1443 2231 1588 2266 τρέφοντος
1602 2229 1651 2264 τὴν
1666 2228 1789 2262 οὐράνιον
1800 2234 1862 2261 τρο-

1076 2282 1129 2316 φήν
1144 2289 1151 2296 ·
1176 2280 1235 2306 οὐδὲ
1264 2279 1357 2313 ἐτέρου
1374 2277 1446 2308 τινὸς
1473 2276 1604 2311 ἐπιθυμία
1621 2274 1734 2309 ἀνῆλθεν
1759 2274 1799 2304 εἲς
1815 2271 1864 2306 τὴν

1076 2327 1190 2362 καρδίαν
1207 2334 1268 2359 μουν
1285 2324 1354 2358 πλὴν
1368 2324 1384 2358 ἦ
1402 2323 1448 2349 τοῦ
1480 2321 1561 2349 Θεοῦ.
1586 2321 1653 2348 Οὑδέ
1679 2318 1838 2354 ἀπέκρυψεν
1850 2318 1864 2343 ό

1075 2374 1141 2404 Θεός
1155 2381 1181 2399 τι
1199 2371 1253 2398 τῶν
1262 2369 1402 2404 ἐπιγείων,
1417 2368 1431 2395 ὃ
1442 2368 1491 2394 οὑκ
1504 2366 1638 2402 ἐγνώρισὲ
1651 2374 1706 2401 μοι.
1718 2365 1775 2391 Οὐκ
1787 2362 1865 2398 ἔληξε

1076 2419 1133 2453 φῶς
1149 2420 1206 2450 τοῖς
1223 2416 1371 2452 ὀφθαλμοῖς
1389 2423 1458 2449 μου·
1486 2415 1536 2441 οὐκ
1566 2415 1595 2439 ἐν
1618 2412 1713 2447 ἡμέρᾳ
1739 2410 1864 2442 ὖπνωσα,

1075 2465 1125 2491 οὐκ
1139 2465 1167 2491 ἐν
1185 2465 1261 2491 νυκτὶ
1283 2461 1491 2496 ἀνεπαυσάμην,
1504 2460 1550 2486 τὸν
1567 2458 1633 2485 Θεὸν
1647 2456 1779 2493 ἐκζητῶν,
1797 2455 1865 2482 ἀλλά

1076 2511 1190 2544 ἄγγελός
1204 2518 1247 2545 μοι
1259 2509 1349 2544 παρῆν
1358 2508 1415 2541 ἀεὶ,
1424 2507 1472 2538 τὰς
1486 2506 1532 2533 τοῦ
1546 2505 1649 2540 κόσμου
1662 2503 1792 2537 δυνάμεις
1804 2503 1864 2528 ἐπι-

1075 2556 1224 2583 δεικνύων·
1250 2555 1280 2582 τὸ
1299 2554 1356 2588 φῶς
1373 2553 1422 2587 τῆς
1441 2552 1561 2582 διανοίας
1587 2559 1636 2586 μου
1655 2550 1705 2576 οὐκ
1724 2547 1842 2582 ἐσϐέσθη
1855 2555 1863 2563 ’

1076 2603 1130 2628 πᾶν
1147 2602 1252 2636 αῖτημα
1270 2599 1346 2634 παρὰ
1363 2598 1429 2625 Θεοῦ
1450 2607 1500 2632 μου
1519 2597 1599 2628 εὐθὺς
1617 2594 1780 2630 ἐλάμϐανον.
1795 2593 1866 2619 Ἰδον

1078 2648 1208 2679 πολλάκις
1225 2646 1358 2682 μυριάδας
1383 2644 1508 2679 ἀγγέλων
1524 2643 1563 2678 τῷ
1582 2643 1641 2678 Θεῷ
1665 2639 1863 2676 παρεστώσας·

1077 2696 1130 2721 ἴδον
1154 2695 1252 2729 χοροὺς
1272 2692 1397 2719 δικαίωνε
1419 2691 1474 2717 ἴδον
1497 2690 1644 2725 μαρτύρων
1672 2686 1862 2722 ἀθροίσματα·

1077 2741 1130 2768 ῖδον
1150 2741 1261 2767 πάντων
1275 2739 1304 2766 τὸ
1322 2738 1403 2774 ἐργον
1422 2737 1476 2764 τῶν
1492 2737 1540 2762 τὸν
1560 2735 1626 2761 Θεὸν
1651 2731 1862 2768 εὐφημούντων·

1078 2788 1132 2815 ἴδον
1152 2787 1198 2814 τὸν
1214 2786 1337 2814 Σατανᾶν
1361 2785 1428 2819 πυρὶ
1454 2781 1690 2817 παραδιδόμενον·
1720 2777 1775 2805 ῖδόν
1801 2777 1865 2808 τοὺς

1076 2834 1209 2869 ἀγγέλους
1233 2831 1315 2859 αὑτοῦ
1342 2829 1539 2865 κολαζομένους
1553 2835 1559 2843 ⁸
1577 2826 1637 2853 ἴδον⁹
1653 2826 1716 2857 τοὺς
1743 2823 1865 2853 δικαίους

1076 2880 1192 2911 αίωνίως
1224 2876 1465 2913 εὐφραινομένους.
1489 2873 1580 2901 Ταῦτα
1596 2872 1623 2899 δὲ
1649 2872 1695 2898 καὶ
1710 2870 1776 2899 ἄλλα
1795 2868 1862 2896 πολ-
