2072 3153
230 171 299 199 “57

837 165 993 195 HISTORIA
1016 164 1055 190 LA
1061 162 1190 191 USIACA.

1767 159 1833 188 H58

225 223 313 260 βίηυὴ
332 232 383 260 me,
397 255 404 267 ν
428 241 480 260 non
500 232 640 267 οροωωι
660 237 701 257 me
720 226 829 263 sior-mi
849 225 917 257 apud
939 228 1002 249 vos,
1020 220 1042 247 A
1055 218 1249 244 condonaretur
1263 221 1390 247 erratum,
1407 220 1432 242 et
1445 220 1472 242 nt
1484 215 1558 267 iteret
1571 213 1833 267 Christianus,tluqd

226 286 313 312 nepte
325 287 356 306 ea
372 279 511 306 enuntiare
526 286 583 309 qoa-
598 280 671 310 gestn
690 278 753 301 sunt
770 280 784 298 a
805 271 926 297 Patribus
940 277 947 300 ;
969 274 1002 294 ne

225 328 314 350 ruente
375 321 440 349 elati
489 322 646 348 amittamus
699 317 870 344 mercedem:
897 317 1003 347 propter

225 367 341 394 studium
366 372 455 392 autem
481 370 596 390 vestrum
622 369 648 390 et
672 362 826 391 utilitatem,
852 358 922 393 quod
949 362 1001 383 tam

228 411 319 444 procul
335 411 367 436 ad
384 417 432 436 nos
446 409 556 436 venistis
566 428 573 439 ,
589 415 642 434 non
659 406 782 433 fraudabo
804 411 852 430 vos
866 402 980 430 utilitate
993 408 1001 430 ;

224 454 272 481 sed
287 461 346 489 quae
363 461 409 488 per
425 461 472 480 nos
486 452 611 480 Servator
625 451 723 485 gessit,
748 447 860 475 narrabo
885 453 1003 480 praesen-

225 498 295 525 tibus
309 498 444 524 fratribus.

258 542 361 569 Sterilis
378 546 436 569 erat
449 548 512 576 ager
522 541 567 575 qui
583 544 624 567 est
635 547 716 574 prope
729 546 786 571 nos,
803 541 831 565 et
844 535 934 563 rustici
959 535 1004 569 qui

225 586 311 619 ipsum
325 585 504 618 possidebant,
528 585 700 616 seminantes,
717 583 761 609 vix
781 589 872 608 semen
886 580 1004 614 duplica-

225 637 278 658 tum
295 631 441 663 metebant;
457 631 555 657 vermis
573 630 644 656 enim
659 635 770 655 nascens
785 627 810 654 in
824 627 906 663 spica,
921 630 1002 652 totam

225 685 337 705 messem
350 677 546 711 corrumpebat.
562 675 691 710 Agricola:
704 679 793 701 autem
811 671 975 699 catechismo
988 679 1003 698 a

224 722 300 749 uoltis
315 721 436 753 instituti.
451 726 478 748 et
491 721 578 748 ell‘ecti
592 720 748 751 Christiani,
763 722 890 752 rogarunt
904 724 952 744 nos
973 720 1002 742 ut

223 774 359 794 oraremus
373 774 419 800 pro
432 774 529 793 messe.
544 766 605 792 Dixi
619 769 708 792 autem
723 765 762 791 eis
776 772 784 790 :
802 763 828 790 Si
842 762 946 789 habetis
967 761 1004 788 li—

224 811 284 838 dem
300 811 325 838 in
341 811 434 843 Deum,
454 811 495 838 vel
510 818 588 838 arena
604 809 702 836 deserti
716 809 830 835 fructum
845 807 920 833 vobis
939 805 1004 832 affe-

224 861 274 884 ret.
292 856 309 883 li
324 861 410 882 autem
426 856 490 882 nihil
505 855 633 885 cunctati,
659 861 719 880 cum
736 853 784 880 hac
800 860 890 884 arena,
913 858 972 885 quae
989 857 1003 876 a

224 901 299 927 nobis
319 901 447 932 calcatur,
462 900 535 927 sinus
558 900 722 933 implessent,
739 897 891 929 attulerunt,
908 904 1002 930 rogan—
1021 889 1043 918 Β

224 949 264 972 tes
284 950 312 972 ut
327 946 552 972 benediceremus.
569 945 708 978 Postqtnm
729 947 817 969 autem
839 949 896 968 sum
911 948 1004 975 preca-

225 995 267 1017 tus
282 995 309 1016 ut
325 989 375 1016 illis
389 989 464 1016 ﬁeret
477 988 621 1016 secundum
636 989 752 1021 ipsorum
775 986 864 1018 ﬁdem,
880 985 929 1020 ipsi
944 992 1002 1011 eam

223 1042 283 1061 cum
299 1033 429 1060 frumento
443 1033 604 1060 seminarunt
625 1032 651 1058 itt
666 1031 736 1057 arvis
758 1031 830 1062 suis;
845 1035 871 1056 et
893 1034 1004 1063 repente

224 1085 315 1105 eorum
330 1085 392 1112 ager
407 1078 442 1104 ita
459 1077 641 1111 multiplicavit
655 1076 779 1108 fructum,
796 1080 824 1101 ut
838 1082 943 1101 onmem
958 1081 1004 1100 su-

225 1127 330 1156 peraret
357 1122 509 1156 Egyptum.
535 1121 589 1148 Iloc
612 1129 675 1156 ergo
702 1119 790 1147 facere
820 1119 901 1152 soliti,
929 1119 1004 1145 nobis

223 1167 364 1202 quotannis
384 1168 510 1195 exhibent
524 1167 680 1194 molestiam.
699 1166 784 1193 Unum
798 1171 895 1197 autem,
909 1165 1003 1200 inquit,

223 1220 347 1247 maguum
362 1213 515 1238 miraculum
532 1212 644 1246 prwbuit
665 1212 728 1238 mihi
745 1212 813 1238 Deus
827 1212 916 1239 multis
937 1220 1004 1246 prae-

223 1258 354 1285 sentibus.
369 1257 435 1284 Cum
458 1259 527 1284 enini
541 1258 567 1284 in
589 1257 721 1285 civitatem
736 1258 877 1292 aliquando
892 1258 1000 1285 descen-

222 1302 334 1334 dissem,
350 1302 437 1329 iuveni
454 1303 592 1336 quemdam
607 1303 692 1329 virum
706 1303 876 1330 Manichmnm
888 1304 932 1338 qui
953 1311 1004 1338 pn-

223 1347 300 1381 pulos
314 1346 469 1380 seduxerat;
484 1356 542 1375 cum
561 1352 649 1375 autem
665 1356 716 1374 non
735 1356 841 1382 possem
861 1349 884 1376 ei
901 1349 1006 1383 publice

226 1393 396 1426 persuadere,
420 1393 472 1420 dixi
488 1400 631 1420 conversus
655 1393 686 1419 ad
703 1393 896 1420 multitudinem
920 1402 928 1420 :
950 1394 1005 1420 Ma-

224 1446 302 1472 gnum
316 1446 407 1471 rogum
421 1439 446 1465 in
462 1439 546 1472 platea
562 1438 707 1472 accendite,
724 1444 751 1465 et
776 1438 956 1473 iugrediamur
979 1439 1004 1465 in

224 1484 374 1516 ﬂammam;
387 1489 412 1511 et
424 1485 466 1518 qui
479 1491 510 1511 ex
522 1484 597 1511 uoltis
608 1484 704 1511 illaesos
720 1493 732 1510 a
747 1484 852 1511 ﬂamma
866 1484 1004 1517 manserit,

225 1529 248 1554 is
269 1528 348 1555 habet
361 1529 454 1555 bonam
469 1529 558 1556 fidem.
577 1529 718 1564 Postquam
736 1535 823 1556 autent
839 1531 891 1557 hoc
907 1529 1004 1556 factum

224 1578 275 1603 est.
288 1578 316 1600 et
330 1573 411 1600 llll'IM!
426 1582 517 1608 rogum
533 1575 586 1601 cito
600 1574 788 1607 accenderunt,
805 1575 888 1609 ipsum
902 1583 1005 1602 mecum

225 1618 365 1645 trahebant
386 1619 411 1644 in
438 1618 535 1653 ignem.
561 1619 583 1646 Is
602 1625 689 1646 autem
710 1619 792 1646 dicit:
822 1620 1006 1654 Unusquisque

226 1670 346 1690 seorsuut
370 1663 541 1698 ingrediatur,
556 1664 692 1699 debe~que
716 1665 816 1699 primus
841 1665 941 1700 ingredi
963 1666 1007 1700 qui

226 1709 337 1744 Iussisti.
352 1709 416 1736 Cum
430 1716 518 1737 autem
533 1711 558 1737 in
584 1712 690 1737 nomine
713 1710 811 1737 Christi
825 1712 944 1743 signatus
965 1719 1007 1738 es—

226 1762 282 1783 rem
297 1756 440 1790 ingressus,
457 1756 560 1783 ﬂamma
577 1757 602 1782 in
619 1757 685 1782 hanc
700 1761 728 1783 et
752 1757 823 1783 illam
841 1761 940 1789 partem
964 1757 1003 1782 di-

227 1800 294 1831 visa,
307 1807 350 1826 me
363 1800 430 1827 nulla
443 1800 529 1826 ail‘ecit
540 1801 672 1832 molestia,
685 1808 747 1826 cum
763 1801 924 1827 semihoram
938 1801 964 1827 in
976 1808 1007 1827 ea

227 1852 314 1871 essent
331 1849 457 1870 moratus.
481 1844 577 1871 Turba;
599 1849 687 1871 autem
703 1844 760 1871 viso
780 1845 907 1872 miraculo
920 1846 1009 1872 excla-

227 1894 342 1921 marunt,
356 1894 383 1916 et
396 1889 525 1924 cogebant
547 1889 619 1916 illum
637 1897 727 1924 pyram
747 1890 904 1924 pervadere,
920 1891 941 1918 is
962 1899 1007 1917 au-

227 1938 280 1961 tem
296 1934 412 1965 nolebdt,
429 1934 523 1961 timore
536 1934 654 1962 allectus.
669 1934 735 1962 Cum
749 1943 809 1962 eum
825 1939 913 1963 autem
932 1943 1008 1964 acce-

229 1981 329 2014 pissent
356 1981 455 2014 populi,
479 1981 505 2007 in
531 1981 644 2007 medium
665 1986 865 2014 protruserunt;
891 1987 919 2009 et
939 1988 1009 2010 totus

228 2025 333 2051 ﬂamma
348 2026 494 2058 ambustus,
509 2025 609 2061 eiectus
624 2032 690 2053 este
702 2027 819 2060 civitate,
831 2028 1009 2055 clamantibus

229 2071 332 2105 pupulis
348 2079 356 2098 :
374 2071 482 2098 Planum
499 2073 630 2099 viventem
647 2073 759 2100 exurite.
775 2073 814 2100 Me
825 2079 912 2100 autem
926 2075 1009 2101 turbae

228 2117 400 2150 accipientes,
416 2124 443 2144 et
458 2118 578 2144 laudibus
590 2123 788 2153 prosequentes,
804 2119 970 2146 deduxerunt
982 2119 1008 2146 in

228 2163 377 2189 ecclesiam.

264 2207 329 2235 Cum
343 2212 430 2235 autem
445 2216 493 2245 ego
515 2209 656 2244 aliquando
671 2217 718 2244 per
731 2210 863 2243 quoddam
883 2210 1009 2243 templum

1055 265 1135 290 etiam
1152 263 1247 289 factum
1261 266 1312 289 est.
1330 262 1410 288 Erant
1431 266 1517 287 autem
1535 260 1583 286 hac
1597 260 1654 294 ipsa
1669 259 1732 286 hora
1746 259 1835 292 hospi-

1056 313 1095 335 tes
1112 307 1206 334 lratres
1220 307 1264 341 qni
1289 307 1321 333 ad
1337 314 1386 333 nos
1406 309 1533 333 venerant
1547 313 1552 330 :
1570 309 1676 338 propter
1689 311 1755 338 quos
1769 307 1836 330 tem-

1055 353 1155 387 pestive
1169 352 1310 379 admodum
1323 352 1354 377 ad
1371 359 1418 377 nos
1432 351 1509 376 allata
1524 355 1587 377 sunt
1601 349 1682 376 olera.
1700 350 1764 382 Qui:
1774 355 1835 375 cuin

1053 398 1273 429 come-lissemus,
1295 399 1398 430 egimus
1420 396 1532 422 Domino
1546 395 1653 429 gratias.
1668 394 1765 428 duplici
1787 401 1833 420 ac-

1053 450 1129 477 cepta
1143 445 1243 477 laetitia,
1256 448 1283 471 et
1305 451 1338 470 ex
1352 443 1436 470 salute
1451 442 1576 472 hominis,
1600 445 1626 468 et
1640 448 1673 468 ex
1688 440 1835 467 refectione

1053 490 1177 518 fratrum.

1346 523 1457 550 CAPUT
1477 522 1530 550 LV.

1317 568 1376 595 Vita
1389 568 1484 594 abbatis
1500 567 1570 594 Suri.

1090 615 1180 643 Abbas
1193 619 1282 641 autem
1294 614 1387 644 Surus,
1406 612 1500 646 inquit,
1514 616 1540 638 et
1555 611 1636 637 Isaias
1655 609 1753 645 (Rulli.
1769 608 1789 635 Ι.
1807 616 1835 641 ιι,

1054 668 1111 694 cap.
1131 661 1183 693 10),
1198 664 1224 686 et
1238 659 1334 686 Paulus
1354 658 1404 685 sibi
1419 657 1530 684 invicem
1544 662 1653 691 repente
1664 659 1835 682 occurrerunt

1054 707 1086 733 ad
1101 706 1221 738 ﬂuvium,
1236 706 1283 732 viri
1297 705 1331 738 pii
1345 709 1373 731 et
1384 703 1485 738 egregii
1507 703 1706 732 exercitatores,
1723 699 1834 727 invisuri

1055 758 1176 784 magnum
1199 750 1319 776 abbatem
1347 748 1451 782 Anuph.
1487 748 1606 774 Distabat
1626 752 1713 772 autem
1742 753 1834 772 eorum

1054 795 1221 823 intervallum
1249 795 1331 821 tribus
1357 794 1555 826 mansionibus;
1579 797 1606 820 et
1632 792 1724 819 dicunt
1749 791 1782 817 ad
1806 797 1835 817 se

1054 840 1167 867 invicem
1190 847 1197 866 :
1213 839 1340 866 Ostendat
1354 839 1534 873 unusquisque
1549 842 1667 864 nostrum
1686 843 1762 862 suum
1775 836 1836 861 vita:

1057 885 1214 916 institutum,
1232 888 1259 911 et
1279 882 1500 917 quemadmodum
1514 881 1563 909 fuit
1578 882 1604 917 in
1621 881 1669 907 hac
1684 882 1735 907 vita
1752 888 1767 906 a
1780 879 1835 906 Deo

1055 930 1208 957 honoratus.
1225 930 1312 957 Abbas
1323 934 1411 956 autem
1427 928 1510 954 Surus
1525 927 1591 953 dixit
1602 927 1640 953 cis
1653 934 1659 952 :
1676 926 1741 952 Peto
1752 933 1766 951 a
1781 925 1834 951 Deo

1054 976 1163 1009 donum,
1188 980 1216 1001 ut
1241 982 1289 1002 nos
1313 975 1410 1001 virtute
1432 973 1540 1006 spiritus
1554 971 1680 998 indefessi
1702 970 1734 997 ad
1748 971 1834 997 locum

1055 1022 1254 1056 perveniamus;
1271 1026 1298 1048 et
1311 1028 1370 1047 cum
1393 1021 1448 1054 ipse
1463 1020 1549 1045 solum
1563 1022 1675 1049 orasset,
1699 1017 1833 1043 inventutu

1055 1071 1095 1094 est
1116 1067 1236 1101 protinus
1252 1071 1368 1100 paratum
1383 1066 1530 1099 navigium,
1546 1069 1572 1090 et
1584 1067 1678 1090 ventus
1691 1061 1835 1091 secundus,

1055 1118 1081 1140 et
1096 1117 1230 1140 momento
1243 1111 1370 1145 temporis
1384 1111 1485 1138 inventi
1499 1114 1563 1138 sunt
1582 1110 1609 1136 in
1625 1109 1693 1141 loco,
1715 1113 1776 1135 cum
1790 1107 1836 1133 ad-

1056 1166 1133 1186 verso
1146 1158 1254 1185 ﬂumine
1266 1158 1445 1192 navigassent.

1344 1203 1458 1230 CAPUT
1476 1202 1544 1230 LVI.

1317 1247 1372 1274 Vita
1385 1247 1482 1274 abbatis
1499 1247 1586 1273 Isaia.

1092 1294 1173 1322 Isaias
1186 1299 1273 1321 autem
1288 1293 1352 1321 dicit
1363 1294 1402 1320 eis
1414 1301 1421 1320 ;
1441 1294 1471 1320 Et
1484 1292 1546 1327 quid
1560 1292 1666 1323 mirum,
1681 1298 1697 1318 ο
1710 1289 1800 1322 amici,
1814 1289 1836 1316 si

1056 1341 1096 1367 vir
1110 1340 1186 1367 nobis
1200 1339 1354 1371 occurrerit,
1369 1340 1414 1373 qui
1428 1338 1506 1366 vitam
1531 1343 1619 1365 narret
1633 1337 1838 1371 uniuscujusque

1057 1384 1153 1420 (nam,
1163 1385 1208 1412 lib.
1224 1393 1252 1418 ιι,
1264 1393 1321 1420 cap.
1336 1385 1400 1419 ιον

1347 1431 1458 1459 CAPUT
1477 1430 1555 1458 LVII.

1316 1476 1374 1504 Vita
1388 1477 1485 1503 abbatis
1503 1475 1591 1502 Pauli.

1093 1522 1188 1549 Paulus
1203 1527 1289 1550 autem
1305 1522 1368 1550 dicit
1378 1522 1418 1550 eis
1432 1530 1439 1550 :
1453 1522 1480 1550 Si
1503 1521 1573 1549 Deus
1588 1522 1665 1549 nobis
1680 1521 1840 1549 revelavcrit

1018 1566 1044 1599 α
1060 1567 1129 1602 quod
1145 1572 1205 1601 post
1217 1571 1270 1594 tres
1283 1568 1343 1595 dies
1363 1567 1476 1595 assumit
1500 1567 1653 1594 hominem?
1667 1567 1733 1594 Cum
1753 1571 1841 1594 autem

1059 1613 1136 1646 paulo
1149 1613 1258 1639 IlIlt'l'IllS
1268 1613 1469 1648 processissent,
1483 1612 1523 1639 vir
1533 1612 1572 1638 eis
1583 1612 1688 1639 obviam
1702 1611 1785 1639 factus
1796 1618 1842 1638 eos

1058 1658 1170 1688 salutat;
1187 1658 1283 1686 Paulus
1304 1663 1392 1686 autem
1407 1658 1432 1686 ei
1446 1658 1528 1686 dicit:
1546 1657 1594 1685 Dic
1609 1657 1686 1685 nobis
1700 1665 1758 1692 quae
1772 1662 1844 1684 recte

1057 1704 1181 1737 gessisti;
1199 1712 1258 1731 nam
1273 1708 1332 1738 post
1345 1705 1490 1732 crastinum
1511 1703 1581 1731 diem
1603 1703 1689 1731 abibis
1709 1702 1744 1730 ad
1758 1702 1842 1731 Deum

1059 1748 1178 1782 (Ra/ﬁn,
1194 1749 1213 1776 ι.
1230 1756 1260 1780 tt,
1274 1757 1330 1784 cap.
1346 1748 1403 1782 10).

1339 1802 1452 1830 CAPUT
1471 1802 1561 1830 LVIII.

1268 1847 1325 1874 Vita
1337 1848 1435 1874 abbatis
1449 1848 1540 1881 Anuplt
1560 1847 1646 1882 (I05).

1097 1892 1165 1919 Dixit
1176 1897 1264 1919 autem
1279 1893 1316 1919 eis
1329 1893 1423 1926 Anuph
1437 1901 1443 1918 :
1459 1893 1616 1920 Benedictus
1628 1893 1707 1924 Dens,
1721 1893 1766 1927 qui
1780 1892 1843 1919 mihi

1061 1938 1117 1964 haec
1130 1945 1233 1972 quoque
1256 1939 1380 1972 signavit,
1396 1943 1423 1964 et
1437 1943 1553 1964 vestrum
1570 1939 1630 1964 vice
1651 1937 1799 1964 institutum
1816 1943 1844 1965 et

1060 1983 1202 2010 adventum
1215 1982 1334 2018 (Ra/lim,
1351 1983 1369 2009 Ι.
1396 1991 1425 2014 ιι,
1438 1991 1495 2018 cap.
1511 1983 1565 2017 Ill).
1583 1983 1649 2010 Cum
1663 1987 1750 2009 autem
1762 1983 1844 2010 dixis-

1060 2033 1101 2055 set
1114 2034 1172 2061 qua:
1188 2028 1366 2061 unusquisque
1379 2034 1471 2055 eorum
1490 2034 1562 2055 recte
1576 2033 1706 2062 gesserat,
1722 2030 1844 2062 exposuit

1061 2074 1195 2106 deinceps,
1211 2081 1269 2107 qua:
1282 2073 1340 2106 ipse
1352 2072 1461 2104 fecerat,
1474 2073 1564 2100 dicens
1578 2082 1584 2100 :
1601 2073 1637 2100 Ex
1652 2080 1704 2107 quo
1719 2073 1843 2100 Servato-

1062 2119 1097 2144 ris
1112 2126 1129 2143 n
1141 2125 1209 2144 nmen
1233 2117 1367 2150 professus
1387 2124 1445 2143 sum
1462 2118 1488 2143 in
1504 2121 1583 2150 terra,
1608 2125 1642 2144 ex
1657 2124 1703 2144 ore
1717 2124 1777 2144 meo
1791 2124 1844 2145 non

1061 2168 1101 2189 est
1115 2171 1250 2196 egressum
1262 2163 1445 2190 mendacium:
1463 2163 1570 2190 humani
1583 2164 1634 2190 cibi
1647 2163 1713 2190 nihil
1728 2164 1841 2198 sumpsi.

1062 2216 1105 2235 me
1116 2209 1217 2235 cmlesti
1239 2209 1364 2236 alimento
1406 2209 1496 2238 alente
1544 2210 1664 2245 quotidie
1723 2210 1842 2244 angelo:

230 2253 380 2285 transirem,
401 2254 507 2287 quidam
521 2262 551 2280 ex
574 2254 697 2288 gentibus
715 2256 769 2281 suis
790 2256 866 2282 idolis
880 2256 1011 2282 sacrifica-
1027 2247 1054 2278 Ι)
1066 2255 1162 2281 nullius
1174 2254 1282 2282 alterius
1305 2254 1343 2282 rei
1358 2254 1488 2286 cupiditas
1501 2255 1528 2281 in
1548 2262 1595 2281 cor
1611 2263 1697 2281 meum
1712 2256 1843 2288 ascendit,

230 2297 304 2324 bant.
322 2298 378 2325 Dixi
393 2304 479 2325 autent
492 2299 531 2326 eis
543 2307 549 2325 :
565 2299 618 2325 Cur
631 2307 690 2326 cum
703 2301 760 2326 sitis
773 2301 912 2335 participes
927 2302 1009 2328 ratio-

231 2343 282 2376 nis,
298 2344 452 2371 sacrificatis
466 2345 497 2371 its
512 2352 571 2378 qua:
585 2351 679 2372 carent
694 2347 813 2372 ratione:
830 2354 930 2381 vosque
945 2353 1009 2374 estis

229 2388 264 2414 de
274 2394 371 2415 caetero
385 2389 417 2414 iis
432 2388 513 2422 magis
527 2395 650 2423 expertes
665 2390 792 2418 rationis?
805 2391 842 2417 Illi
856 2397 943 2418 autem
956 2413 962 2422 ,
983 2397 1011 2419 ut

230 2433 274 2465 qui
289 2437 362 2459 recte
374 2433 511 2466 dixissem,
526 2442 568 2462 me
582 2436 669 2462 statim
690 2439 752 2461 sunt
763 2437 857 2469 secuti,
871 2437 1011 2465 credentes

231 2477 377 2505 Servatori.

265 2522 331 2550 Cum
352 2527 441 2550 autem
456 2528 526 2551 esset
548 2525 612 2551 mihi
627 2525 766 2559 aliquando
789 2526 881 2553 hortus
901 2526 928 2553 in
945 2534 1010 2561 agro

232 2568 389 2603 propinquo,
407 2574 515 2603 propter
526 2576 584 2597 eam
595 2577 654 2604 qua:
666 2571 700 2597 ad
715 2579 763 2598 nos
776 2572 899 2598 veniebat
914 2572 1011 2599 frater-

231 2613 351 2646 nitatem,
366 2619 393 2641 et
405 2615 511 2649 quidam
526 2623 627 2650 pauper
639 2623 698 2643 eum
719 2622 883 2650 operaretur,
901 2625 1010 2650 ingres-

231 2667 276 2686 sus
291 2664 332 2687 est
345 2661 450 2695 quidam
464 2661 579 2695 gentilis,
595 2666 624 2689 ut
635 2661 766 2689 iuraretur
781 2663 852 2690 olera
867 2671 874 2690 :
892 2664 935 2690 ubi
947 2671 1010 2691 vero

231 2711 262 2732 ea
277 2705 428 2733 Sutl‘uratos
455 2707 618 2741 recessisset,
646 2714 730 2742 eaque
757 2708 840 2735 tribus
864 2708 936 2735 horis
959 2717 1011 2736 non

233 2754 361 2783 punisset
383 2759 507 2785 coquere,
528 2752 574 2779 sed
597 2753 758 2780 mansissent
773 2754 798 2780 in
820 2754 907 2780 lebete
927 2754 1011 2788 qualia

233 2802 382 2831 acceperat,
397 2802 487 2833 utpote
501 2799 570 2833 quod
582 2805 649 2833 aqua
658 2799 766 2826 minime
779 2800 921 2831 calefieret,
930 2801 972 2826 vir
983 2807 1013 2827 se

233 2841 372 2878 wlliseus,
387 2850 494 2880 accepta
505 2845 577 2874 olera
589 2845 621 2873 ad
638 2852 686 2873 nos
696 2845 801 2878 detulit,
815 2852 911 2880 rogans
922 2850 951 2872 ut
963 2846 1012 2872 sibi

1066 2305 1240 2333 praeterquam
1253 2299 1314 2331 Dei;
1341 2299 1403 2325 nihil
1423 2307 1455 2326 ex
1478 2299 1556 2326 rebus
1572 2299 1685 2326 terrenis
1706 2301 1846 2326 occultavit

1065 2343 1130 2370 mihi
1157 2344 1235 2376 Deus,
1264 2343 1332 2377 quod
1357 2351 1408 2370 non
1435 2344 1628 2378 significaverit
1649 2349 1676 2370 et
1698 2344 1846 2370 ostenderit

1066 2389 1139 2415 mihi.
1153 2389 1209 2416 Non
1225 2389 1337 2415 interdiu
1349 2396 1470 2415 somnum
1484 2389 1550 2422 cepi,
1564 2397 1616 2415 non
1627 2394 1704 2415 noctu
1715 2389 1842 2423 requievi,

1067 2435 1149 2462 Deum
1174 2442 1313 2468 quaerens:
1337 2433 1393 2461 Una
1418 2434 1481 2460 mihi
1505 2441 1610 2468 semper
1625 2434 1709 2460 adfuit
1723 2435 1843 2468 angelus,

1066 2480 1157 2508 mundi
1172 2480 1315 2508 ostendens
1327 2484 1484 2514 potestates;
1498 2480 1585 2507 lumen
1599 2480 1767 2514 cogitationis
1781 2488 1847 2507 meas

1067 2533 1199 2561 nunquam
1215 2525 1263 2552 fuit
1276 2526 1451 2557 exstinctum;
1466 2532 1572 2552 omnem
1587 2525 1742 2559 petitionem
1754 2526 1844 2560 accepi

1066 2580 1081 2599 a
1100 2573 1155 2600 Deo
1170 2572 1297 2606 protinus.
1315 2570 1374 2598 Vidi
1394 2578 1578 2604 saepenumero
1610 2562 1665 2596 Det;
1683 2570 1841 2598 assidentes

1066 2618 1198 2653 nIyriades
1208 2617 1373 2651 angelorum,
1386 2615 1439 2642 vidi
1451 2615 1547 2642 choros
1557 2615 1700 2649 iustorum,
1714 2615 1764 2641 ridi
1776 2622 1847 2642 mar-

1067 2668 1154 2698 tyrum
1174 2663 1334 2697 congeriem,
1352 2660 1403 2687 vidi
1419 2660 1608 2687 monachorum
1624 2661 1683 2687 vita:
1702 2660 1846 2687 institutio-

1064 2715 1139 2739 nem;
1156 2708 1211 2734 vidi
1233 2714 1299 2741 opus
1320 2711 1407 2733 autem
1428 2706 1546 2733 omnium
1572 2705 1653 2732 Deum
1670 2704 1845 2732 laudantium.

1065 2754 1122 2781 Vidi
1137 2753 1262 2780 Satanam
1278 2753 1330 2786 igni
1343 2752 1481 2782 traditum,
1507 2751 1559 2777 vidi
1573 2751 1680 2784 angelos
1695 2750 1753 2784 ejus
1769 2750 1846 2784 puni-
1868 2764 1876 2771 κ

1066 2803 1116 2830 tos,
1129 2798 1181 2825 vidi
1195 2797 1282 2832 iustos
1303 2797 1422 2823 laetantes
1443 2795 1470 2822 in
1483 2800 1622 2823 :cternum.
1647 2795 1709 2822 llaec
1721 2801 1748 2822 et
1762 2795 1844 2822 multa

1065 2845 1114 2871 alia
1133 2851 1253 2871 narrans.
1271 2842 1349 2869 tertio
1364 2842 1406 2869 die
1422 2841 1501 2869 tradit
1515 2841 1643 2874 animam;
1660 2848 1771 2875 eamque
1790 2847 1840 2868 sta-
