2072 3153
243 146 314 174 H59

970 160 1130 190 PALLADII

1797 169 1867 196 “60

255 212 301 238 ttm
313 210 489 243 suscipientes
503 212 589 247 angeli
605 217 630 240 et
646 213 718 241 chori
735 219 892 250 martyrum,
909 222 934 243 in
951 218 1035 244 cmlos
1050 229 1074 252 Α
1090 219 1223 251 galltatem
1240 220 1394 254 admiratus,
1408 230 1470 250 eum
1484 230 1590 253 secutus
1607 231 1647 254 est
1669 228 1810 258 abeuntem
1830 233 1862 260 ad

254 255 426 289 sustulerunt,
440 257 502 292 ipsis
517 258 665 285 videntibus
692 263 718 285 et
733 259 845 294 hymnos
856 261 1033 289 audientibus.

550 302 661 330 CAPUT
681 303 746 330 LIX.

451 346 507 373 Vita
518 347 614 374 abbatis
629 347 744 375 Hellenis
759 349 844 384 (iD’t).

285 391 396 425 Quidam
420 396 507 418 autem
530 392 596 418 alius
619 397 703 426 pater.
727 394 770 427 qui
785 394 929 422 vocabatur
951 395 1034 422 abbas

251 436 341 464 Hellen
363 435 481 471 (Ra/ﬁn,
506 437 550 464 tib.
577 444 606 468 tt,
633 438 758 472 cap.if),
786 445 846 465 cum
866 440 901 467 ab
925 440 1034 467 ineunte

249 487 326 509 :ctate
341 489 370 509 se
382 481 486 509 fortiter
500 482 675 515 exercuisset,
690 490 874 517 smpenumero
886 484 973 519 ignem
985 491 1032 520 ge-

246 527 334 555 stabat
356 528 381 554 in
396 529 465 560 sinu,
482 528 594 556 incitans
617 537 663 556 eos
677 530 721 564 qul
738 537 820 564 prope
834 536 912 558 erant
933 531 1031 559 fratres

244 573 278 600 ad
292 573 455 600 ostendenda
481 574 566 609 signa,
582 574 674 601 dicens
687 576 744 601 eis:
761 575 789 603 Si
813 583 859 603 vos
874 583 937 604 vere
950 584 1028 604 exer-

245 619 322 652 cetis,
340 619 442 645 virtutis
466 618 541 653 signa
555 619 588 646 de
609 626 706 646 caetero
722 620 863 648 ostendite.
880 621 1028 655 Aliquando

243 670 332 690 autem
346 671 405 690 cum
423 671 470 697 per
485 671 513 690 se
529 669 600 691 esset
613 665 640 690 in
662 665 822 698 solitudine,
838 665 946 693 incessit
968 674 1028 694 eum

244 709 329 736 mellis
344 709 518 742 desiderium;
535 716 594 736 cum
615 717 680 736 vero
694 709 766 737 illico
791 711 868 738 favos
883 711 1029 739 invenisset

242 755 292 782 sub
308 760 392 789 petra,
417 755 483 782 divit
505 764 511 781 :
528 755 631 782 Recede
645 763 658 782 a
675 763 717 783 me
732 756 912 790 intemperans
926 757 1028 792 cupidi-

243 806 297 832 las;
313 801 437 833 scriptum
453 805 492 827 est
504 800 592 827 enim:
608 801 709 835 Spiritu
726 802 872 835 ambulate,
885 806 912 829 et
923 802 1025 830 deside-

243 847 309 873 rium
331 846 419 872 carnis
443 853 494 872 non
514 845 741 880 perficietis(Gaf.
760 848 798 881 v),
820 848 912 882 eisque
927 847 1025 875 relictis

243 890 318 916 abiit.
334 890 398 917 Cum
414 893 500 916 autem
514 890 568 924 jam
651 891 829 944 hebdomadas
838 891 1022 944 jejunassetvin
1042 907 1065 938 Β
1077 890 1233 944 ουὶυεαυέο

243 935 393 967 solitudine,
407 936 520 963 inventis
533 937 576 970 qui
591 936 694 970 disjecti
705 941 780 963 erant
792 936 1023 970 fructibus,dixit:

240 980 295 1007 Non
320 981 469 1013 comedam,
491 987 576 1016 neque
598 981 726 1015 attingam
750 981 849 1016 aliquid
863 988 897 1009 ex
920 982 964 1015 iis,
991 990 1024 1010 ne

239 1026 347 1052 fratrem
368 1033 456 1052 meum
470 1025 656 1058 scandalizem,
673 1033 768 1060 nempe
784 1034 870 1053 meam
886 1026 1000 1053 animam
1015 1035 1022 1057 ;

239 1070 366 1103 scriptum
384 1074 425 1096 cst
446 1069 516 1096 enim
539 1079 546 1096 :
570 1069 626 1097 Non
652 1070 678 1097 in
699 1071 826 1097 alimento
849 1071 935 1098 solum
959 1071 1024 1098 vivit

239 1113 319 1140 ltotno
333 1114 438 1148 (Matth.
453 1121 492 1147 tv;
510 1114 584 1141 Luca:
594 1114 641 1150 tv).
656 1115 721 1142 Cum
737 1120 825 1142 autem
843 1116 930 1143 adhuc
945 1117 1023 1144 aliam

238 1159 383 1194 jejttnasset
406 1160 609 1193 hebdomadam,
635 1166 726 1195 postea
741 1161 908 1195 dormitavit;
932 1166 958 1189 et
979 1169 1024 1189 ve-

239 1204 315 1230 niens
328 1204 438 1238 angelus
451 1204 477 1230 in
492 1204 592 1231 somnis
602 1226 610 1238 ,
625 1205 649 1231 ei
664 1205 731 1232 dixit
744 1214 752 1232 :
767 1205 853 1240 Surge
866 1211 894 1234 et
916 1207 979 1234 tolle
992 1214 1022 1234 ea

237 1258 295 1284 qum
310 1250 489 1284 inveniuntur,
516 1255 542 1278 et
557 1251 677 1278 comede.
695 1251 718 1279 ls
738 1257 825 1279 autern
848 1254 972 1285 surrexit,
996 1257 1023 1280 et

236 1295 443 1329 circumquaque
454 1295 595 1329 aspiciens,
610 1296 680 1323 videt
697 1295 797 1323 fontem
817 1297 843 1323 in
856 1297 947 1324 orbem
963 1298 1022 1324 lter-

238 1340 284 1366 bas
298 1339 425 1367 delicatas
438 1340 612 1374 germinasse.
627 1340 693 1368 Cum
708 1346 795 1368 autem
807 1346 834 1369 et
846 1348 936 1377 potum
948 1350 1021 1370 sutn-

238 1385 343 1418 psisset,
358 1389 384 1412 et
396 1385 556 1413 comedisset
568 1386 649 1420 olera,
662 1385 811 1414 afﬁrmabat
824 1387 890 1414 nihil
906 1395 1021 1422 unquam

235 1428 284 1456 sibi
297 1428 378 1456 fuisse
389 1429 539 1463 jucundius.
554 1429 619 1457 Cum
636 1438 742 1464 parvam
758 1435 847 1458 autem
865 1432 1020 1466 speluncam

236 1474 261 1500 in
276 1474 334 1501 loco
348 1474 502 1506 invenisset,
518 1476 614 1502 mansit
636 1476 693 1504 illic
716 1484 814 1510 paucos
830 1477 888 1504 dies
900 1477 1018 1512 jejunus.

237 1519 285 1545 Ubi
298 1523 386 1546 autem
405 1521 499 1553 egebat
519 1519 657 1553 alimento,
681 1522 774 1548 orabat
795 1521 872 1549 flexis
886 1523 1019 1556 genibus:

234 1564 259 1590 ei
272 1569 359 1591 autem
375 1564 494 1598 protinus
507 1566 707 1599 apponebantur
720 1567 854 1595 esculenta
869 1569 969 1602 omnia,
989 1576 1016 1597 et
1030 1583 1053 1615 ο

236 1610 310 1643 panis
323 1610 434 1642 calidus,
450 1615 476 1638 et
489 1611 576 1642 olivae,
590 1617 617 1639 et
630 1613 696 1640 varii
709 1612 819 1642 fructus.

271 1655 420 1689 Aliquando
433 1660 521 1683 autem
533 1657 624 1685 invisit
639 1658 736 1686 fratres
750 1666 829 1693 suos;
845 1665 872 1687 et
889 1667 949 1688 cum
970 1668 1017 1689 eos

234 1700 346 1728 multum
361 1701 516 1734 monuisset,
530 1703 706 1731 contendebat
729 1705 755 1731 in
781 1705 929 1739 desertum,
952 1706 1016 1734 affe-

235 1754 296 1774 rens
309 1748 431 1782 quaedam
449 1748 482 1774 ad
503 1755 579 1775 usutn
604 1749 764 1776 necessaria.
779 1750 846 1778 Cum
870 1753 958 1778 autem
975 1753 1017 1779 vi-

234 1791 316 1818 disset
330 1792 458 1825 quosdam
474 1800 587 1826 onagros
601 1798 750 1827 pascentes,
761 1796 797 1822 ait
811 1795 876 1830 ipsis
890 1805 896 1821 :
918 1796 945 1823 In
967 1804 1015 1824 no-

236 1837 308 1864 mine
320 1836 381 1864 Jesu
393 1836 503 1871 Christi,
515 1838 603 1865 veniat
615 1847 682 1866 unus
697 1848 730 1867 ex
744 1841 830 1873 vobis,
851 1846 878 1869 et
888 1842 1016 1876 suscipiat

233 1889 301 1909 onus
312 1890 410 1910 meum.
428 1883 451 1910 ls
459 1888 546 1911 autem
558 1885 646 1913 statim
671 1886 704 1914 ad
718 1886 802 1921 ipsum
817 1889 938 1916 accessit.
950 1889 1014 1916 Cum

234 1934 321 1955 autem
348 1929 538 1963 supellectilem
561 1930 586 1957 ei
606 1931 819 1965 imposuisset,et
828 1932 853 1960 ei
864 1934 1013 1968 insedisset,

234 1981 286 2000 uno
300 1973 342 2001 die
357 1974 477 2008 pervenit
498 1976 531 2002 ad
547 1976 709 2010 speluncam.
730 1977 758 2005 In
780 1979 836 2005 sole
851 1986 913 2006 vero
934 1979 967 2006 ab
981 1987 1015 2006 eo

233 2018 324 2051 positis
339 2019 451 2053 panibus
473 2024 501 2046 et
527 2020 671 2053 ftuctibus.
699 2029 759 2049 cum
782 2023 814 2050 ad
826 2030 857 2050 ea
880 2024 1015 2051 venissent

233 2062 306 2095 forte,
321 2068 348 2089 ut
357 2063 446 2090 solent
457 2064 490 2091 ad
504 2064 615 2099 fontem,
627 2071 652 2093 cl
665 2074 745 2100 panes
755 2067 841 2094 solum
854 2068 1012 2102 tetigissent,

233 2112 344 2133 ιιιυτιυω
356 2113 428 2134 sunt.

267 2152 388 2179 Accessit
402 2156 490 2180 autem
506 2153 648 2189 aliquando
660 2155 693 2183 ad
705 2156 831 2190 quosdam
856 2157 1012 2190 monachos,

231 2202 291 2222 etim
305 2200 377 2223 esset
387 2196 444 2224 dies
455 2197 616 2231 Dominicus,
628 2203 656 2227 et
667 2200 734 2227 dixit
745 2200 797 2228 eis:
808 2201 862 2228 Cur
873 2202 951 2229 hodie
961 2210 1012 2229 non

232 2242 322 2276 egistis
335 2243 471 2277 synaxitn?
483 2244 549 2271 Cum
568 2245 587 2272 ii
612 2251 699 2273 autem
712 2251 804 2279 aperte
816 2247 954 2274 dicerent:
972 2248 1010 2274 Eo

232 2287 300 2321 quod
325 2295 378 2315 non
406 2290 509 2316 venerit
531 2289 688 2326 presbyter,
717 2292 784 2318 dixit
804 2291 844 2318 eis
870 2300 876 2317 :
895 2292 950 2326 Ego
968 2292 1012 2319 ibo

232 2338 259 2360 ct
283 2341 344 2361 eum
368 2335 477 2362 vocabo.
493 2335 511 2362 li
537 2341 625 2363 autem
639 2336 774 2368 dixerunt,
789 2345 840 2363 non
861 2344 939 2371 posse
962 2338 1010 2364 ali-

232 2388 309 2413 quem
342 2385 520 2408 transnuttere
553 2382 658 2408 alveum
693 2386 799 2416 propter
833 2383 1010 2410 altitudinem.

231 2427 380 2459 Quinetiam
402 2428 525 2455 dicebant
538 2435 572 2455 eo
586 2428 611 2454 in
628 2428 686 2455 loco
706 2435 765 2455 esse
793 2429 908 2456 belluam
929 2431 1013 2456 maxi-

233 2480 312 2506 mam,
331 2481 426 2507 nempe
449 2474 621 2506 crocodilum,
636 2475 680 2508 qui
691 2475 789 2502 multos
808 2476 929 2502 homines
948 2483 1012 2502 con-

232 2524 389 2552 sumpserat.
406 2519 430 2545 ls
444 2524 531 2546 autem
548 2527 602 2546 non
617 2525 765 2553 cunctatus,
789 2521 877 2547 statim
901 2527 1014 2555 surgens

234 2565 367 2598 profectus
379 2570 421 2592 est
437 2566 470 2592 ad
492 2567 586 2593 vadum
602 2575 608 2592 :
625 2574 702 2600 quem
729 2574 790 2594 cum
813 2567 897 2594 bellua
923 2568 1013 2594 statim

234 2615 308 2645 tergo
333 2611 492 2645 excepisset,
509 2611 542 2639 ad
568 2617 668 2645 partem
694 2612 759 2645 ripae
774 2612 908 2639 ulterioris
929 2617 1015 2639 trans-

234 2657 313 2681 vexit.
336 2654 400 2682 Cum
413 2662 500 2682 autem
525 2656 550 2683 in
576 2663 640 2691 agro
654 2656 802 2684 invenisset
817 2658 1012 2692 presbyterum,

235 2701 336 2734 rogavit
349 2708 382 2727 ne
399 2701 546 2735 despiceret
560 2701 766 2729 fraternitatem.
783 2702 828 2729 Ille
845 2707 932 2730 autem
949 2709 1010 2729 eum

235 2746 326 2773 videns
338 2747 427 2773 multis
438 2747 555 2775 consutis
573 2748 667 2782 pannis
680 2749 807 2781 obsitum,
818 2750 919 2783 rogavit
932 2750 1013 2776 unde-

234 2798 294 2828 natn
309 2799 421 2824 pannum
433 2793 577 2828 habuisset,
590 2795 680 2821 dicetis
692 2804 698 2821 :
710 2795 795 2821 Habes
807 2802 906 2823 vestem
918 2796 1014 2822 animat

235 2827 448 2870 pulcherrimam,
463 2847 479 2867 ο
494 2840 590 2868 frater'
607 2841 717 2873 eiusque
731 2841 907 2868 humilitatem
922 2846 949 2869 et
960 2842 1014 2869 fru-

1086 262 1207 291 fluvium.
1227 265 1293 292 Cum
1312 271 1402 294 autem
1421 276 1471 302 qua
1494 271 1727 302 transveherentur
1738 278 1860 311 cymbam

1085 314 1137 334 non
1163 309 1336 343 invenissent,
1359 319 1451 340 vocem
1475 316 1561 342 emisit
1576 317 1658 344 abbas
1669 309 1769 354 liellen,
1784 324 1866 351 advo.

1084 360 1147 380 cans
1159 355 1333 383 crocodilum.
1351 356 1374 383 ls
1386 364 1472 385 autem
1487 359 1511 386 ei
1523 364 1611 388 statim
1624 363 1751 391 obedieus
1761 366 1864 400 aderat,

1084 404 1186 433 tergum
1199 400 1395 430 substernens:
1417 406 1519 439 rogavit
1533 412 1621 434 autem
1637 409 1821 443 presbyterum
1835 417 1864 440 ut

1082 449 1141 470 etim
1156 451 1188 470 eo
1202 445 1374 480 ascenderet;
1392 449 1413 474 is
1424 455 1487 476 vero
1503 451 1597 479 timore
1610 452 1728 486 affectus,
1744 462 1806 482 cum
1826 458 1864 483 vi-

1082 487 1161 515 disset
1176 488 1302 523 belluam,
1316 494 1479 520 retrocessit.
1503 494 1568 522 Cum
1583 501 1670 525 autem
1683 505 1743 526 eum
1761 504 1863 528 teneret

1081 532 1231 567 admiratio,
1256 539 1285 562 et
1297 542 1344 563 eos
1358 537 1404 571 qui
1420 543 1491 566 trans
1513 541 1620 568 fluvium
1635 542 1788 572 habitabant
1806 544 1862 572 fra-

1081 582 1145 612 tres,
1164 579 1286 608 videntes
1306 588 1368 609 eum
1391 589 1452 610 cum
1472 585 1560 612 bellua
1583 590 1806 618 transmittentem
1820 591 1862 618 al-

1080 628 1175 657 \eum,
1197 626 1241 653 ille
1259 628 1405 655 ascendens
1419 629 1445 656 in
1461 635 1570 666 terram,
1586 640 1635 659 una
1648 641 1738 662 secum
1754 638 1861 664 attraxit

1080 669 1204 702 belluam,
1220 671 1326 706 dicens,
1341 675 1435 702 melius
1447 683 1508 704 esse
1520 678 1544 704 ei
1559 684 1588 705 ut
1602 686 1765 714 moreretur,
1782 689 1859 716 quam

1079 715 1298 751 interempturum
1314 721 1463 748 animarum
1475 723 1624 756 acquireret
1637 715 1805 759 supplicium.
1818 727 1855 754 Ea

1077 765 1165 788 autem
1179 763 1286 796 cadens,
1301 765 1421 799 protinus
1433 771 1472 794 est
1485 774 1600 796 mortua.

1112 818 1177 846 Tres
1191 824 1278 847 autem
1294 821 1350 849 dies
1363 830 1521 856 permanens
1533 825 1601 857 apud
1614 825 1720 859 fratres,
1736 827 1858 862 sedebat,

1076 862 1174 890 docens
1192 871 1237 891 eos
1251 872 1393 901 praecepta,
1409 872 1435 895 et
1460 876 1517 903 qute
1538 876 1615 897 erant
1640 872 1742 899 occulta
1769 874 1858 901 unius-

1235 910 1328 938 onsilia
1345 916 1437 944 aperte
1451 914 1607 942 enttntians:
1621 916 1690 943 ltunc
1700 918 1805 951 quidem
1816 918 1856 946 di-

1076 961 1140 980 cens
1152 956 1244 982 vexari
1258 963 1273 982 a
1288 956 1473 992 fornicatione,
1490 959 1563 986 illum
1579 968 1642 988 vero
1654 968 1667 987 a
1682 969 1748 989 vana
1761 961 1856 997 gloria,

1075 999 1155 1026 alium
1169 1008 1184 1027 a
1196 1001 1311 1035 deliciis,
1327 1003 1407 1030 alium
1419 1004 1452 1030 ab
1467 1004 1517 1039 ira,
1534 1010 1561 1033 et
1573 1007 1655 1033 alium
1670 1008 1777 1041 quidem
1796 1016 1856 1043 pro.

1078 1046 1217 1073 nuntiabat
1231 1055 1292 1075 esse
1303 1049 1404 1082 mitem,
1412 1050 1491 1078 alium
1505 1059 1569 1079 vero
1580 1054 1718 1086 pacificum
1731 1062 1739 1081 :
1751 1053 1856 1084 illorum

1074 1090 1179 1125 quidem
1194 1092 1267 1125 vitia,
1284 1092 1378 1120 horum
1396 1101 1460 1123 vero
1475 1096 1586 1124 virtutes
1594 1104 1717 1132 arguens.
1735 1099 1797 1127 Haec
1808 1107 1854 1127 au-

1075 1139 1126 1161 tem
1141 1135 1288 1169 audientes,
1311 1138 1474 1166 tuirabantur
1488 1139 1600 1168 dicendo
1620 1149 1713 1169 revera
1727 1143 1763 1169 ita
1785 1150 1853 1172 esse.

1073 1178 1118 1206 Eis
1131 1186 1218 1208 autem
1232 1181 1298 1208 dixit
1310 1190 1317 1208 :
1331 1182 1426 1211 Parate
1446 1184 1522 1212 nobis
1536 1185 1618 1219 olera,
1643 1186 1721 1214 hodie
1735 1187 1806 1215 enim
1821 1188 1854 1217 ad

1073 1230 1122 1250 nos
1134 1224 1241 1251 venient
1256 1226 1344 1258 plures
1356 1225 1460 1255 fratres.
1477 1228 1542 1256 (lum
1557 1230 1593 1257 illi
1608 1236 1696 1258 autem
1707 1231 1794 1259 adhuc
1809 1240 1854 1266 pa-

1073 1273 1174 1301 rarent,
1196 1270 1415 1304 supervenientes
1440 1271 1536 1302 fratres
1565 1282 1596 1303 se
1621 1276 1734 1304 invicem
1755 1277 1854 1305 saluta-

1073 1319 1144 1340 runt.

1108 1370 1219 1406 Rogavit
1229 1377 1315 1400 autem
1321 1380 1382 1400 eum
1391 1373 1497 1406 quidam
1506 1382 1538 1402 ex
1548 1374 1684 1411 fratribus,
1696 1376 1788 1405 volens
1800 1386 1851 1405 una

1070 1421 1130 1442 cum
1144 1422 1176 1443 eo
1191 1416 1288 1450 degere
1302 1417 1329 1444 in
1370 1416 1489 1445 deserto.
1527 1418 1567 1446 Eo
1603 1425 1695 1448 autem
1745 1422 1850 1450 dicente

1071 1467 1124 1487 non
1139 1467 1217 1494 posse
1231 1462 1303 1489 illum
1315 1463 1448 1491 sustinere
1463 1466 1624 1493 tentationes
1645 1466 1809 1501 daemonum,
1828 1468 1852 1495 is

1070 1506 1261 1533 contentiosius
1272 1514 1302 1535 se
1315 1508 1405 1535 omnia
1417 1509 1591 1537 toleraturum
1602 1512 1774 1539 asseveravit.
1785 1513 1851 1540 Cum

1071 1557 1131 1578 eum
1155 1556 1244 1578 autem
1261 1553 1421 1587 excepisset,
1441 1553 1521 1588 jussit
1533 1555 1654 1583 habitare
1676 1557 1704 1584 in
1716 1557 1770 1584 alia
1790 1564 1852 1592 spe—

1068 1594 1156 1622 lunca.
1171 1595 1212 1623 Ad
1226 1603 1288 1623 eum
1306 1602 1395 1625 autem
1411 1603 1491 1626 noctu
1515 1600 1690 1629 adventantes
1702 1602 1852 1635 daemones,-

1067 1647 1127 1667 eum
1137 1640 1267 1668 suffocare
1276 1642 1509 1677 aggrediebantur,
1520 1651 1580 1671 cum
1591 1652 1651 1672 eum
1664 1646 1778 1680 primum
1792 1651 1851 1673 tur-

1066 1686 1144 1720 pibus
1163 1687 1363 1720 perturbassent
1385 1689 1600 1723 cogitationibus.
1622 1690 1672 1718 life
1695 1695 1785 1718 autem
1798 1698 1850 1719 ex-

1065 1737 1175 1758 currens
1198 1732 1358 1759 renuntiavit
1382 1734 1470 1761 abbati
1495 1734 1596 1762 Helleni
1614 1743 1674 1770 quae
1694 1741 1850 1766 evenerant.

1066 1775 1124 1809 Ipse
1135 1779 1222 1802 autem
1233 1782 1294 1803 cum
1307 1776 1365 1804 loco
1376 1777 1486 1812 figuram
1499 1779 1688 1813 impressisset,
1699 1779 1778 1815 jussit
1788 1788 1853 1810 eum

1065 1819 1160 1848 deinde
1173 1827 1281 1849 manere
1291 1829 1396 1849 secure.
1417 1823 1483 1850 Cum
1498 1829 1584 1851 autem
1609 1822 1751 1859 aliquando
1769 1833 1850 1860 panes

1065 1865 1090 1893 ei
1102 1866 1262 1894 defecissent
1275 1867 1303 1895 in
1324 1868 1460 1902 spelunca,
1477 1870 1624 1899 adventans
1643 1872 1756 1906 angelus
1772 1872 1798 1904 in
1816 1872 1847 1899 ﬂ-

1065 1919 1129 1946 gura
1144 1912 1233 1940 fratris
1243 1912 1268 1940 ei
1279 1914 1366 1941 attulit
1379 1911 1571 1942 nutrimentum

1100 1968 1202 1995 Rursus
1215 1973 1303 1996 autem
1317 1969 1404 2003 ipsum
1419 1970 1560 2005 aliquando
1574 1977 1724 2006 quarenth
1744 1973 1841 2001 fratres

1064 2013 1158 2041 decem
1182 2021 1304 2047 numero,
1320 2015 1446 2043 errabant
1471 2023 1519 2050 per
1539 2014 1723 2052 solitudinem,
1735 2021 1848 2054 septimo

1063 2058 1117 2092 jam
1129 2058 1171 2085 die
1182 2058 1265 2093 jejuni
1282 2066 1483 2093 permanentes;
1497 2069 1558 2088 cum
1567 2069 1630 2090 vero
1639 2071 1684 2090 eos
1694 2063 1846 2097 invenissct,

1062 2103 1142 2137 jussit
1150 2103 1177 2131 in
1190 2103 1316 2138 spelunca
1330 2105 1478 2139 quiescere,
1495 2106 1532 2134 illi
1547 2114 1609 2135 vero
1622 2115 1682 2136 cutn
1700 2110 1783 2137 victus
1797 2110 1847 2137 ad-

1064 2153 1234 2175 monuerunt.
1245 2148 1291 2176 llle
1301 2150 1345 2184 qui
1358 2150 1422 2177 nib:l
1436 2151 1549 2178 habebat
1561 2152 1632 2186 quod
1643 2154 1681 2180 eis
1692 2159 1847 2188 apponeret,

1064 2193 1132 2220 dixit
1143 2193 1183 2221 eis
1199 2202 1207 2221 :
1223 2194 1320 2222 POIens
1331 2200 1373 2222 est
1386 2195 1456 2222 Deus
1466 2203 1582 2224 mensam
1595 2205 1686 2232 parare
1694 2199 1720 2225 in
1730 2199 1847 2227 deserto.

1065 2237 1158 2266 Statim
1186 2243 1274 2266 autem
1299 2239 1406 2274 quidam
1432 2240 1587 2269 adolescens
1608 2242 1642 2269 de
1657 2249 1771 2276 ponloue
1785 2243 1849 2278 ipsis

1066 2284 1203 2311 orantibus
1217 2284 1332 2319 pulsavit
1352 2285 1432 2312 fores.
1447 2284 1514 2313 Cum
1535 2291 1622 2314 autem
1635 2288 1794 2321 aperuisset,
1811 2289 1848 2315 vi-

1065 2329 1162 2355 derunt
1191 2329 1387 2356 adolescentem
1411 2329 1551 2358 habentem
1579 2338 1700 2366 magnam
1730 2339 1848 2367 spartam

1066 2375 1141 2408 panis
1153 2379 1179 2402 et
1192 2375 1330 2402 olivarum.
1344 2375 1378 2402 lis
1397 2380 1484 2403 autem
1507 2377 1648 2412 susceptis,
1665 2378 1845 2412 comederunt,

1067 2419 1120 2446 Deo
1128 2424 1235 2454 agentes
1241 2419 1350 2454 gratias,
1359 2427 1418 2447 cutn
1427 2421 1582 2450 adolescens
1589 2428 1678 2450 statim
1686 2425 1847 2452 evanuisset.

1067 2465 1128 2492 HJK:
1139 2470 1165 2492 et
1176 2466 1226 2492 alia
1238 2465 1318 2492 multa
1330 2467 1456 2493 miracula
1466 2474 1528 2494 cum
1542 2467 1617 2496 nobis
1628 2473 1762 2497 narrasset
1771 2469 1848 2498 Pater

1068 2511 1180 2545 Copres,
1196 2518 1296 2544 nosque
1308 2511 1421 2546 benigne
1440 2517 1467 2539 et
1481 2512 1629 2541 humaniter
1643 2518 1792 2549 tractasset,
1808 2514 1848 2541 in.

1068 2555 1142 2584 duxit
1167 2556 1194 2582 in
1215 2563 1291 2582 suurn
1306 2555 1420 2589 hortum,
1435 2558 1578 2585 ostendens
1592 2559 1668 2585 nobis
1691 2559 1810 2593 palmas,
1821 2565 1848 2587 et

1065 2601 1131 2627 alias
1144 2601 1253 2628 arbores
1274 2600 1412 2636 frugiferas
1425 2610 1491 2636 quas
1507 2603 1562 2637 ipse
1576 2603 1701 2638 plantavit
1716 2605 1742 2632 in
1755 2605 1848 2632 solitu-

1066 2645 1136 2678 dine,
1148 2646 1298 2673 adtttonitus
1308 2654 1323 2672 a
1339 2647 1391 2674 fide
1402 2648 1572 2681 rusticorum,
1588 2649 1683 2682 quibus
1694 2650 1760 2676 dixit
1775 2658 1782 2676 :
1798 2649 1847 2677 Po-

1065 2697 1118 2719 test
1131 2693 1263 2720 deserlum
1278 2693 1379 2722 fructus
1392 2694 1539 2728 producere
1551 2695 1583 2722 iis
1597 2695 1640 2729 qui
1656 2696 1735 2723 fidem
1750 2696 1847 2723 habent

1064 2738 1091 2764 itt
1109 2738 1200 2765 Deum.
1213 2738 1354 2773 Postquam
1366 2740 1437 2767 enim
1448 2739 1514 2773 vidi,
1523 2740 1610 2767 aiebat
1619 2747 1666 2768 eos
1679 2742 1725 2775 qui
1739 2748 1846 2769 arenam

1065 2783 1269 2817 setninaveraut,
1283 2789 1312 2812 et
1329 2792 1422 2813 eorum
1435 2793 1527 2821 agrum
1549 2786 1659 2813 fructum
1674 2787 1777 2821 tulisse,
1789 2787 1847 2822 ipse

1065 2837 1169 2866 quoque
1184 2830 1254 2860 idem
1264 2838 1415 2866 aggressus,
1429 2831 1499 2860 idem
1510 2838 1568 2860 sunt
1585 2838 1754 2861 consecutus.
