2079 3157
242 189 308 216 1165

529 244 640 272 CAPUT
650 243 706 271 LX.

427 289 484 316 Vita
498 291 593 316 abbatis
608 288 714 323 Appelle
727 287 813 323 (105).

269 334 387 362 vidtmus
398 339 487 362 autem
495 334 575 361 alium
589 340 693 367 quoque
711 331 894 366 presbyterum
910 331 935 358 in
950 337 1009 365 par-

233 381 303 407 tibus
309 379 451 414 superioris
458 379 582 413 regionis,
591 377 729 412 Appellem
736 375 943 412 nomine(Ru/f.,
952 376 970 402 ι.
979 384 1008 408 η,

231 433 287 459 cap.
302 424 359 459 I5),
371 425 457 451 virum
479 423 591 458 justum.
607 423 650 457 qui
674 422 780 450 fabricas
802 422 904 449 aeraria:
924 425 1008 449 artem

233 470 344 504 primum
367 469 499 500 tractavit,
518 472 545 495 et
563 468 659 495 exinde
677 474 821 495 conversus
835 472 876 494 cst
889 466 922 493 ad
933 474 1010 494 exero

231 515 394 542 vitationem.
409 515 435 542 ls
448 521 507 542 cum
519 514 552 541 ad
565 521 624 541 eum
631 513 746 541 venisset
757 513 876 540 diabolus
891 513 916 539 in
928 513 1009 547 ﬁgura

232 561 363 592 muliebri,
379 567 432 594 quo
452 564 571 594 tempore
584 559 617 586 ad
641 566 717 586 usum
733 558 921 585 monachorum
935 565 1009 592 qu:e-

231 607 293 632 tlain
316 605 445 632 tractabat
459 605 577 636 fabrilia;
589 605 671 631 ferrea
689 603 785 630 lamina
798 611 830 630 ex
844 604 905 637 igne
921 607 1007 638 rapta,

232 650 310 684 idque
317 657 395 676 manu
410 654 516 683 propter
527 649 732 679 festinationem,
749 652 831 674 totum
841 648 900 681 ejus
908 648 1006 674 vultum

230 699 258 721 et
272 701 368 728 corpus
390 693 544 725 combussit,
559 700 670 727 eamque
685 692 826 719 audierunt
839 691 935 720 fratres
949 693 1008 719 ulu-

231 739 329 766 lantem
342 739 368 766 in
389 739 465 766 cella.
479 739 520 766 Ab
533 746 564 765 eo
576 744 695 772 tempore
705 739 744 765 vir
755 738 800 765 ille
815 745 920 772 semper
930 745 1009 765 manu

231 784 336 812 tenebat
361 784 459 811 ferrum
474 784 596 818 ignitutn,
610 791 659 811 nec
675 783 828 811 laedebatur.
844 783 866 810 Is
889 790 948 810 cum
962 790 1010 810 nos

231 827 345 863 benigne
367 834 394 856 et
410 829 557 855 humaniter
582 829 737 862 accepisset,
753 828 867 855 narravit
883 828 958 855 nobis
976 828 1010 855 de

232 874 294 900 viris
316 874 451 907 pr'eclaris
465 878 491 900 et
506 874 558 900 Deo
572 873 656 907 dignis
673 873 717 907 qui
735 880 795 899 cum
809 880 841 900 eo
857 872 969 906 fuerant,
982 877 1010 899 et

230 923 303 944 crant
314 918 400 944 adhuc
414 919 579 952 superstites.

528 962 638 990 CAPUT
650 962 716 990 LXI.

430 1005 486 1032 Vita
498 1007 602 1033 ulterius
615 1007 725 1033 Joannis
738 1006 823 1040 (106).

267 1051 324 1082 Est,
336 1051 429 1084 inquit,
441 1051 466 1077 in
482 1051 531 1077 hac
547 1052 687 1079 solitudine
700 1050 781 1078 frater
793 1056 893 1084 noster,
904 1052 1010 1079 nomine

230 1094 345 1122 Joannes
364 1095 462 1131 (nu/)2,
484 1096 502 1122 Ι.
519 1103 548 1128 ll,
563 1104 586 1124 ε.
616 1096 670 1130 15),
698 1096 806 1123 alterius
828 1095 934 1130 quidem
955 1096 1009 1130 jam

231 1141 327 1172 aetatis,
341 1147 433 1167 omnes
447 1146 534 1167 aulcm
555 1141 697 1167 monachos
708 1147 834 1175 superans
849 1140 989 1167 virtutibus
1001 1149 1007 1165 :

231 1191 310 1217 quem
325 1192 402 1210 nemo
414 1189 499 1217 potest
519 1185 572 1211 cito
587 1185 715 1216 invenire,
731 1186 800 1218 quod
813 1192 917 1218 semper
930 1185 954 1210 in
966 1191 1011 1211 so-

233 1228 385 1255 litudinibus
409 1229 494 1255 locum
511 1229 569 1256 loco
592 1234 744 1256 commutet.
761 1229 785 1256 ls
808 1230 920 1263 primum
938 1233 1011 1256 stans

232 1278 286 1299 tres
300 1280 383 1299 annos
405 1273 454 1300 sub
479 1275 592 1307 quadam
618 1281 691 1307 rupe,
708 1280 786 1300 orans
804 1278 941 1307 perpetuo,
959 1281 1010 1300 non

231 1319 328 1345 sedens
340 1320 458 1351 omnino,
471 1327 522 1346 non
547 1320 689 1352 dormiens,
708 1320 758 1347 nisi
772 1324 899 1354 quantum
923 1319 1010 1346 somni

232 1369 306 1391 stans
328 1365 515 1398 sull‘urabatur,
530 1372 556 1392 et
582 1366 715 1392 Dominica
739 1366 823 1393 solum
836 1372 943 1392 sumens
959 1365 1011 1392 Ett-

232 1411 526 1444 charistiam,alferente
546 1412 571 1439 ei
585 1412 750 1447 presbytero,
761 1412 827 1439 nihil
840 1412 910 1439 aliud
924 1419 1012 1439 come-

232 1456 318 1483 debat.
328 1459 412 1491 Atque
426 1457 491 1484 adeo
504 1457 684 1492 cumquodam
694 1458 739 1485 die
751 1465 781 1485 se
794 1458 906 1485 Satanas
920 1462 1002 1484 trans-

234 1502 371 1536 ﬁgurasset
396 1503 422 1529 in
448 1504 641 1537 presbyterum,
655 1504 687 1530 ad
707 1511 767 1531 eum
779 1503 867 1530 abibat
888 1503 1009 1537 celerius,

234 1554 288 1579 prae
315 1554 344 1574 sc
358 1547 445 1574 ferens
466 1554 495 1574 se
509 1548 532 1575 ei
550 1548 615 1575 velle
642 1548 704 1575 dare
731 1548 930 1576 Eucharistiam.
946 1548 1011 1576 Cum

231 1600 292 1619 eum
308 1597 396 1619 autem
423 1595 572 1627 agnovisset
596 1593 687 1620 beatus
701 1594 825 1625 Joannes,
842 1594 908 1620 dixit
933 1594 957 1621 ei
971 1602 977 1620 :
993 1594 1015 1622 Ο

233 1640 320 1667 omnis
334 1640 432 1667 fraudis
445 1645 470 1668 et
486 1641 593 1668 malitia:
607 1646 691 1676 pater,
706 1641 811 1668 inimice
825 1641 912 1668 omnis
935 1641 1013 1675 justi-

235 1687 288 1717 tiaa,
304 1694 355 1712 non
367 1686 482 1713 cessabis
490 1686 613 1720 decipere
627 1687 729 1713 animas
740 1687 957 1719 Christianorum,
968 1687 1015 1713 sed

235 1730 315 1757 audes
331 1730 427 1757 sanctis
451 1731 577 1757 insultare
603 1730 835 1757 Sacramentisﬂs
854 1737 941 1756 autem
964 1731 1014 1764 ipsi

235 1774 369 1807 respondit
386 1783 392 1799 :
409 1774 502 1801 Parum
522 1774 604 1801 abfuit
627 1775 688 1808 quin
714 1778 738 1800 te
764 1775 893 1808 dejectum
910 1774 1014 1802 lucrife-

237 1819 334 1850 eeritn;
353 1825 413 1844 nam
427 1819 465 1844 sic
478 1826 583 1851 quoque
593 1818 684 1844 seduxi
699 1818 837 1851 quemdam
851 1826 883 1844 cx
900 1819 951 1845 tuis
960 1818 1014 1845 fra-

237 1862 377 1892 tribus,ct
404 1868 493 1889 mente
516 1867 614 1888 motum
639 1861 735 1888 (eduxi
750 1862 782 1888 ad
808 1862 948 1891 insaniam.
964 1862 1016 1890 Pro

237 1913 288 1940 quo
302 1913 361 1937 cum
379 1907 452 1933 multi
468 1905 530 1940 justi
540 1907 648 1933 inultum
664 1911 809 1940 rogassent,
819 1906 862 1933 vix
877 1912 1017 1941 potuerunt

237 1950 342 1978 efficere
354 1957 382 1978 ut
393 1956 464 1978 esset
478 1959 547 1979 sana.
564 1952 669 1979 utentis.
687 1952 800 1986 llwcque
824 1959 883 1978 cum
907 1952 1017 1979 dixisset

238 1997 392 2029 damon,ab
402 2004 435 2023 eo
449 1997 567 2024 recessit.

272 2041 338 2068 Cum
352 2046 439 2068 autem
462 2046 552 2068 essent
566 2041 676 2075 disrupti
687 2041 745 2076 ejus
761 2042 841 2076 pedes
855 2050 888 2070 ex
902 2050 935 2071 eo
945 2044 1015 2078 quod

237 2091 312 2114 tanto
327 2092 444 2121 tempore
467 2086 583 2114 stetisset
597 2086 750 2121 immobilis,
764 2092 791 2115 et
817 2088 903 2115 exiret
916 2089 1014 2122 sanies,

239 2132 381 2160 adveniens
393 2131 511 2167 angelus,
528 2132 614 2167 tetigit
628 2133 685 2166 ejus
696 2140 803 2166 corpus,
815 2134 907 2160 dicens
922 2143 928 2160 :
944 2134 1018 2161 Chri-

238 2183 295 2204 stus
309 2178 359 2204 erit
377 2177 422 2204 tibi
437 2185 514 2204 verus
529 2178 613 2209 cibus,
629 2184 654 2204 et
675 2183 782 2206 sanctus
810 2178 924 2213 Spiritus
938 2187 1017 2206 verus

239 2228 327 2256 potus,
344 2223 447 2249 interim
468 2227 555 2249 autem
571 2223 616 2250 tibi
629 2223 726 2250 sufﬁcit
739 2224 857 2258 spiritale
871 2225 1017 2251 nutrimen-

240 2273 305 2300 tum,
320 2276 354 2294 ne
369 2268 483 2301 repletus
508 2275 625 2295 evomas.
638 2268 670 2295 Et
683 2275 741 2295 cum
760 2276 819 2295 cum
832 2274 962 2302 curasset,
974 2270 1016 2296 di-
1034 2265 1059 2294 D

239 2313 322 2340 movit
332 2320 346 2339 a
361 2313 430 2339 loco.
440 2313 568 2346 Deinceps
576 2317 662 2340 autem
675 2314 753 2340 vitam
765 2315 817 2348 egit
828 2314 853 2340 in
865 2314 1016 2347 solitudine,

239 2358 409 2390 circumiens,
423 2362 450 2384 et
468 2357 557 2384 herbis
569 2365 678 2384 vescens
694 2366 702 2385 :
720 2359 852 2385 Dontinica
875 2365 962 2386 autem
978 2361 1017 2386 in-

239 2403 393 2429 veniebatur
400 2403 425 2429 in
433 2402 525 2429 eodem
532 2402 589 2429 loco
599 2410 705 2429 sumens
715 2404 942 2431 Communionetu.
949 2404 1017 2432 Cum

241 2453 338 2479 paucos
363 2451 449 2472 autem
475 2446 567 2480 palmas
590 2454 677 2473 ramos
698 2447 833 2480 pctisseta
851 2448 1014 2483 presbytero,

241 2491 374 2518 efficiebat
392 2491 495 2524 cingula
508 2491 676 2518 animalibus.
693 2491 756 2518 Cum
772 2500 833 2519 vero
858 2494 937 2520 vellet
957 2494 1014 2527 qui-

241 2537 301 2562 dam
315 2535 423 2563 claudus
449 2536 482 2562 ad
495 2543 554 2562 eum
571 2538 658 2562 venire
677 2542 705 2563 ut
718 2542 864 2570 curaretur,
875 2542 902 2565 et
915 2539 1018 2566 asinum

241 2582 407 2609 solummodo
435 2583 620 2613 insccndisset,
634 2585 676 2610 ubi
696 2585 805 2618 primum
816 2585 875 2620 ejus
891 2586 970 2618 pedes
981 2591 1024 2613 le-

242 2627 324 2661 tigere
343 2627 475 2661 cingulum
499 2628 568 2661 quod
592 2628 676 2655 fuerat
689 2636 704 2655 a
729 2635 821 2658 sancto
835 2631 893 2657 viro
908 2631 1017 2663 factum,

241 2671 290 2699 fuit
304 2672 373 2698 illico
383 2676 500 2699 curatus.
515 2672 586 2699 Alias
598 2677 686 2699 autem
698 2675 804 2707 aegrotis
815 2676 932 2703 mittebat
945 2677 1019 2704 eulo-

242 2717 297 2750 gias
313 2718 398 2752 (107).
413 2722 440 2745 et
453 2725 468 2744 a
487 2719 585 2745 morbis
606 2719 782 2747 liberabantur
794 2722 921 2755 protinus.
936 2722 1018 2750 Porro

244 2766 329 2788 autem
346 2763 509 2790 revelabatur
521 2764 555 2790 de
569 2764 627 2797 ejus
637 2766 813 2799 monasteriis,
828 2767 895 2800 quod
911 2769 1016 2802 quidam

244 2813 275 2832 ex
291 2806 324 2833 iis
337 2809 381 2841 qui
396 2808 490 2834 suntin
500 2808 572 2842 ipsis,
587 2809 666 2836 vitam
680 2818 730 2836 non
747 2816 819 2838 recte
833 2813 982 2845 instituunt,
992 2819 1019 2841 et

247 2858 292 2883 tier
307 2851 485 2887 presbyterum
497 2854 528 2881 ad
539 2860 647 2882 cunctos
659 2856 751 2883 scribit
761 2858 895 2891 epistolas,
903 2859 971 2893 quod
981 2860 1016 2886 illi

843 188 994 216 HISTORIA
1018 187 1196 219 LAUSIACA.

1762 192 1829 221 1166

1020 244 1044 273 Α
1057 244 1162 279 quidem
1176 249 1238 274 sunt
1252 246 1307 274 alio
1320 246 1411 280 dediti,
1426 247 1452 274 hi
1465 254 1527 275 vero
1540 247 1700 275 contendunt
1711 249 1744 276 ad
1759 250 1837 277 virtu-

1058 294 1122 322 tem,
1133 294 1161 317 et
1174 291 1278 318 inventa
1301 295 1343 319 est
1358 292 1397 319 sic
1407 299 1436 319 se
1447 292 1543 320 habere
1556 292 1664 320 veritas.
1678 293 1775 321 Scribit
1788 303 1836 321 au-

1059 338 1110 361 tem
1125 335 1157 362 ad
1181 343 1272 363 eorum
1287 343 1390 370 quoque
1413 336 1513 369 Patres,
1528 337 1597 372 quod
1620 337 1724 372 quidam
1739 345 1772 366 ex
1795 339 1836 365 Itis

1057 385 1118 407 sunt
1134 380 1168 408 de
1193 380 1303 408 fratrum
1318 383 1401 409 salute
1419 382 1502 409 minus
1517 383 1632 416 solliciti,
1648 383 1693 410 alii
1704 390 1769 411 vero
1790 391 1836 410 eos

1058 431 1184 459 quantum
1209 428 1274 455 satis
1300 432 1341 455 est
1357 428 1503 462 hortantur,
1518 429 1736 463 annuntiavitque
1760 433 1835 456 utro-

1058 478 1170 505 rumque
1182 471 1297 499 honores
1311 476 1339 499 et
1351 472 1490 507 supplicia.
1501 472 1535 499 Et
1548 480 1638 500 rursus
1652 473 1719 501 alios
1734 481 1838 507 quoque

1059 522 1206 550 provocans
1232 517 1264 544 ad
1280 521 1376 544 statum
1399 518 1593 552 perfectiorem,
1606 519 1765 546 admonebat
1780 524 1808 546 ut
1824 527 1837 545 a

1058 563 1199 591 sensilibus
1231 570 1262 591 se
1289 562 1468 590 transferrent
1492 563 1527 591 ad
1554 571 1587 591 ea
1616 572 1675 600 quae
1686 566 1835 600 percipiun-

1060 613 1102 635 tur
1112 608 1294 644 intelligentia.
1306 609 1421 644 Tempus
1445 614 1487 637 est
1513 610 1594 642 enim,
1607 610 1700 644 inquit,
1714 611 1837 645 deinceps

1059 654 1112 682 tale
1123 655 1183 682 vitae
1197 656 1338 684 ostendere
1360 656 1519 683 institutum.
1531 656 1588 683 Non
1604 655 1731 683 debemus
1756 657 1836 687 enim,

1060 700 1152 733 inquit,
1164 702 1236 728 omni
1251 705 1370 735 tempore
1391 708 1547 735 permanere
1571 701 1644 735 pueri
1666 706 1693 727 et
1714 699 1837 729 infantes.

1060 747 1105 773 sed
1119 746 1172 780 jam
1189 753 1236 774 nos
1251 746 1454 780 perfectiorihus
1480 747 1612 780 applicare
1627 746 1837 780 cogitationibus,

1060 796 1085 818 et
1102 791 1190 826 magni
1204 795 1230 817 et
1244 791 1344 818 excelsi
1359 791 1438 818 animi
1454 791 1574 817 virtutem
1591 791 1728 825 attingere,
1744 795 1771 818 et
1784 798 1836 817 cat-

1060 839 1130 862 teras
1144 834 1271 861 maximas
1282 834 1391 861 virtutes
1407 834 1521 869 aggredi.
1533 835 1592 861 "mc
1607 838 1634 861 et
1646 833 1778 868 complura
1788 833 1837 860 alia

1060 879 1135 906 nobis
1151 879 1227 906 Pater
1244 879 1278 906 de
1301 879 1378 906 Patre
1389 880 1525 912 narrabat,
1540 887 1598 914 quae
1611 880 1719 914 quidem
1734 899 1741 911 ,
1757 887 1836 913 prop-

1027 915 1049 944 Β
1064 929 1134 951 terea
1157 923 1228 958 quod
1255 924 1383 951 excedant
1408 925 1525 952 miraculi
1539 924 1662 957 modum,
1684 924 1772 952 omnia
1787 931 1837 950 non

1061 968 1227 1002 scripsimus;
1240 975 1294 994 nou
1308 969 1377 1002 quod
1393 977 1443 996 non
1458 970 1511 996 sint
1522 977 1594 1002 vera,
1610 970 1656 997 sed
1679 974 1786 1004 propter
1801 971 1836 996 in-

1060 1014 1242 1041 credulitatem
1257 1013 1414 1048 aliquorum.
1427 1013 1478 1041 Nos
1490 1019 1576 1042 autem
1600 1015 1664 1041 satis
1676 1015 1709 1041 de
1729 1014 1771 1042 his
1782 1022 1838 1042 cer-

1061 1060 1141 1085 tiores
1155 1057 1215 1084 facti
1236 1065 1336 1090 sumus,
1351 1065 1411 1085 cum
1424 1058 1498 1085 multi
1512 1063 1540 1086 et
1554 1059 1640 1094 magni
1656 1059 1706 1086 viri
1720 1066 1751 1086 ea
1765 1059 1839 1087 nobis

1061 1103 1236 1135 narraverint,
1252 1101 1295 1137 qui
1309 1102 1365 1130 suis
1376 1102 1496 1130 viderunt
1511 1103 1604 1130 oculis.

1336 1147 1423 1175 (ΞΛΡο
1434 1149 1447 1174 ι·
1471 1147 1546 1175 LXII.

1252 1191 1291 1219 De
1305 1192 1392 1218 abbate
1404 1192 1548 1227 Paphnutio
1564 1193 1646 1228 (108).

1097 1236 1215 1263 Vidimus
1242 1241 1329 1264 autem
1355 1237 1440 1264 locum
1456 1245 1560 1271 quoque
1570 1237 1707 1272 Paphnutii
1721 1238 1836 1266 anacho-

1061 1285 1135 1312 retaz,
1147 1281 1195 1307 viri
1203 1282 1288 1316 magni
1301 1286 1328 1308 et
1341 1281 1437 1309 virtute
1445 1282 1556 1315 praediti,
1568 1283 1612 1317 qui
1624 1283 1692 1310 haud
1709 1283 1743 1310 ita
1757 1284 1840 1311 multo

1061 1325 1157 1352 abhinc
1172 1330 1290 1360 tempore
1303 1331 1501 1353 consummatus
1524 1331 1565 1354 est
1579 1328 1604 1354 itt
1615 1327 1722 1362 regione
1733 1336 1790 1363 qum
1798 1333 1838 1356 est

1062 1371 1131 1397 circa
1145 1370 1314 1398 Heracleotas
1329 1371 1487 1404 Thebaidis;
1499 1371 1532 1400 de
1542 1379 1594 1407 quo
1602 1373 1678 1400 multi
1687 1374 1765 1400 multa
1778 1380 1835 1399 uar-

1063 1420 1151 1443 rarunt
1165 1415 1261 1450 (Ra/7.,
1276 1417 1320 1443 lib.
1331 1423 1360 1450 ll,
1373 1424 1430 1451 cap.
1445 1417 1497 1451 l6).

1343 1470 1456 1500 CAPUT
1472 1471 1562 1499 LXIII.

1367 1516 1405 1543 De
1418 1516 1543 1543 Tibicine.

1101 1561 1123 1589 Is
1138 1562 1208 1589 enim
1224 1565 1283 1596 post
1297 1562 1403 1589 multum
1418 1561 1633 1589 exercitationem
1647 1561 1729 1590 Deum
1744 1563 1844 1598 rogavit

1065 1611 1094 1633 ut
1106 1607 1129 1633 ei
1145 1606 1334 1641 significaretur
1343 1607 1448 1634 cuinam
1463 1614 1497 1634 ex
1511 1606 1543 1633 iis
1553 1606 1651 1633 sanctis
1664 1607 1709 1641 qui
1726 1614 1756 1635 se
1769 1612 1842 1635 recte

1065 1657 1205 1688 gesserunt
1217 1658 1289 1680 esset
1302 1654 1397 1681 similis
1408 1653 1505 1689 (Rulf.,
1518 1653 1536 1680 ι.
1553 1661 1582 1685 lt,
1600 1662 1656 1688 cap.
1667 1653 1721 1688 I6).
1731 1655 1846 1688 Angelus

1065 1704 1152 1726 autem
1164 1706 1295 1735 apparens
1304 1700 1328 1726 ei
1344 1699 1429 1727 dixit:
1447 1700 1481 1726 Es
1494 1699 1588 1726 similis
1602 1699 1702 1726 tibicini
1716 1699 1759 1733 qui
1772 1699 1845 1733 degit

1067 1742 1093 1769 in
1119 1743 1168 1769 hac
1182 1743 1296 1770 civitate.
1313 1744 1337 1771 ls
1347 1749 1434 1770 autem
1448 1744 1569 1771 studiose
1579 1743 1610 1770 ad
1627 1751 1686 1770 eum
1699 1743 1844 1779 profectus.

1066 1788 1123 1823 ejus
1142 1789 1203 1815 vita:
1218 1789 1366 1816 institutum
1390 1789 1423 1816 ab
1436 1796 1468 1816 eo
1486 1793 1527 1817 est
1542 1789 1706 1821 sciscitatus,
1721 1794 1746 1816 et
1759 1790 1847 1816 omnia

1068 1833 1125 1867 ejus
1140 1834 1199 1860 vitae
1213 1834 1280 1860 facta
1293 1839 1334 1861 est
1348 1838 1536 1868 perscrutatus.
1551 1833 1575 1862 Is
1592 1838 1678 1861 autem
1693 1835 1718 1862 ei
1733 1834 1798 1862 dixit
1822 1835 1846 1861 ξεί

1067 1879 1136 1913 quod
1147 1879 1225 1906 etiam
1241 1884 1298 1906 crat
1313 1888 1415 1913 verum,
1427 1887 1456 1907 se
1466 1887 1525 1908 esse
1537 1886 1712 1915 peccatorem,
1722 1885 1747 1907 et
1762 1881 1847 1907 ebrio-

1067 1931 1136 1956 sum,
1153 1930 1179 1952 et
1195 1929 1382 1958 scortatorem;
1399 1926 1468 1952 ltaud
1490 1927 1526 1953 ita
1542 1926 1621 1961 longo
1641 1931 1728 1953 autem
1752 1926 1846 1953 abhinc

1068 1974 1239 2004 tempore,-se
1250 1979 1281 1998 ex
1297 1977 1354 1998 arte
1369 1971 1542 2002 latrocinandi
1563 1979 1596 1999 eo
1614 1971 1769 1998 contulisse.
1780 1971 1843 1998 Cum

1067 2019 1155 2042 autent
1168 2020 1289 2042 accurate
1301 2017 1496 2044 examinaretur
1507 2017 1631 2051 quidnam
1645 2024 1759 2051 unquam
1776 2022 1846 2044 ret-tv

1066 2060 1100 2086 ab
1115 2066 1148 2086 eo
1165 2065 1267 2094 gestum
1283 2064 1364 2094 esset,
1376 2061 1440 2087 dixit
1451 2069 1479 2088 se
1497 2061 1594 2088 nullius
1608 2061 1646 2088 rei
1665 2061 1783 2088 honesta:
1798 2062 1846 2088 sibi

1068 2111 1128 2131 esse
1142 2104 1288 2136 conscium,
1300 2104 1351 2131 nisi
1366 2105 1436 2138 quod
1449 2113 1507 2133 cum
1531 2106 1671 2139 aliqu-ndo
1683 2106 1794 2133 latronis
1809 2107 1845 2132 vir

1068 2152 1121 2174 tam
1146 2152 1246 2183 ageret,
1261 2148 1359 2176 Christi
1382 2149 1520 2184 virginem,
1536 2150 1578 2177 cui
1596 2155 1652 2177 erat
1666 2157 1681 2176 a
1704 2151 1847 2178 latronibu.

1069 2193 1162 2220 vitium
1187 2193 1360 2226 afferendum,
1376 2194 1578 2227 liberaverit,et
1601 2199 1681 2222 noctu
1708 2195 1740 2223 ad
1761 2197 1846 2223 vicum

1071 2244 1154 2270 usque
1183 2237 1328 2265 reduxerit.
1352 2238 1452 2266 Rursus
1471 2243 1570 2273 autem,
1584 2238 1679 2273 inquit,
1689 2240 1776 2267 iuveni
1801 2241 1847 2266 ali-

1071 2281 1175 2314 quando
1193 2281 1334 2308 formosam
1354 2283 1490 2310 mulierem
1505 2275 1637 2310 errantem
1653 2284 1679 2311 in
1694 2285 1836 2312 solitudine

1069 2325 1183 2359 fugatam
1196 2327 1230 2354 ab
1255 2328 1448 2361 apparitoribus
1471 2334 1496 2356 et
1521 2329 1665 2356 curialibus
1690 2331 1808 2363 prmsidis
1823 2336 1846 2357 ct

1069 2376 1232 2404 senatorum,
1245 2377 1352 2406 propter
1365 2373 1497 2406 publicum
1515 2373 1604 2400 mariti
1625 2373 1740 2401 debitum
1750 2396 1757 2407 ,
1771 2379 1797 2401 et
1808 2383 1848 2401 εἴη

1069 2422 1154 2441 rorem
1169 2423 1244 2441 suum
1266 2415 1418 2443 deﬂentem.
1432 2416 1586 2444 Sciscitatus
1599 2425 1656 2444 sum
1672 2423 1759 2445 autem
1772 2426 1804 2445 ex
1819 2426 1849 2444 cu.

1068 2467 1173 2486 causam
1185 2460 1271 2487 ﬂetus.
1284 2460 1327 2486 lllu
1336 2465 1423 2488 autem
1437 2461 1503 2488 dixit
1513 2470 1520 2488 :
1531 2461 1569 2489 Ne
1581 2470 1623 2489 me
1637 2462 1846 2497 roges,dominc.

1071 2511 1120 2531 nec
1129 2505 1252 2531 miseram
1265 2505 1416 2539 examines;
1432 2506 1479 2533 sed
1493 2511 1616 2541 tanquam
1636 2507 1759 2534 ancillam
1779 2512 1847 2534 lnam

1071 2549 1185 2576 abducas
1208 2557 1260 2583 quo
1273 2550 1348 2578 velis.
1362 2550 1426 2577 Nam
1440 2559 1500 2578 cum
1521 2552 1630 2579 maritus
1645 2556 1763 2587 tempore
1777 2553 1848 2579 hicn»

1071 2593 1106 2619 nii
1133 2593 1168 2620 ob
1192 2593 1308 2620 debitutn
1335 2594 1466 2628 publicum
1500 2599 1677 2623 trecentorum
1709 2604 1847 2624 aureorum

1071 2644 1142 2670 saepe
1156 2637 1235 2664 fuerit
1250 2637 1403 2672 flagellatus,
1419 2639 1480 2666 etin
1495 2646 1603 2667 carcere
1618 2640 1743 2675 inclusus,
1758 2646 1783 2668 et
1796 2647 1848 2668 Irus

1072 2682 1136 2709 milti
1151 2683 1300 2710 charissimi
1325 2683 1369 2711 filii
1386 2685 1485 2712 venditi
1510 2685 1618 2719 fuerint,
1636 2695 1684 2723 ego
1700 2689 1796 2716 recedo
1811 2689 1835 2714 fu

1071 2727 1161 2761 gitiva,
1177 2729 1262 2755 locum
1274 2729 1332 2756 loco
1342 2736 1504 2757 commutans
1515 2739 1522 2758 :
1533 2739 1603 2759 nttnc
1611 2737 1698 2760 autem
1714 2734 1794 2760 etiam
1806 2741 1834 2760 cr
1846 2751 1848 2753 η

1072 2779 1133 2798 rans
1148 2779 1194 2806 per
1218 2773 1395 2807 solitudinem,
1408 2781 1479 2809 saepe
1501 2775 1605 2803 inventa
1615 2797 1622 2809 ,
1635 2781 1661 2804 et
1681 2778 1786 2805 assidue
1801 2779 1845 2804 Ila-

1071 2817 1175 2850 gellata,
1189 2817 1243 2852 jam
1258 2823 1311 2846 tres
1324 2819 1380 2846 dies
1396 2821 1528 2853 permansi
1543 2821 1632 2856 jejuna
1649 2823 1680 2860 in_
1695 2823 1833 2850 solitudine

1073 2862 1128 2896 Ego
1152 2867 1236 2890 autem
1251 2864 1307 2898 ejus
1322 2871 1379 2891 sum
1402 2866 1534 2899 misertus,
1551 2867 1637 2900 inquit
1654 2868 1738 2900 latro;
1750 2874 1776 2896 et
1787 2877 1845 2896 cum

1027 1588 1050 1620 C
