2072 3153
212 151 282 179 1167
562 151 577 181 κ

220 218 280 240 eam
294 211 462 241 deduxissem
477 212 502 239 ln
519 211 682 247 speluncam,
696 211 757 239 dedi
768 211 793 243 ei
808 215 942 239 trecentos
951 217 1000 236 au-

221 263 292 288 reos,
306 260 333 284 ct
345 255 440 283 deduxi
459 262 518 282 eam
535 262 618 289 usque
627 255 660 282 ad
675 256 819 287 civitatem,
830 259 858 282 et
870 261 930 288 ejus
945 261 1001 281 Ina-

222 301 299 327 ritum
320 299 428 328 liberavi
441 306 501 329 eam
522 299 626 330 liberis.
643 301 709 326 citra
723 300 805 328 ullutn
827 299 952 333 probrum
975 302 1002 326 et

219 345 416 372 contumeliam.
430 344 477 371 Cui
492 345 629 378 respondit
644 344 883 379 [‘aphuutiusszgo
894 343 1001 376 quidem

221 390 318 419 nullius
336 390 373 417 rei
392 390 454 419 talis
469 390 532 416 mihi
545 397 602 416 sum
614 390 746 421 conscius,
757 389 784 416 in
812 389 1002 416 exercitatione

219 439 306 462 autem
322 435 431 466 omnino
453 435 559 464 audiisti
574 442 616 462 me
627 442 688 466 esse
700 434 850 466 celebrem;
865 441 916 461 non
930 433 1000 462 enim

220 480 300 506 vitam
309 479 411 506 traduxi
425 480 451 506 in
463 479 528 510 otio.
541 479 602 507 Mihi
616 487 679 514 ergo
690 479 764 506 Deus
775 479 807 506 de
822 483 847 506 te
861 478 1000 511 revelavit,

221 530 246 552 te
269 526 348 552 rebus
361 526 442 560 gestis
467 525 548 554 nihile
563 532 605 552 me
619 532 680 553 esse
703 525 868 558 interiorem;
882 526 904 552 si
927 531 1001 559 ergo,

220 577 237 596 ο
251 569 343 602 frater,
360 577 413 596 non
427 577 505 604 parva
533 577 547 596 a
574 569 673 598 Deitate
694 570 729 599 tui
743 570 855 598 habetur
877 570 954 601 ratio,
969 577 1002 598 ne

221 619 292 646 tuam
307 614 421 647 animam
433 619 533 641 temere
543 614 701 648 neglexeris.
714 615 736 645 Is
745 620 832 643 autem
846 614 935 640 statim
947 621 1002 647 pro~

219 659 302 694 iectis
311 667 378 694 quos
394 660 485 686 habuit
496 660 520 686 iu
538 660 658 687 manibus
669 659 750 692 tibiis,
763 664 790 686 et
814 659 879 694 lyra:
894 666 1002 686 mosmos

221 705 358 734 harmonia
370 705 395 733 in
408 705 552 739 spiritalem
564 705 682 733 traducta
694 705 844 736 melodiam,
860 705 946 731 virum
960 710 1003 730 se-

220 755 296 776 cutus
311 754 352 776 est
372 751 397 776 in
422 750 567 777 desertum.
584 749 649 776 Cum
672 754 761 776 autent
778 750 860 777 tribus
875 750 951 776 annis
973 756 1003 776 se

221 803 268 829 pro
278 795 376 825 viribus
394 797 567 827 exercuisset.
583 800 610 822 et
624 796 650 822 in
667 796 771 830 hymnis
790 800 816 823 et
839 795 1003 822 orationibus

220 842 279 868 vitae
291 848 346 868 sua:
359 846 464 875 tempus
479 841 635 876 peregisset.
649 841 675 868 in
687 841 785 868 ccelum
798 841 848 867 iter
856 840 962 872 direxit,
974 844 1001 867 et

220 893 278 912 cum
291 885 378 915 choris
401 886 556 920 angelorum
570 891 595 913 et
607 886 739 920 justorum
756 885 892 914 ordinibus
903 892 1003 915 connu-

221 939 291 961 mera
296 935 347 966 tus,
356 931 492 965 requievit.

500 975 614 1004 CAPUT
633 976 722 1006 LXIV.

494 1021 532 1048 De
548 1021 725 1050 Prolocomile.

255 1065 305 1094 Ubi
319 1074 382 1102 ergo
396 1066 469 1094 illum
485 1067 530 1101 qui
545 1074 574 1094 se
588 1070 744 1095 exercuerat
762 1066 914 1098 virtutibus.
930 1065 1003 1100 prius

221 1111 253 1138 ad
264 1112 348 1139 Deum
377 1112 459 1144 misit,
471 1112 566 1146 majori
579 1116 606 1140 et
624 1112 782 1142 accuratiori
794 1112 855 1138 vita:
871 1111 1002 1144 instituto,

221 1164 300 1189 quam
325 1157 399 1190 prius
419 1162 499 1189 esset,
514 1157 565 1185 sibi
591 1157 723 1191 imposito,
738 1158 839 1191 rogavit
868 1157 950 1184 Deum
974 1161 1004 1184 ut

221 1201 271 1229 sibi
283 1201 474 1236 significaretur
487 1203 591 1229 cuinam
606 1209 639 1230 ex
649 1202 749 1231 sanctis
763 1206 833 1229 esset
849 1200 943 1230 similis
953 1222 961 1235 ,
976 1206 1004 1229 et

222 1255 316 1275 rursus
329 1254 381 1275 vox
398 1247 486 1276 divina
511 1247 543 1274 ad
567 1255 627 1275 eum
644 1247 710 1277 facta
735 1252 784 1279 est,
798 1247 904 1277 diceat:
920 1247 956 1274 Es
968 1248 1006 1274 si-

223 1292 293 1320 milis
303 1293 381 1320 viciui
401 1293 459 1329 pagi
476 1293 641 1329 protocotniti
657 1292 754 1328 (Rulli.
765 1292 785 1320 Ι.
799 1301 829 1326 ιι,
843 1302 900 1328 cap.
914 1292 968 1328 lii).
980 1293 1005 1321 is

222 1342 310 1364 autem
322 1337 355 1364 ad
370 1345 431 1365 eum
445 1337 512 1366 abiit
520 1337 674 1370 celerrime;
689 1343 717 1367 et
731 1346 790 1366 cum
802 1338 859 1372 ipse
873 1338 1006 1372 pulsasset

222 1383 330 1416 ostium,
342 1383 472 1416 processit
483 1382 538 1415 ille,
546 1386 575 1409 ut
590 1382 614 1409 ei
630 1390 686 1410 nws
701 1388 770 1416 erat,
780 1383 812 1410 ad
820 1383 1004 1416 accipiendum

222 1427 362 1461 hospitetn.
380 1428 412 1454 Et
425 1435 484 1454 cum
500 1428 580 1462 pedes
593 1428 651 1462 eius
664 1427 782 1460 lavisset,
794 1433 820 1456 et
835 1435 1005 1460 mensaniap-

223 1472 364 1506 posuisset,
387 1472 506 1499 hortatus
531 1477 572 1499 est
594 1477 622 1500 ut
646 1478 811 1501 vesceretur.
826 1473 894 1500 Cum
915 1477 1004 1499 autem

223 1517 289 1544 facta
303 1518 361 1551 ejus
381 1516 572 1550 sciscitaretur,
585 1523 612 1545 et
626 1518 649 1545 ei
663 1518 764 1545 diceret
779 1527 786 1544 ε
803 1518 884 1547 Narra
899 1517 974 1548 mihi.
987 1525 1004 1544 ο

224 1563 318 1594 homo,
336 1562 482 1589 institutum
495 1563 557 1590 vita:
580 1568 646 1599 tute;
662 1565 752 1591 multis
771 1564 842 1593 enim
854 1563 1003 1598 monachis,

223 1611 252 1633 ut
266 1606 329 1637 mihi
344 1607 410 1635 Deus
424 1608 551 1640 ostendit,
566 1609 672 1635 evasisti
687 1609 816 1643 superior,
832 1606 877 1639 ille
888 1609 954 1636 dixit
975 1616 1006 1636 se

224 1659 282 1678 esse
304 1656 468 1685 peccatorem
489 1657 516 1678 et
528 1652 661 1687 indignum
677 1652 783 1679 nomine
803 1654 1004 1682 monachorum.

223 1697 289 1723 Cum
305 1702 392 1723 autem
415 1697 524 1724 instaret
539 1698 703 1732 percontari,
719 1699 798 1729 homo
809 1700 955 1737 respondit.
966 1699 1006 1728 di-

224 1748 304 1768 cens:
321 1741 376 1768 Non
393 1741 476 1771 habeo
494 1742 601 1775 quidem
617 1750 728 1770 necesse
750 1751 858 1773 narrare
872 1751 902 1775 ea
917 1751 976 1781 qua:
989 1751 1006 1772 a

224 1792 265 1815 nis
287 1787 354 1818 facta
369 1793 444 1820 sunt;
459 1787 506 1814 sed
522 1786 646 1822 quoniam
661 1787 726 1814 dicis
742 1792 768 1815 te
782 1796 796 1815 a
813 1788 866 1818 Deo
887 1789 1005 1824 venisse,

224 1840 281 1867 quae
295 1833 357 1859 mihi
381 1834 479 1859 adsunt
489 1833 611 1860 referam.
624 1833 680 1860 Jam
694 1833 780 1868 agitur
793 1832 944 1871 trigesimus
955 1842 1004 1862 an-

225 1885 284 1910 nus,
295 1885 327 1905 ex
346 1886 397 1912 quo
413 1886 455 1905 me
468 1886 482 1905 a
498 1886 556 1905 mea
582 1887 664 1906 uxore
689 1878 821 1915 separavi,
836 1886 896 1906 cum
922 1880 1005 1908 tribus

225 1925 301 1950 almis
327 1923 411 1950 solum
427 1931 486 1950 cum
511 1931 543 1953 ea
570 1924 718 1952 habuissent
732 1924 963 1957 consuetudinem,
979 1930 1006 1952 et

227 1975 281 1995 tres
294 1976 325 1994 ex
341 1976 370 1995 ca
387 1969 454 1996 filios
468 1970 705 2004 suscepissem,qui
722 1970 797 1997 etiam
809 1970 872 2001 mihi
886 1971 918 1996 ad
932 1977 1005 1997 meos

227 2021 289 2040 usus
302 2014 464 2046 inserviunt;
485 2014 690 2047 hospitalitatem
708 2020 794 2042 autem
810 2022 944 2051 nunquam
965 2015 1005 2041 in-

227 2059 328 2085 termisi
339 2066 421 2093 usque
432 2059 459 2084 in
473 2059 628 2086 hodiernum
648 2059 716 2087 diem
733 2068 740 2085 :
756 2067 806 2086 non
820 2061 946 2094 gloriatur
959 2060 1006 2086 ali-

227 2103 286 2137 quis
307 2111 338 2130 ex
361 2103 501 2130 comitibus
515 2111 544 2131 se
563 2104 692 2140 hospitem
716 2110 776 2135 ante
801 2113 843 2133 me
857 2106 1005 2140 excepisse.

228 2149 285 2175 Non
312 2156 434 2183 egressus
452 2154 492 2176 est
509 2157 608 2184 pauper
633 2159 682 2177 nec
705 2150 800 2184 hospes
814 2158 845 2177 ex
869 2159 927 2181 mea
947 2153 1007 2179 aula

228 2195 317 2222 vacuis
338 2195 469 2227 manibus,
484 2196 528 2230 qui
551 2204 603 2223 non
626 2197 697 2229 prius
718 2196 812 2222 rationi
833 2198 1007 2227 conveniente

229 2245 297 2267 esset
316 2240 411 2268 viatico
436 2245 607 2268 sustentatus.
629 2241 685 2268 Non
713 2241 824 2275 adspexi
853 2243 1006 2276 praeteriens

229 2292 371 2319 pauperem
395 2285 537 2312 infortunio
551 2286 683 2317 aﬂectum,
695 2287 736 2312 cui
752 2294 803 2314 non
817 2287 1006 2322 suppeditarim

229 2330 298 2364 quod
314 2331 376 2357 satis
395 2331 442 2357 fuit
457 2330 554 2356 solatii.
574 2329 631 2357 Non
645 2331 735 2366 accepi
750 2338 889 2365 personam
903 2331 948 2359 filii
956 2331 1008 2359 mei

230 2375 255 2402 in
277 2375 386 2412 judicio,
399 2384 450 2402 non
465 2375 577 2416 ingressi
597 2370 724 2416 suntpin
759 2374 872 2403 domum
918 2383 1006 2405 meam

231 2420 329 2447 fructus
355 2420 446 2454 alieni,
458 2414 509 2447 non
526 2421 572 2452 fuit
587 2421 619 2451 iis
633 2414 719 2454 aliqua
732 2428 808 2455 quam
823 2428 876 2448 non
900 2429 1009 2456 compu-

230 2467 327 2494 suerim
343 2472 369 2493 et
384 2466 592 2499 pauiticaverim,
602 2473 653 2495 non
667 2466 810 2498 increpavit
823 2466 919 2502 aliquis
933 2474 1007 2496 meos

231 2512 298 2539 filios
318 2512 387 2546 quod
413 2519 442 2542 se
467 2503 612 2542 inhoneste
629 2516 764 2547 gererent,
792 2519 844 2540 non
869 2512 1009 2548 tetigerunt

232 2556 332 2584 fructus
353 2557 453 2585 alienos
478 2558 529 2588 mei
554 2564 663 2594 greges,
680 2564 731 2583 non
757 2558 884 2587 seminari
909 2560 1009 2592 primus

231 2609 307 2636 agros
336 2610 426 2635 meos,
448 2602 494 2632 sed
509 2610 568 2632 cum,
594 2610 640 2629 eos
666 2603 787 2629 omnibus
813 2605 1008 2637 proposuissem

231 2655 396 2679 communes,
420 2647 576 2683 colligebam
598 2655 629 2677 ea
646 2655 704 2682 qua:
730 2651 805 2673 eralll
826 2647 937 2681 reliqua.
952 2648 1009 2679 Non

231 2694 349 2719 concessi
366 2697 394 2719 ut
414 2700 513 2726 pauper
533 2693 726 2726 opprimeretur
748 2699 763 2717 a
779 2692 895 2726 potentia
909 2692 1007 2723 divitis,

232 2746 284 2765 non
308 2738 383 2765 alit-ci
397 2739 510 2773 aliquem
537 2739 655 2766 molestia
677 2738 765 2764 invita
789 2745 860 2770 mea,
876 2746 1009 2772 nunquam

234 2785 330 2811 malum
348 2785 475 2818 julicium
492 2784 587 2820 protuli
609 2784 635 2811 in
649 2785 774 2818 aliquem.
792 2784 852 2811 llaec
867 2792 881 2810 a
896 2792 939 2811 me
951 2792 1010 2812 esse

232 2824 300 2855 {alita
325 2829 379 2859 Deo
391 2830 495 2858 volente
515 2830 578 2857 mihi
605 2836 663 2856 sutn
686 2830 818 2857 conscius.
832 2828 899 2856 Cum
922 2835 1010 2858 autern

935 149 1095 181 PALLADH

1763 146 1831 175 1108

1014 210 1039 239 Α
1054 209 1104 235 virl
1119 209 1229 237 virtutes
1238 209 1365 236 audilssct
1379 209 1552 243 Paphnutius.
1565 209 1623 244 ejus
1636 214 1715 244 caput
1727 215 1831 238 oscula-

1053 259 1093 281 tus
1119 260 1170 287 est,
1186 256 1275 282 dicens
1291 265 1296 282 :
1310 256 1448 283 hencdicat
1473 261 1499 283 te
1518 256 1645 284 Dominus
1658 265 1691 284 ex
1713 257 1792 291 Sion;
1804 263 1831 286 et

1052 299 1140 325 videas
1147 299 1214 326 bona
1228 299 1372 327 Jerusalem
1384 301 1505 328 omnibus
1515 301 1607 328 diebus
1618 301 1678 328 vitae
1687 302 1830 332 tute(Pml.

1051 344 1163 378 cxxvtt).
1178 344 1204 370 In
1227 344 1259 371 iis
1275 345 1345 371 enim
1361 349 1388 371 te
1408 350 1481 372 recte
1503 345 1605 380 gessisti
1620 354 1627 372 :
1641 353 1721 372 unum
1743 352 1830 373 autem

1053 389 1102 416 tibi
1115 394 1198 416 restat
1211 390 1279 420 quod
1300 395 1341 418 est
1356 396 1433 424 caput
1445 391 1582 421 virtutum.
1595 398 1689 425 nempe
1700 392 1746 418 Dei
1759 399 1830 418 omni

1052 441 1086 461 ex
1100 439 1173 466 parte
1187 435 1294 468 sapiens
1311 435 1438 469 cognitio,
1455 443 1532 469 quam
1548 443 1600 462 non
1617 436 1713 469 poten's
1723 437 1781 463 sine
1791 437 1830 462 ia-

1052 478 1117 506 bOre
1127 480 1263 513 consequi,
1279 480 1327 506 nisi
1342 487 1401 506 eum
1415 480 1525 513 teipsum
1539 488 1554 506 a
1567 481 1667 508 mundo
1681 482 1830 515 almegaris.

1052 529 1158 550 crucem
1181 523 1306 556 accipias,
1317 528 1344 550 et
1368 525 1487 558 sequaris
1499 525 1681 552 Servatorent.
1694 525 1718 552 ie
1743 530 1831 553 autem

1052 569 1095 599 ubi
1110 569 1167 597 hac
1179 570 1271 602 audiit,
1283 571 1374 597 statim
1391 578 1441 598 nec
1454 571 1509 598 suis
1519 572 1625 606 quidem
1640 573 1727 600 valere
1740 573 1832 608 jussis,

1051 615 1137 641 virum
1159 621 1266 643 secutus
1279 621 1319 643 est
1344 617 1370 644 in
1386 622 1512 644 montem.
1529 618 1562 644 Et
1575 625 1634 645 eum
1650 620 1786 646 venissent
1800 621 1833 646 ad

1053 659 1172 692 fluvium.
1189 661 1286 695 scapha
1306 669 1358 689 non
1373 661 1477 689 inventa
1500 661 1580 697 jussit
1607 662 1750 696 Paphutius
1774 672 1833 691 eum

1052 705 1149 733 flumen
1165 707 1287 740 traiicere
1306 707 1428 740 pedibus,
1439 709 1508 740 qum]
1536 713 1643 742 propter
1665 709 1832 736 altitudinem

1053 757 1131 778 nemo
1152 752 1196 778 illo
1217 757 1337 785 tempore
1362 753 1474 786 pedibus
1492 754 1641 787 trajecerat.
1656 754 1721 781 Cum
1747 762 1834 782 autem

1053 796 1230 828 transiissent,
1245 801 1272 823 et
1285 797 1323 824 eis
1335 798 1496 830 pervenisset
1510 805 1577 831 aqua
1597 806 1681 832 usque
1695 800 1726 826 ad
1740 800 1833 836 cingu-

1053 840 1117 872 lum,
1134 840 1274 867 constituit
1284 848 1344 867 eum
1367 842 1393 868 in
1409 843 1520 874 quodam
1542 843 1609 870 loco.
1625 844 1690 870 Cum
1705 851 1734 871 se
1747 850 1834 871 autem

1019 877 1040 909 Β
1055 889 1212 916 separasset,
1226 884 1308 911 Deum
1329 886 1432 918 rogavit
1452 890 1480 912 ut
1495 887 1624 920 ejusmodi
1639 887 1834 915 hominibusvi-

1054 927 1161 955 deretur
1172 930 1348 962 praestantior.
1361 930 1416 957 Non
1429 932 1509 957 multo
1523 937 1610 958 autem
1624 932 1836 966 iuterjectotem-

1054 979 1129 1006 pore,
1145 973 1207 1000 vidit
1221 974 1270 1000 viri
1281 975 1394 1001 animam
1405 977 1502 1003 assumi
1513 977 1547 1002 ab
1561 978 1661 1011 anguiis
1684 978 1767 1006 Deum
1779 979 1835 1006 lauv

1053 1017 1178 1046 dantibus
1188 1024 1218 1046 et
1240 1020 1408 1047 dicentibus:
1420 1021 1516 1048 Beatus
1529 1029 1606 1056 quem
1629 1024 1732 1057 elegisti
1747 1029 1773 1050 et
1788 1032 1833 1050 as-

1053 1064 1351 1098 sumpsisti:habitabit
1376 1065 1403 1092 in
1428 1066 1502 1093 atriis
1528 1067 1579 1094 tuis
1605 1066 1780 1102 (Ρεαι.ι.ιιν).
1799 1068 1833 1094 Et

1054 1116 1147 1136 rursus
1172 1110 1250 1143 iustis
1276 1111 1495 1145 respondentibus
1530 1119 1558 1140 et
1582 1113 1755 1141 dicentibus:
1779 1113 1831 1140 Pax

1055 1154 1133 1181 multa
1149 1154 1315 1189 diligentibus
1326 1156 1409 1191 legem
1424 1161 1505 1190 tuatn,
1516 1161 1544 1184 et
1556 1165 1608 1185 non
1623 1163 1662 1185 est
1672 1158 1711 1185 eis
1725 1158 1834 1185 scanda-

1055 1198 1108 1225 lum
1121 1198 1207 1233 (Ρωι.
1221 1200 1323 1234 cxvnt).
1340 1201 1374 1228 Et
1384 1206 1445 1229 tunc
1456 1204 1579 1238 cognovit
1588 1203 1673 1231 virum
1687 1210 1748 1232 esse
1765 1211 1835 1232 mor~

1055 1246 1138 1272 mult.

1334 1280 1446 1311 CAPUT
1465 1281 1543 1309 LXV.

1300 1335 1339 1362 De
1353 1335 1494 1363 lassatur:
1508 1336 1593 1372 (109).

1089 1379 1155 1407 Cum
1169 1385 1257 1406 nam
1273 1386 1455 1413 perseveraret
1477 1382 1560 1409 abbas
1573 1381 1736 1417 Paphnutius
1752 1383 1833 1410 Deum

1055 1425 1174 1452 venerari
1187 1425 1320 1458 precibus.
1332 1427 1541 1460 etmoltiplicare
1549 1427 1661 1462 jejunio,
1675 1436 1766 1455 rursus
1777 1435 1836 1455 ora-

1055 1471 1093 1497 vit
1105 1475 1134 1497 ut
1146 1470 1197 1498 sibi
1220 1471 1406 1500 ostenderetur
1421 1473 1527 1500 cuinam
1539 1477 1609 1500 esset
1622 1474 1717 1500 similis
1738 1473 1834 1509 (ηιπη

1055 1516 1075 1543 ι.
1090 1523 1124 1549 ιι,
1141 1525 1199 1550 cap.
1213 1516 1252 1551 6).
1270 1517 1336 1543 Dicit
1351 1518 1375 1544 ei
1388 1525 1480 1544 rursus
1495 1525 1544 1544 rox
1559 1518 1646 1545 divina
1662 1527 1669 1544 :
1685 1518 1785 1546 Similis
1807 1525 1837 1544 es

1018 1555 1041 1587 C
1056 1561 1196 1589 mercatori
1206 1562 1334 1596 quaerenti
1344 1563 1426 1588 bonas
1437 1563 1606 1597 margaritas;
1617 1563 1663 1590 sed
1674 1570 1752 1598 surge
1762 1564 1837 1590 deiu-

1057 1614 1129 1640 ceps.
1143 1611 1172 1634 et
1190 1615 1224 1634 ne
1235 1613 1376 1640 ctmctare;
1392 1607 1437 1634 tibi
1457 1608 1528 1637 enim
1543 1614 1664 1636 occurret
1686 1610 1727 1635 vir
1740 1610 1781 1636 cui
1805 1618 1836 1637 es

1057 1651 1227 1681 assintilatus.
1241 1651 1306 1678 Cum
1319 1651 1362 1678 ille
1372 1656 1458 1678 autem
1470 1652 1658 1685 descendisset,
1674 1654 1738 1680 vidit
1750 1653 1836 1681 virtue

1055 1697 1197 1731 quemdam
1208 1702 1380 1724 mercatorem
1391 1696 1610 1730 Alexandrinum,
1620 1697 1691 1731 pium
1702 1702 1729 1724 et
1738 1698 1835 1726 Christi

1055 1746 1200 1773 amantem,
1214 1742 1295 1769 vicies
1310 1742 1381 1768 mille
1395 1742 1482 1768 aureis
1496 1742 1683 1776 negotiantem,
1696 1749 1756 1769 cuto
1770 1750 1832 1770 con-

1056 1791 1110 1814 tum
1125 1787 1236 1814 navibus
1257 1787 1460 1814 descendentem
1474 1794 1506 1813 ex
1529 1787 1665 1820 superiore
1689 1787 1834 1819 Thebaide.

1055 1834 1099 1867 qui
1113 1841 1205 1861 omnes
1217 1841 1278 1860 suas
1289 1833 1425 1860 facultates
1439 1837 1466 1860 et
1477 1840 1580 1860 merces
1590 1833 1762 1860 distribuerat
1772 1841 1836 1868 pau-

1057 1881 1173 1914 peribus.
1191 1880 1214 1906 Is
1226 1887 1287 1906 cum
1302 1879 1358 1906 suis
1372 1879 1432 1906 ﬁliis
1455 1878 1546 1905 decem
1561 1885 1655 1906 saccos
1677 1879 1837 1912 leguminum

1056 1925 1088 1951 ad
1103 1933 1163 1952 eum
1176 1924 1310 1951 afferebat.
1327 1924 1359 1950 Et
1371 1923 1432 1957 quid
1447 1923 1512 1954 hanc.
1524 1924 1650 1950 oamice?
1665 1923 1690 1951 ei
1706 1923 1771 1951 dixit
1786 1923 1837 1950 Pa-

1055 1970 1191 2004 phnutius.
1204 1968 1228 1995 ls
1243 1973 1329 1994 autem
1343 1968 1409 1994 dixit
1423 1968 1472 2001 ipsi
1484 1976 1491 1994 ε
1503 1968 1570 1995 Sunt
1583 1969 1680 1996 fructus
1691 1976 1756 1996 mea:
1768 1977 1836 1995 tuer-

1057 2019 1169 2046 caturat,
1185 2014 1229 2046 qui
1247 2013 1300 2039 Deo
1320 2012 1466 2040 offeruntur
1480 2012 1513 2039 ad
1532 2013 1630 2046 justam
1653 2012 1836 2041 refectionem.

1056 2060 1123 2092 Quid
1138 2063 1226 2085 autem
1242 2059 1309 2088 hinc.
1322 2058 1408 2092 inquit
1423 2058 1472 2092 ipsi
1487 2058 1660 2092 Paphnutius,
1670 2063 1698 2086 et
1709 2062 1736 2085 tu
1747 2063 1837 2085 nostro

1057 2105 1163 2131 nomine
1189 2111 1240 2130 nou
1258 2103 1372 2130 frueris?
1383 2103 1406 2130 Is
1420 2109 1507 2131 autem
1521 2105 1656 2131 confessus
1669 2111 1709 2131 est
1721 2112 1750 2131 se
1764 2105 1796 2131 ad
1812 2103 1837 2131 id

1057 2149 1176 2176 studiose
1185 2149 1355 2176 contendere.
1367 2149 1395 2175 Ei
1405 2149 1539 2182 respondit
1548 2149 1708 2182 Paphnutius
1721 2149 1834 2181 :Quous-

1058 2202 1110 2229 que
1123 2202 1187 2229 ergo
1211 2199 1239 2221 tu
1264 2199 1393 2222 terrenam
1416 2201 1526 2227 exerces
1549 2194 1764 2228 negetiationem,
1790 2200 1839 2220 nec

1021 2233 1176 2266 Doudestia
1200 2240 1306 2273 attingis
1330 2239 1519 2266 mercimonio?
1534 2239 1585 2266 Sed
1601 2239 1657 2266 haec
1680 2239 1785 2272 quidem
1808 2246 1839 2266 es

1058 2285 1118 2313 aliis
1129 2284 1305 2315 dimissurus;
1318 2288 1346 2310 tu
1362 2291 1426 2309 vero
1448 2283 1479 2310 iis
1494 2289 1520 2309 te
1539 2283 1683 2318 adiungens
1697 2291 1756 2318 quae
1778 2288 1837 2310 sunt

1059 2331 1177 2357 maxime
1196 2333 1361 2363 opportuna.
1376 2335 1487 2362 sequere
1511 2328 1697 2361 Servatorem,
1722 2329 1754 2354 ad
1777 2336 1837 2354 eum

1059 2379 1186 2402 venturus
1201 2374 1278 2408 paulo
1290 2377 1357 2408 post.
1375 2373 1399 2399 Is
1410 2381 1472 2400 vero
1488 2374 1551 2400 nihil
1565 2373 1705 2404 diﬂ'erens,
1716 2373 1796 2408 jussit
1808 2373 1838 2398 fi-

1059 2422 1109 2449 lios
1118 2428 1180 2448 suos
1191 2421 1289 2455 reliqua
1301 2419 1418 2447 dividere
1429 2420 1585 2454 pauperibus
1596 2427 1603 2451 ;
1615 2420 1671 2452 ipse
1681 2424 1766 2445 autem
1777 2426 1836 2445 cum

1061 2466 1086 2492 in
1102 2470 1218 2495 montem
1231 2465 1404 2496 ascendisset,
1420 2469 1446 2490 et
1460 2465 1577 2498 seipsum
1590 2464 1615 2490 in
1628 2471 1661 2490 eo
1680 2465 1738 2490 loco
1751 2463 1836 2490 inclu-

1060 2512 1150 2541 sisset.
1165 2511 1209 2537 ubi
1223 2511 1276 2537 duo
1292 2510 1392 2542 priores
1402 2509 1576 2536 consummati
1588 2510 1699 2541 fuerant,
1714 2516 1838 2543 perseve-

1061 2556 1136 2583 rabat
1148 2556 1173 2581 in
1187 2554 1359 2582 orationibus.
1384 2554 1468 2580 Parvo
1491 2557 1577 2580 autem
1600 2553 1692 2586 elapso
1710 2557 1837 2587 tempore,

1062 2601 1155 2627 relicto
1168 2607 1295 2633 corpore,
1312 2599 1398 2625 factus
1410 2604 1451 2625 est
1464 2599 1530 2625 civis
1545 2599 1670 2626 cmiestis.
1696 2599 1838 2632 Postquam

1061 2649 1148 2672 autem
1161 2652 1222 2671 eum
1232 2651 1336 2678 quoque
1350 2644 1476 2678 pnemisit
1488 2643 1514 2670 in
1527 2644 1618 2675 caelos,
1635 2644 1689 2678 ipse
1701 2644 1778 2670 etiam
1793 2643 1840 2669 de-

1061 2691 1167 2724 spondit
1179 2690 1297 2718 animum
1307 2711 1315 2723 ,
1330 2695 1358 2716 ut
1372 2691 1416 2724 qui
1429 2697 1458 2716 se
1471 2697 1524 2716 non
1539 2694 1624 2723 posset
1637 2688 1747 2722 amplius
1759 2695 1837 2715 exer-

1062 2744 1133 2764 cere.
1144 2736 1281 2764 Assistens
1289 2741 1377 2764 autem
1391 2736 1499 2770 angelus
1512 2737 1534 2762 ei
1549 2736 1614 2762 dixit
1625 2744 1631 2762 :
1646 2735 1702 2762 Huc
1714 2734 1839 2767 deinceps

1063 2781 1168 2815 accede,
1184 2782 1242 2809 veni
1254 2787 1282 2808 tu
1291 2789 1405 2816 quoque,
1421 2788 1437 2808 o
1451 2781 1536 2812 beate,
1551 2781 1575 2807 in
1585 2785 1682 2807 attenta
1696 2780 1741 2806 Dei
1753 2780 1839 2806 taber-

1063 2828 1166 2861 nacula,
1182 2833 1310 2855 venerunt
1322 2828 1391 2854 enim
1415 2826 1550 2861 prophetae
1569 2831 1594 2853 te
1616 2825 1641 2852 in
1661 2832 1723 2853 suos
1743 2824 1838 2852 cheros
