2072 3153
258 176 324 209 1171

984 176 1160 207 PALLADII

259 234 412 269 δεξάμενοι.
427 233 514 261 Τοῦτο
528 233 556 260 δὲ
570 234 599 260 ὲν
613 234 653 260 σοί
672 233 703 261 τὸ
717 234 782 269 πρὶν
796 235 845 261 οὐκ
862 232 990 267 ἐξεφάνη,
1007 232 1051 258 ῐνα
1065 234 1088 261 Α
1103 232 1252 267 Φιλήμονα.
1272 233 1374 267 ’Πγετο
1388 229 1435 260 οῦν
1450 232 1500 259 σὺν
1512 232 1603 265 αὐτοῖς
1618 233 1632 260 ό
1649 231 1827 265 1Δπολλιὶιινιος
1841 236 1891 260 καὶ

261 278 298 312 μὴ
323 275 452 311 ἐπαρθεὶς
478 275 624 311 ζημιωθῇς
651 276 701 311 τῆς
729 276 818 309 ἀξίας.
848 275 997 309 Ἐπιζήσας
1020 274 1048 300 δὲ

261 318 326 354 μίαν
341 318 447 353 ἡμέραν
469 318 560 352 μόνον,
582 317 776 352 πρεσὸυτέρων
790 316 870 344 τινῶν
891 316 963 343 κατὰ
980 317 1049 342 ἀπο-

259 359 375 394 κάλυψιν
393 359 461 394 πρὸς
485 359 566 385 αὑτὸν
581 359 759 394 ἐληλυθότων,
780 359 870 387 πάντα
891 358 982 389 αὐτοῖς
998 359 1049 392 ὑφ-

260 401 443 437 ηγησάμενος,
456 401 597 436 παρέδωκε
607 402 656 438 τὴν
663 403 762 438 ψυχήν.
772 402 916 437 Ὲμφανῶς
927 401 955 427 δὲ
968 400 1049 427 αὑτὸν

261 444 287 470 οί
309 443 490 479 πρεσϐύτεροι
510 443 658 471 ἐθεάσαντο
683 446 731 472 σὺν
755 447 845 481 χοροῖς
866 445 978 471 δικαίων
1003 444 1049 470 καὶ

263 485 386 519 ἀγγέλων
399 485 668 521 ἀναλαμϐανόμενον,
682 487 729 514 καὶ
743 487 898 522 ὑμνούντων
911 487 957 513 τὸν
970 485 1045 513 Θεόν.

552 552 679 580 ΚΕΦΑΛ.
699 552 766 586 :q'.

418 598 488 633 Περὶ
515 599 714 625 Ἀπολλωνίου
732 598 891 633 μάρτυρος.

295 653 393 686 Γέγονε
406 652 435 678 δέ
448 661 490 680 τις
505 652 575 679 κατά
588 653 638 687 τὴν
649 653 771 688 Θηϐαΐδα
793 653 920 688 μοναχὸς,
936 652 1048 687 ὀνόματι

265 693 453 725 Ἀπολλώνιος.
466 691 550 726 Οὗτος
565 695 695 730 πλείστας
708 695 838 730 δυνάμεις
849 696 899 730 τῆς
912 695 1048 726 πολιτείας

259 735 342 762 αὑτοῦ
360 735 516 768 ἐπεδείξατο
527 743 535 750 ·
552 729 588 771 ἦν
602 737 629 762 δέ
647 738 694 763 καὶ
708 737 755 763 τοῦ
772 729 903 771 όνόματος
924 737 972 772 τῆς
990 737 1049 763 δια-

259 779 351 809 κονίας
365 778 525 813 ἠξιωμένος.
550 778 745 814 ’Υπερῦάλλων
768 779 798 806 δὲ
815 780 916 811 πάσαις
939 780 1049 813 ἀρεταῖς

259 820 321 851 τοὺς
334 820 442 846 πώποτε
458 821 691 855 εὐδοκιμήσαντας
710 822 738 847 ἐν
753 821 791 856 τῷ
807 821 894 857 καιρῷ
907 820 954 847 τοῦ
967 821 1048 854 διωγ-

263 862 324 894 μοῦ,
343 861 560 897 παραθαρσύνων
576 863 639 893 τοὺς
652 863 771 897 Χριστοῦ
787 863 967 897 όμολογητὰς,
985 861 1049 887 πολ-

1100 273 1175 301 άλλοι
1186 274 1257 306 τινὲς
1266 273 1512 310 ὁμολογησάμενοι.
1525 274 1718 310 Πορευομένων
1731 274 1760 301 δὲ
1768 275 1889 308 πάντων,

1100 316 1171 343 κατὰ
1187 317 1237 351 τὴν
1251 316 1312 344 ὁδὸν
1325 317 1426 352 ἐπῆλθε
1441 316 1520 352 χάρις
1543 317 1588 343 ἐπ’
1605 316 1686 343 αὐτὸν
1696 337 1704 349 ,
1721 317 1770 344 καὶ
1786 317 1891 353 ἧρξατο

1099 359 1235 386 διδάσκειν
1251 359 1314 391 τοὺς
1335 360 1512 395 στρατιώτας.
1540 359 1584 390 Ὠς
1600 358 1628 385 δὲ
1645 358 1694 386 καὶ
1707 359 1786 386 αὐτοὶ
1803 368 1890 386 κατα-

1100 401 1226 434 νυγέντες
1241 401 1407 428 ἐπίστευσαν
1430 400 1470 436 τῷ
1486 401 1609 436 Σωτῆρι,
1629 400 1730 432 πάντες
1749 401 1892 436 ὁμοθυμαι

1099 440 1143 468 δὸν
1154 442 1201 468 ἐπὶ
1217 442 1248 468 τὸ
1265 442 1341 478 βῆμα
1358 442 1463 478 δέσμιοι
1478 440 1559 477 ἦσαν.
1573 441 1627 474 Οὒς
1643 441 1767 474 ἅπαντας
1780 443 1794 470 ό
1805 441 1892 479 ἔπαρ-

1099 491 1147 518 χος
1167 483 1352 519 θεασάμενος,
1369 484 1406 515 ὡς
1420 483 1474 511 ῐδεν
1491 483 1674 519 ἀμεταθέτους
1687 483 1736 519 τῆς
1753 483 1890 518 πίστεως,

1099 523 1139 560 τῷ
1155 524 1229 560 βυθῷ
1245 525 1295 561 τῆς
1313 525 1452 560 θαλάσσης
1468 525 1573 552 κελεύει
1592 524 1790 560 παραδοθῆναι.
1804 525 1892 553 Τοῦτο

1099 566 1128 593 δέ
1144 566 1175 593 σύ
1180 567 1278 602 μδολον
1290 567 1381 599 αὐτοῖς
1394 567 1503 601 ἐγένετο
1515 566 1562 593 τοῦ
1575 566 1764 602 βαπτίσματος
1775 575 1782 581 ·
1794 567 1890 601 εὑρόν-

1099 616 1145 640 τες
1164 608 1193 635 δέ
1209 608 1310 640 αὐτοὺς
1328 609 1354 634 οι
1373 609 1467 636 οἰκεῖοι
1489 609 1560 644 πρὸς
1585 608 1636 640 τὰς
1649 608 1735 643 δχθας
1754 608 1891 646 ἐρριμμέ-

1100 658 1172 682 νους,
1191 650 1274 676 πᾶσιν
1285 649 1355 686 ὁμοῦ
1366 650 1480 685 τέμενος
1496 650 1705 677 κατεσκεύασαν
1715 658 1724 666 ⁸
1734 650 1799 677 ἔνθα
1809 651 1890 678 δυνά-

1101 699 1162 726 μεις
1177 691 1275 717 πολλαί
1289 700 1318 717 τε
1331 691 1530 719 ἐπιτελοῦνται.
1547 691 1673 727 Τοσαύτη
1685 692 1738 727 γάρ
1751 701 1794 724 τις
1809 692 1890 728 χάρις

1100 734 1195 767 γέγονε
1211 734 1259 761 τοῦ
1278 733 1387 770 ἀνδρὸς,
1403 733 1473 760 ὥστε
1492 733 1540 760 καὶ
1559 733 1628 769 ὑπὲρ
1641 730 1680 761 ὧν
1694 733 1796 768 ηῦξατο
1809 734 1890 767 εὐθὺς

1100 776 1321 811 εἰσακουσθῆναι,
1346 776 1394 803 τοῦ
1412 776 1539 811 Σωτῆρος
1562 776 1644 803 αὑτὸν
1664 776 1736 803 οὕτω
1757 777 1891 813 τιμήσαν-

1100 826 1158 849 τος⁴
1179 818 1208 844 δν
1225 819 1272 845 καὶ
1290 819 1371 853 ἡμεῖς
1390 819 1418 845 ἐν
1437 818 1475 853 τῷ
1492 817 1637 854 μαρτυρίῳ
1650 817 1795 857 εὐξάμενοι
1809 818 1891 846 ἐθεα-

1101 860 1209 894 σάμεθα
1240 861 1298 895 ἅμα
1326 862 1383 892 τοῖς
1410 861 1459 887 σὺν
1486 860 1562 893 αὐτῷ
1587 861 1806 895 μαρτυρήσασιν.
1833 861 1889 888 Καὶ

262 904 324 935 λοὺς
339 905 478 939 μάρτυρας
492 905 649 931 ἀπετέλεσε.
667 905 723 931 Καὶ
737 905 818 935 αὐτὸς
837 904 865 932 δέ
887 903 1049 938 συλληφθεὶς
1066 903 1085 930 Β
1102 903 1340 937 προσκυνήσαντες
1355 902 1393 937 τῷ
1404 902 1463 938 Θεῷ
1475 902 1661 938 ὴσπασάμεθα
1675 902 1765 929 αὐτῶν
1779 902 1813 929 τὰ
1821 911 1889 938 σκη-

259 946 288 971 ἐν
315 947 350 980 τῇ
374 946 469 980 εἱρκτῇ
501 946 681 979 ἐφυλάττετο·
709 946 778 981 πρὸς
801 946 829 972 ὃν
854 947 969 981 ἦρχοντο
995 945 1049 971 τῶν

267 985 399 1019 Ἑλλήνων
420 987 444 1012 οί
466 987 637 1022 φαυλότεροι,
653 987 700 1014 καὶ
720 988 817 1022 λόγους
830 987 906 1014 αὑτῶ
923 986 1050 1023 παρωξυ-

261 1027 328 1062 σμοῦ
344 1028 390 1055 καὶ
405 1028 580 1064 βλασφημίας
598 1030 780 1065 προσεπῆγον.

549 1095 569 1120 Κ
576 1094 675 1121 ΕΦᾹΛ.
693 1095 752 1124 ΞΖ’.

261 1140 328 1174 Περὶ
340 1140 507 1174 Φιλήμονος
518 1140 669 1175 μάρτιφος
681 1141 730 1167 καί
744 1140 811 1175 περὶ
826 1141 886 1168 τῶν
893 1141 957 1176 μετ’
970 1139 1050 1173 αὐτῷ

559 1176 728 1210 μαρτύρων.

293 1219 348 1247 Ἦν
367 1221 396 1248 δέ
413 1230 454 1253 τις
465 1222 495 1253 ἐξ
508 1221 598 1248 αὐτῶν
615 1221 750 1257 χοραύλης
768 1221 848 1257 ἀνὴρ,
866 1222 1006 1257 διαδόητος
1022 1223 1049 1249 ὲν

259 1263 314 1293 τοῖς
341 1263 533 1298 ἁτοπήμασιν,
565 1262 594 1295 ὃς
621 1263 775 1297 προσελθὼν
808 1263 889 1290 αὐτὸν
916 1263 1048 1299 ὕϐριζεν,

259 1304 365 1330 ἀνόσιον
387 1304 484 1338 λέγων,
508 1305 554 1331 καὶ
568 1304 706 1339 ἐπιθέτην,
721 1306 768 1331 καὶ
783 1305 893 1338 πλάνον,
908 1307 955 1332 καὶ
973 1307 1050 1341 παρὰ

260 1347 364 1379 πάντας
378 1347 441 1378 τοὺς
459 1347 620 1382 ἀνθρώπους
641 1347 822 1383 μισούμενον,
839 1349 886 1375 καὶ
908 1348 1050 1382 ὀφείλοντα

260 1387 355 1414 θᾶττον
380 1387 536 1416 ἀποθανεῖν.
564 1389 637 1424 Πρὸς
656 1389 685 1416 ὃν
707 1398 789 1423 φησιν
815 1390 830 1416 ὁ
858 1389 1047 1421 Ἀπολλώνιος·

266 1428 394 1468 Ἐλεήρ-αι
410 1439 439 1456 σε
460 1431 573 1465 Κύριος,
599 1431 744 1464 ἄνθρωπε.
763 1433 810 1458 καὶ
827 1431 911 1467 μηδέν
933 1440 974 1458 σοι
992 1431 1048 1458 τῶν

259 1471 336 1506 παρὰ
346 1471 399 1497 σοῦ
418 1472 572 1507 εἰρημένων
586 1473 625 1504 εἰς
640 1473 778 1508 ἁμαρτίαν
789 1473 940 1509 λογίσηται.
956 1473 1049 1500 Ταῦτα

259 1512 287 1538 δὲ
309 1512 427 1544 ἀκούσας
445 1514 458 1539 ὁ
474 1513 611 1548 χοραύλης
635 1515 754 1547 ἐκεῖνος,
775 1515 904 1550 Φιλήμων
919 1515 1047 1550 ὀνόματι,

259 1555 386 1581 ἐδάκνετο
398 1556 457 1586 ταῖς
472 1556 568 1590 φρεσὶν
586 1556 637 1581 ὑπὸ
652 1557 705 1582 τῶν
717 1557 804 1590 λόγων
819 1557 865 1583 τοῦ
883 1556 979 1592 ἀνδρὸς
996 1566 1048 1584 κα-

259 1596 395 1630 τανυγείς.
417 1597 557 1631 Ὀρμήσας
581 1597 610 1623 δὲ
632 1598 713 1630 εὐθὺς
729 1599 775 1624 ἐπὶ
789 1598 819 1624 τὸ
841 1599 927 1634 βῆμα,
948 1599 987 1634 τῷ
1009 1599 1049 1625 δι-

259 1640 346 1673 καστῇ
362 1639 558 1673 παρειστήκει.
575 1639 621 1665 καί
638 1648 720 1674 φησιν
735 1640 808 1675 αὐτῷ
823 1641 869 1667 ἐπὶ
890 1640 935 1667 τοῦ
951 1641 1048 1676 δήμου·

261 1679 358 1707 Ἀδικα
372 1681 513 1715 πράττεις,
530 1678 552 1707 ὦ
562 1680 688 1713 δικαστά,
703 1681 837 1716 θεοφιλεῖς
850 1682 897 1708 καὶ
911 1683 1050 1714 ἀναιτίους

259 1722 359 1757 ἄνδρας
378 1722 510 1754 κολάζων.
538 1723 623 1750 Οὐδὲν
647 1723 701 1758 γὰρ
727 1723 829 1758 φαῦλον
846 1725 871 1751 οἱ
890 1725 1051 1760 Χριστιανοὶ

258 1763 394 1796 ποιοῦσιν,
405 1764 466 1790 οὐδὲ
477 1764 610 1798 λέγουσιν,
624 1765 692 1792 ἀλλὰ
701 1766 748 1792 καὶ
760 1767 822 1798 τοὺς
833 1766 948 1801 ἐχθροὺς
960 1767 1050 1792 αὐτῶν

258 1805 424 1839 εὐλογοῦσιν.
447 1806 477 1832 '0
490 1806 528 1837 δέ,
547 1806 633 1832 ταῦτα
648 1806 732 1833 αὑτοῦ
748 1807 883 1841 λέγοντος.
903 1808 937 1834 τὰ
954 1808 1050 1842 πρῶτα

261 1847 311 1882 μὲν
327 1847 395 1883 ᾦετο
409 1848 490 1874 αὺτὸν
510 1848 703 1883 εἰρωνεύεσθαι
717 1849 764 1876 καὶ
779 1849 942 1883 γελοιάζειν,
957 1849 994 1881 ὡς
1020 1849 1049 1876 δὲ

259 1890 425 1925 ἐπιμένοντα
441 1888 511 1916 εἶδεν
522 1898 528 1905 ’
555 1891 707 1925 Μέμηνας,
735 1892 833 1927 φησὶν,
859 1889 881 1918 ὦ
904 1892 1048 1926 ἄνθρωπε,

260 1931 328 1967 πρὸς
343 1931 435 1962 αὑτὸν.
451 1932 499 1958 καὶ
513 1932 544 1958 ἐκ
561 1932 670 1967 φρενῶν
686 1933 800 1967 γέγονας
816 1934 943 1966 ἐξάπινα.
965 1933 994 1960 Ὀ
1010 1933 1048 1965 δὲ,

260 1972 297 1999 Οὐ
317 1973 457 2009 μαίνομαι,
474 1973 566 2007 φησὶν,
584 1973 734 2000 ἀδικώτατε
748 1975 874 2002 δικαστά,
887 1974 1050 2010 Χριστιανὸς

259 2014 313 2049 γάρ
332 2016 400 2049 είμι.
431 2015 460 2040 'U
483 2014 510 2040 δὲ
536 2015 647 2047 πολλαῖς
674 2015 829 2048 κολακείαις
850 2016 909 2051 ἆμα
925 2017 964 2052 τῷ
979 2017 1050 2052 ὄχλῳ

260 2056 365 2083 πείθειν
380 2055 461 2082 αὑτὸν
475 2057 614 2091 ἐπειρᾶτο.
624 2057 668 2089 Ὠς
677 2057 705 2083 δὲ
719 2058 887 2092 ἀμετάθετον
902 2055 967 2087 εἶδε.
983 2067 1050 2085 παν-

259 2098 334 2129 τοίας
353 2097 484 2132 βασάνους
498 2097 573 2132 αὺτῷ
592 2099 740 2134 προσῆγεν.
756 2100 809 2126 Τὸν
824 2100 852 2126 δέ
870 2099 1049 2127 Ἀπολλώνιον

259 2139 433 2174 ἀνάρπαστον
447 2139 641 2174 ποιησάμενος,
659 2141 708 2167 καὶ
722 2141 833 2172 πολλαῖς
848 2141 952 2173 αἰκίαις
970 2149 1049 2175 περι-

261 2179 369 2211 ϐαλὼν,
384 2180 423 2212 ὡς
445 2180 545 2207 πλάνον
563 2181 644 2208 αύτέιν
664 2182 834 2215 ἐδάσανιζεν.
856 2183 886 2208 ’0
905 2182 933 2209 δὲ
955 2183 1047 2208 Ἀπολ-

260 2220 355 2252 λώνιος
366 2222 435 2256 πρὸς
445 2221 525 2249 αὑτὸν
537 2222 601 2258 ἔφη’
612 2224 753 2259 Εὐξαίμην
765 2224 798 2251 ἂν
810 2225 856 2250 καὶ
868 2224 909 2254 σέ.
920 2223 1046 2256 δικαστά,

261 2264 308 2291 καὶ
327 2263 416 2291 πάντα
432 2265 494 2296 τοὺς
513 2266 708 2301 συμπαρόντας
730 2275 774 2301 μοι
799 2266 885 2301 ταύτῃ
904 2267 936 2301 τῇ
958 2266 1045 2301 πλάνῃ

261 2314 313 2341 μου
332 2304 554 2341 ὲξακολουθῆσαι.
577 2307 605 2333 ’0
623 2308 651 2334 δὲ
661 2308 708 2334 τοῦ
721 2307 806 2334 ταῦτα
818 2307 942 2341 λέγοντος
957 2308 1047 2341 ἀμφοο

259 2347 355 2382 τέρους
370 2347 438 2382 πυρὶ
454 2347 640 2383 παραδοθῆναι
657 2349 821 2383 προστάττει
840 2349 870 2374 ὲν
886 2348 963 2383 ὕψεσι
980 2357 1048 2376 παν-

260 2388 305 2420 τὸς
321 2388 368 2415 τοῦ
384 2388 511 2422 πλήθους.
535 2389 579 2420 Ὠς
593 2389 621 2415 δὲ
634 2391 663 2415 ἐν
677 2391 709 2426 τῇ
726 2389 806 2424 φλογὶ
817 2388 897 2426 ἦσαν,
913 2390 1047 2424 παρόντος

261 2429 307 2456 τοῦ
327 2429 463 2460 δικαστοῦ,
480 2430 570 2466 φωνὴν
586 2431 681 2465 ἀφίησι
701 2431 769 2466 πρὸς
785 2433 829 2458 τὸν
847 2432 913 2458 Θεὸν
929 2433 942 2458 ό
958 2432 1047 2467 μακά-

261 2479 319 2506 ριος
341 2471 518 2504 ’Λπολλώνιος
531 2473 570 2498 είς
583 2473 704 2506 ὑπήκοον
720 2473 820 2505 παντὸς
835 2473 881 2500 τοῦ
897 2473 982 2509 δήμου
1001 2475 1047 2500 καὶ

261 2512 307 2539 τοῦ
323 2512 450 2539 δικαστοῦ
462 2522 468 2528 ·
484 2514 531 2549 Μὴ
551 2514 696 2549 παραδῷς,
719 2515 856 2548 Δέσποτα,
872 2516 928 2547 τοῖς
943 2516 1048 2551 θηρίοις

260 2553 349 2589 ψυχάς
369 2554 618 2589 ἐξομολογουμένας
640 2564 691 2587 σοι,
713 2556 780 2583 ἀλλά
804 2557 901 2583 σαυτὸν
917 2557 1047 2592 ἐμφανῶς

261 2597 326 2631 ἡμῖν
336 2596 477 2629 ἐπίδειξον.
491 2598 545 2623 Καὶ
555 2598 587 2632 δὴ
597 2598 695 2632 νεφέλη
708 2598 859 2633 δροσοειδὴς
870 2601 916 2626 καὶ
929 2599 1047 2634 φωτεινὴ

260 2638 412 2665 ἐπελθοῦσα
434 2638 552 2673 ἐκάλυψε
581 2640 643 2669 τοὺς
670 2639 785 2674 ἄνδρας,
810 2641 839 2667 τὺ
854 2640 910 2676 πῦρ
930 2641 1048 2667 ἀποσϐέ-

261 2688 341 2706 σασα.
371 2680 567 2714 Θαυμάσαντες
586 2680 614 2707 δὲ
639 2681 663 2707 οἱ
686 2681 766 2716 δῆμοι
792 2682 839 2708 καὶ
863 2683 876 2708 ό
901 2683 1045 2717 δικαστὴς,

261 2721 355 2753 ὲὸὑων,
371 2719 418 2753 Εἷς
432 2722 446 2747 ὀ
468 2722 534 2752 Θεὸς
548 2722 602 2748 τῶν
623 2723 803 2757 Χριστιανῶν.
827 2724 1001 2757 ’Λναγγέλλει
1017 2723 1046 2750 δέ

260 2771 302 2793 τις
327 2762 413 2789 ταῦτα
438 2763 492 2789 τῶν
516 2763 677 2799 κακούργων
701 2765 741 2800 τῷ
761 2765 810 2799 τῆς
842 2765 1047 2801 ’Δλεξανδρείας

260 2805 387 2838 ἐπάρχῳο
402 2804 430 2835 ὃς
454 2804 546 2839 ὠμούς
562 2814 638 2837 τινας
660 2807 706 2833 καὶ
725 2808 838 2842 ἀγρίους
862 2807 1046 2842 προτέκτορας

261 2845 310 2870 καὶ
333 2845 471 2877 ταξεώτας
500 2846 704 2883 ἐπιλεξάμενος,
723 2849 896 2881 ἐξαπέστειλε
921 2849 988 2883 πρὸς
1017 2849 1046 2874 τὸ

261 2887 387 2922 δεσμίους
404 2888 506 2919 πάντας
521 2889 635 2924 ἀχθῆναι
647 2892 708 2922 τοὺς
720 2892 782 2926 περὶ
799 2892 842 2918 τ’,ν
855 2890 984 2926 δικαστὴν
1001 2892 1046 2917 καὶ

1100 944 1213 978 νώματα
1228 945 1256 970 ἐν
1272 945 1305 979 τῇ
1321 944 1446 980 Θηϐαΐδι.

1392 1006 1520 1034 ΚΕΦΑΛ.
1540 1006 1603 1034 ΞΗν.

1197 1053 1264 1087 Περὶ
1289 1052 1378 1081 Ἀϐΰᾱ
1397 1053 1561 1088 Διοσκόρων
1580 1052 1793 1087 πρεσϐυτέρου.

1137 1106 1233 1133 Ἀλλον
1248 1107 1276 1133 δὲ
1291 1107 1477 1143 πρεσῦύτερον
1492 1108 1584 1142 ἴδομεν
1604 1109 1633 1134 ἐν
1646 1107 1761 1142 Θηϐαΐδι
1777 1107 1891 1134 Διόσκοο

1101 1157 1149 1184 ρον
1164 1149 1288 1184 ὀνόματι,
1305 1150 1415 1184 Πατέρα
1431 1149 1556 1185 μοναχῶν
1571 1149 1678 1180 ἑκατόν,
1698 1149 1728 1180 ὃς
1744 1148 1891 1184 μέλλοντας

1100 1191 1199 1222 αὐτοὺς
1224 1192 1382 1226 προσελθεῖν
1400 1193 1433 1227 τῇ
1452 1191 1544 1226 χάριτι
1564 1191 1611 1218 τοῦ
1633 1190 1711 1224 Θεοῦ,
1726 1191 1803 1225 ἔλεγε
1821 1192 1891 1226 πρὸς

1100 1233 1209 1265 αὐτούς’
1235 1233 1333 1268 Ὁρᾶτε
1358 1235 1394 1269 μή
1417 1243 1460 1266 τις
1476 1235 1504 1260 ἐν
1522 1234 1656 1270 φαντασίᾳ
1670 1234 1799 1268 γυναικὸς
1813 1233 1891 1268 γενό-

1102 1283 1193 1310 μενος,
1212 1276 1240 1301 ἐν
1266 1276 1343 1301 νυκτὶ
1366 1276 1512 1311 τολμήσειε
1535 1275 1696 1309 προσελθεῖν
1720 1277 1776 1306 τοῖς
1802 1275 1890 1310 ἁγίοις

1102 1317 1296 1352 μυστηρίοις,Δ
1313 1318 1350 1352 μή
1375 1326 1416 1349 τις
1439 1317 1469 1349 ἐξ
1503 1317 1581 1352 ὑμῶν
1614 1317 1819 1352 φανταζόμενος
1846 1318 1886 1343 ἐν-

1100 1347 1296 1393 υπνιασθῇξΛί
1310 1347 1364 1394 ἱμὶρ
1378 1347 1442 1386 ἄνευ
1458 1347 1511 1385 τῶν
1523 1347 1529 1352 1
1543 1347 1701 1393 φαντασιῶν
1710 1347 1718 1350 ⁷
1734 1347 1889 1394 ¹γονόιόροιαι

1100 1400 1262 1435 αὐτομάτως
1279 1400 1432 1435 γινόμεναι,
1447 1401 1497 1427 οὐκ
1511 1400 1544 1427 ἐκ
1556 1401 1744 1435 προαιρέσεως
1761 1401 1888 1432 ἑκάστου,

1099 1442 1158 1468 ἀλλ’
1177 1441 1334 1477 ἀϐουλήτως
1354 1442 1499 1477 γενόμεναί
1519 1443 1598 1469 είσιν.
1633 1442 1680 1469 Ἐκ
1703 1442 1812 1475 φύσεως
1835 1442 1891 1478 γὰρ

1100 1485 1292 1519 προέρχονται,
1310 1484 1359 1511 καὶ
1381 1485 1413 1510 ἐκ
1439 1483 1598 1518 περιουσίας
1617 1482 1685 1519 ὕλης
1708 1483 1889 1518 ἐκκρίνονται.

1101 1526 1146 1552 Διὸ
1156 1526 1216 1552 ούδέ
1230 1525 1374 1551 ὑπεύθυνοί
1388 1525 1442 1551 είσι
1455 1527 1488 1560 τῇ
1503 1524 1636 1560 ἁμαρτίᾳ.
1652 1524 1686 1550 Δί
1700 1523 1730 1550 δὲ
1744 1525 1891 1559 φαντασίαι

1102 1567 1134 1593 ὲκ
1161 1567 1348 1602 προαιρέσεως
1375 1566 1510 1601 ἔρχονται,
1533 1566 1581 1592 καὶ
1601 1566 1651 1600 τῆς
1668 1565 1757 1600 κακῆς
1779 1567 1891 1601 γνώμης

1100 1608 1159 1635 ἐστὶ
1171 1609 1333 1643 τεκμήριον.
1346 1609 1390 1634 Δεῖ
1403 1605 1449 1634 οὖν
1463 1607 1510 1633 τὸν
1528 1607 1645 1641 μοναχὸν
1658 1606 1705 1634 καὶ
1717 1606 1768 1641 τῆς
1783 1607 1890 1642 φύσεως

1101 1649 1276 1685 ὑπερόαίνειν
1302 1649 1348 1676 τδν
1374 1649 1472 1684 νόμον,
1491 1649 1537 1676 καὶ
1562 1648 1630 1683 μηδὲ
1647 1648 1687 1680 εῐς
1707 1656 1769 1674 τινα
1791 1648 1892 1683 μικρὸν

1102 1692 1239 1728 μολυσμδν
1273 1691 1373 1727 σαρκὸς
1407 1691 1568 1726 εὑρεθῆναι·
1601 1690 1669 1716 ἀλλὰ
1715 1689 1812 1723 τήκειν
1841 1689 1891 1724 τὴν

1101 1734 1200 1768 σάρκα,
1226 1733 1271 1760 καὶ
1290 1733 1327 1769 μὴ
1344 1734 1494 1768 συγχωρεῖν
1519 1733 1548 1758 ἐν
1563 1731 1632 1767 αὐτῇ
1649 1730 1824 1766 περισσεύειν
1841 1731 1891 1766 τὴν

1101 1775 1177 1810 ὓλην.
1206 1775 1340 1811 Πειρᾶσθε
1365 1773 1412 1801 οὖν
1429 1774 1547 1801 κενῶσαι
1566 1773 1614 1809 τὴν
1631 1773 1698 1808 ὕλην
1721 1773 1754 1808 τῇ
1773 1771 1825 1806 τῆς
1841 1780 1890 1807 νη-

1101 1818 1192 1848 στείας
1218 1818 1297 1852 ίκανῇ
1323 1817 1492 1851 παρατάσει·
1515 1817 1539 1842 εί
1560 1815 1589 1842 δὲ
1608 1815 1663 1850 μὴ,
1687 1814 1734 1841 καὶ
1758 1814 1827 1848 πρὸς
1840 1813 1890 1844 τὰς

1100 1858 1201 1893 ὀρέξεις
1218 1859 1292 1894 ἡμᾶς
1317 1857 1442 1893 ἐρεθίζει.
1470 1858 1507 1884 υὺ
1532 1857 1614 1883 δεῖδὲ
1636 1857 1682 1883 τὸν
1699 1855 1814 1891 μοναχὸν
1834 1854 1890 1881 τῶν

1100 1901 1217 1935 ὀρέξεων
1237 1901 1306 1931 ὅλως
1320 1899 1490 1933 ἐφάπτεσθαι
1503 1908 1510 1914 ·
1533 1899 1594 1925 ἐπεὶ
1612 1899 1641 1924 ἐν
1660 1898 1713 1924 τίνι
1730 1897 1823 1924 διοίσει
1835 1895 1891 1923 τῶν

1101 1942 1255 1976 κοσμικών;
1281 1941 1327 1973 οὓς
1345 1941 1476 1972 πολλάκις
1499 1940 1606 1976 ὁρῶμεν
1625 1939 1672 1966 καὶ
1694 1939 1749 1966 τῶν
1768 1938 1890 1974 τέρψεων

1100 1983 1286 2018 ἀπεχομένους
1307 1983 1341 2009 δι’
1357 1983 1451 2016 ὑγείαν
1473 1982 1643 2017 σώματος,ἢ
1666 1980 1700 2007 δι’
1720 1980 1802 2011 ἄλλας
1814 1980 1891 2011 τινὰς

1099 2026 1149 2052 οὑκ
1170 2025 1284 2059 ἀλόγους
1304 2024 1411 2056 αἱτίας;
1429 2025 1505 2058 πόσῳ
1525 2023 1557 2058 δὴ
1577 2023 1623 2049 οὖν
1645 2023 1744 2058 μᾶλλον
1759 2021 1892 2057 ἐπιμελη-

1099 2068 1159 2095 τέον
1174 2067 1213 2101 τῷ
1231 2067 1340 2102 μοναχῷ
1364 2067 1413 2101 τῆς
1434 2065 1524 2101 ψυχῆς
1538 2065 1587 2100 τὴν
1603 2065 1693 2092 αἰτίαν
1708 2064 1757 2092 καὶ
1776 2063 1870 2098 ὑγείαν
1881 2083 1891 2097 ,

1100 2109 1148 2136 καὶ
1164 2109 1209 2135 τοῦ
1227 2108 1273 2135 νοῦ
1284 2128 1291 2140 ,
1308 2109 1355 2135 καὶ
1371 2108 1418 2134 τοῦ
1435 2107 1605 2142 πνεύματος;

1394 2171 1519 2199 ΚΕΦΑΛ.
1539 2171 1600 2198 58'.

1229 2218 1297 2252 Περὶ
1314 2217 1372 2244 τῶν
1387 2217 1423 2244 ὲν
1438 2216 1475 2250 τῇ
1491 2215 1594 2250 Νιτρίᾳ
1607 2213 1760 2250 μοναχῶν.

1135 2264 1318 2300 Κατήχθημεν
1331 2263 1360 2289 δὲ
1373 2263 1420 2289 καὶ
1435 2263 1474 2293 είς
1489 2262 1615 2296 Νιτρίαν,
1630 2261 1694 2287 ἔνθα
1710 2259 1826 2292 πολλοὺς
1841 2259 1891 2286 καὶ

1101 2307 1236 2341 μεγάλους
1252 2304 1432 2340 ἀναχωρητὰς
1446 2305 1611 2339 ἑωράκαμεν
1621 2311 1628 2318 ·
1643 2303 1723 2330 τοῦτο
1737 2303 1786 2337 μὲν
1801 2302 1891 2337 ἐγχω·

1102 2349 1174 2382 ρίους
1185 2369 1191 2379 ,
1211 2347 1290 2374 τοῦτο
1314 2347 1342 2373 δέ
1364 2347 1411 2373 καὶ
1425 2346 1534 2378 ξένους,
1550 2345 1683 2380 ἀλλήλους
1697 2345 1759 2375 ταῖς
1778 2345 1891 2379 ἀρεταῖς

1100 2389 1328 2425 ὑπερϐάλλοντας,
1340 2388 1385 2415 καὶ
1397 2387 1622 2422 φιλονεικώτερον
1634 2385 1701 2421 πρὸς
1712 2385 1762 2421 τὴν
1771 2386 1890 2421 ἄσκησιν

1100 2432 1305 2466 διακειμένους,
1321 2430 1411 2456 πᾶσάν
1425 2438 1456 2456 τε
1471 2429 1572 2465 ἀρετὴν
1587 2428 1824 2463 ἐνδεικνυμένους,
1842 2428 1889 2454 καὶ

1101 2475 1129 2500 ἐν
1154 2474 1185 2508 τῇ
1214 2471 1336 2508 πολιτείᾳ
1356 2471 1488 2506 ἀλλήλους
1511 2469 1712 2505 ὑπερσάλλειν⁶
1735 2469 1782 2496 καὶ
1794 2469 1817 2495 οἱ
1838 2468 1889 2503 μὲν

1100 2515 1190 2542 αὐτῶν
1205 2514 1268 2548 περὶ
1289 2514 1338 2547 τὴν
1358 2513 1486 2547 θεωρίαν,
1508 2512 1532 2539 οἱ
1547 2512 1575 2538 δὲ
1589 2512 1653 2546 περὶ
1667 2511 1717 2546 τὴν
1734 2510 1896 2546 πρακτικὴν,

1100 2555 1269 2591 ἠσχολοῦντο·
1278 2555 1390 2586 Ἰδόντες
1403 2555 1459 2589 γὰρ
1468 2555 1543 2589 ἡμᾶς
1553 2561 1626 2584 τινες
1638 2553 1667 2586 ἐξ
1682 2552 1772 2579 αὐτῶν
1783 2552 1891 2587 πόῤῥω-

1101 2598 1146 2627 θεν
1166 2597 1329 2632 ἐρχομένους
1343 2596 1387 2623 διὰ
1404 2597 1453 2631 τῆς
1467 2596 1588 2631 ἐρήμου⁸
1602 2594 1627 2621 οῑ
1644 2594 1693 2629 μὲν
1708 2593 1776 2629 μετὰ
1794 2592 1890 2623 ὓδατος

1100 2640 1167 2675 ἡμῖν
1179 2639 1401 2673 προῡπήντησαν,
1420 2637 1445 2663 οἱ
1458 2637 1488 2663 δὲ
1499 2637 1564 2668 τοὺς
1579 2636 1665 2668 πόδας
1676 2635 1754 2671 ἡμῶν
1767 2635 1887 2663 ἔνιπτον,

1099 2682 1124 2707 οἱ
1136 2680 1165 2707 δὲ
1173 2679 1207 2707 τὰ
1218 2680 1314 2715 ἱμάτια
1323 2679 1445 2712 ἔπλυνον,
1454 2679 1480 2705 οἱ
1488 2679 1516 2705 δὲ
1524 2678 1570 2705 ἐπὶ
1580 2678 1685 2714 τροφὴν
1695 2676 1867 2712 παρεκάλουν
1879 2683 1887 2691 ·

1100 2722 1176 2750 ἄλλοι
1183 2722 1211 2748 δὲ
1223 2721 1268 2748 ἐπὶ
1277 2722 1326 2757 τὴν
1338 2721 1443 2756 ἀρετῶν
1453 2720 1582 2756 μάθησιν,
1590 2719 1698 2747 mm;
1711 2719 1756 2745 ἐπὶ
1763 2718 1812 2754 τὴν
1818 2718 1885 2744 θεωο

1102 2765 1161 2800 ρίαν
1170 2765 1218 2791 καὶ
1224 2764 1274 2798 τὴν
1281 2763 1328 2790 τοῦ
1337 2763 1406 2790 Θεοῦ
1418 2762 1527 2796 γνῶσιν·
1536 2762 1584 2788 καὶ
1592 2762 1662 2796 ὅπερ
1670 2761 1786 2792 ἕκαστος
1796 2759 1888 2786 αὐτῶν

1099 2807 1231 2841 ἠδύνατο,
1250 2805 1330 2831 τοῦτο
1344 2804 1474 2830 ἔσπευδεν
1497 2804 1571 2838 ἡμᾶς
1587 2803 1713 2837 ὠφελεῖν.
1731 2802 1786 2829 Καὶ
1807 2801 1834 2828 τί
1853 2800 1888 2828 ἂν

1100 2857 1141 2880 τις
1157 2849 1228 2874 εἴποι
1250 2847 1339 2878 πάσας
1361 2845 1449 2872 αὐτῶν
1470 2845 1519 2876 τὰς
1532 2845 1643 2879 ἀρετὰς,
1662 2844 1747 2879 μηδὲν
1769 2842 1889 2874 ἐπαξίως

1100 2890 1189 2924 λέγειν
1213 2888 1379 2924 δυνάμενος;
1396 2888 1517 2922 Ἔρημον
1541 2885 1587 2915 οὖν
1601 2887 1705 2913 οἰκοῦσι
1728 2886 1774 2912 τὸν
1789 2885 1888 2913 τόπον

1823 177 1890 210 me
1939 170 1945 176 ‘
