2072 3153
215 204 283 232 1173

826 202 987 232 HISTORIA
1010 201 1192 231 uAUSIACA.

1773 212 1842 243 HM

207 263 350 296 accepturi.
368 261 424 290 line
438 267 525 290 autem
541 244 592 289 non
606 263 652 289 tibi
676 262 749 296 prius
763 261 909 295 declaravi.
925 269 958 289 ne
971 261 995 288 si
1011 261 1037 291 Α
1049 267 1107 287 cem
1122 265 1149 288 et
1165 259 1358 290 Philemonem.
1383 261 1533 289 Ducebatur
1555 269 1620 297 ergo
1644 270 1695 290 una
1716 270 1778 291 cum
1803 265 1843 293 ρῐς

207 307 302 334 tulisses
315 308 411 340 elatus,
425 307 459 335 de
470 307 522 334 tuis
535 307 719 334 detraheretur
732 307 843 334 meritis.
857 307 922 334 Cum
933 313 996 340 ergo

207 360 261 379 uno
270 352 329 380 solo
342 353 385 379 die
397 352 601 386 supervixisset,
611 357 634 380 et
647 359 694 387 per
701 352 888 379 revelationem
896 352 928 379 ad
936 360 995 379 eum

209 398 346 425 venissent
359 398 468 432 quidam
485 398 632 432 presbyteri
643 418 650 429 ,
667 398 789 424 omnibus
804 397 855 424 illis
870 398 994 430 narratis,

208 443 317 470 tradidit
340 444 466 470 animam.
491 444 588 478 Aperte
601 447 689 470 autem
705 443 825 470 videntes
847 443 996 478 presbyteri

205 495 266 515 eum
280 489 379 515 assumi
395 489 426 516 int
436 488 526 516 choris
539 489 668 522 justorum
684 492 710 515 et
726 490 895 523 angelorum,
913 488 996 517 Deum

206 534 358 562 laudabant.

489 569 602 597 CAPUT
617 569 709 597 LXVI.

394 613 452 641 Vita
465 614 562 641 abbatis
576 614 707 649 Apollonii
720 614 808 648 (110).

241 658 302 687 Fuit
318 660 343 686 in
353 660 490 686 Thebaide
503 659 610 694 quidam
622 659 779 692 monachus,
794 659 901 686 nomine
917 659 998 694 Apol-

207 705 294 732 lonius
309 705 407 739 (Ra/ﬂ,
420 706 438 732 ι.
451 714 479 738 ιι,
494 713 551 740 cap.
571 705 625 739 19).
637 705 800 740 Isplurimas
814 706 931 733 ostendit
944 706 997 733 vir-

207 755 277 777 tutes
299 755 324 777 cl
341 751 408 778 facta
430 751 547 784 egregia,
573 750 668 786 dignus
692 759 797 785 quoque
819 751 867 778 fuit
892 752 997 779 habitus

207 797 278 823 dono
292 797 419 824 doctrinre
436 804 515 831 supra
532 797 630 824 multos
647 797 691 831 qui
708 802 769 823 tunc
785 798 857 824 luere
880 797 997 831 insignes

208 841 358 869 virtutibus.
384 842 448 869 Isin
465 847 583 876 tempore
603 842 797 876 persecutionis
818 842 919 869 addens
941 842 997 869 aui-

208 894 280 914 inum
301 886 397 914 Christi
416 886 626 919 confessoribus,
642 887 738 913 multos
753 886 839 913 etler'it
855 891 995 921 martyres.

208 931 291 958 Porro
305 937 392 959 autem
408 932 465 966 ipse
488 939 593 966 quoque
606 932 816 965 comprehensus
829 932 997 959 custodieba-

208 982 252 1004 tur
266 978 292 1004 in
306 984 432 1008 carcere;
453 977 486 1003 ad
500 984 578 1011 quem
593 976 733 1003 veniebant
759 977 803 1011 qui
818 983 852 1003 ex
874 977 998 1011 gentibus

208 1027 285 1049 crant
296 1022 446 1056 nequiores.
460 1027 486 1048 et
501 1029 560 1048 cum
573 1029 605 1048 eo
620 1021 800 1056 disputabant,
819 1021 1000 1048 incessebant-

209 1075 260 1102 que
274 1068 432 1100 maledictis,
447 1072 474 1095 et
487 1066 644 1094 irridebant.

492 1124 603 1152 CAPUT
623 1125 713 1152 LXVI.

209 1182 248 1210 De
265 1182 413 1209 Philemone
427 1183 502 1217 (111)
514 1188 626 1217 martyre
638 1188 660 1208 et
675 1182 706 1209 iis
721 1183 764 1217 qui
783 1190 841 1210 cum
855 1183 910 1216 ipso
931 1182 1001 1218 fuere

479 1235 481 1237 ι
521 1218 685 1252 martyribus.

244 1262 309 1290 Erit
321 1268 408 1290 autem
424 1263 531 1297 quidam
546 1270 579 1289 ex
595 1263 660 1297 ipsis
674 1262 828 1296 choraules,
845 1264 885 1290 vir
906 1264 999 1297 ncqui—

212 1310 255 1337 tiis
270 1309 397 1341 famosus,
414 1309 458 1342 qui
479 1308 608 1335 accedens
619 1316 679 1335 eum
703 1310 845 1342 appetebat
864 1314 1001 1336 contume—

212 1355 272 1389 liis,
287 1354 378 1381 dicens
392 1361 452 1380 eum
467 1354 578 1388 impium
593 1358 620 1381 et
634 1353 817 1388 impostorem,
832 1359 860 1382 ct
880 1355 1000 1389 planum,

210 1405 238 1428 et
251 1401 293 1435 qui
310 1402 344 1428 ab
369 1401 492 1427 omnibus
509 1400 654 1427 habebatur
669 1401 746 1433 odio,
769 1405 798 1428 et
818 1402 864 1435 qui
888 1401 1002 1429 debebat

212 1446 278 1473 tnori
300 1446 376 1473 citius
393 1445 489 1481 (Ruff..
504 1446 522 1472 ι.
538 1454 572 1478 ιι,
588 1454 644 1480 cup.
660 1446 716 1482 19).
732 1447 780 1473 Cui
803 1447 865 1474 dicit
892 1447 1000 1482 Apollo-

212 1491 272 1519 nius
288 1499 296 1517 :
310 1490 477 1518 Misercltitut‘
501 1491 538 1518 tui
555 1491 697 1524 Dominus,
717 1499 734 1519 o
749 1491 843 1525 homo,
862 1496 890 1519 et
910 1499 1001 1520 eorum

213 1544 272 1572 quae
284 1536 354 1564 dicta
368 1541 429 1563 sunt
444 1537 508 1564 nihil
522 1538 568 1564 tibi
582 1542 718 1571 reputetur
730 1538 763 1564 ad
778 1541 924 1570 peccatum.
939 1538 1002 1565 Hasc

213 1587 302 1610 autem
317 1590 376 1609 cum
390 1583 515 1610 audiisset
530 1583 576 1610 ille
594 1583 746 1616 choraules,
763 1583 902 1610 Philemon
918 1584 1005 1611 nomi-

1048 305 1220 339 Apollonius,
1243 311 1269 333 et
1284 307 1391 341 quidam
1407 308 1450 335 alii
1466 306 1645 336 confessores.
1660 309 1726 337 Cum
1750 316 1842 337 omnes

1047 355 1136 377 autem
1151 351 1200 378 iter
1224 351 1439 386 ingrederentur,
1453 360 1514 380 eum
1530 353 1625 381 invasit
1639 354 1733 388 gratia,
1746 359 1775 383 et
1788 361 1843 383 οω-
1893 345 1897 350 ’

1049 395 1087 429 pit
1098 396 1196 423 docere
1211 396 1319 424 milites.
1338 397 1388 424 Ubi
1403 402 1490 426 autem
1506 398 1555 432 ipsi
1566 406 1671 433 quoque
1685 399 1841 434 compuneti

1050 440 1224 468 crediderunt
1236 441 1384 475 Servatori,
1396 447 1469 470 erant
1482 450 1573 470 omnes
1585 451 1637 470 uno
1647 444 1738 471 animo
1747 445 1840 472 vincti.

1047 485 1120 519 Quos
1133 493 1226 514 omnes
1241 494 1301 514 cum
1317 487 1429 514 vidisset
1445 487 1585 521 praefectus
1599 496 1614 514 a
1630 488 1682 516 ﬁde
1695 496 1748 515 non
1763 495 1844 523 posse

1044 532 1189 564 dimoveri,
1202 532 1282 566 jussit
1295 532 1389 568 projici
1402 533 1430 560 in
1445 533 1603 568 profundum
1616 534 1698 561 maris
1710 542 1717 560 :
1729 533 1782 562 hoc
1793 541 1843 561 au-

1048 585 1101 607 tem
1120 579 1169 607 fuit
1184 581 1223 608 eis
1237 581 1340 615 signum
1356 581 1534 615 baptismatis.
1549 580 1616 609 Cum
1636 589 1683 609 eos
1697 586 1786 609 autent
1800 581 1843 609 sui

1048 626 1213 653 invenissent
1239 627 1365 660 disjectos
1390 626 1416 654 in
1440 627 1550 659 littore,
1574 627 1695 654 fecerunt
1716 626 1842 654 omnibus

1047 672 1132 699 aedem
1147 678 1245 704 unam,
1260 671 1305 698 ubi
1327 679 1397 699 nunc
1421 671 1511 699 multat
1532 672 1645 700 virtutes
1669 677 1842 707 peraguntur.

1049 716 1131 743 'I‘anta
1147 721 1235 743 autem
1250 717 1298 743 l'uit
1312 717 1360 744 viri
1375 719 1469 751 gratia,
1485 721 1513 744 ut
1526 717 1608 754 de‘iis
1622 724 1684 752 quae
1697 722 1768 744 esset
1779 724 1841 752 pre-

1048 767 1134 795 catus,
1150 762 1239 788 statim
1255 763 1436 795 exaudiretur,
1451 770 1512 790 eum
1528 763 1567 790 sic
1583 763 1731 790 honoraute
1746 762 1842 791 Serva-

1048 812 1116 835 tore.
1141 809 1223 841 Quem
1247 810 1326 836 etiam
1350 816 1399 835 nos
1421 809 1446 836 in
1470 809 1598 843 martyrio
1619 808 1696 843 (112)
1719 808 1840 842 precati,

1048 856 1161 883 vidimus
1172 864 1232 883 cum
1244 857 1276 884 iis
1286 858 1332 891 qui
1344 864 1403 883 cttm
1417 857 1474 891 ipso
1486 858 1592 883 fuerunt
1602 856 1731 891 martyrio
1742 854 1845 889 allecti,

1049 906 1076 929 et
1092 903 1174 929 Deum
1190 903 1341 936 adorantes,
1355 910 1447 930 eorum
1465 902 1638 930 tabernacula
1654 901 1729 937 (115)
1744 901 1842 929 saluta-

1014 943 1036 972 B
1051 949 1137 975 vimus
1149 949 1175 976 in
1188 948 1336 976 Thebaide.

1323 992 1437 1021 CAPUT
1457 993 1572 1021 LXVIII.

1164 1039 1222 1067 Vita
1242 1039 1340 1067 abbatis
1364 1039 1481 1067 Dioscuri
1496 1040 1570 1076 (IN)
1587 1040 1739 1075 presbyteri.

1087 1085 1205 1112 Vidimus
1217 1091 1305 1112 autem
1318 1086 1396 1112 alium
1411 1093 1515 1120 quoque
1531 1085 1715 1121 presbyterum
1730 1085 1755 1111 in
1768 1083 1842 1112 'I‘he-

1050 1133 1138 1164 b'IItIC,
1153 1131 1259 1159 nomine
1273 1131 1442 1163 Dioscurum,
1459 1131 1565 1158 Patrem
1577 1137 1683 1158 centum
1697 1130 1843 1157 monacho-

1050 1184 1107 1204 rum
1125 1176 1221 1212 (ΙίιιΙΪ.,
1237 1167 1304 1209 ι.ἰι,
1328 1184 1387 1212 cap.
1403 1176 1460 1210 20).
1477 1176 1526 1209 Qui
1546 1184 1607 1203 cum
1624 1175 1654 1202 ad
1673 1175 1717 1202 Dei
1731 1175 1843 1210 gratiam

1050 1225 1141 1248 essent
1162 1222 1310 1253 accessuri,
1327 1221 1432 1248 dicebat
1446 1221 1484 1248 eis
1501 1229 1509 1248 ε
1525 1221 1619 1248 Videte
1643 1228 1676 1248 ne
1696 1223 1740 1255 qui
1763 1225 1843 1248 noctu

1051 1269 1216 1302 phantasmm
1229 1267 1320 1293 habuit
1333 1265 1462 1297 mulieris,
1477 1265 1574 1293 audent
1588 1266 1718 1293 accedere
1732 1265 1764 1292 ad
1779 1272 1842 1293 son-

1051 1318 1092 1340 cta
1107 1313 1289 1341 Sacramenta.
1304 1312 1342 1339 Ne
1362 1313 1422 1347 quis
1434 1320 1467 1340 ex
1489 1313 1563 1340 vobis
1579 1313 1642 1340 visis
1657 1318 1683 1340 et
1697 1313 1844 1348 phantasiis

1056 1358 1150 1393 pulsus
1163 1358 1346 1385 somniaverit.
1363 1357 1428 1385 Nam
1443 1358 1486 1392 qui
1502 1358 1602 1393 absque
1618 1358 1764 1392 phantasiis
1780 1357 1845 1384 ﬁunt

1052 1403 1141 1430 ﬂuxus
1155 1402 1266 1429 seminis
1277 1423 1283 1433 ,
1299 1410 1360 1430 casu
1378 1402 1459 1435 ﬁunt;
1477 1410 1526 1430 nec
1540 1411 1572 1430 ex
1591 1403 1800 1438 uniuscujusque
1813 1402 1845 1430 Ii-

1053 1449 1118 1475 bero
1143 1449 1223 1475 animi
1239 1447 1350 1475 arbitrio
1367 1447 1469 1483 insunt,
1494 1449 1540 1476 sed
1566 1449 1667 1484 absque
1691 1450 1847 1481 voluntate;

1053 1494 1201 1530 procedunt
1217 1493 1286 1520 enim
1303 1502 1336 1520 cx
1356 1497 1460 1527 natura,
1477 1499 1505 1522 et
1517 1498 1551 1522 ex
1563 1494 1722 1522 redundantl
1738 1494 1848 1522 materia

1052 1543 1241 1571 excernuntur,
1258 1540 1382 1574 quocirca
1398 1547 1448 1567 nec
1462 1544 1523 1567 sunt
1535 1545 1644 1574 peccato
1659 1540 1764 1567 obnoxii
1780 1548 1788 1567 :
1804 1539 1845 1566 vi-

1054 1591 1082 1612 sa
1105 1590 1193 1612 autem
1209 1591 1239 1611 ac
1254 1584 1401 1619 phantasia:
1417 1586 1567 1620 procedunt
1588 1593 1620 1613 ex
1636 1585 1719 1614 libera
1734 1585 1848 1621 eligendi

214 1636 259 1660 ne,
275 1629 447 1656 mordebatur
461 1629 565 1662 animo,
589 1636 603 1655 a
627 1629 716 1656 verbis
735 1629 792 1663 ejus
817 1634 1001 1664 compunctus.
1016 1625 1038 1656 C
1054 1631 1200 1662 Voluntate,
1227 1636 1253 1658 et
1268 1635 1330 1657 sunt
1345 1635 1531 1665 argumentum
1549 1632 1609 1658 tnali
1629 1631 1720 1658 animi.
1737 1631 1848 1665 Oportet

214 1674 308 1702 Statim
324 1679 411 1701 autem
427 1674 459 1700 ad
476 1674 591 1701 tribunal
608 1674 753 1708 prolectus,
770 1682 858 1701 coram
871 1674 960 1709 judice
974 1681 1004 1701 se

215 1721 295 1752 sistit,
311 1725 337 1746 et
352 1721 374 1746 ei
396 1720 469 1753 dicit,
487 1720 585 1755 populo
599 1724 730 1754 praesente
744 1728 751 1746 :
769 1720 867 1754 Injuste
890 1719 972 1752 facis,
987 1727 1004 1746 o

215 1764 307 1800 iudex,
343 1766 389 1799 qui
417 1767 490 1794 viros
523 1766 581 1800 pios
614 1769 641 1791 ct
674 1765 836 1798 nulIiCulpaa
850 1764 944 1791 afﬁnes
959 1772 1005 1798 pu-

217 1813 278 1844 nis;
296 1812 359 1838 nihil
382 1812 451 1838 Hiim
467 1812 527 1837 muli
551 1803 650 1837 faciunt
667 1819 715 1837 nec
734 1810 825 1837 dicunt
848 1811 1003 1838 Christiani.

217 1856 263 1883 Ille
278 1861 364 1882 autem
380 1863 438 1882 cum
454 1857 508 1888 ipse
525 1855 582 1882 haec
595 1855 706 1886 diceret,
719 1856 743 1882 in
759 1855 887 1889 principio
899 1855 1004 1889 quidum

218 1902 385 1928 existimabat
399 1909 458 1928 eum
472 1902 541 1935 loqui
555 1900 655 1927 ironice
669 1906 697 1927 ot
711 1901 854 1931 ludiﬁcari;
867 1907 1004 1936 postquam

218 1953 304 1973 autem
320 1955 379 1974 eum
393 1947 459 1975 vidit
474 1949 615 1982 persistere
632 1956 639 1973 :
655 1947 763 1979 Insanis,
781 1947 875 1983 inquit,
887 1956 904 1975 ο
915 1948 1006 1982 homo,

218 1999 243 2020 et
261 2001 334 2020 meus
350 1994 395 2020 tibi
410 1999 518 2028 repente
540 1993 581 2020 est
597 1999 693 2020 emota.
710 1993 756 2020 Ille
771 2000 856 2021 antem
874 2003 880 2020 :
894 1994 950 2021 Non
966 1996 1006 2021 in-

217 2039 304 2071 sanio,
320 2038 420 2072 inquit,
436 2047 452 2065 o
464 2038 548 2073 judes
570 2037 751 2072 iniustissime,
766 2046 823 2065 sum
838 2039 908 2066 enim
931 2039 1007 2066 Chri-

219 2085 330 2111 stianus.
355 2085 378 2111 Is
393 2090 480 2112 autem
497 2084 586 2112 multis
602 2085 736 2112 blanditiis
750 2092 801 2112 una
817 2092 876 2112 cum
892 2086 966 2112 turba
982 2087 1006 2113 ei

219 2129 364 2156 conabatur
385 2131 544 2163 persuadere
557 2139 563 2156 :
580 2136 716 2164 postquam
731 2136 819 2158 autem
833 2131 899 2158 vidit
913 2132 1007 2159 immo-

219 2174 310 2205 bilem,
323 2175 346 2201 ei
358 2182 438 2202 omne
452 2182 536 2209 genus
551 2179 682 2201 tormenta
695 2174 826 2203 adhibuit.
840 2175 907 2203 Cum
918 2181 1006 2204 autem

219 2221 351 2253 rapuisset
363 2220 541 2254 Apollonium,
556 2225 583 2247 et
601 2221 690 2247 multis
704 2228 765 2248 eum
790 2221 921 2249 aﬁ‘ecisset
944 2229 1006 2250 con-

221 2265 346 2298 tumeliis,
369 2266 454 2300 ipsum
470 2266 610 2300 torquebat
625 2271 750 2300 tanquam
766 2267 882 2301 planum.
901 2269 1008 2302 Apollo-

1055 1681 1155 1708 autcm,
1172 1675 1271 1708 inquit,
1286 1675 1445 1703 monachum
1461 1676 1594 1703 transilire
1609 1676 1688 1703 etiam
1701 1675 1787 1710 legem
1801 1683 1848 1703 na~

1056 1725 1139 1753 turea;
1157 1728 1254 1755 corpus
1272 1726 1360 1748 autem
1379 1721 1493 1755 liquare,
1507 1729 1556 1749 nec
1570 1721 1680 1749 inveniri
1696 1722 1723 1749 in
1739 1721 1791 1749 ullo
1806 1722 1848 1749 in-

1055 1767 1226 1799 quinamento
1249 1767 1354 1799 carnis,
1372 1767 1418 1793 sed
1442 1773 1548 1793 carnem
1574 1774 1720 1800 macerare,
1745 1773 1772 1794 et
1795 1775 1848 1794 non

1057 1812 1204 1839 concedere
1216 1811 1279 1838 utin
1292 1812 1348 1845 ipsa
1360 1811 1490 1839 redundet
1502 1813 1622 1839 materia.
1635 1812 1772 1839 Conamini
1784 1819 1848 1847 ergo

1057 1857 1128 1885 illam
1143 1857 1283 1884 exhaurire
1299 1857 1481 1892 frequentibus
1495 1861 1521 1884 et
1538 1858 1647 1893 prolixis
1667 1857 1790 1892 jejuniis;
1806 1858 1847 1885 sin

1058 1903 1146 1930 minus
1157 1907 1258 1935 autem,
1275 1910 1323 1929 nos
1339 1902 1371 1929 ad
1386 1903 1563 1936 appetitiones
1578 1907 1605 1929 et
1627 1903 1758 1929 desideria
1781 1902 1847 1930 inci-

1059 1953 1124 1975 tant.
1140 1947 1197 1975 Non
1212 1952 1316 1982 oportet
1331 1952 1419 1975 autem
1440 1947 1600 1975 mauachum
1614 1948 1744 1983 attingere
1766 1956 1848 1982 appe-

1059 1995 1165 2030 titiones
1188 1994 1279 2021 animi.
1304 1994 1332 2021 In
1354 2001 1406 2028 quo
1430 1995 1500 2021 enim
1524 1994 1627 2021 diﬁ'eret
1651 2001 1666 2021 a
1693 1994 1844 2027 mundanis,

1057 2047 1124 2075 quos
1139 2048 1210 2074 saepe
1224 2039 1345 2068 videmus
1360 2039 1493 2067 abstinere
1508 2047 1522 2066 a
1539 2039 1716 2073 voluptatibus
1737 2044 1847 2074 propter

1059 2086 1200 2113 sanitatem
1221 2086 1352 2120 corporis,
1367 2090 1413 2112 aut
1429 2090 1536 2120 propter
1550 2085 1651 2120 aliquas
1666 2085 1733 2112 alias
1755 2092 1847 2112 causas

1058 2139 1072 2157 a
1088 2131 1190 2157 ratione
1211 2130 1322 2157 minime
1335 2130 1360 2156 al
1372 2129 1455 2157 enas!
1466 2136 1566 2164 quanto
1581 2135 1670 2158 autem
1687 2130 1780 2166 magis,
1806 2130 1846 2157 iu-

1058 2176 1125 2213 quit,
1137 2176 1268 2205 monacho
1281 2175 1397 2204 curanda
1409 2180 1450 2203 est
1463 2176 1560 2204 animat
1572 2177 1672 2205 sanitas
1680 2181 1708 2204 ot
1721 2176 1846 2212 spiritus!

1341 2220 1452 2249 CAPUT
1471 2221 1564 2249 LXIX.

1245 2265 1388 2293 Nitriensa
1403 2266 1477 2301 (115)
1488 2266 1663 2293 ΑΜεΙιοηια.

220 2312 279 2339 nius
295 2317 381 2339 autem
396 2312 419 2339 ei
435 2312 505 2339 dixit
519 2321 524 2339 ;
542 2313 679 2348 optarem,
692 2321 708 2340 ο
720 2313 811 2348 iudex,
825 2319 854 2341 ut
870 2319 896 2342 ιυ
909 2320 936 2342 ει
949 2323 1007 2343 om-
1023 2309 1048 2338 ι)
1097 2311 1255 2340 Devenimus
1275 2318 1380 2346 quoque
1395 2311 1428 2338 ad
1451 2311 1615 2346 Nitrienses,
1638 2313 1681 2340 ubi
1703 2303 1800 2340 multos
1819 2318 1846 2341 et

220 2366 266 2386 nes
280 2364 425 2393 prtesentes
446 2359 515 2386 hunc
532 2367 618 2386 meum
635 2368 752 2387 errorem
776 2361 966 2395 sequeremini.
983 2361 1007 2389 Is

220 2407 308 2430 autem
321 2411 354 2430 co
376 2403 430 2430 haec
445 2404 560 2434 dicente.
574 2404 653 2439 jus~it
674 2406 767 2433 ambos
783 2407 834 2441 igni
857 2407 935 2439 tradi,
952 2412 1008 2435 toto

221 2448 377 2482 inspiciente
387 2449 494 2483 populo.
507 2450 571 2476 Cum
584 2455 671 2476 autem
684 2451 710 2477 in
724 2451 826 2478 ﬂamma
838 2457 928 2479 essent
939 2461 1008 2487 prte-

221 2499 296 2521 scnte
310 2495 413 2528 judice,
429 2502 520 2522 vocem
537 2496 569 2522 ad
588 2496 668 2522 Deum
697 2498 795 2524 emittit
814 2497 906 2525 beatus
927 2499 1008 2533 Apol-

221 2539 319 2571 lonius,
335 2545 390 2566 toto
413 2541 511 2575 populo
533 2541 656 2568 audiente
673 2546 700 2569 et
719 2542 808 2576 judice
824 2551 831 2570 :
845 2543 883 2571 Ne
907 2544 1005 2573 tradas.

221 2584 345 2617 Domine,
358 2585 448 2613 bestiis
458 2586 573 2613 animam
585 2587 752 2614 conﬁtentem
768 2589 823 2620 tibi,
836 2588 881 2615 sed
895 2589 1005 2623 teipsum

222 2630 298 2658 nobis
311 2637 401 2664 aperte
412 2631 521 2659 ostende
532 2631 618 2663 (Psal.
636 2632 742 2667 LXXIII).
756 2633 844 2660 Nubes
857 2638 944 2660 autem
961 2641 1005 2660 ro-

219 2677 290 2703 scida
303 2682 330 2702 et
344 2676 430 2703 lucida
444 2677 600 2709 adveniens,
611 2677 683 2704 viros
699 2682 773 2711 texit,
790 2679 848 2712 igne
862 2679 1004 2706 exstincto.

221 2721 364 2748 Admiratae
384 2726 470 2748 autem
486 2721 569 2748 turba:
591 2721 693 2755 etipse
715 2721 806 2756 jndex,
831 2723 978 2750 clamabant
997 2731 1003 2749 :

222 2763 293 2792 linus
308 2770 349 2793 est
370 2766 438 2793 Deus
452 2763 676 2799 Christianorum;
693 2768 828 2794 maleﬁcus
851 2775 916 2795 vero
930 2770 1003 2803 quis-

220 2811 289 2844 piam
312 2811 368 2840 lnec
382 2813 519 2839 renuntiat
535 2813 658 2846 praelecto
680 2812 857 2840 Alexandrina.
879 2813 928 2846 Qui
944 2821 1003 2841 cum

220 2857 340 2885 Crudeles
354 2860 480 2893 quosdam
496 2864 523 2886 ct
545 2860 674 2886 immanes
695 2858 821 2892 elegiSset
842 2865 1004 2894 protectores

219 2903 245 2931 ct
257 2904 438 2939 apparitores,
454 2912 499 2932 eos
514 2905 583 2932 misit
598 2910 625 2932 ut
640 2905 739 2932 vinctos
755 2905 915 2933 adducerent
932 2905 1003 2939 judi—

1059 2364 1170 2391 magnos
1184 2357 1299 2382 vidimus
1313 2355 1503 2388 anachoretas;
1519 2358 1615 2390 partim
1627 2358 1732 2392 quidem
1744 2358 1844 2394 indige-

1059 2411 1118 2436 nas,
1135 2402 1230 2436 partim
1243 2408 1306 2428 vero
1325 2402 1404 2428 etiam
1421 2401 1550 2435 hospites,
1565 2403 1608 2436 qui
1623 2409 1652 2429 so
1675 2403 1786 2431 invicem
1800 2412 1844 2432 su-

1059 2447 1186 2482 perabant
1201 2445 1352 2478 virtu;ibus,
1369 2450 1396 2472 et
1411 2453 1506 2480 magno
1520 2447 1610 2474 studio
1624 2455 1653 2474 se
1672 2448 1844 2481 exercebant,

1058 2499 1085 2521 et
1106 2494 1132 2521 in
1149 2493 1247 2520 vita'se
1264 2492 1376 2519 invicem
1393 2493 1587 2521 contendebant
1603 2501 1730 2527 superare
1743 2494 1843 2529 (Hum,

1057 2539 1076 2566 ι.
1094 2547 1123 2572 ιι,
1138 2547 1196 2574 cap.
1207 2537 1265 2574 2|).
1282 2538 1314 2564 Et
1326 2538 1369 2564 alii
1385 2537 1490 2572 quidem
1506 2546 1537 2565 ex
1553 2537 1616 2573 ipsis
1629 2539 1802 2567 versabantur
1816 2540 1843 2568 in

1057 2584 1294 2618 contemplatione,
1307 2582 1351 2610 alii
1368 2590 1430 2610 vero
1452 2584 1477 2610 iu
1492 2584 1606 2611 actione.
1622 2582 1687 2611 Cum
1712 2585 1844 2613 vidissent

1057 2635 1144 2657 autem
1160 2631 1242 2665 aliqui
1262 2637 1294 2657 ex
1318 2629 1381 2662 ipsis
1403 2637 1452 2657 nos
1475 2629 1565 2663 procul
1589 2630 1736 2664 venientes,
1759 2631 1843 2666 aliqui

1056 2675 1162 2710 quidem
1178 2676 1253 2703 nobis
1268 2683 1328 2704 cum
1348 2682 1416 2711 aqua
1431 2680 1621 2708 occurrerunt;
1636 2679 1663 2703 et
1676 2676 1720 2703 alii
1734 2675 1841 2710 quidem

1057 2722 1138 2756 pedes
1149 2727 1253 2750 nostros
1266 2722 1398 2754 lavabant,
1413 2721 1460 2748 alii
1476 2728 1538 2747 vero
1559 2726 1646 2748 vestes
1668 2721 1842 2754 uiuudabnnt,

1056 2769 1099 2796 alii
1114 2775 1176 2795 vero
1190 2769 1222 2795 ad
1243 2768 1330 2795 cibum
1345 2767 1499 2798 invitabant,
1516 2767 1560 2794 alii
1576 2772 1662 2794 autem
1674 2767 1707 2794 ad
1721 2771 1840 2794 contem-

1057 2815 1197 2849 plationem
1212 2818 1239 2841 et
1255 2813 1299 2840 Dei
1315 2813 1510 2847 cognitionem,
1526 2817 1555 2840 et
1567 2813 1636 2846 quod
1660 2813 1841 2848 unusquisque

1056 2867 1086 2886 ex
1102 2859 1132 2885 iis
1145 2863 1257 2893 poterat,
1273 2859 1298 2885 in
1312 2865 1345 2885 eo
1360 2857 1482 2885 studebat
1495 2865 1543 2885 nos
1556 2858 1656 2892 juvare.
1674 2858 1706 2885 Et
1722 2858 1784 2893 quid
1799 2859 1840 2886 di-

1055 2905 1124 2933 xerit
1139 2904 1268 2938 quispiam
1283 2912 1375 2932 omnes
1389 2912 1479 2932 corum
1495 2905 1615 2938 virtutes,
1631 2912 1690 2932 cum
1704 2904 1840 2937 nihilpos-
