2072 3153
241 193 313 222 11⁵15

972 191 1131 220 ιδΑιιΑῡιι

1794 185 1863 213 11⁸⁷6

239 250 290 278 ait
302 250 393 278 dicere
406 256 453 284 pro
467 249 613 285 dignitate?
628 249 753 278 Habitant
773 250 862 286 itaque
883 250 971 279 locum
984 250 1034 279 de-
1046 251 1072 281 Α
1084 249 1191 283 quando
1206 248 1408 284 uniuscujusque
1419 248 1535 276 venisset
1544 248 1690 281 translatio,
1700 247 1726 275 id
1738 249 1861 277 omnibus

252 299 365 328 sertum,
380 299 407 322 et
421 294 518 322 habent
535 295 616 322 cellas
630 303 727 330 magno
751 296 820 324 inter
842 303 872 324 se
893 296 1034 324 intervallo

253 340 399 374 disjunctas
408 359 417 370 .
431 344 459 366 ut
473 339 560 382 n'ullus
575 341 657 375 possit
671 341 760 374 procul
774 341 879 375 agnosci
892 341 927 368 ab
939 341 1034 374 altero,

252 391 338 422 neque
357 385 409 412 cito
430 385 524 416 videri,
549 393 599 412 nec
621 393 673 413 vox
692 387 793 420 audiri;
813 387 861 414 sed
883 388 982 421 degunt
1007 387 1034 414 in

251 431 336 458 multa
350 430 453 464 quiete.
474 431 654 467 nuuSquisque
675 439 723 465 per
741 439 771 459 se
792 433 918 459 inclusus.
942 432 1033 459 Solum

251 482 339 505 autem
352 477 469 505 Sabbato
476 482 505 505 et
516 478 652 506 D-tminico
662 484 854 513 congregantur
863 479 890 506 in
902 479 1034 510 ecclesiis,

251 527 279 551 et
294 529 323 550 se
344 523 458 551 invicem
477 525 622 558 excipiunt.
645 525 716 552 Multi
740 530 828 552 autem
850 532 883 552 ex
908 526 941 552 iis
962 532 1034 559 sape

249 569 329 596 etiam
343 574 457 602 quatuor
468 569 526 596 dies
541 571 712 598 inveniuntur
730 572 756 598 in
768 571 852 604 cellis,
874 579 906 598 eo
920 571 989 605 quod
1005 578 1034 599 se

250 612 364 641 invicem
379 622 430 642 non
445 614 561 648 videant,
579 620 752 649 praeterquam
767 616 793 642 in
804 616 924 643 collecta.
944 616 976 644 Et
988 616 1033 644 alii

250 658 357 692 quidem
376 667 410 686 ex
434 660 473 687 bis
498 660 640 687 veniebant.
659 661 692 687 ad
711 661 848 688 collectam
869 669 884 688 a
908 663 986 689 tertio
1007 667 1034 690 et

249 710 343 739 quarto
364 705 465 740 lapide,
481 710 534 733 tam
547 707 623 741 longe
642 712 705 734 sunt
724 707 818 734 remoti
835 715 850 734 a
864 714 894 735 se
909 707 1033 735 invicem.

249 750 360 777 Tantam
370 754 460 778 autem
474 751 573 779 habent
587 752 657 779 inter
671 759 700 780 se
713 753 880 785 charitatem,
896 753 976 780 etiam
989 760 1034 779 su-

249 803 298 830 pra
311 796 440 830 reliquam
454 797 657 829 fraternitatem,
694 802 723 826 ut
759 797 852 825 multis
887 797 935 832 qui
974 805 1033 825 cum

250 842 314 876 ipsis
326 843 391 869 salvi
407 850 467 871 esse
482 843 623 876 voluerint,
641 843 821 879 unusquisque
833 843 940 870 studeat
959 849 1033 871 suam

240 886 343 918 cellam
360 888 400 915 eis
417 887 483 916 dare
496 888 529 915 ad
547 895 577 915 se
592 887 764 916 reﬁciendum

533 932 644 960 CAPUT
663 933 745 959 LXX.

269 975 307 1003 De
319 977 413 1003 Abbale
423 977 556 1004 Ammonio
570 977 645 1007 (116)
658 983 681 1004 et
695 978 728 1005 iis
739 978 784 1007 aui
796 983 868 1005 erant
881 986 938 1005 cum
951 978 1016 1013 ipso.

285 1021 406 1049 Vidimus
428 1026 516 1049 autem
541 1023 645 1050 Patrem
667 1030 773 1057 quoque
795 1030 887 1051 eorum
912 1024 957 1058 qui
980 1023 1036 1050 illic

248 1072 339 1101 erant,
351 1067 458 1095 nomine
467 1067 649 1101 Ammonium,
661 1069 802 1096 habentem
814 1068 927 1096 eximias
941 1068 1033 1102 cellas,

249 1116 279 1140 et
287 1112 395 1145 atrium.
409 1117 435 1141 et
447 1118 565 1148 puteum,
588 1117 616 1140 et
626 1113 727 1148 reliqua
739 1115 899 1142 necessaria.
911 1114 977 1142 Cum
988 1122 1035 1141 au-

250 1162 304 1186 tem
325 1157 358 1185 ad
371 1165 432 1185 eum
443 1159 558 1185 venisset
568 1159 674 1193 quidam
686 1158 766 1187 frater
776 1159 819 1194 qui
831 1159 935 1187 volebat
946 1159 1036 1188 salvus

249 1205 317 1237 ﬁeri,
329 1209 356 1232 et
369 1205 393 1232 ei
405 1205 505 1233 diceret
519 1210 547 1232 ut
557 1205 607 1240 ipsi
620 1206 751 1233 inveniret
761 1206 855 1234 cellam
866 1206 899 1232 ad
915 1206 1035 1233 habitan-

250 1251 325 1284 dum,
340 1251 412 1279 illico
439 1259 572 1286 egressus,
600 1253 727 1286 praecepit
739 1252 764 1280 ei
784 1259 818 1280 ne
835 1252 1006 1285 egrederetur
1021 1259 1035 1280 ε

250 1296 335 1329 cellis,
350 1297 436 1324 donec
460 1296 508 1330 ipsi
524 1296 669 1324 invenisset
680 1301 770 1331 aptum
798 1296 993 1328 habitaculum;
1009 1301 1035 1324 et

251 1349 310 1370 eum
322 1341 371 1375 ipsi
385 1341 534 1376 reliquisset
548 1341 637 1369 omnia
660 1349 720 1376 qua;
744 1341 867 1374 habebat,
889 1349 950 1368 cum
972 1341 1036 1377 ipsis

251 1387 338 1421 cellis,
352 1387 469 1422 seipsum
494 1387 599 1414 inclusit
624 1387 651 1414 in
664 1394 773 1422 parvam
796 1387 900 1414 cellam.
924 1385 1036 1419 Quodsi

251 1432 342 1467 plures
355 1436 432 1459 erant
452 1432 497 1466 qui
523 1432 718 1459 conveniebant
742 1431 860 1458 volentes
871 1430 938 1458 salvi
967 1430 1035 1464 fieri,

252 1476 432 1512 congregabat
443 1477 595 1506 universam
610 1476 815 1509 fraternitatem,
827 1480 854 1504 et
867 1475 914 1502 illo
927 1475 1035 1510 quidem

253 1522 374 1550 tradente
401 1522 509 1554 lateres,
533 1522 583 1549 hoc
607 1529 671 1549 vero
697 1529 804 1555 aquam,
833 1519 1037 1554 perﬁciebantur

250 1566 329 1594 cella:
341 1567 367 1594 in
379 1574 431 1595 uno
444 1567 498 1593 die.
515 1567 568 1594 Eos
591 1570 680 1593 autem
695 1566 739 1601 qui
754 1570 829 1593 erant
851 1565 993 1591 habitaturi
1009 1565 1035 1591 in

1085 295 1158 330 prius
1172 295 1365 329 signiﬁcantem
1378 299 1406 322 et
1420 301 1450 322 se
1465 294 1652 327 reclinantcm.
1666 294 1792 324 dormire.

1355 338 1467 366 CAPUT
1486 338 1591 366 LXXII.

1201 384 1260 411 Vita
1272 384 1368 411 abbatis
1381 384 1506 410 Ammona
1521 383 1596 420 (IIS)
1610 385 1746 419 presbth

1119 431 1167 458 Est
1184 435 1273 457 autem
1288 430 1338 456 alia
1353 437 1459 463 quoque
1472 429 1586 456 solitudo
1600 430 1625 456 in
1642 428 1765 464 Egypto,
1784 428 1865 456 mari—

1085 476 1147 504 tima
1160 476 1278 510 quidem,
1293 475 1340 502 sed
1354 475 1521 506 difficillima,
1537 475 1563 501 in
1578 481 1629 508 qua
1650 474 1725 502 multi
1738 479 1766 501 et
1777 472 1865 509 magni

1085 521 1205 548 habitant
1217 521 1398 552 anachoreta,
1410 528 1468 554 quae
1482 524 1525 547 est
1535 527 1615 554 prope
1636 519 1729 547 urbem
1757 519 1865 546 Diolcou

1085 567 1183 602 (Ruﬂ'.,
1197 566 1217 593 Ι.
1233 575 1262 600 ιι,
1289 575 1345 601 cap.
1360 565 1403 597 52,
1420 566 1460 592 cui
1471 565 1562 592 dicitur
1577 564 1732 599 Piammon).
1748 565 1866 592 Vidimus

1085 617 1170 639 autem
1184 611 1239 638 illic
1252 611 1434 645 presbyterum
1449 611 1533 638 virum
1547 615 1668 637 sanctum
1686 614 1713 636 et
1727 609 1803 636 valde
1817 609 1866 636 hn—

1084 657 1184 687 milem.
1195 661 1223 683 et
1234 656 1340 683 assidue
1351 656 1484 682 videntem
1496 655 1623 688 visiones,
1639 655 1747 681 nomine
1758 655 1867 680 Ammo-

1084 709 1156 730 nam.
1178 701 1203 728 Is
1227 701 1368 736 aliquando
1392 700 1507 728 oﬂ'erens
1522 700 1576 727 Deo
1593 699 1750 726 sacrificium
1780 697 1865 733 (H9).

1085 746 1155 774 videt
1165 747 1286 781 angelum
1300 750 1415 774 stantem
1426 753 1441 772 a
1454 745 1557 772 dextris
1568 745 1672 774 altaris.
1690 748 1717 771 et
1729 748 1865 771 notantem

1085 791 1180 819 iratres
1193 792 1350 819 accedentes
1365 791 1396 817 ad
1410 791 1535 824 gratiam,
1549 794 1576 816 et
1587 789 1746 817 scribentem
1758 789 1785 815 in
1798 788 1867 816 libro

1085 844 1177 864 eorum
1193 837 1311 865 nomina.
1322 836 1389 863 Cum
1404 840 1492 862 autem
1506 842 1559 861 non
1574 833 1719 860 adfuissent
1742 833 1822 867 aliqui
1839 832 1866 859 in

1085 883 1189 918 synaai,
1206 882 1272 909 vidit
1296 882 1379 909 deleri
1403 888 1496 908 eorum
1523 880 1640 911 nomina.
1661 881 1707 914 qui
1731 884 1791 912 post
1814 885 1868 906 tres

1049 927 1072 957 Β
1085 929 1141 955 dies
1152 932 1215 955 sunt
1228 927 1335 954 mortui.
1360 926 1426 953 Eum
1440 933 1511 960 saepe
1524 929 1676 959 torquentes
1689 924 1824 951 daemones
1839 923 1866 950 in

1086 979 1185 1001 tantam
1200 973 1366 1000 adduxerunt
1376 971 1594 1003 imbecillitatem,
1608 974 1638 997 ut
1651 977 1702 997 non
1714 974 1803 1003 posset
1812 969 1869 1003 ipse

1084 1023 1156 1045 stare
1169 1018 1203 1045 ad
1218 1025 1302 1050 aram,
1316 1024 1366 1044 nec
1378 1015 1477 1044 oﬂ‘erre
1493 1024 1501 1042 :
1523 1015 1632 1050 angelus
1645 1019 1733 1042 autem
1748 1014 1869 1046 vestiens,

1085 1063 1145 1098 ejus
1157 1070 1236 1089 manu
1260 1062 1438 1096 apprehensa,
1458 1061 1578 1094 protinus
1606 1067 1666 1088 cum
1691 1058 1867 1088 conﬁrmavit.

1086 1113 1112 1135 et
1126 1115 1218 1134 sanum
1230 1106 1262 1133 ad
1271 1114 1343 1133 aram
1354 1105 1456 1133 statuit.
1471 1104 1553 1139 Cujus
1567 1109 1698 1132 tormenta
1713 1111 1773 1131 cum
1787 1101 1870 1130 vidis-

1086 1160 1145 1197 sent
1156 1153 1264 1187 fratres,
1279 1153 1483 1187 obstupuerunt.

1357 1207 1470 1236 CAPUT
1489 1206 1570 1235 LXXI
1575 1205 1606 1233 11.

1302 1253 1341 1282 De
1353 1254 1443 1281 abbate
1455 1253 1556 1280 Joanne
1570 1251 1660 1286 (120).

1125 1300 1249 1328 Vidimus
1261 1304 1350 1327 autem
1370 1298 1451 1326 alium
1466 1298 1572 1331 quoque
1586 1296 1613 1323 in
1626 1294 1726 1327 Diolm,
1741 1293 1869 1322 Joamient

1085 1346 1193 1373 nomine
1206 1344 1302 1379 (Ra/ﬁ,
1312 1344 1330 1371 ι.
1343 1350 1372 1376 ιι,
1388 1350 1446 1377 cap.
1458 1341 1515 1375 35),
1529 1345 1628 1375 patrem
1640 1339 1868 1369 monasteriorum,

1086 1391 1131 1425 qui
1146 1391 1203 1424 ipse
1217 1397 1323 1425 quoque
1334 1388 1443 1417 multam
1455 1386 1571 1414 habebat
1580 1385 1703 1421 gratiam,
1718 1388 1746 1411 et
1757 1384 1868 1411 Abrahae

1086 1435 1216 1470 habitum,
1230 1440 1259 1462 et
1272 1434 1381 1462 barbam
1397 1434 1497 1461 Aaron.
1512 1430 1650 1458 Eﬂieiebat
1660 1433 1747 1457 autem
1760 1428 1869 1456 virtutes

1085 1486 1166 1515 atque
1180 1480 1342 1513 curationes,
1352 1479 1435 1514 utqui
1449 1477 1550 1506 multos
1561 1476 1664 1505 curavit
1676 1474 1834 1510 paralyticos
1843 1478 1868 1501 et

1087 1526 1201 1560 podagra
1217 1525 1378 1554 laborantes.

1347 1567 1460 1596 CAPUT
1493 1566 1610 1595 LXXIV.

251 1612 336 1645 cellis,
342 1611 369 1638 in
376 1612 515 1639 ecclesiam
523 1611 652 1638 vocabant
658 1611 690 1638 ad
697 1609 818 1637 c0nvivia
825 1617 833 1642 ;
841 1610 956 1644 dumque
962 1609 998 1636 illi
1005 1616 1034 1637 se

1125 1615 1185 1643 Vita
1196 1614 1293 1642 abbatis
1309 1612 1448 1648 Pilyrionia
1460 1616 1483 1638 et
1495 1611 1569 1647 (121)
1584 1618 1672 1638 eorum
1685 1610 1729 1645 qui
1739 1616 1798 1637 cum
1816 1609 1871 1645 ipso

252 1662 375 1684 recreant
392 1661 419 1684 et
434 1656 592 1689 exhilarant,
609 1656 789 1690 unusquisque
802 1663 862 1682 cum
878 1663 894 1683 e
906 1662 952 1682 sua
966 1655 1034 1682 cella

251 1702 357 1730 ovillam
369 1710 443 1729 suam
460 1703 555 1737 pellem
577 1707 623 1730 aut
637 1708 755 1737 sportam
779 1709 846 1736 pane
867 1702 910 1730 vel
930 1702 1035 1729 cn-teris

251 1748 386 1782 implesset
401 1749 569 1780 necessariis,
583 1748 736 1775 deferebant
758 1747 791 1775 ad
806 1755 888 1775 novas
900 1747 993 1780 cellas,
1006 1750 1036 1773 ut

251 1792 318 1819 nulli
331 1796 392 1819 nota
405 1797 476 1819 esset
492 1792 696 1827 uniuscujusque
718 1792 826 1819 oblatio.
839 1792 924 1819 Noctu
946 1797 1034 1818 autem

252 1839 391 1865 venientes
406 1837 547 1865 habitaturi
561 1844 623 1865 suas
636 1838 730 1871 cellas,
744 1841 854 1870 repente
865 1837 1036 1865 inveniebant

240 1884 338 1926 1onmia
350 1885 511 1912 necessaria.
525 1883 598 1911 Multi
610 1887 699 1911 autem
713 1891 747 1911 ex
760 1884 823 1918 ipsis
837 1891 923 1917 neque
937 1890 1033 1917 panem

244 1929 424 1957 'comedebant
441 1937 489 1957 nec
512 1929 623 1961 fructus,
639 1929 685 1955 sed
705 1929 789 1956 solum
806 1927 895 1963 intyba
907 1928 1032 1962 agrestia.

252 1974 363 2008 Quidam
386 1981 474 2001 autem
487 1982 519 2001 ex
534 1974 598 2008 ipsis
614 1978 667 2001 tota
691 1979 768 2000 nocte
782 1981 834 1999 non
850 1973 1033 2006 dormiebant;

252 2020 298 2047 sed
312 2020 434 2048 sedentes
448 2021 490 2048 vel
511 2025 612 2065 stantes
635 2027 718 2054 usque
732 2019 764 2047 ad
780 2026 867 2054 mane,
878 2026 1036 2054 persevera-

254 2067 316 2093 bant
330 2067 356 2093 in
370 2067 501 2094 oratione.
565 2065 570 2070 “

531 2111 643 2139 CAPUT
663 2109 756 2138 LXXI.

255 2157 315 2184 Vita
327 2156 422 2184 abbatis
434 2155 529 2183 Itidari
539 2156 614 2192 (117)
625 2161 647 2184 et
661 2164 746 2182 eorum
759 2156 802 2191 qui
815 2159 887 2181 erant
899 2162 956 2181 cum
967 2157 1033 2188 ipso.

289 2203 407 2230 Vidimus
418 2207 504 2229 autem
516 2202 542 2228 in
552 2202 686 2229 Thebaide
696 2201 885 2228 monasterium
897 2201 1034 2234 cujusdam

253 2247 342 2282 magni
358 2247 461 2278 lsidori,
488 2246 558 2281 quod
584 2246 654 2273 intus
669 2245 780 2273 habebat
795 2241 867 2273 niille
889 2244 1033 2272 monachos

1439 1651 1520 1673 εηιηι.

1121 1695 1240 1722 Vidimus
1254 1699 1341 1721 autem
1357 1692 1383 1719 in
1398 1691 1536 1719 Thebaide
1559 1690 1641 1717 altum
1660 1693 1779 1716 montem
1789 1687 1871 1716 ﬂuvio

1085 1742 1278 1774 imminentem,
1292 1737 1368 1766 valde
1383 1736 1526 1764 terribilem
1541 1740 1567 1763 et
1581 1735 1757 1769 praecipitem,
1768 1737 1795 1761 et
1809 1741 1865 1760 mo-

1086 1787 1184 1814 nachos
1193 1786 1247 1813 illic
1256 1785 1376 1812 viventes
1389 1784 1414 1810 in
1425 1780 1660 1817 Speluncis(Ru/f.,
1675 1780 1693 1808 l.
1708 1787 1736 1812 ιι,
1745 1787 1802 1814 ουρ.
1811 1778 1870 1813 31).

1087 1831 1186 1858 Eorum
1209 1834 1297 1857 autem
1313 1832 1388 1863 pater
1406 1832 1464 1854 erat
1486 1827 1594 1853 nomine
1615 1825 1742 1860 Pityrion,
1758 1824 1803 1859 qui
1822 1822 1870 1850 fuit

1086 1883 1154 1904 unus
1164 1883 1197 1903 ex
1207 1874 1344 1909 discipulis
1354 1873 1472 1905 Antonii,
1486 1877 1513 1899 et
1525 1872 1618 1898 tertius
1631 1871 1676 1904 qui
1692 1870 1764 1896 illum
1782 1869 1866 1896 locum

1085 1921 1207 1954 excepit;
1221 1921 1265 1955 qui
1280 1919 1385 1954 quidem
1399 1918 1494 1944 multas
1505 1917 1616 1943 virtutes
1629 1915 1769 1947 efﬁciebat,
1781 1919 1807 1941 et
1815 1913 1869 1940 eili-

1085 1968 1184 1995 caciter
1198 1967 1306 2000 spiritus
1334 1963 1493 1998 expellebat.
1518 1961 1585 1989 Cum
1604 1961 1675 1988 enim
1700 1960 1870 1987 successisset

1086 2013 1201 2041 Antonio
1226 2018 1252 2039 et
1276 2012 1333 2046 ejus
1356 2009 1487 2043 discipulo
1508 2008 1658 2040 Ammoneo,
1682 2007 1777 2034 merito
1791 2006 1869 2033 etiam

1086 2057 1215 2085 successit
1235 2055 1381 2083 hmreditati
1407 2055 1535 2081 donorum
1558 2052 1626 2086 :qui
1651 2052 1749 2078 multos
1764 2050 1869 2085 quidem

1088 2105 1156 2131 alius
1166 2111 1270 2139 quoque
1281 2103 1352 2137 apud
1360 2109 1410 2128 nos
1416 2100 1510 2129 habuit
1518 2098 1737 2133 sermones,«quin
1746 2097 1824 2125 etiam
1837 2096 1870 2124 de

1087 2149 1249 2177 discretione
1264 2148 1403 2181 spirituum
1419 2151 1541 2172 accurate
1556 2145 1691 2176 disseruit,
1707 2144 1798 2171 dicens
1811 2150 1870 2171 esse

1086 2196 1188 2231 aliquos
1201 2194 1335 2221 daemones
1350 2191 1394 2226 qui
1407 2194 1551 2225 sequuntur
1563 2189 1643 2216 animi
1655 2195 1750 2220 m0!us,
1765 2192 1792 2215 et
1805 2195 1868 2214 nos-

1091 2245 1147 2267 tras
1163 2239 1315 2266 aﬂ'ectiones
1330 2237 1362 2264 ad
1376 2236 1472 2263 malum
1485 2242 1555 2270 saepe
1565 2238 1731 2261 convertunt.
1746 2232 1869 2267 Quisquis

251 2279 348 2329 (Ita-[72,
362 2293 381 2321 Ι.
393 2301 422 2326 ιι,
436 2279 566 2327 εαρίΠ).
584 2292 700 2320 ilabebat
714 2297 802 2319 autem
818 2292 888 2319 intus
901 2295 996 2326 puteos
1011 2295 1037 2316 et
1053 2286 1077 2316 D
1089 2294 1162 2319 ergo.
1177 2293 1194 2312 0
1207 2285 1264 2318 lilii.
1280 2283 1385 2311 dicebal
1396 2281 1526 2329 “Nimbis:
1533 2281 1588 2329 "lii
1602 2280 1708 2329 niger-8
1720 2279 1862 2329 (ξωιηοιξθε,

247 2341 354 2376 hortos,
363 2345 388 2367 et
396 2346 559 2374 quaecunque
567 2338 664 2365 suntad
674 2346 748 2365 usum
757 2338 918 2369 necessaria,
929 2336 1035 2363 nemine

254 2385 407 2420 egrediente
421 2375 494 2411 extra
524 2385 713 2412 monasterium
729 2392 736 2410 :
755 2384 801 2410 sed
826 2389 884 2410 erat
898 2383 1036 2417 presbyter

251 2431 363 2467 janitor,
376 2431 420 2466 qui
434 2430 534 2458 nullum
549 2423 716 2463 permittebat
729 2429 830 2464 egredi,
846 2435 930 2462 neque
954 2429 1036 2455 alium

245 2473 367 2509 ingredi,
383 2479 559 2508 praeterquam
574 2473 595 2500 si
609 2476 668 2509 quis
682 2474 759 2500 vellet
776 2479 860 2508 usque
875 2472 908 2498 ad
919 2477 1035 2498 mortem

248 2518 306 2547 illic
324 2527 481 2554 permanere
496 2526 623 2554 nusquam
640 2517 822 2553 progrediens.
851 2517 933 2544 Porro
947 2521 1035 2543 autem

252 2572 299 2590 eos
309 2564 354 2599 qui
367 2569 469 2599 portam
483 2562 728 2598 ingrcdiebanturin
739 2568 821 2597 parvo
833 2558 984 2587 nabitacnlo
994 2567 1036 2587 ex-

252 2608 367 2644 cipiebat
379 2605 509 2643 hospitio;
523 2613 550 2635 et
563 2616 622 2635 cum
638 2615 715 2634 mane
730 2606 984 2641 dedisseteulogias,
1009 2605 1034 2632 in

253 2661 319 2688 pace
330 2654 488 2681 deducebat.
499 2653 556 2680 Duo
571 2659 657 2680 autem
673 2660 706 2679 ex
716 2652 779 2687 ipsis
795 2651 942 2686 presbyteri
951 2651 1034 2678 solum

252 2700 364 2727 cxibnnt,
384 2707 463 2734 opera
478 2698 587 2725 fratrum
603 2697 830 2729 administrantes,
845 2700 872 2723 et
888 2696 1037 2723 referebant

251 2752 283 2771 ca
295 2752 354 2779 qtae
367 2751 442 2771 erant
459 2743 524 2778 ipsis
540 2744 572 2770 ad
598 2751 673 2770 usum
688 2742 848 2769 necessaria.
864 2742 934 2768 Dixit
948 2746 1035 2767 autem

254 2789 317 2815 mihi
330 2789 351 2815 is
362 2789 407 2823 qui
417 2795 517 2823 portam
527 2788 692 2815 custodiebat
702 2788 849 2822 presbyter,
857 2794 902 2814 eos
910 2787 955 2821 qui
966 2787 1036 2813 intus

253 2837 315 2860 sunt
323 2838 427 2859 sanctos
433 2841 492 2860 esse
501 2833 576 2864 tales,
586 2838 614 2859 ut
624 2833 722 2867 possint
730 2839 823 2859 oumcs
831 2832 905 2866 signa
913 2831 1035 2862 efﬁcere;

253 2882 280 2905 et
299 2878 431 2906 neminem
443 2883 504 2906 ante
520 2878 657 2906 decessum
668 2877 694 2905 in
710 2876 831 2904 morbum
844 2876 975 2907 incidere;
990 2875 1036 2903 sed

1088 2332 1161 2367 prius
1176 2333 1201 2357 in
1214 2330 1366 2358 servitutem
1378 2327 1479 2361 redigat
1489 2326 1640 2353 affectiones
1654 2325 1750 2357 animi;
1765 2325 1867 2359 qualem

1089 2379 1158 2405 enim
1171 2376 1229 2410 quis
1240 2374 1370 2408 superarit
1382 2372 1559 2403 affectionem,
1572 2370 1629 2405 ejus
1644 2377 1749 2405 quoque
1762 2370 1869 2401 expellit

1089 2423 1246 2449 dzcmonem.
1257 2421 1367 2454 Oportet
1379 2423 1465 2445 autem
1475 2425 1522 2444 vos
1532 2416 1656 2451 paulatim
1672 2417 1777 2443 vincere
1789 2416 1867 2442 affec-

1090 2467 1187 2499 tiones,
1203 2471 1227 2493 ut
1243 2463 1481 2498 earumexpellatis
1490 2462 1634 2489 da-mones.
1644 2462 1767 2495 Sequitur
1781 2462 1866 2494 gulam

1088 2513 1202 2540 daemon.
1232 2511 1260 2539 Si
1282 2511 1341 2545 quis
1360 2516 1424 2543 ergo
1449 2508 1537 2542 gulam
1561 2506 1732 2540 superaverit.
1772 2504 1868 2539 expel—

1088 2557 1120 2584 lit
1157 2556 1216 2592 ejus
1274 2558 1433 2584 dzcmonem.
1457 2556 1481 2583 is
1506 2559 1593 2581 autem
1616 2553 1770 2580 comedebat
1787 2550 1826 2578 bis
1840 2549 1867 2576 In

1089 2603 1263 2635 hebdomada,
1277 2601 1410 2629 Dominica
1423 2605 1449 2628 et
1460 2600 1551 2635 quinta
1565 2599 1640 2631 feria,
1652 2604 1757 2632 parvam
1769 2596 1865 2630 pultem

1087 2657 1119 2677 ex
1136 2649 1218 2676 farina
1233 2647 1324 2683 (lii);
1346 2654 1394 2673 nec
1417 2649 1518 2680 poterat
1533 2644 1631 2678 aliquid
1654 2643 1724 2669 aliud
1749 2646 1864 2669 sumere.

1087 2699 1226 2731 propterea
1237 2693 1306 2727 quod
1318 2700 1394 2718 suum
1408 2689 1525 2717 habitum
1540 2689 1573 2716 ita
1585 2690 1732 2715 formasset.

1355 2735 1468 2764 CAPUT
1488 2734 1592 2763 LXXV.

1269 2782 1326 2809 Vita
1342 2781 1444 2816 Eulogii
1460 2780 1534 2816 (123)
1549 2779 1694 2815 presbyteri.

1125 2828 1244 2856 Vidimus
1255 2833 1341 2854 autent
1352 2829 1429 2853 alium
1442 2834 1545 2860 quoque
1559 2825 1748 2859 presbyterum,
1761 2818 1868 2849 nomine

1092 2875 1242 2908 Eulogium,
1255 2873 1298 2908 qui
1309 2874 1333 2900 in
1345 2872 1487 2900 oﬂ‘ercndis
1499 2871 1552 2899 Deo
1568 2870 1643 2898 tionis
1659 2873 1756 2897 tantam
1768 2866 1868 2901 tat-Cepit
