2067 3155
268 155 337 190 1179

268 215 349 249 χάριν
360 212 512 248 ἐλάμϐανεν
524 212 662 248 γνώσεως,
675 213 712 245 ὡς
736 212 852 239 ἑκάστου
869 210 923 237 τῶν
937 217 1057 244 προσερ-

267 255 390 291 χομένων
405 255 530 290 μοναχῶν
559 256 607 287 τὰς
624 254 737 290 γνώμας
753 254 864 280 εἰδέναι.
889 249 974 283 Οὗτος
993 250 1057 278 ἰδὼν

267 297 398 328 πολλάκις
427 297 571 331 μέλλοντας
595 297 729 331 μοναχούς
751 304 827 327 τινας
849 293 993 329 προσιέναι
1019 291 1059 327 τῷ

267 338 464 374 θυσιαστηρίῳ,
480 338 601 374 ἐπισχὼν
614 338 724 370 αὐτούς,
741 338 828 371 ἐλεγε-
842 336 904 368 ΙΙῶς
923 335 1057 362 κατατολ-

269 381 338 416 μᾶτε
363 382 419 413 τοῖς
443 381 531 415 ἁγίοις
556 381 715 416 προσελθεῖν
740 379 911 415 μυστηρίοις,
935 377 1058 412 πονηρὰς

266 423 316 453 τὰς
327 422 446 454 διανοίας
465 422 593 457 έχοντες;
617 423 715 449 καὶσὺ
749 422 798 457 μὲν
824 420 941 453 ἐλογίσω
970 419 1057 454 ταύτῃ

266 463 317 499 τὴν
331 464 442 499 ἀπρεπῆ
457 464 507 500 τῆς
523 465 652 500 πορνείας
673 464 832 499 ἐνθύμησιν.
853 462 882 488 '0
905 461 933 488 δὲ
951 460 1056 495 ἕτερος,

268 505 362 540 φησὶν,
376 506 518 540 ἐλογίσατο
534 508 562 533 ὲν
576 508 609 542 τῇ
627 505 726 533 ἑαυτοῦ
742 505 848 540 διανοίᾳ
861 504 937 530 οὐδὲν
961 502 1054 537 διαφέ-

269 555 326 582 ρειν
337 547 387 575 κᾶν
397 549 559 583 ἁμαρτωλὸν
573 548 625 576 κᾶν
651 548 757 575 δίκαιον
777 545 939 582 προσελθεῖν
961 545 994 580 τῇ
1010 543 1058 571 τοῦ

267 589 336 616 Θεοῦ
347 590 449 625 χάριτι.
472 591 502 617 ’0
519 591 547 618 δὲ
562 591 644 622 ἄλλος
664 589 791 626 διεκρίθη
816 588 885 624 πρὸς
905 587 937 614 τὸ
953 586 1056 622 δῶρον·

268 628 342 666 ’Δρα
359 632 468 664 ἁγιάσει
487 641 522 667 με
546 631 748 668 προσελθόντας
768 629 980 665 ’Υποχωρήσατε
1012 626 1059 655 οὖν

269 673 366 709 μικρὸν
378 673 433 700 τῶν
447 674 532 709 ἁγίων
556 674 725 710 μυστηρίων,
744 673 791 700 καὶ
818 672 1002 709 μετανοήσατε
1027 671 1060 697 ἐκ

266 715 369 750 ψυχῆς,
383 716 426 742 ἵνα
435 715 533 751 ἄφεσις
552 716 616 752 ὑμῖν
639 715 753 751 γένηται
773 714 828 742 τῶν
844 713 997 749 ἁμαρτιῶν,
1012 712 1060 740 καὶ

267 757 338 789 ἄξιοι
351 757 466 793 γένησθε
480 758 530 794 τῆς
550 759 598 785 τοῦ
622 757 743 794 Χριστοῦ
767 755 921 787 κοινωνίας.
939 754 1003 782 Ἐὰν
1031 754 1061 781 δὲ

268 799 307 835 μὴ
322 800 430 835 πρῶτον
443 800 493 832 τὰς
512 799 677 835 ἐνθυμήσεις
691 799 842 834 καθάρητε,
868 798 899 824 οὐ
913 796 952 833 μὴ
977 796 1060 833 δυνή-

268 841 348 869 σεσθε
364 842 526 877 προσελθεῖν
539 843 572 878 τῇ
591 842 684 877 χάριτι
698 840 747 868 τοῦ
761 839 892 875 Χριστοῦ.

551 891 679 918 ΚΕΦΑΛ.
694 891 765 924 οςν.

320 934 390 968 Περὶ
408 932 484 961 ἀδεᾶ
501 933 690 967 Σεραπίων-ος
703 931 756 959 τοῦ
777 931 994 965 πρεσϐυτέρου.

304 981 410 1016 Ἴδομεν
419 981 447 1008 δὲ
462 982 491 1008 ἐν
503 981 559 1013 τοῖς
571 980 669 1016 μέρεσι
685 980 732 1007 τοῦ
751 979 922 1015 ’Δρσενοῖτου
938 978 1059 1014 πρεσῆύ-

266 1022 346 1058 τερόν
364 1032 436 1056 τινα,
460 1023 573 1058 ὀνόματι
599 1023 772 1058 Σεραπίωνα,
807 1022 914 1056 πατέρα
952 1019 1059 1047 πολλῶν

269 1065 468 1100 μοναστηρίων,
491 1065 539 1091 καὶ
561 1064 714 1100 ἡγούμενον
743 1063 844 1098 πολλῆς
861 1063 1057 1098 ἁδελφότητος,

267 1107 305 1139 ὡς
324 1108 387 1142 μιᾶς
404 1107 534 1142 μυριάδος
545 1106 631 1133 ὄντων
643 1105 689 1133 τδν
700 1105 831 1141 ἀριθμόν’
844 1105 946 1140 πολλήν
962 1113 992 1131 τε
1015 1103 1059 1131 διά

267 1150 317 1184 τῆς
339 1149 519 1184 ἀδελφότητος
551 1148 714 1175 ἐκτελοῦντα
740 1147 919 1182 οἰκονομίαν,
950 1147 1060 1174 πάντων

267 1190 335 1226 ὁμοῦ
349 1191 379 1217 ἐν
394 1191 482 1226 καιρῷ
496 1189 627 1226 θερισμοῦ
641 1189 862 1224 συγκομιζόντων
875 1189 938 1220 τοὺς
953 1188 1060 1215 ὲαυτῶν

268 1233 392 1269 καρποὺς
403 1233 472 1269 πρὸς
486 1233 578 1265 αὑτὸν,
604 1232 650 1264 οὒς
674 1232 721 1258 ἐπὶ
740 1231 828 1267 μισθῷ
849 1231 946 1266 θέρους
967 1231 1060 1266 ἐκομί-

273 1275 352 1308 ζοντο
373 1275 489 1307 ἕκαστος
505 1275 674 1307 ινιαυσιαίας
692 1274 766 1301 σίτου
783 1273 907 1309 ἀρτάΰας
932 1274 1059 1308 δεκαδύο,

268 1317 307 1348 ὼς
320 1318 525 1354 τεσσαράκοντα
548 1317 612 1348 τοὺς
633 1315 699 1351 παρ’
723 1316 789 1351 ἡμῖν
814 1315 923 1350 μοδίους
945 1315 1061 1351 λεγομέ-

268 1366 348 1391 νους·
371 1359 419 1386 καὶ
443 1358 531 1386 ταῦτα
556 1359 596 1390 είς
611 1358 750 1385 διακονίαν
767 1357 885 1392 πτωχῶν
903 1357 938 1383 δι’
963 1358 1060 1385 ἑαυτοῦ

272 1400 457 1436 χορηγοῦντα,
473 1399 510 1432 ὡς
526 1400 628 1435 μηδένα
641 1399 772 1426 πένεσθαι
783 1399 876 1425 λοιπὸν
888 1399 916 1425 έν
931 1400 964 1434 τῇ
980 1408 1059 1434 περι-

270 1442 363 1478 χώρῳ,
397 1442 469 1469 ἀλλά
491 1441 540 1468 καὶ
563 1443 620 1474 τοῖς
645 1442 686 1473 είς
716 1440 922 1475 ’Λλεξάνδρειαν
942 1442 1060 1477 πτωχοῖς

269 1483 485 1518 διαπέμπεσθαι.
497 1483 534 1509 Οὐ
556 1483 608 1518 μὴν
625 1483 685 1509 οὐδὲ
712 1483 736 1509 οῑ
756 1482 958 1518 προρρηθέντες
973 1483 1061 1510 [Ιατέ-

273 1534 329 1560 ρις,
346 1525 416 1552 κατά
429 1526 519 1552 πᾶσαν
530 1526 580 1558 τὴν
596 1524 734 1558 Αιγυπτον
746 1524 888 1560 ἠμέλησαν
912 1533 978 1551 ποτε
995 1525 1061 1551 ταύ-

270 1576 321 1602 της
334 1567 383 1602 τῆς
398 1567 570 1601 διοικήσεως,
586 1566 644 1592 ἀλλ’
657 1567 689 1592 ἐκ
705 1565 759 1592 τῶν
775 1566 908 1601 καμάτων
921 1566 972 1601 τῆς
983 1566 1061 1593 ἀδελ-

271 1609 387 1644 φότητος
413 1607 502 1643 μεστά
534 1607 615 1634 πλοῖα
653 1607 728 1633 σίτου
757 1607 804 1633 καὶ
832 1607 996 1642 ἀμφιάσεως
1021 1608 1062 1640 είς

277 1650 482 1685 ’Δλεξάνδρειαν
504 1650 560 1680 τοῖς
587 1649 706 1684 πτωχοῖς
732 1649 940 1682 ἀποστέλλουσι,
964 1649 1009 1677 διὰ
1031 1649 1062 1677 τὸ

272 1692 403 1725 σπανίους
416 1690 486 1719 εἶναι
501 1691 566 1727 παρ’
578 1691 670 1722 αὐτοῖς
682 1691 745 1722 τοὺς
756 1690 852 1726 χρείαν
867 1690 990 1727 ἔχοντας.

562 1737 689 1764 ΚΕΦΔΛ.
717 1738 779 1764 OZ'.

510 1783 579 1816 Περὶ
594 1782 808 1810 Ποσειδωνίου.

309 1829 350 1857 Τὰ
366 1829 437 1856 κατὰ
449 1828 624 1856 Ποσειδώνιον
637 1829 682 1855 τὸν
693 1829 812 1864 Θηϐαῖον
832 1830 918 1865 ἄνδρα
941 1829 1062 1866 δοκιμώ-

272 1881 353 1899 τατον
369 1872 416 1898 καὶ
428 1870 676 1907 καρτερικώτατον,
695 1871 779 1898 πολλά
791 1871 840 1906 μὲν
855 1872 902 1898 καὶ
916 1872 1061 1908 ἀδιήγητα,

273 1914 333 1946 πῶς
360 1922 390 1940 τε
419 1911 452 1948 ἦν
468 1914 564 1949 πρᾶος,
593 1914 639 1940 καὶ
662 1914 736 1945 ὅπως
759 1914 996 1949 ἀπητικώτατος,
1015 1916 1064 1942 καὶ

274 1959 361 1993 πόσην
376 1955 437 1983 τινά
451 1955 480 1981 ἐν
492 1954 579 1989 ἐαυτῷ
591 1952 662 1989 εἶχεν
679 1955 729 1991 τὴν
746 1955 873 1988 ἀκακίαν,
892 1957 942 1983 οὐκ
961 1954 1018 1984 οῐδα
1039 1958 1064 1983 εἰ

276 1996 464 2032 συντετύχηκά
475 2005 527 2023 τινι
541 1997 663 2023 πώποτε.
678 1996 817 2032 Συνέζησα
835 1999 889 2032 γὰρ
907 1997 962 2032 ἐγὼ
975 1998 1063 2034 τούτῳ

276 2043 322 2069 ἐπὶ
338 2041 398 2072 ἔτος
409 2039 437 2066 ἓν
452 2040 481 2066 ὲν
496 2038 630 2074 Βηθλεὲμ,
645 2040 762 2073 ὁπηνίκα
773 2039 918 2071 ἐκαθέζετο
934 2040 1065 2067 ἐπέκεινα

273 2083 322 2110 τοῦ
336 2081 491 2116 Ποιμενίου,
510 2080 564 2107 Καὶ
581 2079 682 2111 πολλάς
704 2080 799 2107 τούτου
823 2081 933 2107 κατίδον
953 2082 1064 2117 ἀρετὰς,

275 2127 306 2152 ἐν
324 2122 364 2155 οἷς
380 2132 424 2158 μοι
441 2123 470 2148 ὲν
487 2122 536 2156 μιᾷ
555 2121 610 2148 τῶν
624 2121 738 2156 ἡμερῶν
756 2122 837 2154 αὐτὸς
863 2122 996 2158 διηγεῖτο,
1010 2125 1065 2158 ὃτι-

276 2175 329 2202 περ
359 2157 405 2196 Είς
422 2165 468 2191 τὸν
493 2163 668 2198 Πορφυρίτην
695 2163 777 2190 τόπον
793 2157 908 2197 οἰκήσας
936 2164 996 2196 ἔτος
1022 2157 1064 2196 ἓν,

276 2207 412 2242 ἀνθρώπῳ
421 2206 451 2232 οὑ
463 2205 647 2239 συντετύχηκα
661 2205 690 2231 ἐν
703 2205 756 2240 ὅλῳ
769 2206 807 2239 τῷ
818 2205 884 2236 ἔτει,
897 2206 947 2240 οὐχ
958 2206 1066 2241 ὁμιλίας

277 2251 393 2285 ἀκήκοα,
408 2249 457 2275 οὐκ
473 2248 556 2283 ἄρτου
573 2247 698 2282 ἡψάμην,
715 2247 772 2273 ἀλλ’
792 2247 809 2281 ἢ
836 2247 951 2283 βραχέσι
976 2256 1065 2282 φοινι-

278 2293 347 2324 κίοις
363 2291 529 2325 διεγινόμην,
544 2290 592 2316 καὶ
607 2288 684 2315 εἵπου
703 2288 819 2324 βοτάνας
841 2285 925 2324 ηὗρον
948 2290 1048 2324 ἀγρίας
1059 2299 1066 2306 ·

277 2336 306 2362 ἐν
317 2331 356 2365 οἶς
365 2341 430 2359 ποτε
444 2331 609 2358 ἐκλιπόντων
633 2339 683 2365 μου
701 2330 755 2356 τῶν
770 2330 935 2364 βρωμάτων,
954 2331 1067 2366 ἐξῆλθον

278 2376 325 2404 τοῦ
342 2375 475 2410 σπηλαίου
495 2373 583 2400 ἐλθεῖν
597 2374 636 2404 εἰς
651 2373 700 2408 τὴν
715 2372 891 2407 οἰκουμένην.
916 2373 970 2399 Καὶ
987 2382 1068 2408 περι-

279 2419 404 2454 πατήσας
429 2417 473 2443 διά
503 2416 594 2450 πάσης
621 2415 671 2450 τῆς
701 2415 823 2450 ἡμέρας,
845 2415 922 2449 μόλις
947 2416 1067 2451 ἀπέσχον

277 2460 326 2488 τοῦ
340 2459 473 2495 σπηλαίου
502 2457 580 2492 μίλια
608 2456 665 2484 δύο.
691 2456 934 2492 Περιδλεψάμενος
959 2458 988 2484 δὲ
1009 2458 1066 2494 ὁρῶ

280 2503 365 2530 ἱππέα
381 2499 546 2536 στρατιώτου
563 2499 660 2534 ἔχοντα
676 2498 780 2533 σχῆμα,
789 2499 954 2534 τιαροφόρον
967 2500 1067 2534 κράνος

279 2545 326 2572 επὶ
339 2543 388 2578 τῆς
403 2541 524 2576 κεφαλῆς
555 2541 662 2576 ἔχοντα.
693 2541 749 2566 Καὶ
773 2541 965 2576 προσδοκήσας
986 2543 1068 2568 αὐτὸν

280 2585 350 2613 εἶναι
366 2584 547 2620 στρατιώτην,
563 2583 682 2618 ὥρμησα
695 2582 776 2610 πάλιν
790 2583 843 2613 ἕως
855 2583 902 2609 τοῦ
921 2584 1066 2617 σπηλαίου.

279 2628 336 2656 Καὶ
351 2626 490 2658 εἰσελθὼν,
507 2623 586 2661 εὖρον
597 2625 748 2661 κάρταλλον
763 2625 906 2659 σταφυλῶν
920 2626 966 2652 καὶ
979 2626 1068 2652 συκῶν

279 2670 454 2705 νεοτμήτων·
483 2667 501 2695 ἃ
529 2667 631 2700 λαϐὼν,
667 2667 716 2694 καὶ
734 2667 889 2703 περιχαρὴς
914 2667 1066 2702 γενόμενος

280 2711 410 2738 εἰσελθὼν
429 2710 458 2736 ἐν
480 2710 520 2745 τῷ
542 2709 669 2745 σπηλαίῳ
683 2709 812 2744 ἐνοίκησα
829 2709 875 2736 ἐπὶ
894 2709 982 2744 μῆνας
1009 2710 1067 2742 δύο,

281 2754 351 2788 ἓγιον
372 2752 407 2779 τά
423 2752 555 2788 βρώματα
574 2752 666 2779 ἐκεῖνα
693 2751 896 2787 παραμύθημα.
928 2751 1014 2777 Τοῦτο
1041 2751 1070 2778 δὲ

281 2795 433 2830 πεποίηκεν
451 2795 544 2831 θαῦμα
570 2796 599 2822 ἐν
627 2793 752 2830 Βηθλεὲμ
771 2794 786 2820 ό
804 2793 956 2829 θαυμάσιος
978 2793 1071 2820 Ποσει-

281 2837 385 2869 δώνιος·
402 2838 472 2874 Γυνή
489 2847 531 2870 τις
549 2837 680 2873 ἐγκύμων
693 2834 767 2872 εῖχεν
779 2835 887 2870 πνεῦμα
900 2835 1067 2870 ἀκάθαρτον,

282 2879 329 2905 καὶ
346 2880 374 2907 ἐν
391 2880 464 2917 αὐτῷ
481 2880 520 2916 τῷ
541 2879 649 2916 μέλλειν
674 2878 778 2907 τίκτειν
804 2877 889 2914 αὐτὴν
914 2877 1065 2912 ἐδυστόκει,

997 153 1174 184 PALLADII

1071 209 1097 237 A
1108 207 1155 249 τοῦ
1169 209 1325 245 πνεύματος
1336 212 1422 248 αὐτὴν
1438 213 1638 249 συντρίϐοντος.
1665 212 1899 248 Δαιμονιζομένης

1109 248 1157 276 οἷν
1171 253 1221 286 τῆς
1235 254 1375 286 γυναικὸς,
1389 255 1403 282 ὁ
1419 255 1489 290 ἀνὴρ
1502 255 1605 290 ταύτης
1634 255 1747 290 ἐπέστη,
1763 255 1811 282 καὶ
1827 263 1898 290 παρ-

1109 292 1203 319 εκάλει
1228 295 1274 321 τὸν
1297 295 1375 328 ἅγιον
1394 297 1572 323 Ποσειδώνιον
1604 297 1651 323 τοῦ
1682 295 1896 332 παραγενέσθαι.

1109 334 1293 363 Είσελθόντων
1303 337 1351 364 οὖν
1362 339 1443 372 -ὴμῶν
1457 339 1516 372 ἅμα
1524 338 1663 371 εὔξασθαι.
1677 340 1742 371 στὰς
1752 340 1798 365 καὶ
1812 347 1898 374 προσ-

1109 375 1259 411 ευξάμενος
1281 380 1351 414 μετὰ
1372 380 1502 414 δευτέραν
1519 382 1696 416 γονυκλισίαν
1720 381 1847 414 ἐξέϐαλεν
1868 381 1898 407 τὺ

1109 417 1231 453 πνεῦμα.
1250 420 1317 447 Τότε
1332 422 1453 453 ἀναστὰς
1467 423 1541 456 λέγει
1558 424 1634 458 ἡμῖν·
1662 422 1794 456 Εΰξασθε,
1813 431 1899 457 παρα-

1110 460 1196 492 καλῶ,
1225 461 1299 497 ἀρτι.
1332 464 1379 495 Ὧς
1408 465 1463 499 γὰρ
1498 465 1642 492 ἐλαύνεται
1674 465 1706 491 τὸ
1743 464 1898 499 ἀκάθαρτον

1110 502 1230 537 πνεῦμα,
1247 505 1360 539 σημεῖον
1376 506 1443 540 ἡμῖν
1461 506 1518 541 ἔχει
1538 515 1564 533 τι
1584 506 1717 541 ὑπάρξαι,
1734 507 1777 533 ῐνα
1796 506 1896 541 πληροο

1110 545 1274 580 φορηθῶμεν
1287 546 1327 573 ὅτι
1351 547 1431 574 τοῦτο
1454 548 1538 580 οὕτως
1555 549 1624 584 ἔχει.
1641 550 1696 576 Καὶ
1723 549 1803 581 εὖθὺς
1823 548 1900 583 ὲξερ-

1110 586 1226 621 χόμενος
1249 588 1264 614 ό
1282 587 1388 622 δαίμων
1414 589 1469 615 ἀπὸ
1488 589 1623 624 θεμελίων
1650 591 1711 616 ὅλον
1740 589 1787 616 τδν
1810 591 1900 624 τοῖχον

1110 628 1159 662 τῆς
1187 628 1271 664 αὐλῆς
1290 628 1386 656 ἔϐαλεν
1412 629 1564 658 κάτω.⁷Ην
1586 632 1615 658 δὲ
1643 631 1722 657 τοῦτο
1735 632 1765 658 τὸ
1789 631 1899 665 γύναιον

1111 668 1236 701 ἑξαετίαν
1252 669 1290 706 μὴ
1305 670 1436 705 λαλῆσαν.
1455 673 1532 699 Μετὰ
1543 673 1572 699 δέ
1588 673 1619 699 τὸ
1642 673 1764 705 ἐξελθεῖν
1777 673 1824 700 τὸν
1842 673 1899 700 δαίς

1112 718 1192 746 μονα,
1208 711 1302 739 ἔτεκεν
1316 712 1347 739 τὸ
1359 713 1480 747 γύναιον,
1494 715 1541 742 καὶ
1555 715 1682 750 ὲλάλησε.

1401 755 1525 782 ΚΕΦΑΛ.
1545 756 1607 783 OH'.

1365 796 1435 830 Περὶ
1457 796 1643 832 Ἱερωνύμου.

1148 837 1250 864 Τούτου
1267 836 1313 864 τοῦ
1325 837 1431 874 ἀνδρὸς,
1442 838 1513 873 λέγω
1526 839 1569 875 δὴ,
1583 839 1760 867 Ποσειδωνίου
1783 841 1830 867 τοῦ
1843 841 1900 867 ἀοι-

1111 878 1201 914 δίμου,
1223 879 1270 906 καὶ
1290 879 1459 915 προφητείαν
1475 881 1560 915 ἔγνων
1572 881 1638 915 ἐγώ.
1662 881 1824 917 Ἱερώνυμος
1847 883 1902 917 γάρ

1111 928 1153 951 τις
1166 920 1352 957 πρεσσύτερος
1368 921 1435 956 ᾤκει
1448 923 1488 954 είς
1505 923 1566 954 τοὺς
1576 924 1675 955 τόπους
1691 924 1821 956 ἐκείνους,
1837 924 1902 958 ἀρε-

1109 964 1143 997 τῇ
1159 962 1247 996 λόγων
1262 963 1424 998 Ῥωμαϊκῶν
1439 965 1523 1000 πολλῇ
1534 967 1806 1001 κεκοσμημένος-,καὶ
1821 966 1902 1001 ίκανῇ

1111 1005 1220 1040 εὐφυΐᾳ.
1240 1005 1381 1040 Τοσαύτην
1396 1006 1424 1033 δὲ
1440 1006 1520 1042 ἔσχεν
1532 1007 1693 1042 βασκανίαν,
1718 1008 1755 1040 ὡς
1771 1009 1823 1035 ὑπὸ
1835 1009 1899 1035 ταύ-

1111 1055 1160 1082 της
1181 1046 1367 1074 καλύπτεσθαι
1383 1048 1439 1074 τῶν
1460 1048 1546 1083 λόγων
1569 1049 1618 1085 τὴν
1630 1049 1742 1085 ἀρετήν.
1761 1050 1904 1085 Συγχρονί-

1113 1096 1162 1120 σας
1176 1086 1222 1115 οὖν
1239 1089 1325 1124 τούτῳ
1339 1089 1354 1114 ὁ
1367 1090 1443 1124 ἅγιος
1456 1090 1632 1123 Ποσειδώνιος
1656 1091 1763 1127 ἡμέρας
1783 1092 1902 1124 πλείους,

1112 1129 1186 1164 λέγει
1201 1139 1247 1166 μοι
1265 1131 1333 1166 πρὸς
1344 1131 1376 1158 τὸ
1385 1129 1443 1163 οὖς.

1409 1174 1535 1202 ΚΕΦΑΛ.
1551 1175 1610 1203 ΟΘ’.

1391 1216 1460 1249 Περὶ
1479 1217 1611 1250 Παύλης.

1148 1255 1211 1282 Ὅτι
1225 1255 1242 1290 ὴ
1259 1256 1308 1290 μὲν
1322 1255 1453 1291 ἐλευθέρα
1468 1256 1571 1289 Παῦλα,
1584 1258 1600 1292 ή
1611 1257 1792 1293 φροντίζουσα
1809 1259 1903 1290 αὐτοῦ,

1112 1297 1335 1332 προτελευτήσει.
1354 1298 1543 1333 ἀπαλλαγεῖσα
1566 1300 1647 1326 αὐτοῦ
1666 1300 1716 1335 τῆς
1730 1300 1881 1335 βασκανία,
1896 1321 1903 1332 ,

1111 1339 1149 1370 ώς
1161 1336 1248 1374 οἴμαι.
1274 1339 1362 1374 Χάριν
1386 1339 1414 1366 δὲ
1428 1340 1526 1367 τούτου
1548 1341 1596 1367 τοῦ
1613 1341 1710 1377 ἀνδρὸς
1722 1342 1752 1368 οὐ
1769 1342 1806 1378 μὴ
1826 1342 1906 1376 ἅγιος

1111 1380 1181 1416 ἀνὴρ
1201 1381 1240 1412 είς
1259 1380 1322 1412 τοὺς
1343 1381 1442 1413 τόπους
1459 1382 1575 1417 οἰκήσει,
1590 1383 1658 1410 ἀλλά
1677 1383 1775 1418 φθάσει
1790 1384 1873 1411 αὐτοῦ
1890 1385 1906 1411 ό

1112 1422 1209 1456 φθόνος
1225 1423 1273 1449 καὶ
1284 1423 1365 1459 μέχρι
1379 1424 1426 1450 τοῦ
1441 1424 1506 1451 ἰδίου
1518 1425 1643 1460 ἀδελφοῦ.
1665 1425 1710 1452 Ἐν
1725 1423 1766 1457 οἷς
1781 1426 1828 1452 καί
1841 1434 1906 1454 συν-

1112 1465 1161 1500 έϐη
1177 1465 1208 1492 τδ
1226 1465 1357 1500 πρᾶγμα.
1417 1489 1522 1504 η--ςλ
1561 1501 1584 1504 _
1627 1497 1632 1504 _

1417 1501 1543 1528 ΚΕΦΑΛ.
1561 1501 1603 1529 Il'.

1343 1543 1413 1578 "sp!
1433 1543 1674 1578 Ὀξυπερεντίου.

1075 1572 1097 1603 c
1129 1585 1205 1625 _Kal
1215 1584 1270 1621 γάρ
1295 1585 1344 1612 καὶ
1362 1572 1568 1622 ’ὀξυπερέντιον
1583 1587 1629 1614 τὸν
1650 1572 1794 1625 μακάριον
1805 1589 1906 1625 ἤλασεν

1113 1622 1190 1658 οὖτος
1203 1626 1280 1654 ἐνθεν
1298 1627 1343 1654 τὸν
1356 1627 1470 1655 Ἰταλόν.

1403 1674 1531 1703 ΚΕΦΛΔ.
1551 1676 1615 1704 UA'.

1409 1717 1480 1751 Περὶ
1495 1717 1622 1752 Πέτρου.

1150 1762 1205 1790 Καὶ
1215 1762 1318 1798 Πέτρον
1330 1762 1411 1790 ἄλλον
1424 1763 1486 1790 τινὰ
1497 1764 1658 1798 Αίγύπτιον,

1405 1811 1531 1839 ΚΕΦΑΛ.
1551 1812 1613 1840 ΠΒ¹.

1395 1854 1465 1888 Περὶ
1480 1854 1648 1889 Συμεῶνος.

1149 1896 1206 1924 Καὶ
1224 1896 1367 1932 Συμεῶνα,
1382 1896 1550 1932 θαυμασίους
1567 1898 1679 1933 ἄνδρας,
1698 1898 1748 1931 οὓς
1767 1900 1835 1933 τέως
1850 1901 1909 1936 ἐγὼ

1115 1939 1345 1974 ἐπεσημηνάμην.
1359 1935 1445 1969 οὗτός
1459 1948 1505 1973 μοι
1528 1939 1647 1974 διηγεῖτο
1670 1941 1908 1976 ὲγκρατικώτατος

1115 1983 1164 2014 τῆς
1177 1981 1279 2016 ἀρετῆς
1293 1981 1415 2016 ἀσκητὴς
1433 1981 1621 2014 Ποσειδώνιος,
1647 1983 1685 2014 ὡς
1701 1983 1784 2018 ἄρτου
1807 1986 1908 2021 πεῖραν

1118 2023 1155 2059 μὴ
1168 2024 1237 2058 ἔχων
1248 2023 1301 2050 ἀπὸ
1314 2023 1534 2058 τεσσαρακοστοῦ
1549 2023 1626 2055 ἔτους
1637 2032 1644 2038 ·
1657 2025 1727 2060 μήτε
1740 2025 1793 2061 μὴν
1807 2036 1910 2062 μνησι-

1115 2067 1242 2102 κακήσας
1252 2065 1314 2092 τινὰ
1325 2066 1377 2096 ἕως
1393 2066 1501 2100 ἡμέρας
1513 2066 1643 2101 ἡμισείας
1659 2067 1755 2095 ταῦτα.

1152 2108 1192 2135 Τὰ
1207 2106 1275 2134 ἆθλα
1296 2108 1343 2134 καὶ
1357 2108 1391 2134 τὰ
1405 2109 1506 2142 σημεῖα
1519 2107 1566 2134 τοῦ
1581 2109 1705 2142 γενναίου
1726 2110 1772 2136 τοῦ
1787 2111 1911 2146 Χριστοῦ

1117 2150 1233 2186 ἀθλητοῦ
1251 2149 1441 2181 Ποσειδωνίου,
1460 2150 1478 2176 ἃ
1504 2150 1662 2187 προμηθείᾳ
1678 2153 1728 2186 τῆς
1743 2153 1838 2179 πασῶν
1853 2154 1912 2181 τῶν

1116 2193 1257 2228 δυνάμεων
1272 2192 1392 2226 μείζονος
1403 2192 1551 2227 είργάσατο
1569 2193 1666 2220 ταῦτα.
1685 2193 1742 2220 Καὶ
1760 2195 1789 2220 ἐν
1801 2195 1913 2228 τούτοις

1083 2245 1104 2273 ι)
1119 2236 1149 2262 τὸ
1163 2235 1284 2270 ἀοίδιμον
1294 2234 1341 2260 τοῦ
1355 2234 1490 2269 μακαρίου
1507 2235 1593 2270 πέρας
1611 2235 1659 2262 τοῦ
1673 2235 1741 2270 βίου.

1409 2280 1535 2308 ΚΕΦΛΛ.
1551 2280 1614 2308 Ill“.

1377 2326 1448 2360 Περὶ
1462 2327 1660 2360 Σεραπίωνος.

1154 2372 1296 2408 Σεραπίων
1319 2381 1363 2404 τις
1389 2373 1503 2407 ὀνόματι
1528 2372 1652 2407 γέγονεν,
1681 2373 1719 2409 τῷ
1735 2374 1809 2408 γένει
1823 2375 1915 2410 Αίγύ-

1118 2424 1207 2448 πτιος,
1221 2414 1366 2449 ἐπίκλητος
1380 2414 1516 2446 Σινδόνιος
1530 2415 1679 2450 (παρεκτὸς
1697 2416 1753 2451 γὰρ
1778 2417 1915 2445 σινδονίσυ

1117 2458 1178 2484 οὐδέ
1189 2466 1253 2485 ποτε
1262 2457 1338 2484 οὐδὲν
1349 2457 1413 2484 ἀλλο
1423 2456 1621 2489 περιεϐάλετοὶ·
1633 2457 1662 2489 ὃς
1676 2459 1778 2493 πολλὴν
1794 2459 1918 2495 ἐξήσκηη

1119 2509 1165 2527 σεν
1176 2501 1245 2534 ὰκτη
1250 2500 1378 2534 μοσύνην·
1387 2499 1427 2525 διὸ
1435 2499 1483 2526 καὶ
1490 2499 1610 2534 Ἀπαθὴς
1617 2500 1772 2533 ἐπελέγετο.
1782 2502 1873 2537 Εὺγρά
1878 2511 1919 2537 μ-

1120 2551 1205 2577 ματος
1217 2543 1245 2568 δὲ
1260 2541 1298 2568 ὢν
1314 2542 1496 2575 ἀπεστήθιζεν
1509 2542 1600 2574 πάσας
1618 2544 1667 2573 τὰς
1685 2543 1762 2574 θείας
1777 2544 1892 2579 Γραφάς
1907 2551 1918 2559 ⁸

1118 2585 1148 2616 ὃς
1163 2584 1218 2611 ἀπὸ
1242 2584 1343 2619 πολλῆς
1361 2585 1556 2618 ἀκτημοσύνης
1572 2586 1619 2610 καὶ
1633 2584 1747 2620 μελέτης
1765 2585 1846 2611 θείων
1861 2585 1922 2612 Λοο

1118 2627 1186 2660 γίων
1195 2626 1243 2652 τοῦ
1255 2625 1325 2653 Πνεύ
1329 2634 1413 2661 ματος
1422 2626 1482 2652 οὐδὲ
1492 2626 1631 2661 ἠρεμῆσαι
1642 2627 1751 2661 ἰσχυσεν
1761 2627 1791 2652 ὲν
1803 2627 1920 2662 κελλίιρ,

1120 2668 1153 2694 ῐν’
1165 2669 1193 2694 ἐν
1208 2668 1258 2705 ὕλῃ
1276 2668 1314 2703 μὴ
1329 2669 1508 2702 περισπᾶται.
1534 2668 1604 2694 Ἀλλ’
1627 2668 1808 2695 ἀποστολικδν
1828 2668 1922 2703 ἡδέως

1122 2710 1216 2746 μετῄει
1233 2710 1301 2745 βίον.
1317 2710 1534 2745 Περιερχόμενος
1549 2709 1598 2745 τὴν
1609 2709 1784 2745 οίκουμένην,
1801 2709 1850 2745 τὴν
1863 2710 1922 2745 τῆς

1120 2752 1208 2788 ἄκρας
1222 2753 1292 2787 άκτη
1298 2751 1416 2787 μοσύνης
1426 2751 1608 2787 κατώρθωσεν
1619 2751 1730 2786 ἀρετήν·
1740 2751 1778 2783 ὡς
1793 2752 1922 2787 παντελῆ

1121 2794 1257 2822 ἀπάθειαν
1268 2793 1364 2821 τοῦτον
1377 2793 1539 2828 κεκτῆσθαι.
1552 2793 1660 2829 Ταύτης
1669 2794 1723 2830 γάρ
1734 2794 1855 2828 ἐγεγόνει
1866 2796 1925 2821 καὶ

1120 2837 1170 2871 τῆς
1189 2835 1283 2868 ἕξεως.
1308 2835 1441 2870 Διαφοραὶ
1459 2836 1513 2871 γάρ
1534 2837 1603 2862 εἰσιν
1620 2835 1714 2868 ἕξεων,
1740 2837 1790 2862 οὐκ
1803 2836 1923 2862 οὐσιῶν.

1121 2877 1266 2914 Διηγοῦνςο
1280 2877 1308 2905 δὲ
1320 2878 1344 2905 οἱ
1361 2877 1494 2913 Πατέρες,
1511 2877 1552 2904 ὅτι
1563 2876 1652 2905 λαδών
1666 2885 1726 2905 τινα
1737 2877 1924 2914 συμπαίκτην
