2067 3155
194 177 257 206 “8|

191 284 288 311 debent
299 285 554 312 ntonacbismentem
562 292 729 320 cognosceret
742 286 838 322 (Rulli,
851 288 869 314 Ι.
879 296 970 322 tt,cap.

192 327 247 362 Η).
263 327 288 354 Is
301 335 360 355 cum
377 335 447 362 saepe
461 329 570 356 vidisset
580 330 682 364 aliquos
694 333 837 358 monachos
850 333 881 359 ad
899 341 972 360 aram

190 382 353 408 accessuros,
371 382 417 402 eos
433 376 551 408 retinnit,
566 377 657 404 dicens
683 386 690 404 :
717 377 855 410 Quomodo
870 379 972 406 audetis

189 423 324 451 adsancta
340 423 468 450 accedere
482 430 658 456 sacramenta,
673 431 732 451 cum
757 424 875 452 habeatis
889 426 971 452 malas

187 467 380 502 cogitationes?
394 467 426 494 Et
441 472 467 494 tu
482 467 588 502 quidem
602 468 651 495 hac
666 473 744 495 nocte
754 469 845 496 anitno
859 470 970 496 versasti

189 515 291 546 turpem
317 512 497 539 fornicationis
519 512 721 546 cogitationem;
745 513 812 541 alius
831 519 918 542 autem
943 515 969 542 in

186 558 275 585 animo
286 565 336 584 suo
350 557 491 592 reputavit,
502 557 593 585 dicens
610 558 675 585 nihil
689 558 791 586 referre
802 566 835 586 an
847 564 969 593 peccator

185 609 218 629 an
231 601 319 637 justus
333 602 442 629 accedat
456 602 490 629 ad
505 602 552 629 Dei
574 603 702 637 gratiam;
729 604 796 632 alius
821 609 908 631 autem
922 620 924 623 τ
936 605 969 632 de

184 647 254 674 dono
269 647 410 679 dubitavit,
435 647 529 674 dicens
556 655 563 674 :
590 647 711 682 Nunquid
731 656 774 675 me
798 649 967 676 accedentem

183 692 379 720 sanctificabiti
394 693 489 719 Parum
505 700 567 727 ergo
581 694 698 720 secedite
719 701 734 720 a
758 694 857 720 sanctis
883 701 969 720 sacra-

185 739 290 773 mentis,
311 744 338 766 et
351 747 384 767 ex
398 740 487 766 animo
501 741 570 775 agite
585 740 780 774 paenitentiam,
796 745 825 767 ut
846 741 881 768 sit
894 741 967 768 vobis

182 784 303 812 remissio
327 789 507 818 peccatorum,
523 789 549 812 et
568 785 626 812 sitis
639 785 711 820 digni
736 786 832 813 Christi
847 794 966 814 commu-

181 830 272 857 nione.
285 830 339 857 Nisi
355 830 425 857 enim
449 830 562 864 primum
577 830 768 859 mundaveritis
783 833 963 867 cogitationes,

180 881 232 902 non
244 875 364 908 poteritis
374 875 405 902 ad
417 875 513 903 Christi
524 877 635 910 gratiam
646 877 784 905 accedere.

439 920 550 948 CAPUT
571 921 686 949 LXXVI.

331 965 390 992 Vita
406 964 553 1000 Serapionis
565 967 640 1002 (124)
652 969 800 1003 presbyteri.

215 1011 333 1039 Vidimus
346 1020 409 1040 vero
424 1014 504 1040 etiam
519 1022 546 1040 tn
562 1015 678 1048 partibus
692 1016 837 1042 Arsenoitze
854 1017 964 1052 presby-

176 1061 260 1084 terum
275 1058 427 1092 quemdam,
454 1060 562 1087 nomine
586 1061 757 1096 Ser.-pionem
787 1062 914 1096 titul/2,1.
930 1071 960 1096 tt,

175 1110 233 1138 cap.
251 1103 308 1138 18),
324 1103 429 1131 Patrem
456 1105 598 1132 multorum
628 1107 860 1139 monasteriorum,
877 1113 902 1134 et
917 1109 960 1142 qui

176 1153 272 1181 praeest
297 1148 385 1176 multa:
414 1149 583 1181 fraternitati,
599 1155 627 1177 ut
651 1153 694 1184 qui
717 1151 769 1177 sint
784 1151 873 1178 decies
888 1153 961 1179 mille

175 1199 296 1226 numero,
322 1201 497 1228 magnamque
513 1203 558 1228 per
571 1195 666 1222 fratres
681 1196 833 1230 exsequitur
854 1197 959 1231 dispen-

174 1238 315 1271 sationem,
327 1246 386 1265 cum
399 1247 491 1266 omnes
502 1240 591 1273 simul,
607 1246 725 1276 tempore
743 1243 850 1275 messis,
866 1250 959 1270 omnes

173 1289 237 1310 suos
248 1283 347 1310 fructus
361 1285 394 1311 ad
408 1284 495 1318 ipsum
512 1285 631 1318 afferant,
644 1294 711 1321 quos
727 1295 773 1321 pro
784 1288 875 1315 messis
890 1296 959 1316 mer-

173 1328 238 1354 cede
251 1333 422 1363 acceperunt,
436 1331 617 1365 unusquisque
631 1331 756 1359 frumenti
774 1340 876 1360 annuas
888 1333 957 1360 duo-

173 1372 259 1399 decim
273 1374 379 1400 artabas
395 1374 480 1408 (H5),
494 1375 537 1409 qui
550 1380 611 1402 sunt
626 1376 709 1403 veluti
725 1377 896 1412 quadraginta
912 1379 956 1413 qui

173 1415 240 1449 apud
257 1424 306 1443 nos
319 1416 444 1444 dicuntur
454 1419 552 1451 modii;
570 1425 595 1446 et
610 1426 640 1446 ea
655 1421 686 1446 ad
698 1421 874 1448 ministerium
890 1430 955 1457 pau-

172 1466 265 1494 perum
283 1469 328 1495 per
343 1469 373 1490 se
383 1462 528 1497 dispensat,
545 1464 611 1492 adeo
624 1469 653 1492 ut
667 1465 793 1500 deinceps
811 1468 836 1494 in
850 1475 880 1494 ea
897 1476 955 1502 quae

171 1510 212 1533 est
225 1507 395 1534 circumcirca
413 1509 519 1543 regione
536 1509 622 1537 nullus
636 1510 669 1537 sit
690 1518 798 1546 pauper,
814 1513 860 1539 sed
873 1514 953 1540 etiam

171 1550 258 1578 mittat
267 1552 299 1579 ad
310 1559 357 1579 eos
372 1553 416 1587 qui
429 1557 493 1580 sunt
507 1553 674 1581 Alexandria:
686 1563 827 1589 [tarmen-5.
843 1557 894 1584 Sed
907 1567 954 1585 ne-

171 1603 223 1631 que
245 1596 364 1631 praedicti
388 1597 480 1626 Patres
506 1606 552 1633 per
568 1603 648 1626 totam
673 1600 815 1636 [Egyptnm
839 1611 952 1638 unquam
968 1598 990 1629 C

172 1642 344 1675 neglexerunt
353 1643 419 1670 hanc
430 1643 688 1672 administrationem
698 1654 705 1679 ;
714 1647 760 1673 sed
771 1655 803 1673 ex
817 1648 953 1677 laboribus

171 1683 355 1720 fraternitatis,
371 1688 472 1722 navigia
488 1688 563 1722 plena
579 1689 713 1717 frumento
743 1696 769 1718 et
788 1693 954 1722 vestimentis

171 1732 329 1766 pauperibus
353 1734 481 1760 miserunt
505 1734 704 1769 Alexandriam,
731 1742 869 1772 propterea
882 1740 952 1773 quod

170 1777 222 1804 rari
233 1783 321 1805 essent
336 1780 406 1813 apud
420 1780 492 1812 ipsos
505 1781 548 1814 qui
569 1787 686 1815 egerent.

433 1825 544 1852 CAPUT
565 1826 690 1854 LXXVII.

402 1869 460 1896 Vita
472 1871 566 1897 abbatis
579 1871 720 1901 Posidonii.

205 1913 336 1941 Posidonii
353 1915 471 1943 Thebani
495 1918 574 1943 multa
590 1919 696 1952 quidem
709 1925 780 1953 sunt,
793 1928 877 1955 eaque
890 1930 951 1949 nar-

169 1965 226 1986 ratu
248 1959 374 1993 difﬁcilia,
391 1963 611 1996 quemadmodum
632 1969 689 1990 erat
719 1967 801 1998 mitis,
829 1971 856 1993 et
871 1967 897 1993 in
922 1975 950 1995 se

168 2004 317 2032 exercendo
337 2006 491 2039 acerrimus,
517 2012 543 2034 et
557 2013 653 2042 quanta
680 2010 757 2037 fuerit
781 2011 806 2037 in
822 2019 854 2038 eo
874 2012 950 2039 inno-

167 2051 265 2077 centia.
275 2050 370 2078 Nescio
383 2059 415 2078 an
428 2052 507 2078 ttllum
521 2054 598 2080 talem
611 2055 791 2081 convenerim.
807 2056 866 2082 Vixi
879 2058 949 2084 enim

167 2102 227 2122 eum
238 2103 271 2122 eo
297 2103 367 2122 anno
381 2103 434 2123 uno
450 2097 476 2123 in
505 2097 650 2131 Bethleem,
679 2101 785 2134 quando
798 2101 866 2128 sedit
882 2102 949 2129 ultra

169 2141 333 2169 Poemenium
351 2142 436 2177 (1‘26),
448 2147 474 2169 et
488 2143 583 2170 multas
595 2143 645 2170 vidi
662 2144 718 2179 ejus
733 2146 857 2179 virtutes;
870 2153 949 2181 atque

167 2187 237 2214 inter
260 2191 356 2214 caetera
381 2188 437 2222 ipse
453 2188 515 2214 miln
531 2189 642 2223 quodam
657 2190 699 2217 die
715 2192 832 2218 narravit
846 2200 852 2217 :
881 2192 947 2219 Cum

168 2232 323 2265 habitarem,
341 2233 435 2267 inquit,
451 2235 476 2260 In
492 2234 549 2260 loco
561 2235 717 2270 Porpliyrite
733 2243 803 2262 anno
812 2244 873 2268 uno,
892 2242 947 2264 toto

806 187 962 216 HISTORIA
986 190 1163 220 LAUSIACA.

191 238 302 274 gratiam
315 238 482 273 cognitionis,
492 243 520 266 ut
541 241 737 275 unuscnjusqne
748 249 778 268 cx
802 242 834 270 iis
846 243 889 277 qui
901 251 975 272 accc-
987 249 1012 278 Α

1734 204 1802 233 Ηθῖ

1063 248 1116 275 lloc
1142 254 1228 277 autem
1245 254 1401 281 miraculum
1415 253 1476 283 fecit
1500 257 1591 284 beatus
1603 257 1758 286 Posidonitts
1778 259 1806 287 in

1028 290 1173 336 bethleem.
1186 293 1311 327 Quadam
1327 299 1420 325 mulier
1430 300 1536 334 gravida
1549 301 1662 328 habebat
1682 303 1803 336 spiritum

1025 334 1200 369 immundum,
1215 343 1242 366 et
1268 341 1293 367 in
1309 342 1366 375 ipso
1382 347 1502 378 tempore
1526 353 1578 379 quo
1593 351 1650 372 erat
1676 334 1802 381 paritura,

1024 379 1160 408 laborabat
1181 382 1207 409 in
1229 389 1316 418 partu,
1333 387 1415 420 ipsam
1440 393 1593 416 conterente
1615 379 1717 424 spiritu.
1732 379 1798 419 Cum

1022 431 1086 459 ergo
1099 433 1113 451 a
1125 426 1245 455 daemone
1261 436 1400 458 vexaretur
1414 434 1518 466 mulier,
1534 434 1639 461 advenit
1653 435 1710 469 ejus
1723 437 1804 462 mari-

1023 474 1074 502 tus,
1087 476 1112 497 et
1138 474 1239 507 rogavit
1262 481 1381 503 sanctum
1403 477 1475 504 illum
1492 483 1520 505 ut
1534 479 1639 507 adesset
1657 485 1705 507 :et
1728 482 1802 508 nobis

1021 515 1147 549 ingressis
1174 519 1205 545 ad
1227 521 1373 555 orandum,
1404 531 1464 551 cum
1492 526 1608 552 stetisset
1631 532 1657 553 et
1681 533 1803 561 pret-atus

1021 565 1102 593 esset,
1120 568 1180 596 post
1191 566 1334 592 secundam
1346 568 1571 602 genuflexionem,
1581 572 1658 605 ejecit
1669 572 1801 605 spiritum.

1021 607 1138 641 Surgens
1151 613 1237 636 autem
1253 610 1318 638 dixit
1332 612 1408 640 nobis
1435 622 1441 639 :
1470 614 1561 647 Orate,
1576 615 1654 643 modo
1666 617 1738 643 enitn
1752 624 1801 643 ex-

1020 651 1125 685 pellitur
1137 653 1288 682 immundus
1302 657 1421 690 spiritus.
1439 658 1550 692 Oportet
1570 665 1658 687 autem
1672 668 1731 688 esse
1746 661 1797 688 ati-

1018 697 1087 731 quod
1114 698 1218 729 signum
1242 705 1269 727 ut
1285 701 1318 729 de
1344 710 1377 729 eo
1391 702 1484 731 ﬁamus
1499 705 1638 733 certiores.
1656 706 1800 740 Egrediens

1018 747 1105 769 autem
1121 744 1234 778 daemon,
1251 747 1331 774 diruit
1342 755 1356 774 a
1368 749 1540 778 fundamento
1554 756 1635 778 totum
1662 753 1729 780 aula:
1752 760 1799 787 pa—

1017 789 1121 816 rietem.
1145 790 1239 820 Mulier
1265 798 1352 821 autem
1371 797 1500 823 sexennio
1516 805 1568 824 non
1596 798 1682 824 fuerat
1696 798 1799 830 locuta;

1016 841 1154 869 postquam
1168 842 1255 866 autem
1277 846 1399 875 egressus
1415 846 1456 869 est
1475 842 1590 876 daemon,
1604 847 1631 870 et
1646 844 1757 878 peperit,
1773 849 1800 871 et

1015 880 1101 909 locuta
1113 888 1164 910 est.

1280 920 1548 958 CAPUT‘LXXVIII.

1253 965 1288 991 De
1302 964 1454 1000 Hieronymo
1468 967 1551 1002 (mi).

1050 1007 1133 1042 Hujus
1145 1014 1230 1037 sancti
1242 1011 1303 1037 novi
1320 1011 1387 1038 hanc
1408 1019 1513 1047 quoque
1539 1013 1797 1048 prophetiam;llie‘

1013 1059 1140 1087 rnnymus
1152 1054 1222 1081 enim
1248 1055 1353 1089 quidam
1380 1058 1517 1092 presbyter
1532 1058 1669 1086 habitabat
1691 1060 1717 1086 in
1744 1060 1795 1087 illis

1012 1097 1088 1130 locis,
1103 1099 1146 1132 qui
1171 1100 1197 1125 in
1223 1107 1346 1128 sermone
1364 1101 1484 1129 Romano
1509 1110 1602 1138 magna
1616 1109 1673 1131 erat
1697 1105 1793 1132 virtute

1013 1152 1132 1179 ornatus,
1147 1152 1174 1173 et
1189 1149 1318 1181 pra-claro
1340 1152 1460 1184 ingenio;
1476 1152 1523 1179 sed
1538 1157 1608 1180 tanta
1624 1155 1672 1180 fuit
1686 1154 1742 1188 ejus
1753 1155 1794 1181 in-

1013 1193 1092 1223 vidisI
1109 1198 1137 1219 ιιι
1151 1194 1183 1220 ab
1199 1202 1228 1221 ea
1241 1196 1397 1223 obrueretur
1408 1198 1492 1225 virtus
1503 1199 1639 1226 doctrinm.
1651 1199 1716 1226 Cum
1728 1207 1791 1234 ergo

1010 1238 1097 1264 multis
1108 1239 1202 1266 diebus
1217 1247 1275 1267 cum
1291 1248 1324 1268 eo
1339 1246 1459 1269 versatus
1478 1247 1551 1270 esset
1565 1248 1669 1270 sanctus
1684 1243 1791 1271 Posido-

1010 1283 1079 1315 nius,
1095 1283 1158 1311 dicit
1173 1286 1236 1311 mihi
1253 1286 1279 1312 in
1293 1294 1383 1313 aurem
1399 1296 1406 1315 τ

1269 1341 1382 1369 CAPUT
1398 1342 1515 1371 LXXIX.

1277 1397 1314 1423 De
1331 1397 1414 1424 Paula
1429 1399 1514 1434 ($28).

1044 1439 1159 1473 Ingenua
1173 1441 1278 1475 quidem
1292 1443 1382 1477 Paula,
1392 1452 1450 1478 quae
1460 1445 1516 1479 ejus
1527 1453 1615 1472 curam
1626 1447 1703 1481 gerit,
1717 1453 1786 1481 prat-

1006 1486 1133 1512 tuorietut'
1146 1486 1254 1514 liberata
1268 1488 1301 1514 ab
1312 1487 1368 1522 ejus
1379 1489 1488 1516 invidia.
1505 1490 1538 1517 Ut
1550 1495 1638 1518 autem
1654 1492 1787 1524 arbitror,

1006 1535 1112 1564 propter
1127 1531 1198 1559 hunc
1222 1533 1306 1559 virum
1332 1541 1384 1560 non
1416 1535 1542 1562 habitabit
1568 1537 1608 1562 vir
1630 1541 1737 1564 sanctus
1759 1537 1786 1564 in

1007 1575 1046 1602 his
1072 1575 1146 1608 locis,
1174 1577 1220 1603 sed
1246 1577 1304 1612 ejus
1330 1580 1455 1612 pervadct
1480 1580 1576 1608 invidia
1591 1581 1633 1609 vel
1648 1589 1731 1618 usque
1750 1582 1785 1610 ad

1006 1623 1140 1655 proptiutn
1166 1622 1286 1650 fratrem.
1309 1624 1413 1659 Resque
1427 1626 1461 1652 ita
1476 1626 1580 1654 accidit.

1278 1681 1389 1710 CAPUT
1407 1681 1503 1710 LXXX

1030 1769 1034 1774 .
1277 1736 1314 1763 De
1327 1737 1507 1772 Oxyperentia.

1041 1779 1142 1806 Etenim
1158 1780 1263 1807 beattttn
1288 1782 1494 1816 Oxyperentium
1519 1785 1643 1813 ltaiutnis
1662 1787 1722 1815 hinc
1736 1795 1782 1815 ex-

1003 1825 1078 1858 pulit.

1265 1860 1377 1888 CAPUT
1408 1863 1523 1891 LXXXI.

1318 1906 1356 1933 De
1384 1907 1457 1934 Petro

1030 1950 1063 1977 Et
1078 1950 1184 1978 Petrum
1199 1950 1278 1978 alium
1294 1952 1432 1986 quemdam
1447 1952 1610 1988 (Egyptium.

1265 2006 1375 2033 CAPUT
1391 2007 1518 2034 LXXXII.

1300 2051 1338 2078 De
1351 2051 1478 2079 Simeane.

1032 2093 1065 2119 Et
1075 2093 1240 2128 Simeonem,
1249 2095 1318 2122 viros
1325 2097 1504 2129 admirabiles,
1511 2106 1578 2132 quos
1586 2106 1635 2133 ego
1645 2099 1780 2127 adnotavi.

1036 2138 1157 2166 Narravit
1172 2140 1236 2167 mihi
1262 2140 1306 2168 bic
1330 2141 1486 2169 Posidonius
1497 2144 1738 2173 continentissimus
1754 2151 1781 2174 et

1001 2185 1105 2211 virtutis
1129 2185 1474 2222 observantissimus.quod
1499 2190 1669 2226 quadraginta
1682 2191 1778 2220 abhinc

1000 2230 1076 2256 annis
1098 2238 1192 2264 panem
1206 2239 1258 2258 non
1275 2237 1416 2266 gustasset,
1432 2241 1517 2268 neque
1540 2241 1656 2269 acceptae
1676 2237 1780 2271 injuria)

167 2284 237 2304 anno
251 2277 350 2304 nullum
366 2277 500 2304 hominem
512 2280 633 2311 enaveni,
651 2287 701 2306 non
714 2281 800 2308 audivi
817 2283 944 2309 sermoci-
962 2285 987 2315 Ι)
1000 2277 1034 2303 9"-
1046 2277 1197 2304 reco'dalus
1208 2286 1290 2312 usque
1303 2278 1335 2305 ad
1349 2280 1401 2306 diei
1414 2279 1561 2307 dimidium-

168 2325 311 2357 nationem,
328 2331 380 2351 non
395 2332 490 2359 panem
505 2326 617 2360 gustavi,
635 2326 684 2352 nisi
700 2327 721 2353 si
736 2328 842 2360 quando
858 2330 948 2362 paucis

167 2373 256 2396 uterer
270 2369 392 2404 dactylis,
409 2374 436 2396 et
449 2370 532 2397 sicubi
549 2371 643 2398 herbas
653 2372 801 2398 invenirem
817 2378 946 2407 agrestes.

166 2415 224 2446 Quo
243 2415 348 2449 quidem
366 2421 484 2450 tempore
498 2423 557 2443 cum
581 2417 631 2444 mei
652 2424 734 2451 panes
747 2418 888 2453 aliquando
902 2421 947 2447 de-

167 2460 303 2494 fecissent,
318 2469 439 2496 egressus
464 2466 698 2498 sumespelunca,
721 2471 750 2493 ut
776 2467 894 2494 venirem
919 2468 946 2495 in

166 2508 258 2534 orbem
274 2511 351 2534 terra:
366 2508 545 2541 habitabilem,
561 2513 660 2537 etcum
674 2515 730 2538 toto
752 2512 796 2539 die
809 2513 944 2541 ambulas-

167 2559 237 2585 sem,
252 2553 295 2579 vix
308 2552 415 2580 aberam
432 2561 446 2580 a
460 2555 583 2588 spelunca
595 2555 647 2582 duo
656 2556 787 2584 milliaria.
801 2559 865 2584 Cum
881 2566 946 2593 ergo

167 2598 426 2633 circumspexissem,
436 2599 515 2627 video
526 2601 639 2635 equitem
653 2603 743 2630 militis
759 2604 875 2631 habitum
891 2612 945 2639 pra:

165 2651 195 2672 se
206 2644 344 2677 ferentem,
359 2644 500 2672 habentem
522 2654 548 2672 in
561 2647 648 2680 capite
664 2648 765 2682 galeam
783 2648 942 2682 tiariferam;

163 2693 264 2717 etcum
278 2689 470 2725 conjectassem
493 2697 554 2717 eum
574 2698 634 2718 esse
661 2692 782 2725 militem,
812 2694 944 2727 profectus

163 2741 221 2762 sum
242 2742 324 2770 usque
337 2735 370 2762 ad
388 2736 552 2770 speluncam,
567 2740 594 2763 et
608 2736 698 2764 inveni
722 2738 865 2765 canistrum
882 2746 942 2765 uva-

164 2787 222 2806 rum
235 2784 262 2807 et
277 2780 372 2808 ficuum
385 2789 469 2816 nuper
480 2782 664 2817 decerptarum
681 2791 778 2818 :quetn
794 2792 853 2811 cum
867 2791 938 2811 acce-

164 2824 274 2859 pissem,
290 2824 365 2853 laetus
380 2827 438 2854 veni
461 2827 493 2854 ad
517 2827 681 2861 speluncam,
709 2828 812 2857 habens
838 2829 942 2857 duobus

162 2868 299 2897 mensibus
312 2871 385 2899 cibos
400 2871 457 2899 illos
472 2873 504 2900 ad
516 2880 599 2901 meam
615 2873 798 2901 refecnionem.

1034 2322 1096 2349 llaec
1109 2327 1171 2350 sunt
1180 2325 1326 2351 certamina
1338 2331 1364 2352 et
1376 2327 1449 2360 signa
1459 2328 1578 2359 praeclari
1586 2327 1681 2355 Christi
1693 2329 1779 2356 athle—

997 2370 1030 2393 t-e
1043 2367 1187 2402 Posidonii,
1201 2376 1259 2403 quae
1274 2369 1332 2396 fecit
1347 2371 1511 2405 providentia
1523 2372 1581 2405 ejus
1591 2380 1650 2407 quae
1663 2378 1707 2401 est
1717 2381 1778 2401 om-

996 2412 1068 2438 nium
1092 2413 1215 2440 virtutum
1239 2415 1365 2447 maxima;
1383 2420 1410 2442 et
1437 2416 1463 2443 in
1478 2417 1518 2444 his
1534 2422 1574 2444 est
1589 2417 1700 2453 insignis
1715 2419 1774 2447 ﬁnis

1000 2455 1060 2483 vita:
1075 2456 1152 2491 hujus
1167 2457 1247 2485 beati.

1254 2513 1365 2541 CAPUT
1379 2515 1519 2543 LXXXIII.

1153 2557 1208 2584 Vita
1223 2558 1370 2593 Serapionis
1385 2559 1459 2594 (129)
1475 2560 1629 2589 Sindonim.

1034 2600 1094 2627 Fuit
1107 2601 1174 2628 alius
1187 2601 1293 2636 quidam
1308 2604 1435 2638 Serapion
1449 2605 1601 2633 Sindonites
1620 2606 1691 2640 (nam
1710 2614 1765 2642 prie

998 2652 1038 2672 ter
1055 2646 1191 2674 sindonem
1213 2648 1277 2675 nihil
1302 2657 1415 2683 unquam
1431 2650 1579 2685 induebat),
1595 2652 1638 2686 qui
1659 2653 1777 2680 exercuit

999 2699 1120 2726 magnam
1144 2694 1340 2727 possessionum
1368 2699 1395 2722 et
1418 2695 1570 2723 facultatum
1595 2698 1776 2726 vacuitatem:

997 2744 1075 2770 quam
1089 2738 1123 2765 ob
1136 2745 1242 2766 causam
1259 2744 1286 2767 et
1301 2740 1472 2774 impa~sibilis
1484 2742 1636 2770 vocabatur.
1650 2743 1715 2770 Cum
1729 2751 1775 2771 es-

996 2788 1036 2810 set
1058 2788 1145 2810 autem
1169 2785 1306 2819 imperitus
1329 2785 1487 2819 litterarum,
1507 2787 1661 2814 memoriter
1673 2787 1777 2815 dicebat

995 2836 1087 2856 omnes
1102 2830 1261 2864 Scripturas.
1280 2831 1310 2858 Et
1320 2838 1405 2866 neque
1414 2831 1449 2858 ob
1465 2833 1657 2866 possessionum
1671 2838 1775 2867 egesta-

996 2877 1048 2902 tem
1063 2879 1090 2902 et
1112 2874 1305 2910 Scripturarum
1330 2877 1526 2905 meditationem
1550 2877 1635 2912 potuit
1656 2878 1684 2905 in
1707 2878 1775 2906 cetta
