2072 3153
290 188 359 218 "83

1018 195 1177 226 PALLADll

1842 199 1910 227 ηει

291 254 440 288 quiescere,
465 263 515 282 non
530 256 600 291 quod
614 258 764 286 traheretur
785 265 800 285 a
823 263 928 286 ‘errcna
947 259 1069 292 materia,
1085 255 1110 284 A
1122 255 1156 283 de
1172 256 1367 285 feneratoribus
1379 262 1406 284 ut
1416 258 1454 286 eis
1464 257 1658 291 satisfacerent,
1669 257 1757 292 ipsum
1764 259 1910 292 rogabant:

289 299 337 326 sed
352 300 422 334 quod
435 303 606 335 apostolicam
621 304 699 330 vitam
711 305 872 336 sectabatur,
888 304 982 332 orbem
997 310 1075 332 terra:

289 343 385 372 obiens
409 347 603 374 exactissimam
620 349 783 382 paupertatis
805 349 926 376 virtutem
951 349 1075 383 pracsel'm

291 390 375 422 rebat,
391 391 430 418 sic
443 397 471 418 ιη
484 393 626 426 perfectam
648 395 886 428 impassibilitatem
900 395 941 422 hic
955 396 990 422 sit
1003 403 1076 422 assc-

288 439 376 462 cutus.
394 436 475 465 Natus
487 440 558 466 enim
570 445 626 466 erat
647 440 696 467 hac
710 446 818 474 natura;
835 447 894 468 sunt
908 442 979 469 enim
994 445 1075 468 natu-

287 486 390 512 ramm,
407 490 458 508 non
484 483 691 511 substantiarum
707 486 864 513 diﬂ‘erentia:
883 481 975 521 (Caute
998 487 1075 522 lege).

292 524 439 553 Narrabant
465 527 552 561 itaque
570 528 677 562 Patres,
693 530 763 565 quod
779 539 838 558 cum
849 531 991 565 quemdam
1005 539 1076 558 acce~

289 570 372 604 pissét
388 573 590 601 exercitatorem
605 576 649 609 qui
670 583 729 603 cum
744 584 776 604 eo
793 577 906 608 luderet,
928 585 956 604 se
970 577 994 604 in
1010 585 1075 612 qua-

286 617 348 643 dam
363 618 428 644 urbe
438 620 580 653 gentilibus
591 620 708 648 vendidit
723 622 893 649 histrionibus
907 623 997 657 viginti
1010 623 1074 650 soli-

289 662 330 688 dis
347 662 431 698 (150),
449 668 475 690 et
494 672 554 692 cum
577 666 769 693 recontlidisset
782 667 882 694 solidos
906 675 957 695 suo
974 667 1073 703 sigillo,

287 715 334 734 eos
358 708 427 743 apud
455 716 483 735 se
510 711 642 737 servabat.
655 711 756 739 Tandiu
781 719 869 740 autem
890 714 1035 747 permansit
1047 718 1074 741 et

286 754 379 780 servm
394 755 482 782 mimis
495 756 537 789 qui
560 764 620 783 eum
634 764 763 790 emerant,
777 759 914 786 doneceos
926 759 988 787 fecit
999 760 1074 787 Chri-

288 797 400 830 stianos,
425 805 452 826 et
466 808 514 827 eos
533 802 630 829 avulsit
645 811 658 828 a
679 804 783 830 theatro
799 813 806 830 :
823 809 917 838 pra-ter
937 813 1031 838 panem
1047 809 1074 832 et

285 850 380 876 aquam
396 845 459 871 nihil
471 853 590 876 sumens.
601 855 686 881 neque
699 856 753 881 pra:
770 849 941 876 meditatione
955 849 1074 884 S'riptu-

285 894 374 914 rarum
389 896 436 916 ore
448 889 530 916 silens
544 899 552 918 :
569 891 648 926 longo
658 899 744 919 autem
753 897 872 927 tempore
884 894 985 928 primus
999 901 1074 921 com-

288 938 402 966 punctus
415 939 456 961 est
470 937 576 968 miluus,
592 937 688 965 deinde
715 938 806 970 mima,
830 939 928 967 deinde
948 941 1071 967 universa

284 985 378 1005 eorum
395 979 505 1008 familia.
523 982 624 1009 llictum
640 988 682 1010 est
704 990 792 1012 autem
805 986 875 1020 quod
888 994 940 1021 quo
952 991 1072 1020 tempore

283 1030 345 1050 eum
361 1024 527 1058 ignorabant,
543 1027 738 1062 lavabatpedes
747 1031 897 1058 amborum.
914 1032 997 1059 Ambo
1007 1040 1072 1068 ergo

287 1072 425 1105 baptizati,
444 1081 458 1099 a
485 1074 588 1103 theatro
603 1083 786 1111 recesserunt;
812 1082 916 1106 etcum
941 1080 974 1107 ad
990 1079 1071 1107 vitam

286 1116 423 1144 honestam
438 1123 464 1146 et
480 1119 548 1153 piam
565 1123 767 1156 processissent,
781 1124 866 1151 virum
879 1125 956 1152 valde
970 1133 1072 1153 revete-

284 1162 390 1190 bantur.
407 1164 436 1191 Ei
462 1166 547 1200 itaque
559 1160 648 1194 dicunt
664 1176 672 1195 :
688 1169 835 1203 Adesdum,
852 1170 944 1202 't'ater.
971 1180 1020 1199 nos
1044 1177 1071 1200 te

285 1207 464 1242 liberabimus.
475 1212 580 1245 quando
592 1213 699 1247 quidem
716 1215 772 1248 ipse
783 1223 832 1242 nos
844 1216 960 1244 liberatin
975 1225 989 1243 a
1001 1218 1070 1251 turpi

285 1254 422 1282 servitute.
440 1253 506 1282 D-cit
524 1265 586 1291 ergo
602 1259 642 1285 eis
656 1267 662 1284 :
678 1259 897 1295 Quandoquidem
911 1261 981 1289 Deus
996 1269 1071 1290 meus

283 1303 325 1324 est
337 1306 472 1332 operatus,
488 1307 515 1328 et
532 1310 578 1328 vos
591 1305 727 1338 cooperati
741 1306 815 1337 estis,
826 1311 853 1332 (ιε
863 1308 933 1334 salva
947 1306 1016 1335 facta
1029 1312 1071 1336 est

282 1348 370 1371 vestra
385 1345 482 1379 anima,
499 1348 574 1375 vobis
588 1349 673 1376 dicam
688 1350 844 1386 mysterium
858 1357 944 1380 acti-4.

319 1391 374 1426 Ego
388 1399 483 1421 vestra:
493 1395 589 1422 anima!
605 1396 731 1424 misertus
745 1405 804 1432 qua:
829 1399 856 1426 in
879 1400 963 1426 multo
982 1407 1069 1428 ‘rrore

281 1437 449 1470 versabatur,
457 1446 516 1466 cum
524 1447 610 1467 essem
619 1441 686 1468 liber
697 1442 868 1475 exercitator,
876 1451 974 1478 genere
985 1444 1070 1479 Egyo

282 1483 362 1516 ptius,
377 1491 408 1510 ea
422 1484 455 1511 de
465 1493 545 1512 causa
559 1487 814 1522 rneipsumvendidi,
823 1494 850 1516 ut
861 1497 909 1517 vos
922 1498 1066 1518 servarem.

281 1527 412 1561 Quoniam
425 1534 512 1557 autem
529 1531 579 1559 hoc
592 1531 653 1559 fecit
668 1533 749 1566 Deus,
761 1538 788 1561 et
802 1541 849 1569 per
859 1541 945 1562 meam
960 1535 1069 1563 humili-

280 1577 363 1601 tatem
377 1575 452 1602 salva
466 1578 550 1604 evasit
562 1579 650 1605 anima
674 1584 772 1613 vestra,
788 1581 899 1615 accipite
915 1589 1007 1609 aurum
1023 1590 1068 1610 ve-

1127 302 1176 330 L'bi
1191 303 1268 330 sunt?
1281 303 1340 337 quis
1349 308 1390 330 est
1405 303 1448 338 qui
1461 303 1507 330 tibi
1517 303 1627 331 exhibet
1641 303 1790 331 molestiam
1800 304 1812 330 ἵ
1821 310 1913 332 osten-

1125 349 1159 375 de
1172 348 1248 375 nobis
1260 356 1320 375 eum
1330 370 1336 378 .
1352 353 1379 375 ut
1391 349 1437 375 tibi
1453 348 1566 375 feramus
1579 349 1716 376 auxilium.
1731 349 1805 376 Tunc
1819 350 1858 377 eis
1871 350 1911 377 di-

1125 392 1181 420 cit:
1197 393 1345 420 Molestiam
1369 393 1432 420 mihi
1454 393 1576 420 exhibuit
1596 394 1717 426 avaritia,
1742 399 1769 421 et
1793 395 1868 430 gula,
1885 399 1912 421 et

1125 437 1282 471 fornicatio;
1297 443 1324 465 et
1334 445 1348 465 a
1362 438 1466 466 duobus
1475 439 1582 473 quidem
1596 447 1655 466 sum
1672 439 1808 473 liberatus,
1821 441 1912 467 avari-

1125 484 1160 509 tia
1172 484 1274 511 scilice‘.
1281 489 1306 511 et
1323 484 1512 515 fornicatione;
1527 491 1613 518 neque
1623 487 1693 512 enim
1709 492 1802 512 aurum
1815 487 1910 518 balteo.

1125 536 1212 564 neque
1223 530 1323 563 aliquid
1342 530 1411 557 aliud
1429 530 1567 563 possideo:
1582 536 1635 559 non
1658 531 1731 558 fruor
1739 531 1842 559 deliciis
1852 539 1911 566 qua

1124 579 1185 601 sunt
1196 575 1313 602 nutrices
1328 567 1405 609 hujus
1421 575 1507 602 morbi
1522 583 1529 601 :
1543 576 1667 610 quocirca
1681 575 1746 603 nihil
1757 576 1820 603 mihi
1829 576 1892 604 exhi

1123 620 1187 647 bent
1201 621 1316 653 amplius
1341 621 1480 648 molestiae.
1506 622 1527 648 Α
1548 621 1607 656 gula
1624 626 1711 649 autem
1731 630 1783 649 non
1799 629 1908 656 possum

1125 666 1332 700 recedere;jam
1349 665 1419 693 enim
1433 671 1545 701 quatuor
1557 666 1651 693 diebus
1665 666 1732 693 nihil
1752 667 1867 697 comedi.
1880 671 1908 694 et

1124 712 1188 738 mihi
1206 714 1289 746 pergit
1300 717 1394 739 ven'er
1404 712 1552 739 molestiam
1565 713 1700 743 exhibere,
1712 719 1835 747 quarens
1844 720 1910 740 con-

1124 762 1229 784 suetum
1249 757 1379 789 debitum,
1397 757 1455 784 sine
1465 765 1519 791 quo
1533 765 1585 784 non
1602 763 1708 791 possum
1722 758 1822 784 vivere.
1833 758 1909 785 Tune

1123 802 1232 833 quidam
1247 802 1398 837 philosOphi
1415 803 1540 836 suspicati
1553 809 1614 829 eum
1627 802 1772 837 composita
1787 802 1910 837 quaedam

1124 853 1150 876 et
1165 848 1225 876 lii-ta
1240 855 1362 882 narrare,
1388 848 1452 875 dant
1473 848 1499 876 ei
1520 848 1635 875 solidum
1653 857 1660 875 :
1675 855 1754 884 quem
1769 854 1909 883 acceptum

1125 895 1214 929 posuit
1225 895 1251 921 in
1269 894 1372 921 ofticina
1386 896 1503 928 panaria,
1518 899 1545 922 et
1564 899 1674 928 accepto
1697 900 1766 929 pane
1779 895 1907 927 recessit;

1088 932 1110 961 Β
1125 941 1215 966 Statim
1229 939 1361 972 proiectus
1382 945 1397 965 a
1411 939 1530 972 civitate,
1544 945 1570 967 et
1584 940 1609 966 in
1621 947 1680 967 eam
1708 948 1761 966 non
1785 947 1910 967 reversus

1123 985 1247 1018 amplius.
1255 984 1329 1011 Tunc
1338 989 1518 1017 cognoverunt
1526 984 1676 1019 philosophi
1687 992 1746 1011 eum
1753 992 1817 1012 vere
1825 984 1908 1012 fuisse

1123 1029 1221 1056 virtute
1233 1031 1390 1064 praeditum;
1411 1034 1510 1057 etcum
1532 1030 1624 1064 pistori
1637 1029 1774 1057 dedissent
1794 1031 1908 1064 pretium

1124 1075 1208 1109 penis,
1223 1079 1385 1109 acceperunt
1394 1075 1520 1102 solidum.

1157 1120 1224 1149 Cum
1233 1127 1321 1148 autem
1335 1121 1450 1149 venisset
1460 1122 1548 1148 inloca
1561 1120 1760 1147 Laced.cmonis
1772 1119 1906 1154 proxima.

1122 1167 1222 1194 audivit
1234 1167 1374 1202 quemdam
1386 1175 1418 1194 ex
1450 1165 1545 1200 primis
1580 1164 1696 1193 civitatis
1732 1172 1793 1192 esse
1821 1166 1906 1193 Mani-

1121 1214 1226 1240 citazum
1239 1213 1317 1240 simul
1331 1220 1391 1240 cum
1405 1217 1457 1240 tota
1472 1213 1562 1246 domo,
1578 1212 1674 1247 alioqui
1687 1212 1772 1239 virum
1791 1212 1901 1238 bonum.

1123 1257 1170 1285 llic
1185 1258 1301 1292 optimus
1316 1258 1460 1284 monachus
1481 1257 1542 1285 huic
1557 1264 1647 1284 rursus
1657 1257 1774 1290 seipsum
1785 1251 1905 1284 vendidit

1121 1305 1186 1330 sicut
1202 1303 1227 1330 in
1249 1303 1333 1337 primo
1348 1308 1418 1330 actu.
1435 1303 1467 1330 Et
1486 1310 1545 1329 cum
1559 1303 1627 1329 intra
1641 1303 1708 1330 duos
1717 1309 1801 1329 annos
1818 1303 1906 1336 ipsum

1121 1349 1274 1376 abduxisset
1291 1349 1324 1376 ab
1338 1347 1433 1375 haeresi
1444 1353 1470 1375 et
1485 1348 1541 1382 ejus
1557 1355 1666 1375 uxorem
1681 1355 1742 1375 cum
1761 1353 1815 1375 tota
1829 1348 1906 1375 fami-

1122 1395 1168 1426 1ἰ.ι,
1183 1394 1293 1421 adduxit
1312 1395 1338 1421 in
1363 1393 1520 1421 Ecclesiam.
1535 1391 1609 1420 Tune
1622 1401 1683 1420 eutn
1697 1397 1826 1425 amantes,
1849 1399 1904 1420 non

1120 1441 1234 1474 amplius
1249 1440 1384 1467 habebant
1403 1445 1526 1474 tanquatn
1549 1446 1667 1471 servum,
1691 1439 1739 1466 sed
1763 1439 1903 1473 plusquam

1120 1493 1276 1520 germanum
1301 1486 1408 1512 fratrem
1423 1489 1450 1512 et
1465 1489 1606 1519 patrem,et
1619 1492 1717 1520 magno
1736 1484 1836 1512 honore
1846 1483 1904 1511 all!-

1121 1531 1236 1563 ciebant.
1248 1536 1275 1558 et
1288 1538 1348 1558 cum
1364 1539 1397 1558 eo
1408 1530 1490 1558 Deum
1505 1531 1658 1559 laudabant.

1157 1576 1239 1604 Paulo
1253 1581 1314 1611 post
1328 1576 1374 1604 ubi
1387 1583 1434 1603 eos
1448 1576 1568 1610 pluribus
1582 1577 1736 1604 cohortatus
1751 1581 1820 1604 esset
1829 1596 1837 1608 ,
1852 1575 1905 1603 illis

280 1624 377 1653 strum,
390 1621 506 1649 utetiam
517 1622 575 1649 aliis
582 1631 659 1658 opem
671 1623 764 1652 feram.
778 1625 816 1653 Illi
828 1631 916 1654 autem
927 1634 988 1655 cum
999 1628 1066 1655 mul.
1080 1618 1103 1651 (ἶ
1119 1623 1219 1651 relictis
1238 1623 1385 1657 spiritualis
1399 1623 1442 1650 hic
1464 1623 1573 1650 adamas
1590 1622 1735 1656 Serapion,
1750 1629 1811 1649 cum
1831 1621 1902 1649 heris

279 1668 337 1691 tum
352 1672 489 1700 rogassent
499 1672 526 1695 et
539 1667 726 1703 altirmassent,
740 1670 873 1699 dicendo:
888 1672 927 1700 Te
939 1678 1065 1707 tanquam

280 1715 383 1744 patrem
404 1716 432 1739 el
446 1713 582 1740 dominum
599 1714 764 1749 habebimus,
778 1717 865 1744 solum
881 1725 960 1745 mane
980 1718 1067 1746 nubis-

279 1763 358 1790 cum;
374 1765 425 1785 non
441 1764 582 1793 potuerunt
597 1761 622 1788 ei
644 1763 816 1795 persuadere.
832 1764 908 1791 Tunc
918 1765 1010 1792 dicunt
1020 1765 1044 1793 ei
1057 1774 1064 1793 :

283 1801 321 1828 Da
347 1807 374 1828 tu
397 1810 492 1831 aurum
517 1806 694 1840 pauperibus,
719 1815 778 1835 nam
793 1809 819 1836 id
833 1809 911 1837 nobis
926 1810 973 1837 fuit
986 1818 1066 1839 causa

277 1848 384 1875 salutis.
399 1849 443 1876 Ait
457 1849 510 1877 illis
525 1859 533 1878 :
548 1850 613 1879 Date
634 1860 680 1879 vos
700 1853 775 1887 illud,
799 1855 860 1888 quia
877 1861 995 1883 vestrum
1009 1863 1066 1890 est;

279 1901 330 1927 ego
347 1895 417 1921 enim
433 1895 534 1923 alienas
557 1898 681 1931 pecunias
697 1907 748 1926 non
762 1900 797 1926 do
808 1902 977 1935 pauperibus.
996 1902 1063 1929 Tum

278 1941 316 1966 Illi
324 1940 496 1969 Cohortantur
503 1949 575 1974 eum.
583 1944 716 1972 dicentes:
729 1946 781 1974 Sed
792 1948 886 1975 saltem
898 1953 957 1982 post
967 1956 1066 1977 annum

279 1991 329 2011 nos
341 1985 448 2013 invisas.
466 1986 498 2013 Et
511 1988 550 2014 sic
561 1990 595 2016 ab
610 1989 641 2015 iis
656 1990 730 2017 abiit.

317 2029 341 2056 Is
352 2029 535 2064 frequentibus
549 2034 803 2068 peregrinationibus
818 2037 939 2070 pervenit
951 2038 977 2065 in
989 2038 1064 2066 Gne-

279 2077 366 2109 ciam;
380 2083 407 2104 et
427 2085 487 2105 cum
510 2080 594 2107 tribus
609 2081 703 2108 diebus
719 2088 836 2110 moratus
848 2089 921 2112 esset
941 2085 1064 2118 Athenis,

274 2128 332 2148 non
346 2123 487 2156 fuitquid
502 2132 595 2157 panem
610 2125 757 2159 praeberet;
773 2135 833 2154 nam
844 2136 928 2163 neque
945 2137 982 2156 ms
997 2130 1066 2157 fere—

277 2169 336 2201 bat,
351 2177 438 2204 neque
452 2179 552 2204 peram.
569 2179 621 2198 non
637 2173 730 2206 pellem
745 2174 864 2208 ovillam,
881 2183 932 2202 non
950 2177 1063 2211 virgam,

273 2215 343 2241 nihil
365 2215 477 2248 horum,
503 2216 550 2243 sed
573 2217 629 2244 sola
653 2218 764 2245 sindone
780 2219 892 2247 amictus
912 2226 980 2248 erat.
996 2222 1063 2249 Cum

275 2265 367 2287 autem
380 2261 496 2288 venisset
508 2267 616 2296 quartus
630 2264 698 2295 dies,
708 2264 784 2291 valde
795 2265 902 2297 esuriit;
913 2267 977 2293 nihil
993 2267 1063 2294 enim

278 2306 324 2333 illo
342 2311 462 2340 tempore
474 2313 637 2342 gustaverat.
653 2309 706 2337 lies
726 2315 767 2337 est
789 2311 860 2337 enim
876 2312 965 2346 gravis
981 2313 1063 2341 fames

272 2352 466 2385 involuntaria,
486 2361 546 2387 quae
566 2354 724 2388 adjutricem
747 2355 829 2383 habet
840 2356 1061 2385 incredulitatem.

273 2398 311 2424 dit
323 2403 396 2425 stans
410 2406 492 2432 super
507 2400 635 2436 tumulum
657 2401 782 2432 civitatis,
797 2401 823 2428 in
839 2409 892 2436 quo
915 2410 1062 2438 congrega-

278 2443 376 2470 bentur
385 2444 429 2478 qui
444 2449 520 2471 erant
535 2444 561 2471 in
576 2445 702 2479 dignitate
718 2446 794 2479 (l5l)
809 2447 942 2474 constituti
958 2448 984 2475 in
999 2449 1064 2476 civi-

274 2493 341 2521 tate,
357 2490 438 2523 cmpit
451 2491 623 2518 vehementer
633 2495 660 2518 et
671 2499 731 2518 cum
747 2493 853 2525 planctu
870 2493 1020 2526 lamentari,
1036 2500 1064 2522 ct

274 2534 393 2561 clamare
410 2542 417 2560 ε
431 2535 485 2562 Viri
498 2536 682 2568 Athenienses,
695 2536 763 2564 ferte
773 2546 861 2571 opem.
879 2539 918 2566 Ad
932 2547 1010 2574 quem
1020 2547 1061 2568 ac-

277 2585 414 2607 currentes
421 2589 512 2608 omnes
519 2582 562 2616 qui
573 2582 678 2615 pallium
686 2585 1061 2622 gestabantethyrrum(132l,

275 2626 367 2653 dicunt
392 2627 416 2654 ei
443 2635 452 2654 :
483 2627 551 2660 Quid
577 2628 678 2660 habes,
704 2629 838 2658 undenam
865 2639 912 2663 es,
943 2638 969 2659 et
997 2633 1061 2666 quid

274 2673 391 2705 pateris?
419 2674 442 2700 Is
464 2681 528 2701 vero
549 2673 614 2701 dicit
638 2675 702 2706 ipsis
724 2676 852 2704 :Genrre
865 2678 974 2712 quidem
1002 2687 1061 2706 sum

275 2718 428 2753 Egyptius,
443 2719 589 2746 monachus
603 2719 783 2753 professione;
794 2729 826 2748 ex
839 2730 891 2756 quo
908 2728 995 2750 autem
1011 2724 1059 2750 ab-

271 2771 334 2790 sum
352 2773 367 2790 a
390 2772 452 2792 vera
476 2773 534 2792 nu-a
550 2766 646 2800 pazria,
662 2767 742 2794 incidi
759 2768 784 2794 in
798 2773 853 2795 tres
870 2768 1036 2798 feneratores
1051 2779 1057 2797 :

275 2814 305 2835 et
317 2809 372 2837 duo
381 2811 488 2844 quidem
503 2818 518 2837 ιι
531 2819 574 2839 me
583 2818 753 2840 recesserunt
768 2814 890 2840 exsoluta
903 2815 943 2841 eis
958 2816 1059 2848 debito,

277 2860 337 2880 cum
352 2863 404 2882 non
418 2855 549 2884 baberent.
560 2857 593 2884 dc
603 2865 656 2891 quo
670 2865 713 2885 me
727 2864 897 2886 accerserent
909 2868 916 2892 ;
932 2867 1000 2887 unus
1013 2869 1061 2888 au-

275 2904 329 2926 tem
346 2907 361 2927 a
375 2907 418 2928 me
439 2909 491 2929 nou
511 2902 634 2931 discedo.
649 2903 689 2932 llli
703 2911 766 2940 ergo
779 2905 899 2937 studiose
908 2912 1058 2940 querentes

1119 1667 1178 1696 istis
1192 1669 1305 1703 pretium
1317 1676 1393 1696 suum
1409 1668 1591 1703 persolvisset,
1607 1669 1722 1702 seipsum
1744 1666 1860 1702 coniecit
1874 1666 1902 1693 in

1119 1722 1214 1741 navem
1229 1718 1356 1748 tanquam
1371 1713 1485 1741 Romam
1500 1713 1695 1748 navigaturum.
1711 1712 1802 1740 Nauta:
1813 1715 1902 1738 autem

1118 1760 1293 1794 conjicientes
1310 1767 1370 1786 eum
1394 1759 1434 1786 vel
1450 1759 1573 1786 intulisse
1586 1763 1723 1792 sumptus,
1741 1758 1783 1785 vel
1798 1758 1824 1784 in
1838 1763 1905 1783 auro

1119 1805 1219 1832 habere
1231 1805 1301 1838 quod
1313 1804 1486 1838 expendeiet,
1499 1804 1565 1831 nihil
1586 1803 1657 1831 aliud
1680 1802 1825 1836 percontati
1843 1809 1905 1829 eum

1118 1855 1296 1885 exceperunt,
1316 1851 1383 1878 alius
1407 1849 1489 1877 alium
1511 1849 1669 1877 exi~timans
1693 1849 1827 1884 accepisse
1845 1847 1906 1883 ejus

1118 1897 1253 1924 utensilia.
1276 1896 1342 1924 Cum
1355 1902 1443 1924 autem
1462 1897 1511 1930 ipsi
1525 1895 1726 1930 enavigasset-t,
1738 1899 1764 1922 et
1777 1895 1903 1921 abessent

1117 1944 1269 1978 quingentis
1287 1943 1379 1970 stadiis
1396 1943 1430 1970 ab
1441 1942 1614 1974 Alexandria,
1628 1945 1767 1975 cmperunt
1781 1944 1904 1967 vectores

1118 1989 1189 2016 vesci
1202 1989 1272 2015 circa
1287 1995 1410 2015 occasum
1424 1988 1498 2021 solis,
1513 1995 1572 2015 cum
1589 1992 1675 2014 nautae
1690 1987 1761 2020 prius
1771 1985 1902 2013 comedi!-

1117 2039 1187 2061 scnt.
1207 2034 1334 2060 Viderunt
1346 2040 1434 2061 autem
1449 2041 1511 2060 eum
1524 2034 1608 2067 primo
1618 2032 1660 2059 die
1675 2039 1727 2059 non
1743 2031 1900 2064 comedere;

1117 2085 1144 2107 et
1160 2084 1319 2114 putaverunt
1334 2086 1439 2106 causam
1454 2086 1514 2106 esse
1526 2078 1732 2112 navigationem,
1743 2076 1865 2104 similiter
1875 2081 1903 2103 et

1117 2126 1246 2156 secundo.
1266 2130 1292 2152 et
1304 2125 1392 2159 tertio,
1407 2129 1435 2152 et
1449 2128 1543 2158 quarto
1565 2123 1728 2156 die;quinlo
1746 2126 1834 2149 autem
1859 2120 1905 2148 die

1120 2172 1211 2199 vident
1226 2172 1311 2206 ipsum
1327 2171 1464 2198 sedentem
1478 2172 1594 2205 quietum
1607 2190 1614 2201 ,
1630 2169 1692 2195 dum
1706 2175 1799 2196 omnes
1815 2175 1904 2195 come—

1117 2218 1231 2251 derent,
1256 2222 1283 2245 et
1306 2218 1398 2244 dicunt
1411 2217 1435 2243 ei
1450 2225 1456 2242 :
1473 2216 1570 2249 Homo,
1590 2223 1636 2242 cur
1650 2221 1703 2242 non
1725 2213 1860 2242 comedis?
1880 2213 1904 2240 Is

1119 2271 1184 2291 vero
1194 2264 1258 2290 dicit
1270 2265 1308 2290 eis
1323 2272 1329 2289 :
1345 2263 1473 2296 Quoniam
1488 2270 1539 2288 non
1553 2261 1639 2288 habeo
1649 2260 1718 2295 quod
1733 2260 1820 2286 edant.
1835 2258 1902 2285 Cum

1117 2318 1180 2344 ergo
1196 2310 1265 2336 inter
1278 2316 1308 2336 se
1322 2308 1508 2343 qua-sivisseut
1523 2307 1581 2340 quis
1595 2307 1654 2341 ejus
1666 2307 1813 2339 accepisset
1826 2310 1905 2331 utun-

1117 2356 1175 2382 silia
1190 2354 1229 2382 \c!
1247 2355 1380 2388 impensas
1390 2373 1398 2384 ,
1411 2353 1542 2379 vidissent
1556 2357 1644 2378 autern
1668 2352 1802 2378 neminem
1825 2357 1903 2376 acce-

1118 2402 1189 2436 pisse
1202 2402 1300 2436 (neque
1311 2399 1381 2427 enim
1397 2398 1510 2426 habebat
1521 2398 1632 2432 aliquid)
1647 2401 1788 2431 coeperunt
1800 2402 1861 2423 cum
1871 2403 1904 2422 eo

1116 2447 1279 2474 contendere
1292 2454 1298 2472 :
1311 2445 1449 2478 Quomodo
1470 2445 1509 2472 sic
1533 2443 1668 2478 ingressus
1681 2450 1710 2469 es
1725 2443 1825 2475 absque
1850 2440 1898 2468 itu-

1116 2492 1226 2526 peusis?
1240 2491 1374 2526 qu-rmudo
1389 2490 1469 2516 dabis
1487 2489 1563 2516 nobis
1587 2488 1716 2515 naulum?
1727 2494 1841 2522 quonam
1855 2493 1906 2513 au-
1920 2486 1924 2489 ’

1118 2543 1171 2565 tem
1186 2537 1288 2564 aleris?
1303 2539 1326 2563 Is
1337 2545 1400 2563 vero
1414 2538 1453 2564 eis
1467 2537 1531 2563 dicit
1548 2543 1555 2562 :
1572 2536 1627 2570 Ego
1651 2535 1716 2562 nihil
1737 2533 1837 2565 habeo;
1854 2539 1906 2560 an-

1116 2583 1184 2610 ferte
1211 2591 1263 2615 me,
1289 2588 1313 2610 et
1329 2583 1436 2618 abjicite
1462 2583 1505 2610 ubi
1522 2582 1669 2609 invenistis.
1686 2581 1725 2608 Illi
1747 2587 1810 2607 vuro
1827 2579 1906 2606 :Cur

1116 2631 1256 2658 irascens?
1272 2638 1305 2656 ne
1318 2630 1338 2656 si
1354 2635 1461 2657 centum
1479 2629 1585 2663 quidem
1608 2635 1705 2655 aureos
1720 2626 1796 2653 nobis
1811 2625 1903 2652 dares.

1117 2677 1239 2703 lubenter
1253 2676 1302 2702 hoc
1320 2676 1484 2707 faceremus,
1501 2682 1561 2702 cum
1582 2674 1616 2702 sit
1630 2675 1706 2701 nobis
1722 2677 1817 2700 ventus
1836 2672 1906 2698 adeo
1953 2695 1959 2700 ,

1117 2721 1250 2748 secundus
1265 2730 1270 2746 :
1289 2728 1398 2755 scopum
1423 2728 1486 2755 ergo
1507 2727 1659 2755 lugeamus,
1677 2722 1832 2754 peragantes
1843 2725 1903 2751 quae

1115 2772 1177 2794 cunt
1193 2767 1270 2793 nobis
1291 2767 1436 2801 proposita.
1453 2766 1498 2793 Sic
1513 2766 1561 2794 fuit
1581 2766 1606 2792 iu
1624 2765 1695 2797 navi,
1707 2769 1734 2792 et
1747 2771 1808 2791 eum
1823 2763 1902 2789 alue.

1114 2816 1177 2839 runt
1191 2811 1302 2838 Romam
1318 2819 1412 2846 usque.
1428 2811 1495 2838 Cum
1517 2816 1606 2838 autem
1631 2811 1742 2838 Romam
1765 2810 1902 2835 venisset.

1114 2857 1220 2884 curiose
1233 2857 1366 2891 indagavit
1377 2857 1436 2892 quis
1447 2862 1519 2884 esset
1530 2857 1556 2884 in
1571 2856 1679 2884 civitate
1693 2862 1804 2890 magnus
1817 2860 1900 2881 exer-

1113 2904 1209 2934 citator
1221 2907 1268 2932 aut
1281 2903 1461 2933 exercitatrix.
