2072 3153
191 191 258 224 1185

801 191 983 224 HISTORIA
1001 191 1194 224 LAUSIACA.
1708 205 1722 217 κ

1759 191 1826 225 1186

188 251 322 287 ἀσκητὴν,
334 252 474 286 πέπρακεν
489 252 584 279 ἑαυτὸν
594 251 622 278 ἐν
635 260 688 279 τινι
700 251 777 278 πόλει
792 251 897 286 μίμοις,
913 249 979 275 Ἔλ-
995 249 1018 277 Α
1031 249 1129 284 γυρίας
1142 250 1190 277 καὶ
1219 251 1356 286 πορνείας.
1385 252 1455 278 Οὔτε
1469 251 1524 287 γὰρ
1544 250 1645 287 χρυσὸν
1671 249 1737 286 ἐχω,
1762 250 1825 278 οὔτε

189 293 267 327 λησιν
280 291 368 325 οὖσιν,
383 292 468 319 εἴκοσι
481 294 668 328 νομισμάτων.
681 294 736 320 Καὶ⁴
759 292 980 328 σφραγισάμενος

189 334 223 361 τὰ
239 334 404 369 νομίσματα,
417 335 565 369 ἐφύλαττεν
581 336 646 370 παρ“
661 335 760 371 ἑαυτῷ.
782 335 843 361 Ἐπὶ
854 333 980 360 τοσοῦτον

188 375 217 403 δὲ
233 376 409 412 παρέμεινεν,
428 376 526 412 μέχρις
555 374 587 404 οὗ
615 378 662 403 καὶ
677 377 857 412 Χριστιανοὺς
881 376 980 408 αὐτοὺς

189 419 300 453 ποιήσῃ,
316 417 363 444 καὶ
376 418 423 444 τοῦ
439 417 553 454 θεάτρου
565 419 662 450 αὐτοὺς
676 419 832 454 ἀποστήσῃ,
843 417 979 452 παρεκτὸς

188 459 271 493 ὄρτου
283 459 330 485 καὶ
341 458 436 490 ὕδατος
447 459 560 494 μηδενὸς
570 459 650 486 ἄλλου
664 460 820 495 λαμϐάνων,
834 459 901 494 μηδὲ
914 459 981 493 ἡσυ-

187 500 279 534 χάζων
289 500 327 534 τῷ
338 500 453 535 στόματι
463 500 517 527 ἀπὸ
534 501 649 536 μελέτης
659 497 739 528 θείων
751 501 877 536 Γραφῶν.
886 499 980 530 Οὕτως

186 542 214 568 δὲ
228 541 332 573 τούτοις
345 543 358 568 6
374 542 511 578 μακάριος
525 543 699 578 παραμείνας
713 544 753 578 τῷ
766 542 863 578 μακρῷ
879 541 977 578 χρόνῳ,

188 585 295 619 πρῶτον
305 584 453 617 κατένυξεν
468 585 514 611 τὸν
527 587 620 620 μῖμον,
643 583 703 611 εἶτα
715 585 768 619 τὴν
789 584 904 620 μιμάδοι.
919 581 978 610 εἶτα

186 625 232 652 τὸν
259 626 404 659 σύμπαντα
431 624 504 652 οἷκον
529 627 630 653 αὐτῶν.
663 626 787 660 Ἐλέγετο
815 626 843 653 δὲ
874 626 902 652 ὲν
924 625 978 659 ὅσῳ

185 667 299 702 ἠγνόουν
316 667 397 693 αὐτὸν
409 668 573 703 ἀμφοτέρων
586 668 691 695 νίπτειν
707 669 769 700 τοὺς
782 669 876 699 πόδας.
896 667 976 694 Ἐκά-

185 717 258 743 τεροι
274 707 321 735 οὖν
339 709 534 744 βαπτισθέντες
557 710 719 745 ἀπέστησαν
742 711 789 737 καὶ
804 710 851 736 τοῦ
869 709 978 744 θεατρί-

186 750 243 782 ζειν
255 749 358 781 λοιπὸν,
371 750 418 776 καὶ
428 751 474 776 ἐπὶ
489 751 534 778 τὸν
546 751 645 786 σεμνὸν
655 752 702 778 καὶ
712 751 822 786 θεοφιλῆ
834 751 978 781 ἐλάσαντες

186 790 242 825 βίον
262 792 363 827 σφόδρα
378 792 490 828 ᾐδοῦντο
505 792 550 819 16v
571 793 665 828 ἄνδρα,
689 793 737 819 καὶ
753 793 878 826 λέγουσιν
892 791 975 826 αὐτῷ·

185 832 280 868 Δεῦρο,
290 834 399 867 ἀδελφέ,
416 834 637 870 ὲλευθερώτομέν
650 844 679 860 σε
694 834 797 867 λοιπὸν,
813 835 906 869 ἐπειδὴ
925 834 978 860 ἀπὸ

184 874 300 909 αἰσχρᾶς
316 876 389 910 ἡμᾶς
403 875 525 907 δουλείας
540 876 620 908 αὐτὸς
639 876 840 911 ἠλευθέρωσας.
854 876 921 902 Τότε
932 875 978 901 λέ-

1032 289 1096 316 ᾶλλο
1110 299 1136 317 τι
1149 292 1286 328 κέκτημαι
1298 301 1305 307 ·
1323 294 1353 319 οὐ
1367 293 1475 328 τρυφῆς
1504 292 1643 324 ἀπολαύω,
1661 291 1712 327 τῆς
1726 292 1823 326 τροφί-

1032 340 1084 366 μου
1102 333 1204 368 ταύτης
1217 334 1266 369 τῆς
1278 335 1356 361 νόσου
1367 343 1373 349 ·
1394 335 1435 361 διὸ
1450 335 1542 361 οὐκέτι
1560 343 1594 368 με
1618 333 1753 369 ὀχλοῦσιν.
1767 334 1823 360 Γα-

1031 376 1216 410 στριμαργίας
1231 376 1260 402 δὲ
1283 376 1472 411 ἀπαλλαγῆναι
1492 377 1522 402 οὒ
1539 375 1666 410 δύναμαι.
1679 375 1822 410 Τετάρτην

1031 416 1085 451 γὰρ
1098 416 1206 451 ἡμέραν
1221 417 1275 452 ἔχω
1293 419 1413 453 σήμερον
1426 419 1462 453 μὴ
1479 418 1586 453 φαγὼν,
1606 417 1653 444 καὶ
1668 417 1822 452 παραμένει

1031 466 1076 492 μοι
1092 457 1128 490 ὼς
1141 458 1276 493 αὐστηρὸς
1290 460 1432 494 δανειστὴς
1449 460 1465 493 ἡ
1483 459 1600 495 γαστὴρ,
1624 459 1756 494 ἄγχουσα,
1774 459 1823 486 καὶ

1029 498 1183 526 ἀπαιτοῦσα
1204 500 1235 526 τὺ
1263 500 1377 535 σύνηθες
1405 501 1493 535 χρέος,
1509 502 1578 536 ὅπερ
1601 501 1649 527 ἐὰν
1662 501 1699 535 μὴ
1715 500 1819 532 ἀποδῶ,

1029 539 1110 574 ζῆσαι
1135 541 1165 566 οὺ
1194 543 1330 577 συγχωρεί
1354 551 1410 578 μοι,
1425 543 1492 569 Τότε
1513 542 1586 574 τινὲς
1599 542 1654 568 τῶν
1665 542 1819 576 φιλοσόφων

1029 581 1157 616 ἐνόμισαν
1168 583 1270 618 σκηνὴν
1279 582 1389 610 εἶναιτὸ
1399 585 1525 619 πρᾶγμα,
1533 584 1607 619 ὅμως
1615 583 1734 610 διδόασιν
1744 583 1820 617 αὐτῷ

1029 623 1149 658 νόμισμα
1164 624 1203 651 ἓν.
1226 625 1254 651 '0
1269 626 1298 652 δὲ
1317 625 1394 652 τοῦτο
1414 626 1560 660 δεξάμενος
1573 625 1671 660 έθηκεν
1686 625 1716 651 ὲν
1740 626 1820 660 ἀρτο-

1029 665 1147 701 πωλείῳ,
1159 665 1206 692 καὶ
1220 667 1310 694 λαϐὼν
1325 668 1373 695 ἕνα
1386 668 1469 704 ἄρτον
1484 667 1659 703 ἀνεχώρησεν
1675 668 1820 702 παραχρῆ-

1029 716 1068 741 μα
1084 708 1196 739 ὁδεύσας
1213 709 1263 744 τῆς
1283 709 1395 742 πόλεως,
1413 711 1461 736 καὶ
1486 710 1584 744 μηκέτι
1597 711 1637 741 είς
1650 709 1734 744 αὐτὴν
1751 710 1820 736 ὐπο-

1029 750 1156 785 στρέψας.
1172 751 1238 778 Τότε
1253 751 1375 785 ἔγνωσαν
1390 752 1415 779 οἱ
1430 752 1569 786 φιλόσοφοι
1581 752 1622 779 ὅτι
1648 751 1755 786 ἀληθῶς
1773 751 1819 778 ὲν-

1028 790 1125 827 άρετον
1139 791 1195 825 βίον
1204 792 1336 828 κέκτηται
1348 795 1361 819 6
1376 793 1517 829 ἄνθρωπος
1532 791 1619 824 οὗτος.
1628 793 1684 820 Καὶ
1694 792 1820 820 δεδωκό-

1027 840 1073 864 τες
1086 833 1185 860 ἐκεῖνοι
1197 834 1244 860 τοῦ
1260 834 1344 869 ἄρτου
1356 835 1387 861 τὸ
1401 835 1521 869 τίμημα,
1535 835 1630 861 ἔλαϐον
1646 833 1676 861 16
1684 834 1818 870 νόμισμα.

1069 874 1169 901 Ἐλθὼν
1185 875 1232 902 οὖν
1246 877 1260 902 6
1279 877 1415 912 μακάριος
1427 876 1532 903 ἐκεῖθεν
1549 877 1589 908 εἰς
1606 877 1669 909 τοὺς
1680 877 1745 912 περὶ¹
1764 877 1821 904 Λα-

183 924 227 950 γει
245 917 336 949 αὐτοῖς
350 918 365 943 6
378 918 465 952 μέγας
481 918 640 952 Σεραπίων·
669 917 780 950 Ἐπειδὴ
795 918 947 952 ἐνήργησεν
965 917 978 942 6
995 923 1016 951 Β
1030 916 1176 951 κεδαίμονα
1190 917 1300 950 τόπους,
1313 918 1429 953 ἧκουσέν
1440 926 1501 944 τινα
1514 917 1568 944 τῶν
1578 918 1695 953 πρώτων
1706 918 1756 953 τῆς
1769 918 1819 944 πό-

183 957 250 989 836;
266 967 328 993 μου,
340 959 387 986 καὶ
398 960 475 993 ὑμεῖς
491 967 557 994 συνη
563 960 695 994 ργήσατε,
705 960 752 986 καὶ
763 957 852 993 ἐσώθη
864 958 898 984 δι’
911 958 979 993 ἐμοῦ

183 1001 200 1035 ἡ
213 999 286 1035 ψυχὴ
300 1000 395 1035 ὑμῶν,
414 1001 507 1027 λοιπὸν
525 1002 595 1027 εἴπω
611 1002 675 1035 ὑμῖν
696 1001 769 1027 ἆπαν
784 1000 815 1026 τὸ
831 1001 980 1035 μυστήριον

181 1041 230 1068 τοῦ
246 1043 383 1077 δράματος
395 1050 402 1056 ·

224 1083 295 1117 Ἐγὼ
310 1085 541 1120 κατοικτειρήσας
555 1085 605 1121 τὴν
630 1084 720 1120 ψυχὴν
745 1083 822 1118 ὑμῶν
838 1085 867 1110 ὲν
891 1083 976 1119 πολλῇ

183 1125 271 1161 πλάνῃ
287 1126 444 1160 διάγουσαν,
474 1126 616 1162 ἐλεύθερος
644 1126 681 1153 ὢν
700 1126 833 1160 ἀσκητὴς,
851 1125 890 1160 τῷ
906 1126 978 1159 γένει

182 1167 341 1201 Αἰγύπτιος,
358 1168 439 1203 χάριν
455 1168 502 1194 τοῦ
520 1169 640 1202 σωθῆναι
652 1168 735 1202 ὑμᾶς,
753 1167 882 1202 πέπρακα
893 1167 979 1201 ἐμαυ-

184 1208 239 1240 τδν,
252 1209 296 1236 ἵνα
307 1210 387 1244 ὑμεῖς
401 1209 602 1245 έλευθερωθῆτε
613 1211 666 1236 άπδ
680 1210 804 1244 μεγάλων
821 1209 976 1244 ἁμαρτιῶν.

189 1250 299 1285 Ἐπειδὴ
314 1250 340 1276 δὲ
354 1250 434 1277 τοῦτο
449 1251 599 1285 πεποίηκεν
614 1252 628 1278 6
641 1251 708 1283 Θεὸς
724 1251 768 1277 διὰ
783 1251 833 1285 τῆς
847 1251 915 1286 ἐμῆς
932 1259 978 1277 τα-

183 1291 349 1323 πεινώσεως,
363 1291 461 1326 χαίρω.
477 1292 582 1318 Λάϐετε
599 1290 645 1319 οὖν
659 1292 735 1327 ὑμῶν
751 1292 781 1319 τὸ
798 1292 920 1327 χρυσίον,
934 1292 977 1318 ἵνα

183 1333 231 1359 καὶ
243 1333 333 1364 ἄλλοις
350 1333 477 1361 ἀπελθὼν
495 1333 632 1368 βοηθήσω.
647 1334 679 1360 Ol
694 1333 722 1360 δὲ
735 1334 908 1369 παρεκάλουν
929 1335 978 1360 αύ-

181 1374 237 1404 τὺν.
254 1374 386 1408 δεόμενοι,
405 1375 452 1401 καὶ
474 1374 724 1410 διαϐεϐαιούμενοι,
744 1375 785 1401 ὅτι
806 1375 850 1406 Ὠς
870 1375 976 1409 πατέρα

183 1424 213 1442 σε
228 1416 325 1451 ἕξομεν
341 1416 387 1443 τοῦ
410 1416 516 1449 λοιποῦ,
541 1417 587 1443 καὶ
607 1416 740 1451 δεσπότην
757 1416 810 1443 τῶν
833 1417 976 1451 ἡμετέρων

181 1457 286 1493 ψυχῶν,
310 1458 391 1493 μόνον
410 1459 501 1493 μεῖνον
518 1458 577 1493 μεθ’
592 1459 681 1493 ἡμῶν.
698 1459 755 1485 Οὐκ
771 1458 931 1493 ἰσχύσαντες
947 1457 976 1484 δὲ

181 1500 264 1526 αὑτὸν
291 1501 393 1531 πεῖσαι,
423 1500 549 1534 λέγουσιν
572 1501 663 1536 αὐτῷ·
683 1501 732 1532 Δδς
759 1509 791 1527 συ
816 1497 847 1526 τὸ
863 1500 975 1535 χρυσίον

182 1542 311 1576 πτωχοῖς,
326 1542 388 1568 ἐπεὶ
405 1542 534 1578 ἀρραϐὼν
550 1543 616 1578 ήμίν
626 1542 735 1575 ἐγένετο
759 1542 895 1577 σωτηρίας
907 1547 914 1556 ⁸
931 1541 974 1568 λέ-

241 1583 434 1628 αὺτοϊςμοιΔότε
446 1583 527 1610 τοῦτο
543 1585 622 1619 ὑμεῖς
632 1592 653 1628 ·Δ
664 1584 796 1628 ὑμέτερον
819 1583 972 1628 γάρ-ἐστιν’
986 1597 1008 1628 α

181 1624 238 1657 ἐγὼ
253 1625 308 1660 γὰρ
337 1624 467 1661 ἀλλότρια
482 1627 613 1661 χρήματα
628 1626 658 1652 οὺ
686 1626 835 1661 χαρίζομαι
848 1626 972 1660 πένησιν.

188 1665 252 1692 Ἐπὶ
269 1666 375 1698 τούτοις
400 1668 572 1703 παρεκάλουν
587 1668 678 1701 αὑτὸν,
697 1668 838 1702 λέγοντες·
857 1666 916 1693 Κᾶν
930 1665 974 1693 διὰ

180 1708 306 1735 ἐνιαυτοῦ
319 1710 392 1745 ἡμᾶς
407 1711 468 1746 ὅρα.

215 1747 300 1782 Οὗτος
316 1752 330 1777 6
346 1752 418 1783 ὅσιος
430 1751 523 1784 δοῦλος
535 1753 654 1788 Χριστου
668 1753 727 1784 ταῖς
744 1753 883 1786 συνεχέσιν
905 1753 972 1779 ἀπο-

179 1790 292 1826 δημίαις
305 1793 476 1827 κατήντησεν
493 1802 558 1820 ποτε
575 1796 622 1820 καὶ
641 1795 682 1825 είς
701 1796 751 1829 τὴν
774 1794 899 1825 Ἐλλάδα,
924 1794 972 1821 καὶ

179 1833 324 1869 διατρίψας
350 1836 426 1870 τρεῖς
449 1836 556 1870 ἡμέρας
582 1837 611 1862 ὲν
631 1836 769 1870 Ἀθήναις,
793 1837 844 1862 οὐκ
867 1835 970 1871 ἠξιώθη

180 1876 257 1909 παρά
268 1874 339 1907 τινός
353 1876 448 1911 ἄρτου,
463 1877 525 1903 οὐδὲ
541 1877 632 1912 κέρμα
655 1877 814 1909 ἐϐάσταζεν.
833 1877 901 1904 Οὐδὲ
916 1877 971 1912 γὰρ

179 1914 252 1951 εἶχεν
270 1918 285 1943 6
302 1917 377 1949 ἀὸιος
398 1914 475 1950 οὗτος
498 1919 528 1945 οὐ
545 1919 646 1953 πήραν,
665 1919 695 1945 οὐ
713 1918 851 1954 μηλωτὴν,
876 1919 906 1944 οὐ
920 1919 968 1954 ρά-

179 1958 251 1988 ϐδον,
265 1959 318 1986 οὐδ’
336 1960 406 1991 ὅλως
430 1968 457 1987 τι
471 1961 525 1986 τῶν
545 1960 682 1993 τοιούτων,
699 1961 716 1996 ἢ
733 1961 814 1994 μόνον
828 1961 858 1987 16
881 1960 969 1987 σινδό-

178 2009 244 2034 νιον,
258 2001 273 2028 δ
289 2002 493 2037 περιεϐέϐλητο.
521 2003 661 2038 Τετάρτης
679 2001 726 2029 οὖν
748 2003 967 2038 ἐπιλαμϐανομέ-

179 2052 228 2077 νης
250 2043 337 2080 τούτῳ
363 2045 481 2080 ἡμέρας,
500 2040 607 2080 σφόδρα
626 2046 781 2079 ἐπείνασεν,
810 2046 922 2081 μηδενὸς
940 2046 970 2072 ὲν

178 2086 290 2118 ταύταις
314 2087 492 2123 γευσάμενος.
512 2087 590 2122 Δεινὴ
603 2088 656 2122 γάρ
681 2089 756 2114 ἐστιν
769 2088 894 2120 ἀκούσιος
921 2097 969 2123 νη-

180 2128 266 2160 στεία,
283 2128 427 2163 σύμμαχον
442 2129 540 2164 ἔχουσα
551 2131 600 2164 τὴν
612 2129 751 2156 ἀπιστίαν.
771 2129 826 2156 Καὶ
840 2130 906 2161 στὰς
923 2129 969 2156 ὲπί

179 2176 251 2199 τινος
262 2169 401 2204 γεωλόφου
414 2171 461 2206 τῆς
474 2170 589 2203 πόλεως,
603 2170 667 2197 ἔνθα
680 2171 704 2197 οί
717 2172 746 2197 ὲν
760 2171 833 2201 τέλει
846 2171 900 2198 τῶν
911 2172 969 2198 ἐκεῖ

178 2207 248 2244 ἦσαν
262 2212 509 2247 συναθροιζόμενοι,
522 2213 623 2248 ἤρξατο
636 2213 747 2247 κράζειν
767 2213 814 2239 καὶ
833 2213 967 2247 ἀποδύρε-

179 2250 242 2279 σθαι
255 2251 315 2280 λίαν
326 2254 395 2287 μετὰ
410 2255 507 2289 κρότου
520 2255 629 2290 χειρῶν,
646 2254 743 2288 λέγων·
759 2255 871 2290 ’Ἄνδρες
885 2254 966 2288 Ἀθη·
980 2263 1007 2293 ι)

178 2295 257 2325 ναῖοι,
270 2294 404 2329 βοηθεῖτε.
421 2296 621 2331 Συνδραμόντες
637 2296 665 2322 δὲ
685 2297 785 2328 πάντες
798 2297 843 2332 ὑφ’
862 2297 891 2323 ἓν
906 2305 966 2332 τρι-

178 2335 326 2370 ὗωνοφόροι
343 2346 372 2363 τε
399 2338 447 2364 καὶ
476 2338 651 2374 βυρῤοῳόροι,
681 2339 806 2372 λέγουσιν
824 2338 908 2373 αὐτῷ·
933 2337 965 2364 Τί

177 2376 260 2411 ἔχεις,
278 2377 424 2413 ἀνθρωπε;
453 2380 470 2414 ἢ
492 2380 574 2406 πόθεν
587 2378 627 2414 εί;
643 2381 659 2416 ἢ
686 2381 712 2407 τί
738 2382 870 2416 πάσχεις;
885 2381 966 2414 Λέγει

175 2418 281 2451 αὐτοῖς·
303 2420 375 2453 Ἐγὼ
392 2421 441 2455 μέν
459 2423 516 2458 είμι
531 2423 571 2457 τῷ
583 2424 657 2456 γένει
672 2424 831 2458 Αἰγύπτιος,
850 2425 966 2459 μοναχδς

175 2459 205 2486 δὲ
219 2462 252 2495 τῇ
267 2461 401 2497 πολιτεία.
422 2463 480 2497 Ἀφ’
495 2462 525 2490 οὗ
538 2464 567 2490 δὲ
583 2465 633 2499 τῆς
646 2467 781 2501 σαρκικῆς
796 2475 847 2501 μου
866 2466 966 2501 πατρί-

175 2502 220 2534 δος
232 2503 367 2538 ἀπέστην,
380 2504 453 2539 τρισὶ
465 2505 617 2538 δανεισταῖς
633 2508 787 2543 περιέπεσα
796 2516 802 2523 ·
817 2509 864 2535 καὶ
876 2509 900 2534 οἱ
914 2508 965 2543 μὲν

174 2544 220 2573 δύο
231 2544 299 2580 ὁμοῦ
312 2545 519 2582 ἀπηλλάγησαν,
536 2548 726 2584 πληρωθέντος
737 2549 783 2576 τοῦ
797 2551 904 2586 χρέους,
915 2551 965 2577 οὐκ

174 2586 281 2622 ἔχοντες
295 2587 310 2614 ὃ
323 2588 492 2621 ὲγκάλεσωσί
503 2598 547 2625 με.
562 2589 591 2617 '0
601 2591 630 2617 δὲ
643 2591 733 2626 τρίτος
748 2600 798 2626 μου
812 2593 862 2619 οὐκ
874 2593 963 2620 ἀπαλ-

173 2629 310 2663 λὶιττεται,
326 2630 373 2656 καὶ
386 2629 436 2656 οὐκ
450 2630 504 2665 ἔχω
520 2631 581 2658 ὅθεν
597 2632 692 2659 τοῦτον
711 2633 961 2670 πληροφορήσαιμι.

172 2671 458 2706 Φιλοπραγμονοῦντες
481 2672 510 2698 δὲ
535 2674 634 2700 ἐκεῖνοι
657 2674 721 2706 τοὺς
747 2675 898 2708 δανειστὰς,
917 2676 962 2703 ἶνα

173 2713 268 2744 αὐτοὺς
292 2713 546 2748 πληροφορήσωσιν,
566 2715 680 2749 ἠρώτων
702 2717 794 2748 αὐτὸν,
819 2718 961 2752 λέγοντεςο

173 2753 227 2796 [1νῦ
243 2755 307 2796 ,εἱσι
333 2756 381 2782 καὶ
411 2756 483 2787 τίνες
502 2757 526 2783 οἱ
550 2757 716 2792 διοχλοῦντές
731 2768 779 2792 σε;
796 2759 880 2792 δεῖξον
896 2761 962 2796 ἡμῖν

164 2794 282 2827 ιαῦτοὺς,
312 2796 355 2823 ἵνα
378 2805 420 2824 σοι
447 2796 637 2834 βοηθήσωμεν.
665 2800 732 2826 Τότε
758 2801 832 2835 λέγει
848 2794 959 2834 αὑτοίς·

173 2835 306 2878 ’Ὠχλησέν
323 2846 367 2872 μοι
383 2839 415 2865 ὲκ
429 2839 554 2875 νεότητος
570 2840 750 2877 φιλαργυρία,
765 2844 813 2869 καὶ
831 2845 958 2878 πορνεία,

172 2877 218 2904 καὶ
231 2880 454 2914 γαστριμαργία”
472 2881 526 2909 τῶν
539 2881 584 2909 οὖν
606 2882 652 2909 δύο
669 2883 841 2921 ἀπηλλάγην,
863 2877 959 2922 60.219-

327 2937 461 2968 PATROL.
484 2941 542 2971 Gn.
568 2941 716 2973 XXXIV.

1031 957 1098 989 λεως
1128 959 1278 994 Μανιχαῖον
1303 956 1372 986 εἶναι
1389 959 1429 994 τῷ
1456 959 1582 994 δόγματι,
1599 960 1658 994 ἅμα
1685 959 1767 986 παντὶ
1780 959 1821 994 τῷ

1030 998 1096 1034 οῐκῳ
1108 999 1202 1032 αὑτοῦ,
1216 1000 1343 1035 ἐνάρετον
1350 1000 1435 1036 ἄνδρα
1446 1001 1480 1027 τὰ
1492 1001 1569 1028 ἀλλα.
1579 998 1665 1033 Οὗτος
1679 1002 1694 1028 6
1706 1001 1818 1037 ἀριστος

1029 1040 1083 1066 τῶν
1098 1041 1222 1076 μοναχῶν
1234 1042 1322 1077 τούτῳ
1337 1042 1417 1069 πάλιν
1432 1043 1574 1079 πέπρακεν
1586 1043 1683 1070 ἑαυτὸν
1700 1043 1771 1070 κατὰ
1785 1043 1816 1069 16

1030 1082 1137 1117 πρῶτον
1152 1083 1254 1118 δρᾶμα,
1275 1085 1322 1110 καὶ
1335 1084 1410 1116 ἐντὸς
1426 1084 1473 1111 δύο
1484 1084 1552 1111 ἑτῶν
1566 1085 1722 1120 ἀποστήσας
1737 1084 1820 1112 αὑτὸν

1028 1124 1078 1159 τῆς
1092 1125 1234 1160 αἱρέσεως,
1264 1127 1311 1152 καὶ
1325 1125 1374 1160 τὴν
1387 1126 1481 1153 τούτου
1496 1126 1642 1161 ἐλευθέραν
1660 1127 1718 1161 ἅμα
1742 1126 1817 1162 πάσῃ

1028 1167 1060 1200 τῇ
1076 1166 1149 1202 οίκίᾳ
1163 1166 1256 1199 αὑτοῦ,
1284 1168 1460 1203 προσήγαγεν
1480 1167 1592 1199 τούτους
1607 1170 1639 1203 τῇ
1657 1168 1816 1203 Ἐκκλησία.

1029 1208 1133 1239 οἵτινες
1160 1208 1254 1234 τοῦτον
1275 1209 1422 1244 ἠγάπησαν
1449 1209 1542 1235 οὐκέτι
1566 1209 1604 1241 ὡς
1619 1210 1739 1244 οἰκέτην,
1757 1209 1816 1236 ἀλλ’

1029 1249 1098 1284 ὑπὲρ
1113 1249 1222 1285 γνήσιον
1242 1250 1355 1284 ἀδελφὸν
1372 1252 1420 1278 καὶ
1436 1251 1552 1285 πατέρα,
1567 1251 1673 1286 ἔχοντες
1688 1251 1768 1278 αὑτὸν
1787 1252 1818 1278 ἐν

1029 1291 1135 1327 μεγάλῃ
1150 1293 1229 1327 τιμῇ,
1245 1293 1292 1319 καὶ
1305 1292 1463 1326 δοξάζοντες
1478 1292 1536 1328 μετ’
1555 1293 1637 1320 αὑτοῦ
1653 1293 1698 1320 16v
1712 1294 1788 1321 Θεόν.

1062 1334 1128 1360 Μετ’
1142 1333 1231 1367 ὀλίγον
1245 1334 1326 1360 πάλιν
1340 1335 1436 1369 χρόνον
1447 1334 1642 1369 παρακαλέσας
1659 1335 1745 1362 πολλὰ
1756 1335 1817 1362 τού-

1026 1383 1099 1407 τους,
1116 1375 1163 1402 καὶ
1176 1375 1355 1410 ἀναχωρήσας
1372 1377 1386 1402 6
1403 1376 1588 1410 πνευματικὸς
1603 1377 1709 1411 ἀδάμας
1726 1377 1814 1412 Σερα-

1027 1417 1106 1450 πίων,
1125 1417 1220 1444 έϐαλεν
1234 1417 1328 1444 έαυτδν
1349 1418 1388 1449 εἰς
1414 1419 1516 1451 πλοῖον,
1544 1418 1742 1453 ἀπεμπολήσας
1767 1419 1816 1446 καὶ

1026 1459 1131 1490 τούτοις
1147 1459 1247 1494 ὁμοίως
1259 1461 1314 1490 τοῖς
1331 1459 1474 1490 δεσπόταις
1486 1460 1517 1487 16
1534 1460 1651 1496 τίμημα,
1667 1461 1727 1496 μηδ’
1747 1461 1815 1493 ὅλως

1025 1510 1051 1527 τι
1080 1501 1318 1536 ἐπικομιζόμενος,
1346 1501 1384 1532 ὡς
1413 1501 1528 1535 ὀφείλων
1555 1502 1601 1529 ἐπὶ
1624 1502 1673 1537 τὴν
1703 1502 1815 1538 Ῥώμην

1026 1542 1152 1569 πλεῦσαι.
1172 1544 1203 1569 Οί
1222 1542 1268 1569 οὖν
1281 1543 1403 1569 ναυτικοὶ
1429 1542 1523 1569 τοῦτον
1554 1543 1654 1575 ἰδόντες
1684 1544 1815 1572 ὑπενόουν

1027 1583 1107 1609 αὐτὴν
1125 1583 1195 1617 ἔχειν
1206 1583 1338 1615 δαπάνας,
1351 1583 1398 1610 καὶ
1409 1584 1438 1610 ὲν
1452 1583 1489 1618 τῷ
1502 1583 1589 1618 πλοίῳ
1604 1584 1814 1620 είσενηνοχέναι,

1025 1625 1041 1661 ἢ
1058 1625 1104 1652 καὶ
1115 1626 1144 1651 ὲν
1160 1626 1253 1661 χρυσῷ
1269 1625 1418 1661 κεκτῆσθαι
1431 1626 1516 1652 πολλά
1529 1626 1697 1661 ἀναλώματα
1710 1627 1814 1655 τοῦτον.

1024 1667 1070 1693 Διὸ
1084 1667 1129 1693 καὶ
1155 1667 1329 1702 ἀπεριέργως
1343 1667 1424 1694 αὑτὸν
1447 1667 1621 1700 ὑπεδέξαντο,
1637 1668 1718 1699 ἄλλος
1734 1668 1816 1696 ἄλλον

1024 1709 1139 1744 νομίσας
1152 1709 1293 1745 εἰληφέναι
1312 1709 1395 1736 αὐτοῦ
1413 1709 1448 1736 τά
1463 1710 1559 1744 σκεύη.
1576 1710 1621 1736 Ἐν
1635 1710 1673 1745 τῷ
1684 1708 1731 1737 οὖν
1746 1711 1815 1738 ἀπο-

1024 1750 1140 1777 πλεῦσαι
1156 1751 1264 1782 αὐτοὺς,
1279 1751 1326 1777 καὶ
1338 1751 1465 1785 γενέσθαι
1480 1752 1517 1781 ὡς
1537 1752 1591 1778 ἀπὸ
1610 1752 1725 1779 σταδίων
1748 1761 1815 1779 πεν-

1024 1793 1157 1819 τακοσίων
1171 1792 1221 1827 τῆς
1242 1792 1456 1827 Ἀλεξανδρείας,
1475 1792 1567 1819 λοιπον
1581 1793 1697 1828 ἤρξαντο
1709 1795 1734 1820 οἱ
1753 1795 1815 1821 ὲπι-

1023 1833 1104 1860 ϐάται
1117 1833 1182 1868 περ)⁵
1195 1833 1299 1868 δυσμὰς
1313 1833 1388 1869 ἡλίου
1407 1834 1507 1860 ἐσθίειν
1523 1834 1638 1865 ἕκαστος
1647 1854 1655 1866 ,
1681 1835 1735 1861 τῶν
1749 1844 1815 1862 ναυ-

1022 1875 1105 1901 τικῶν
1119 1875 1328 1910 προφαγόντων.
1344 1875 1455 1905 Ίδόντες
1469 1875 1498 1902 δὲ
1512 1875 1593 1902 αὐτὸν
1606 1876 1647 1901 ὅτι
1658 1876 1708 1902 οὐκ
1719 1876 1814 1911 ἤσθιεν

1022 1916 1071 1951 ’τὴν
1098 1916 1211 1951 πρώτην
1227 1916 1345 1952 ἡμέραν,
1361 1917 1568 1952 προσεδόκησαν
1594 1917 1689 1952 ἀηδίαν
1703 1917 1763 1944 τινὰ
1781 1919 1814 1945 ὲκ

1022 1959 1068 1985 τοῦ
1091 1959 1171 1991 πλοὸς
1187 1959 1262 1994 αὐτῷ
1283 1959 1537 1994 προιιγεγενὶτγσθαι⁸
1567 1958 1668 1994 ὁμοίως
1693 1960 1740 1986 καὶ
1763 1961 1813 1995 τὴν

1021 2000 1149 2035 δευτέραν
1161 2008 1175 2037 Ἰ
1185 2001 1232 2027 καὶ
1244 2000 1323 2027 πάλιν
1341 2000 1391 2036 τὴν
1402 2001 1507 2036 τρίτην,
1518 1997 1578 2027 εἷτα
1593 2001 1641 2027 καὶ
1654 2000 1703 2036 τὴν
1715 2002 1812 2037 τετάρ-

1021 2050 1080 2076 την,
1098 2034 1136 2078 Τῇ
1152 2034 1198 2069 οῦν
1214 2042 1328 2077 πέμπτῃ
1346 2034 1438 2077 ἡμέρα
1457 2043 1567 2069 πάντων
1588 2034 1733 2069 ἐσθιόντων
1751 2034 1812 2078 βλέ-

1022 2092 1103 2111 πουσι
1119 2085 1200 2111 πάλιν
1214 2085 1310 2111 τοῦτον
1330 2084 1512 2119 καθεζόμενον
1529 2085 1616 2120 ἡσυχῆ
1627 2093 1634 2100 '
1653 2085 1701 2112 καὶ
1716 2085 1812 2119 λέγου-

1022 2134 1064 2152 σιν
1080 2125 1154 2161 αὑτῷ
1166 2135 1171 2140 ·
1184 2126 1235 2152 Διά
1248 2127 1274 2152 τί
1284 2126 1334 2152 οὐκ
1343 2126 1454 2159 ἐσθίεις,
1464 2126 1591 2161 ἄνθρωπε
1602 2136 1609 2159 ;
1622 2127 1696 2161 λέγει
1707 2127 1810 2157 06106.-

1024 2167 1083 2194 Ὀτι
1096 2167 1146 2194 οὐκ
1160 2168 1225 2203 έχω.
1235 2168 1414 2200 ’Λκούσαντες
1425 2167 1453 2194 δὲ
1463 2168 1542 2194 τοῦτο
1552 2168 1578 2194 οἱ
1587 2169 1719 2202 ναυτικοὶ,
1733 2178 1812 2204 περι-

1020 2209 1180 2243 ειργάζοντο
1199 2209 1343 2245 ἀλλήλους,
1360 2210 1401 2241 τίς
1425 2210 1508 2236 αὑτοῦ
1526 2210 1580 2245 ἄρα
1601 2210 1697 2237 ἔλαϐεν
1715 2212 1745 2238 ὲν
1769 2211 1811 2245 τῷ

1020 2250 1106 2286 πλοίῳ
1119 2251 1154 2278 τὰ
1169 2251 1347 2286 ἀναλώματα.
1369 2251 1412 2283 Ὧς
1431 2252 1459 2278 δὲ
1474 2249 1551 2287 εὗρον
1574 2252 1615 2278 ὃτι
1637 2253 1724 2284 οὐδεὶς
1740 2252 1810 2288 (οὐδὲ

1019 2293 1074 2327 γάρ
1094 2290 1167 2327 εἶχέν
1184 2293 1220 2327 τι)
1238 2293 1356 2328 ἤρξαντο
1378 2293 1459 2319 αὑτοῦ
1473 2293 1654 2329 διαμάχεσθαι
1671 2293 1808 2326 λέγοντες,

1018 2334 1054 2360 Σὺ
1074 2334 1133 2365 πῶς
1152 2334 1276 2369 εἰσῆλθες
1295 2334 1388 2362 ἐνθάδε
1410 2334 1475 2361 ἄνευ
1494 2335 1697 2369 ὰναλωμάτωνς
1711 2334 1807 2361 τοσοῦ-

1017 2385 1062 2403 τον
1073 2376 1101 2402 δὲ
1112 2375 1197 2403 πλοῦν
1214 2376 1294 2403 πόθεν
1307 2375 1379 2410 ἔχεις
1397 2376 1625 2411 οἱκονομηθῆναι,
1646 2376 1694 2402 καὶ
1720 2376 1809 2408 ἄλλως

1017 2419 1083 2453 ἡμῖν
1097 2419 1127 2445 16
1142 2417 1240 2444 ναῦλον
1256 2417 1338 2444 πόθεν
1351 2417 1422 2452 ἔχεις
1436 2417 1598 2452 πληρῶσαι;
1622 2417 1650 2443 '0
1660 2417 1689 2443 δὲ
1703 2418 1808 2453 μακρό-

1017 2461 1103 2495 θυμος
1130 2460 1205 2494 λέγει
1219 2460 1324 2491 αὐτοῖς·
1355 2459 1426 2494 Ἐγὼ
1453 2460 1571 2494 πρᾶγμα
1593 2459 1643 2485 οὐκ
1655 2459 1719 2493 έχω.
1740 2459 1807 2485 Ἀπο

1017 2502 1147 2537 ενέγκατέ
1167 2511 1212 2537 με.
1227 2502 1275 2528 καὶ
1287 2501 1382 2538 ῥίψατε
1397 2502 1463 2528 ὃπου
1480 2509 1514 2535 με
1529 2500 1636 2536 εὕρετε.
1652 2502 1684 2528 οι
1699 2501 1728 2527 δὲ
1743 2510 1808 2527 ναυ-

1015 2545 1087 2571 τικοὶ
1097 2544 1184 2579 τούτῳ
1198 2544 1307 2578 λέγουσι
1319 2551 1326 2559 '
1347 2543 1435 2574 Χολᾶς
1448 2543 1474 2569 τί
1491 2551 1574 2575 ποτε;
1589 2543 1654 2570 οὔτε
1668 2543 1692 2569 εί
1710 2543 1808 2570 ἑκατὸν

1015 2588 1108 2619 ὲδίδως
1135 2586 1261 2623 χρύσινα,
1285 2585 1365 2612 τοῦτο
1389 2585 1537 2618 ἐποιοῦμεν
1563 2585 1659 2621 ἡδέως,
1673 2585 1808 2620 τοσαύτης

1015 2631 1083 2666 ἡμῖν
1107 2629 1151 2656 διὰ
1179 2627 1226 2656 τοῦ
1244 2628 1312 2655 Θεοῦ
1338 2627 1421 2662 οὔσης
1438 2627 1576 2658 εὐπλοῖας.
1597 2626 1741 2662 Ἐχώμεθα
1759 2627 1807 2653 οὖν

1013 2672 1061 2699 τοῦ
1082 2670 1196 2702 σκοποῦ,
1213 2670 1248 2696 τὰ
1265 2669 1433 2704 προκείμενα
1448 2669 1514 2704 ήμίν
1531 2669 1700 2701 ὲξανύοντες.
1710 2668 1806 2701 Οὕτως

1013 2712 1060 2741 οὖν
1079 2712 1114 2749 ἦν
1128 2714 1156 2740 ἐν
1169 2712 1207 2748 τῷ
1224 2711 1309 2747 πλοίῳ
1328 2712 1492 2746 ἀμέριμνος,
1508 2711 1555 2737 καὶ
1579 2711 1602 2738 οἱ
1619 2712 1740 2738 ναυτικοὶ
1761 2711 1806 2738 εὑ-

1015 2756 1136 2792 ρέθησαν
1165 2754 1218 2785 ἓως
1248 2753 1356 2788 Ῥώμης
1382 2753 1540 2788 τρέφοντες.
1563 2752 1696 2779 Είσελθὼν
1724 2752 1771 2780 οὖν
1790 2753 1806 2779 6

1013 2798 1135 2833 ἀθλητὴς
1162 2796 1209 2824 τοῦ
1228 2796 1347 2832 Χριστοῦ
1371 2796 1400 2822 έν
1425 2795 1519 2831 Ῥώμῃ
1551 2795 1760 2830 περιειργάζετο
1774 2795 1805 2821 ἐν

1012 2842 1093 2876 αὐτῇ,
1111 2840 1152 2870 τίς
1172 2839 1227 2874 ἄρα
1254 2839 1327 2864 ἐστὶν
1341 2837 1453 2871 ἄριστος
1463 2837 1516 2865 τῶν
1533 2837 1661 2873 ἀσκητῶν
1676 2837 1762 2873 μέγας
1784 2836 1803 2871 ἢ

1012 2885 1059 2912 καὶ
1071 2883 1209 2918 ὰσκήτρια
1224 2882 1253 2908 ὲν
1268 2882 1300 2917 τῇ
1315 2880 1402 2908 πόλει.

1625 2934 1666 2968 38
