2067 3155
266 181 332 214 1187

566 238 589 264 Κ
595 237 693 265 ΕψΛᾸ.
715 238 776 264 ΠΝ.

544 280 613 314 Περὶ
629 281 786 314 Δομνίνου.

308 323 352 350 Ἐν
366 320 406 354 οἷς
420 322 542 357 Δομνίνῳ
555 323 609 348 τινὶ
621 321 737 357 γενναίῳ
753 322 782 348 ἐν
794 322 826 355 τῇ
837 320 952 354 ἀσκήσει
970 317 1057 352 ἀνδρὶ,

266 365 375 400 μαθητῇ
402 363 557 399 Ὠριγένους
571 362 851 398 περιέτυχε,.μεγάλῃ
877 361 993 396 ἀσκήσει
1007 368 1058 385 πε-

266 406 428 441 πονημένῳ·
446 405 510 440 περὶ
539 402 569 432 οὗ
586 406 664 440 φήμη
680 405 802 438 διέτρεχε
828 402 915 429 πολλὰ
930 401 1058 436 θαύματα

266 447 457 481 πεποιηκέναι.
476 442 514 473 Οὖ
529 447 546 482 ή
562 447 639 482 κλίνη
655 447 702 473 καὶ
719 446 788 481 μετὰ
805 446 850 471 τὸν
869 445 983 471 θάνατον
994 442 1058 469 τού-

265 498 311 515 ⁴του
328 489 438 522 ἐλέγετο
450 489 545 520 νόσους
561 489 665 515 ἰᾶσθαι.

559 537 687 564 ΚΕΦΑΛ.
708 537 770 563 ΠΕ¹.

411 579 481 614 Περὶ
498 579 554 614 τῆς
570 579 604 606 ἐν
623 579 718 614 Ῥώμῃ
735 578 898 613 παρθένου.

300 621 458 657 Περιτυχὼν
472 619 518 648 οὖν
531 622 616 657 αὐτῷ,
633 622 680 648 καὶ
692 620 881 655 οἰκοδομηθεὶς
896 619 962 654 παρ’
974 618 1057 646 αὑτοῦ

266 663 347 699 (ἀνὴρ
362 664 418 698 γὰρ
442 661 476 699 ἦν
496 663 704 698 τετορνευμένος
722 663 750 688 ἐν
764 671 792 689 τε
806 662 866 697 ἤθει
884 663 929 688 καὶ
945 661 1057 695 γνώσει,

265 706 312 732 καὶ
326 705 398 740 λόγῳ
409 705 456 732 καὶ
474 705 534 740 βίῳ)
546 706 655 741 ἐρωτῶν
674 713 703 731 τε
720 705 816 739 μαθεῖν
831 705 895 740 παρ’
918 703 1000 730 αὑτοῦ
1016 703 1058 734 τίς

265 748 319 783 ἄρα
337 748 378 783 εἴη
392 748 449 774 ἐκεῖ
465 747 545 779 ἄλλος
560 748 684 783 ἀσκητὴς
700 747 716 783 ἢ
729 747 867 781 ἀσκήτρια
879 767 885 779 ,
906 745 976 779 ἐγνω
992 744 1057 779 παρ’

265 789 347 816 αὑτοῦ
360 790 423 824 περὶ
441 789 630 824 ἡσυχαζούσης
644 789 716 820 τινὸς
728 789 876 823 παρθένου,
890 788 926 819 ὡς
937 788 980 821 είη
989 786 1058 821 αὐτὴ

265 830 386 857 εἰκοστὸν
395 831 520 865 πέμπτον
534 831 638 864 ἄγουσα
652 831 710 861 ἔτος
723 828 1014 864 ἐγκατακεκλεισμένη
1029 830 1058 854 ἐν

264 872 347 907 κέλλῃ
361 872 496 908 μηδέποτε
512 872 608 907 μηδενὶ
633 872 864 906 συντυγχάνουσα.
884 871 986 898 Μαθὼν
1012 869 1059 896 οὖν

1007 177 1185 208 PALLADII

1075 232 1100 262 Λ
1115 234 1192 260 ποιῶ·
1207 235 1246 266 είς
1262 234 1343 261 τοῦτο
1358 235 1412 269 γὰρ
1423 234 1453 260 τὸ
1469 234 1567 269 μέτρον
1576 234 1626 260 οὐκ
1641 231 1724 268 ἦλθον
1740 233 1843 268 ἀκμὴν,
1858 234 1903 260 εὖ-

1839 177 1905 210 1188

1113 283 1196 310 χομαι
1211 275 1240 302 δέ
1252 276 1350 303 ἐλθεῖν.
1369 276 1436 303 Τότε
1455 275 1531 309 λέγει
1545 275 1613 310 αὐτῇ
1631 276 1645 302 ό
1666 274 1759 306 δοῦλος
1776 274 1822 301 τοῦ
1836 275 1901 301 Θεοῦ
1918 309 1924 311 _

1111 316 1254 352 Σεραπίων
1267 316 1484 352 όάπροσπαθής·
1501 316 1588 343 Βλέπε
1601 315 1657 347 οὖν,
1672 316 1784 351 ἀδελφή,
1805 317 1902 351 μηκέτι

1113 358 1311 394 μεγαλοφρόνει
1324 358 1370 385 ἐπὶ
1382 360 1482 394 σεαυτῇ
1498 358 1535 390 ῶς
1546 359 1655 385 πάντων
1669 358 1736 385 οὖσα
1753 359 1902 392 ἁγιωτέρα,

1111 401 1159 426 καὶ
1178 401 1342 435 καυχωμένη
1366 401 1404 432 ὡς
1422 399 1461 435 τῷ
1481 401 1576 435 κόσμῳ
1595 400 1682 434 τούτῳ
1709 399 1902 426 ἀποθανοῦσαν

1110 441 1211 476 ἔμαθες
1222 443 1276 477 γὰρ
1291 442 1332 469 ὅτι
1349 442 1409 477 ζῇς,
1428 443 1475 469 καὶ
1486 442 1578 476 ἀκμὴν
1597 441 1751 477 ἀνθρώποις
1762 441 1900 476 ἀρέσκεις,

1117 483 1187 517 Ἐγὼ
1202 483 1256 519 γάρ
1269 492 1315 510 σου
1328 484 1445 518 δύναμαι
1458 485 1618 518 νεκρότερος
1635 481 1714 514 εἶναι,
1735 483 1807 518 ἔργῳ
1823 484 1904 510 δυνά-

1112 534 1190 559 μενος
1205 525 1291 557 δεῖξαι
1317 526 1357 552 ὅτι
1384 526 1422 561 τῷ
1437 526 1532 560 κόσμῳ
1547 525 1694 557 ἀπέθανον,
1717 525 1902 560 ἁπροσπαθῶς

1110 568 1178 602 ἔχων
1195 568 1230 593 τὰ
1246 568 1313 602 πρὸς
1331 567 1422 594 αὐτόν.
1453 566 1689 602 Ἀνεπαισχὺντως
1716 568 1771 602 γὰρ
1784 567 1902 601 δύναμαι

1111 609 1158 636 καὶ
1173 609 1394 641 ἀσκανδαλίστως
1405 608 1484 635 τοῦτο
1500 609 1611 643 ποιῆσαι
1626 610 1694 644 ὅπερ
1714 609 1834 641 ἐπέταξά
1849 617 1900 637 σοι.

1117 652 1183 678 ’Λπδ
1199 652 1301 679 τούτων
1318 651 1372 679 τῶν
1385 652 1472 686 λόγων
1487 652 1637 684 παιδεύσας
1654 652 1740 687 αὐτὴν
1761 654 1789 678 ἐν
1807 660 1900 678 ταπει-

1110 694 1274 730 νοφροσύνῃ,
1290 695 1351 721 τότε
1367 694 1513 722 κατέλιπεν
1531 693 1632 729 ταύτην
1646 694 1762 726 τελείαν,
1776 695 1822 721 καὶ
1836 694 1902 720 κλά-

1110 745 1157 767 σας
1174 737 1257 771 αὐτῆς
1273 736 1303 762 τὸ
1315 737 1429 771 φύσημα
1440 736 1487 763 τοῦ
1504 736 1600 770 τύφου,
1622 735 1707 768 οὕτως
1720 736 1806 770 αὐτῆς
1820 736 1835 762 ὁ
1851 744 1903 770 μα·-

1110 779 1206 812 κάριος
1232 778 1415 813 ἀνεχώρησεν.
1445 776 1556 809 Οὗτοςὸ
1574 777 1629 813 βίος
1653 777 1828 813 Σεραπίωνος
1856 777 1902 803 τοῦ

1110 820 1232 852 ἀπαθοῦς
1245 821 1292 847 καὶ
1307 821 1458 855 ἀκροτάτου
1478 821 1642 855 ἀκτήμονος.

1146 862 1235 888 Πολλά
1249 863 1278 888 δέ
1290 863 1337 890 καὶ
1351 862 1467 898 λαμπρά
1483 862 1501 889 ἃ
1514 861 1665 897 πεποίηκεν
1677 861 1818 896 θαυμάσια
1832 861 1903 897 πρά-

265 903 351 948 αὑτής
361 903 380 940 ’ὁ
392 903 518 948 ἀοίδιμος
535 903 612 945 οὗτος
642 913 687 940 τὸν
703 903 789 945 οίκον,
799 913 921 948 ἀπῆλθεν
932 913 999 943 ἐκεῖ,
1012 912 1058 938 καὶ
1075 912 1094 940 Β
1109 911 1202 938 Υματα
1250 905 1378 948 ένᾲρεῖος
1396 904 1444 931 τοῦ
1456 904 1577 948 ,Χριστοῦ
1600 903 1731 948 ξτοφιξῖίτῇς
1745 903 1780 948 τῇ
1794 903 1901 948 ξυντεί-

264 955 338 989 λέγει
348 956 379 990 τῇ
391 955 600 991 ὐπηρετουμένῃ
613 956 682 990 αὐτῇ
697 956 787 990 γραῖδι
798 963 804 970 ·
816 955 897 981 Εἰπὸν
909 956 941 990 τῇ
955 953 1058 988 παρθέ-

265 1005 312 1031 νῳ.
333 997 373 1022 ὅτι
387 997 521 1028 Μονάζων
535 1005 577 1028 τις
590 998 745 1031 ἀναγκαίως
759 1005 800 1023 σοι
816 997 889 1023 θέλει
906 997 1057 1030 συντυχεῖν.

264 1037 380 1064 Δεδὼιει
399 1038 427 1064 δὲ
442 1037 516 1073 αὑτῷ
533 1039 678 1073 ἀπόκρισιν
706 1038 833 1074 ήγραῦς,
849 1039 889 1064 ὅτι
906 1038 938 1065 ἐκ
954 1037 1059 1064 πολλῶν

264 1079 332 1105 ἐτῶν
343 1080 430 1106 οὐδενὶ
445 1081 656 1116 συντετύχηκεν.
667 1080 749 1114 Λέγει
764 1081 844 1114 αὐτῇ·
864 1077 948 1106 Εἶπον
975 1079 1056 1113 αὐτῇ,

264 1121 305 1148 ὅτι
319 1122 361 1148 ἵνα
375 1130 414 1148 σοι
428 1122 552 1157 συντύχω
564 1131 570 1137 ·
585 1123 599 1148 ό
610 1123 676 1154 Θεὸς
699 1123 753 1156 γάρ
767 1130 799 1156 με
816 1121 975 1148 ἀπέστειλεν
990 1121 1059 1155 πρὸς

265 1162 305 1189 σέ.
323 1161 353 1188 Ἠ
370 1163 397 1189 δὲ
412 1164 471 1189 οὑδέ
487 1164 574 1195 οὕτως
586 1164 727 1198 ἠνέσχετο.
749 1163 927 1198 Ιιαραμείνας
941 1163 969 1189 δέ
984 1164 1058 1198 τρεῖς

263 1203 369 1239 ἡμέρας
383 1206 415 1240 τῇ
433 1205 542 1239 εὐτονίᾳ
558 1205 670 1240 ὕστερον
687 1205 755 1240 αὐτῇ
775 1206 931 1238 συνέτυχεν,
943 1204 1058 1230 καίίδὼν

264 1247 360 1282 αὐτὴν,
391 1247 475 1281 λέγει·
507 1247 540 1273 Τί
572 1246 677 1282 καθέζῃ
709 1246 845 1280 ἐνταῦθα;
868 1245 1058 1282 Ἀποκρίνεται

265 1288 340 1324 αὐτῷ
357 1290 448 1325 ἐκείνη
465 1290 600 1323 λέγουσα·
619 1290 656 1316 Οὐ
683 1289 847 1324 καθέζομαι,
873 1289 942 1315 ἀλλά
962 1289 1057 1314 όδεὺω.

265 1332 346 1365 Λέγει
358 1334 426 1367 αὐτῇ
439 1333 552 1364 ἐκεῖνος,
565 1332 620 1359 Ποῦ
635 1331 736 1363 όδεύεις
750 1340 757 1364 ;
771 1332 852 1365 Λέγει
874 1331 948 1366 αὐτῷ
962 1331 978 1366 ἡ
991 1339 1059 1366 παρ-

264 1372 356 1405 θένος·
377 1374 448 1408 Πρὸς
463 1374 509 1401 τὸν
523 1374 588 1401 Θεόν
607 1383 669 1410 μου.
686 1374 768 1408 Λέγει
790 1374 859 1408 αὐτῇ
877 1374 890 1400 ό
904 1373 996 1403 δοῦλος
1010 1372 1058 1399 τοῦ

264 1415 349 1442 Θεοῦ·
376 1417 439 1452 Ζῇς,
467 1417 484 1452 ἢ
500 1417 656 1450 ἀπέθανες;
684 1416 765 1450 Λέγει
785 1415 860 1450 αὐτῷ
883 1416 975 1451 ἐκείνη
988 1424 995 1430 ·
1010 1417 1058 1442 Πι-

265 1457 353 1484 στεύω
365 1458 403 1488 εἰς
421 1457 467 1484 τὸν
479 1458 545 1484 Θεόν
559 1467 609 1493 μου
620 1459 661 1485 ὅτι
671 1458 808 1485 ἀπέθανον
825 1457 863 1492 τῷ
875 1457 981 1492 κόσμῳ.
1000 1457 1059 1484 Ζῶν

264 1498 319 1534 γὰρ
334 1500 367 1534 τῇ
378 1500 460 1533 σαρκὶ
473 1499 504 1525 οὐ
522 1499 559 1534 μὴ
576 1499 673 1535 όδεύσῃ
686 1499 754 1534 πρὶς
767 1499 813 1526 τὸν
826 1499 904 1525 Θεόν.
926 1498 1058 1529 Ἀκούσας

264 1539 294 1565 δέ
305 1539 391 1566 ταῦτα
406 1541 420 1565 ό
433 1541 567 1576 μακάριος
581 1541 734 1576 Σεραπίων,
750 1541 824 1575 λέγει
838 1541 907 1575 αὐτῇ
918 1548 925 1555 ⁸
942 1539 1057 1571 Οὐκοῦν,

1110 953 1189 972 νοντα
1212 947 1253 977 είς
1275 946 1421 979 ἀπάθειαν,
1454 946 1534 973 ἅτινα
1559 946 1613 973 ἀπὺ
1631 945 1737 972 πολλῶν
1759 945 1838 979 ὀλίγα
1854 954 1902 980 γε-

1110 987 1265 1022 γράφαμεν,
1282 987 1313 1014 τὸ
1333 987 1453 1024 καθαρὸν
1468 988 1514 1015 τοῦ
1537 987 1594 1022 βίου
1608 987 1703 1014 τούτου
1719 987 1900 1022 δηλώσαντες.

1110 1027 1195 1061 Οὗτος
1220 1030 1234 1055 ό
1260 1030 1394 1060 ἀθάνατος
1416 1030 1532 1063 ίτελευτᾷ
1547 1030 1621 1064 ἄγων
1643 1029 1693 1064 τῆς
1714 1029 1823 1064 ἡλικίας
1842 1029 1901 1061 ἔτος

1109 1070 1265 1106 ἑξηκοστὸν,
1281 1072 1310 1097 ἐν
1329 1072 1398 1107 αὐτῇ
1416 1073 1447 1107 τῇ
1465 1072 1561 1107 ἐρήμῳ
1572 1072 1679 1106 ταφείς.

1392 1121 1517 1148 ΚΕΦΑΛ.
1550 1121 1619 1154 οφ.

1376 1163 1446 1197 Περὶ
1463 1163 1623 1196 ΕὐαγῬίου.

1144 1203 1185 1231 Τὰ
1201 1204 1270 1231 κατά
1287 1203 1423 1239 Εὺάγριον
1439 1204 1485 1231 τὸν
1497 1205 1617 1239 ἀοίδιμον
1632 1204 1757 1231 διάκονον
1772 1205 1817 1231 τοῦ
1833 1206 1901 1240 Χρι-

1110 1245 1189 1277 στοῦ,
1215 1246 1299 1281 ἄνδρα
1317 1246 1467 1280 βεῆιωκότα
1491 1246 1561 1273 κατά
1578 1247 1640 1278 τοὺς
1658 1247 1824 1278 ἀποστόλους
1836 1267 1843 1278 ,
1870 1248 1901 1274 οὐ

1108 1287 1212 1314 δίκαιον
1236 1288 1388 1323 ἡσυχάσαι,
1416 1288 1485 1315 ἀλλά
1505 1289 1591 1315 ταῦτα
1613 1290 1706 1324 γραφῇ
1734 1289 1901 1324 παραδοῦναι

1108 1331 1148 1361 εἰς
1168 1330 1312 1365 οἰκοδομὴν
1334 1330 1389 1356 τῶν
1415 1331 1644 1366 ἐντυγχανόντων,
1669 1331 1717 1357 καὶ
1747 1331 1825 1363 δόξαν
1850 1331 1902 1366 τῆς

1109 1371 1277 1406 ἀγαθότητος
1291 1371 1337 1398 τοῦ
1354 1371 1479 1406 Σωτῆρος
1492 1372 1581 1407 ἡμῶν,
1595 1371 1699 1398 δίκαιον
1713 1373 1901 1408 ἡγησάμενος,

1109 1413 1211 1440 ἄνωθεν
1231 1413 1389 1448 ἐκτίθεμαι,
1413 1413 1472 1445 πῶς
1497 1422 1526 1440 τε
1550 1411 1632 1448 ἦλθεν
1657 1415 1704 1440 ἐπὶ
1729 1415 1776 1441 τὸν
1793 1415 1900 1450 μονήρη

1109 1455 1220 1487 σκοπὸν,
1238 1455 1284 1482 καὶ
1308 1456 1382 1486 ὅπως
1408 1456 1491 1487 ἀξίως
1514 1455 1562 1482 τοῦ
1586 1456 1795 1490 ἐπαγγέλματος
1821 1457 1903 1483 αὑτὸν

1109 1497 1264 1532 ἐξασκήσας
1278 1498 1391 1533 τελευτᾷ
1418 1498 1486 1524 ἐτῶν
1503 1499 1675 1532 πεντήκοντα
1698 1499 1850 1533 τεσσάρων,
1873 1500 1903 1526 ἐν

1108 1541 1141 1574 τῇ
1167 1541 1279 1575 ἐρήμῳ,
1305 1541 1376 1566 κατὰ
1403 1539 1433 1566 τδ
1453 1539 1666 1575 γεγραμμένον
1686 1540 1847 1570 Τελειωθεὶς
1874 1541 1903 1566 ἐν

266 1580 309 1607 ῐνα
327 1589 360 1615 με
376 1582 589 1617 πληροφορήσῇς
605 1583 646 1609 ὅτι
663 1582 797 1613 ἀπέθανες
812 1582 851 1617 τῷ
863 1583 969 1617 κόσμῳ,
980 1582 1059 1618 ποίη·
1074 1583 1097 1614 C
1112 1582 1194 1617 ὀλίγῳ
1211 1583 1353 1618 ἐπλήρωσε
1368 1582 1481 1617 χρόνους
1502 1581 1634 1617 μακρούς.
1657 1582 1772 1617 Ἀρεστή
1790 1582 1843 1616 γὰρ
1857 1581 1903 1609 ὃν-

266 1630 311 1649 σον
325 1623 338 1649 ὃ
351 1623 405 1657 ἐγὼ
418 1624 497 1652 ποιῶ.
510 1624 591 1658 Λέγει
601 1625 676 1660 αὐτῷ
689 1625 790 1660 ἐκείνη·
801 1624 906 1650 Δυνατά
921 1632 966 1659 μοι
979 1624 1059 1658 μόνον

263 1661 401 1698 ἐπίταξον,
411 1666 458 1692 καὶ
473 1665 552 1693 ποιῶ.
562 1666 740 1701 Ἀπεκρίνατο
753 1666 819 1701 αὐτῇ
833 1666 945 1697 ἐκεῖνος’
961 1665 1059 1701 Νεκρῷ

263 1707 364 1734 δυνατά
376 1709 434 1734 ἐστι
452 1708 542 1735 πάντα
554 1708 592 1744 τῷ
604 1709 674 1735 κατὰ
688 1709 728 1741 σέ,
743 1709 879 1743 παρεκτὸς
892 1707 940 1734 τοῦ
958 1708 1058 1743 ἀσεϐῇ-

264 1758 320 1777 cat.
336 1748 402 1776 Εἶτα
416 1750 490 1784 λέγει
502 1751 581 1785 αὐτῇ·
598 1750 721 1777 Κάτελθε
733 1752 780 1777 καὶ
792 1750 916 1785 πρόελθε.
931 1750 1059 1785 Ἀπεκρί-

263 1800 328 1818 νατο
344 1791 417 1827 αὐτῷ
432 1792 535 1826 ἐκείνη·
553 1792 682 1818 Εἰκοστὶν
702 1792 825 1827 πέμπτον
839 1792 898 1823 ἔτος
910 1791 962 1826 ἔχω
979 1792 1059 1826 μηδέ-

263 1842 328 1860 ποτε
340 1832 519 1869 προελθοῦσα,
532 1834 578 1860 καὶ
590 1834 633 1860 ἶνα
647 1834 672 1860 τί
683 1835 802 1869 σήμερον
819 1834 958 1868 προέλθω;
978 1834 1057 1867 Λέγει

263 1876 331 1911 αὐτῇ
347 1876 449 1907 ἐκεῖνος
460 1883 466 1890 ·
492 1876 569 1906 Οὑαὶ,
585 1876 634 1901 οὐκ
647 1873 733 1908 εἶπες,
753 1876 792 1902 ὅτι
814 1875 884 1910 Ἐγὼ
899 1875 937 1910 τῷ
964 1875 1058 1910 κόσμῳ

262 1917 350 1952 τούτῳ
360 1917 513 1950 ἀπέθανον;
527 1917 607 1952 δῆλον
625 1918 734 1949 πάντως
749 1919 790 1945 ὅτι
810 1919 856 1944 καὶ
868 1919 909 1944 σοὶ
926 1919 940 1944 ό
955 1918 1057 1952 κόσμος

262 1959 312 1985 οὐκ
337 1958 420 1985 ἐστιν.
437 1959 468 1985 Εί
483 1958 529 1985 οὖν
543 1959 622 1985 τοῦτό
638 1961 712 1986 ἐστιν
723 1980 729 1991 ,
743 1960 839 1994 νεκρός
854 1960 960 1991 οὐδενὸς
979 1961 1057 1985 ἐπαι-

264 2001 402 2026 σθάνεται.
418 2001 522 2027 Ταυτόν
540 2009 581 2027 σοι
593 2000 638 2027 οὖν
654 2002 726 2027 ἐστιν
738 2001 784 2027 καὶ
798 2001 940 2035 προελθεῖν
957 2001 1003 2027 καὶ
1019 2001 1056 2035 μὴ

263 2041 415 2077 προελθεῖν.
437 2042 591 2069 Ἀκούσασα
610 2043 638 2069 δέ
654 2043 741 2069 ταῦτα
759 2044 774 2077 ὴ
796 2043 940 2078 παρθένος,
956 2043 1055 2078 προῆλ-

263 2083 320 2109 θεν·
338 2085 407 2119 μετὰ
421 2083 450 2109 δὲ
464 2084 493 2110 τὸ
511 2084 654 2120 προελθεῖν
670 2085 755 2119 αὐτὴν
768 2085 831 2117 ἐξω,
844 2085 892 2110 καὶ
902 2084 990 2110 ἐλθεῖν
1004 2085 1056 2116 ἕως

263 2124 411 2158 ἐκκλησίας
438 2125 522 2158 τινος,
553 2124 638 2151 ἐλθὼν
649 2127 662 2152 ὁ
675 2126 810 2161 μακάριος
828 2123 907 2160 εὗρεν
926 2126 1011 2161 αὐτὴν
1027 2127 1056 2152 ἐν

261 2167 296 2200 τῇ
320 2166 462 2202 ἐκκλησίᾳ,
486 2167 532 2193 καὶ
559 2167 632 2201 λέγει
659 2168 728 2203 αὐτῇ
742 2177 749 2183 ⁸
763 2167 793 2193 El
809 2167 893 2198 ὅντως
915 2167 1002 2198 θέλεις
1017 2176 1056 2193 τε·

263 2207 342 2239 λείως
358 2207 564 2244 πληροφορῆσαί
578 2217 611 2243 με
625 2209 666 2235 ὅτι
677 2209 822 2241 ἀπέθανες,
837 2209 884 2236 καὶ
902 2209 993 2235 οὐκέτι
1005 2209 1054 2244 ζῇς

1109 1633 1163 1656 τως
1177 1625 1316 1660 γέγονενή
1332 1625 1404 1659 ψυχὴ
1422 1624 1505 1650 αὑτοῦ
1517 1623 1556 1658 τῷ
1572 1624 1676 1658 Κυρίῳ.
1696 1622 1780 1655 οὗτος
1796 1624 1836 1658 τῷ
1852 1623 1905 1657 μὲν

1110 1668 1183 1701 γένει
1195 1667 1289 1701 γέγονε
1302 1666 1441 1698 Ποντικδς,
1455 1666 1559 1697 πόλεως
1578 1666 1631 1700 Ἰϐή
1638 1675 1701 1701 ρων,
1713 1667 1769 1697 υίὸς
1783 1665 1906 1700 πρεσὸυ-

1109 1710 1200 1744 τέρου,
1217 1709 1393 1744 ἀναγνώστης
1406 1708 1555 1743 προαχθεὶς
1572 1709 1646 1743 παρὰ
1657 1708 1704 1734 τοῦ
1720 1708 1798 1741 ἁγίου
1820 1708 1905 1734 Βασι-

1110 1751 1182 1777 λείου
1196 1751 1241 1778 τοῦ
1258 1751 1410 1777 ἐπισκόπου
1424 1751 1474 1784 τῆς
1492 1750 1655 1786 Ἐκκλησίας
1670 1750 1839 1785 Καισαρείας
1853 1751 1906 1783 τῆς

1109 1794 1178 1829 πρὸς
1197 1794 1228 1819 τὸ
1245 1794 1363 1828 Ἄργει»,
1385 1793 1462 1820 Μετὰ
1478 1793 1507 1820 δέ
1531 1793 1581 1827 τὴν
1603 1792 1731 1827 κοίμησιν
1752 1792 1798 1818 τοῦ
1823 1792 1906 1826 ἁγίου

1109 1837 1259 1862 ἐπισκόπου
1268 1835 1409 1862 Βασιλείου
1421 1835 1563 1870 προσέχων
1572 1834 1655 1860 αὑτοῦ
1663 1836 1694 1869 τῇ
1704 1834 1904 1868 ἐπιτηδειότητι

1109 1879 1122 1904 ὁ
1135 1877 1299 1911 σοφώτατος,
1312 1878 1360 1903 καὶ
1369 1877 1558 1908 ἀπαθέστατος
1571 1876 1617 1903 καὶ
1627 1877 1703 1912 πάσῃ
1715 1876 1821 1910 παιδείᾳ
1830 1876 1904 1910 λάμ-

1109 1928 1167 1946 πων
1176 1921 1190 1946 ό
1200 1920 1279 1954 ἅγιος
1290 1920 1441 1955 Γρηγόριος
1453 1921 1466 1945 ὁ
1476 1920 1618 1951 Νυσσαεὺς
1629 1919 1778 1949 ἐπίσκοπος
1787 1918 1906 1951 ἀδελςιὸς

1108 1963 1153 1989 τοῦ
1175 1963 1204 1988 ἐν
1222 1963 1289 1997 τιμῇ
1308 1962 1361 1988 τῶν
1376 1962 1533 1988 ἀποστόλων
1550 1961 1692 1987 Βασιλείου
1718 1960 1764 1986 τοῦ
1787 1960 1904 1986 ἐπισκό-

1109 2013 1171 2036 που,
1190 2005 1393 2040 προχειρίςεται
1407 2003 1502 2030 τοῦτον
1527 2003 1661 2030 διάκονον.
1683 2002 1803 2029 Ἐκεῖθεν
1816 2001 1905 2028 ἐλθὼν

1108 2046 1122 2071 ὁ
1138 2045 1214 2079 ἅγιος
1226 2046 1376 2081 Γρηγόριος
1387 2046 1401 2071 ὁ
1413 2046 1572 2077 ἐπίσκοπος,
1590 2047 1619 2071 ἐν
1632 2046 1665 2079 τῇ
1682 2044 1786 2081 μεγάλῃ
1800 2044 1904 2078 συνόδῳ

1107 2089 1140 2123 τῇ
1159 2088 1229 2114 κατὰ
1251 2088 1550 2118 Κωνσταντινούπολιν,
1577 2087 1779 2121 καταλιμπάνει
1801 2086 1903 2117 αὑτὸν,

1107 2129 1252 2164 Νεκταρίῳ
1268 2129 1306 2164 τῷ
1331 2130 1458 2165 μακαρίῳ
1481 2130 1634 2164 ἐπισκόπῳ,
1652 2128 1903 2156 διαλεκτικώτατον

1108 2171 1172 2198 ὄντα
1187 2173 1258 2198 κατά
1277 2172 1371 2198 πασῶν
1389 2171 1444 2198 τῶν
1466 2171 1610 2206 αἱρέσεων.
1629 2170 1724 2197 Ἤνθει
1741 2170 1807 2204 γοῦν
1820 2170 1851 2195 ἐν
1865 2170 1902 2203 τῇ

1110 2213 1216 2250 μεγάλῃ
1232 2214 1319 2245 πόλει,
1334 2213 1423 2247 λόγοις
1435 2214 1640 2248 νεανιευόμενος
1659 2213 1729 2238 κατὰ
1751 2211 1840 2245 πάσης
1858 2211 1905 2236 αἰ-

262 2249 417 2284 ἀνθρώποις
429 2251 595 2286 ἀρέσκιυσα,
613 2251 726 2286 ποίησον
740 2251 754 2277 ὃ
770 2250 825 2285 ἐγὼ
836 2251 953 2285 δύναμαι
976 2251 1055 2285 ποιῆ-
1072 2256 1093 2285 ο
1108 2249 1220 2291 ρέσεωξ,
1249 2256 1352 2291 Συνέϐη
1376 2253 1423 2282 οὖν
1435 2255 1530 2282 τοῦτον
1553 2255 1690 2290 ὑπερϐολῇ
1708 2254 1817 2286 τρόπων
1831 2261 1904 2287 χρη-

265 2299 320 2324 σαι,
332 2292 379 2319 καὶ
388 2293 448 2319 τότε
458 2292 677 2328 πληροφορήσεις
691 2301 724 2328 με
736 2293 776 2319 ὅτι
789 2293 896 2328 ἀληθῶς
907 2292 946 2327 τῷ
959 2293 1054 2328 κόσμῳ

263 2333 350 2369 τούτῳ
371 2334 515 2365 ἀπέθανες.
547 2336 600 2361 Καὶ
615 2336 631 2370 ή
656 2334 790 2370 παρθένος
804 2335 908 2367 λοιπὸν,
920 2334 952 2360 Τί
966 2334 1052 2366 θέλεις

263 2376 369 2410 ποιήσω
380 2382 388 2408 ;
399 2375 480 2409 Λέγει
499 2376 567 2411 αὐτῇ
582 2377 702 2407 ἐκεῖνος·
721 2376 908 2412 Ἑκδυσαμένη
922 2376 1009 2403 πάντα
1019 2375 1053 2402 τὰ

264 2416 361 2451 ἱμάτιά
374 2425 431 2450 σου,
443 2417 480 2449 ὡς
496 2417 562 2452 ἐγὼ,
578 2419 623 2444 ἐπὶ
637 2419 691 2444 τῶν
710 2418 793 2453 ὤμων
807 2426 853 2444 σου
873 2418 927 2451 θὲς,
940 2418 988 2444 καὶ
1007 2426 1054 2444 πε-

264 2459 353 2493 ρίελθε
369 2460 456 2496 μέσην
470 2460 518 2496 τὴν
529 2460 690 2496 πόλιν,ἐμοῡ
702 2461 850 2496 δυναμένου
866 2462 1052 2496 ἀναισχύντως

261 2502 466 2538 προλαμϐάνειν
495 2511 524 2529 σε
539 2502 578 2539 τῷ
601 2505 723 2539 σχήματι
748 2504 847 2538 τούτῳ.
868 2503 950 2537 Λέγει
978 2504 1051 2538 αὐτῷ

261 2545 354 2580 ἐκείνή
363 2553 370 2560 ·
393 2544 462 2571 Ἀλλ’
473 2546 529 2580 ἐγὼ
538 2545 570 2572 ἂν
585 2546 663 2572 τοῦτο
673 2547 789 2581 ποιήσω,
806 2544 975 2576 σκανδαλίζω
987 2545 1052 2571 πολ-

260 2587 324 2620 λοὺς
338 2588 384 2615 ἐπὶ
399 2589 437 2624 τῷ
451 2590 567 2625 ἁσχήμῳ
584 2590 630 2616 τοῦ
645 2590 807 2625 πράγματος
818 2597 826 2603 ·
842 2590 889 2615 καὶ
900 2589 992 2623 ἔχουσι
1008 2588 1050 2614 λέ-

259 2638 319 2664 γειν
329 2631 412 2663 τινὲς,
420 2631 461 2657 ὅτι
471 2631 583 2666 Ἐξέστη
593 2632 640 2658 καὶ
653 2632 820 2667 δαιμονιῶσά
830 2632 914 2658 ἐστιν.
922 2630 1052 2666 Ἀποκρί-

259 2680 335 2698 νεται
349 2673 363 2699 ὁ
377 2673 512 2708 μακάριος
527 2673 681 2708 Σεραπίων,
692 2673 738 2700 καὶ
752 2674 826 2708 λέγει
840 2673 908 2708 αὐτῇ
919 2681 926 2689 ·
941 2672 994 2699 Καί
1009 2681 1050 2699 σοι

259 2715 286 2741 τί
309 2715 386 2750 μέλει
409 2715 456 2742 ἐὰν
473 2715 552 2742 τοῦτο
569 2717 701 2748 εἴπωσινς
729 2717 761 2743 σὺ
775 2716 830 2752 γὰρ
845 2717 948 2750 αὐτοῖς,
960 2717 996 2748 ὡς
1007 2717 1050 2743 λέ-

260 2764 330 2790 γεις,
348 2757 494 2789 ἀπέθανες.
505 2758 605 2794 Νεκρῷ
618 2759 646 2785 δὲ
658 2758 784 2785 οὐδέποτε
802 2759 877 2794 μέλει
889 2759 915 2785 εἴ
932 2768 973 2790 τις
987 2759 1049 2786 τοῦ-

259 2807 306 2825 τον
316 2799 457 2836 λοιδορεῖῆ
477 2803 626 2837 καταγελᾷ·
647 2802 810 2838 ἀναίσθητος
821 2803 876 2838 γὰρ
893 2804 949 2834 τοῖς
966 2803 1049 2830 πᾶσίν

260 2842 345 2868 ἐστιν.
356 2843 423 2869 Τότε
437 2843 510 2877 λέγει
528 2844 602 2879 αὐτῷ
618 2846 635 2879 ἡ
662 2845 797 2880 παρθένος
822 2845 925 2879 ἐκείνη⁶
949 2846 1049 2881 Δέομαί

261 2891 320 2917 σου,
334 2884 360 2911 ετ
374 2893 399 2910 τι
423 2885 486 2912 ἄλλο
515 2885 601 2917 θέλεις
616 2887 644 2913 ἐν
670 2888 703 2922 τῇ
721 2887 846 2923 ἀσκήσει,
861 2887 987 2915 κέλευσον
1000 2890 1048 2916 καὶ

1108 2298 1236 2332 στότητος
1251 2297 1406 2332 τιμώμενον
1423 2297 1500 2332 παρά
1520 2297 1610 2331 πάσης
1628 2296 1678 2331 τῆς
1700 2296 1804 2325 πόλεως
1821 2302 1903 2328 περι-

1108 2341 1229 2376 παγῆναι
1257 2340 1360 2375 εἰδώλῳ
1386 2339 1549 2374 γυναικικῆς
1576 2338 1734 2373 ἐπιθυμίας,
1752 2337 1788 2368 ὡς
1817 2336 1902 2366 αὐτὸς

1107 2383 1173 2417 ἡμῖν
1202 2382 1322 2418 διηγεῖτο
1346 2381 1459 2417 ὕστερον
1485 2380 1678 2416 ἐλευθερωθεὶς
1707 2379 1737 2405 τὸ
1769 2377 1900 2413 φρονοῦν.

1113 2424 1280 2459 ’Δντεράσθη
1306 2424 1334 2451 δέ
1355 2423 1451 2450 τούτου
1468 2423 1549 2449 πάλιν
1574 2422 1604 2448 τὸ
1629 2421 1757 2455 γύναιον·
1774 2418 1808 2455 ἦν
1823 2420 1852 2445 δέ
1867 2420 1902 2445 ἐν

1105 2466 1184 2492 τοῦτο
1198 2466 1251 2492 τῶν
1270 2466 1449 2501 μεγιστάνων.
1473 2465 1502 2491 '0
1514 2464 1541 2490 δὲ
1557 2464 1692 2498 Εὐάγριος
1708 2461 1755 2488 καὶ
1769 2461 1814 2487 τὸν
1830 2461 1901 2487 Θεὸν

1106 2507 1284 2542 φοὸούμενος,
1306 2508 1353 2534 καὶ
1367 2507 1398 2533 τὸ
1414 2506 1513 2533 ἐαυτοῦ
1530 2505 1650 2536 συνειδὸς
1665 2503 1834 2536 αἰδούμενος,
1849 2503 1900 2529 καὶ

1106 2550 1159 2585 πρὸ
1178 2550 1325 2585 ὀψθαλμῶν
1340 2550 1370 2576 τὺ
1391 2549 1491 2581 ὄνειδος
1509 2549 1559 2583 τῆς
1571 2545 1765 2582 ἀσχημοσύνης
1783 2544 1901 2578 θέμενος

1105 2593 1152 2618 καὶ
1172 2593 1202 2620 τὸ
1218 2586 1384 2629 χαιρέκακον
1410 2593 1464 2618 τῶν
1487 2591 1628 2626 αἱρέσεων,
1646 2587 1747 2622 ηὔξατο
1766 2586 1812 2612 τὸν
1829 2587 1901 2612 Θεὸν

1106 2636 1246 2668 ἱκετεύσας
1262 2636 1458 2672 ἐμποδισθῆναι
1474 2633 1539 2669 παρ’
1554 2630 1703 2661 αὐτοῦ,τοῦ
1713 2628 1901 2663 προκειμένου

1107 2679 1211 2705 σκώλου
1224 2681 1274 2713 τῆς
1285 2678 1414 2713 γυναικὸς
1429 2675 1605 2711 ἐπικειμένης
1617 2672 1691 2707 αὑτῷ
1707 2672 1902 2707 συμπράττειν

1104 2723 1137 2757 τῇ
1151 2722 1292 2757 ἐπιθυμίᾳ,
1305 2722 1353 2747 καὶ
1368 2719 1508 2754 λυττώσης
1518 2717 1557 2752 τῷ
1571 2716 1662 2748 πάθει,
1674 2715 1757 2741 θέλων
1765 2723 1796 2740 τε
1810 2714 1902 2757 αὐτῆς

1106 2763 1323 2799 ὑπαναχωρῆσαι
1345 2763 1395 2789 οὐκ
1421 2762 1524 2796 ἴσχυεν,
1546 2759 1655 2793 δεσμοῖς
1679 2758 1727 2793 τῆς
1745 2756 1903 2792 θεραπείας

1105 2806 1189 2840 αὐτῆς
1204 2805 1394 2841 κατεχόμενος.
1414 2804 1482 2831 Μετ’
1498 2804 1529 2829 οὺ
1544 2801 1611 2828 πολὺ
1627 2801 1655 2827 δὲ
1668 2801 1718 2835 τῆς
1739 2798 1902 2835 προσευχῆς

1103 2848 1186 2874 αὐτοῦ
1203 2848 1379 2882 προκοψάσης
1399 2847 1453 2881 πρὸ
1476 2845 1527 2878 τ’ἧς
1541 2844 1588 2871 τοῦ
1609 2844 1771 2878 πράγματος
1795 2840 1902 2874 πείρας

1104 2890 1206 2925 ἐπέστη
1232 2889 1307 2925 αὐτῷ
1332 2888 1465 2923 ἀγγελικὴ
1487 2886 1604 2914 ὀπτασία
1620 2886 1648 2913 ἐν
1672 2885 1791 2920 σχήματι
1810 2890 1902 2916 στρα-
