2079 3157
204 209 271 238 1189

450 274 562 302 CAPUT
582 275 721 304 LXXXIV.

414 317 472 345 Vita
493 319 590 346 abbatis
610 319 760 346 Domnionis

235 358 306 388 Inter
319 369 386 396 quos
400 362 493 390 incidit
509 364 535 390 in
553 365 692 397 quemdam
710 366 881 394 Domnionem
892 367 980 394 fortis-

201 406 297 433 simum
308 411 388 441 atque
399 407 664 442 abstinentissimum,
677 410 796 444 Origenis
809 411 978 445 discipulum,

199 457 277 484 quem
288 459 379 478 rumor
393 458 450 480 erat
465 454 546 480 multa
563 455 688 481 miracula
713 455 826 483 edidisse
836 476 844 490 ,
860 461 886 484 et
900 457 977 491 cujus

199 495 282 522 Icelus
295 498 395 524 curavit
405 503 517 532 azgrotos
534 502 592 532 post
603 504 724 528 mortem.

455 542 566 571 CAPUT
586 543 715 571 LXXXV.

455 587 491 614 De
503 588 608 624 Virgine
620 589 717 616 silente.

232 631 296 659 Cum
312 640 375 667 ergo
395 633 420 660 in
435 641 495 661 eum
516 635 668 668 incidisset,
691 641 717 663 et
740 645 772 664 ex
787 644 818 664 eo
833 637 976 665 utilitatem

197 679 343 711 accepisset
358 679 426 712 (erat
437 680 508 707 enirn
524 681 564 707 vir
573 685 600 708 et
615 683 733 709 moribus
743 689 862 718 ornatus,
878 690 905 712 et
916 693 977 713 eru-

196 723 296 750 ditione
314 729 340 751 et
354 732 476 752 sermone
490 730 516 752 ct
533 725 608 760 vita),
624 731 650 753 et
662 728 695 754 ab
710 735 741 754 eo
752 728 887 757 didicisset
901 731 975 764 quis-

195 775 255 794 nam
269 773 355 796 .esset
372 770 425 797 illic
452 771 517 798 alius
537 772 696 800 exercitator
722 779 766 800 aut
788 775 973 808 cxercitatrix,

195 815 319 847 cegnovit
333 821 393 842 esse
404 816 545 850 quamdam
561 817 690 851 virginem
706 818 841 846 silentium
853 826 973 854 agentem

193 862 221 884 et
235 858 425 892 quiescentem,
438 868 496 895 quae
505 862 558 895 jam
571 862 659 897 viginti
671 864 786 898 quinque
795 866 871 892 annis
884 866 909 892 in
921 867 974 893 cel-

193 902 217 929 la
231 908 287 929 erat
303 904 402 931 inclusa
412 925 419 936 ,
435 910 462 932 et
476 913 536 933 cum
552 909 656 935 nemine
671 917 786 944 unquam
802 912 969 947 colloqueba-

194 953 244 975 tur.
262 948 326 976 Cum
342 954 429 977 autem
453 952 511 986 ejus
531 952 638 980 domum
663 954 817 989 didicisset,
842 957 930 992 venit,
947 966 973 987 et
990 958 1012 987 B

192 993 257 1021 dicit
280 995 374 1022 vetula:
389 1003 448 1030 qua:
462 997 486 1024 ei
501 998 660 1026 inserviebat
674 1008 681 1026 :
698 999 745 1028 Dic
759 1001 853 1036 virgini
872 1012 915 1031 me
928 1013 971 1032 ne-

190 1047 265 1067 cesse
280 1040 378 1069 habere
401 1050 458 1069 eam
476 1045 629 1072 convenire.
648 1046 722 1073 Anus
734 1055 798 1075 vero
814 1056 970 1083 responsum

190 1084 303 1112 reddidit
326 1085 397 1113 illam
417 1094 449 1113 ex
465 1089 555 1115 multis
568 1090 644 1116 annis
660 1093 793 1119 neminem
804 1097 969 1123 convenisse.

189 1129 255 1157 Tum
269 1131 306 1157 ait
322 1131 359 1158 illi
378 1141 383 1157 :
401 1132 447 1160 Dic
461 1133 486 1160 ei
504 1138 533 1160 ut
548 1136 701 1162 conveniam
716 1137 798 1170 illam,
811 1138 881 1166 Deus
899 1140 969 1167 enim

191 1183 235 1203 me
250 1176 329 1204 misit.
347 1178 380 1204 At
396 1178 439 1204 illa
453 1186 486 1206 ne
499 1180 537 1206 sic
555 1180 661 1213 quidem
679 1183 822 1216 acquievit.
843 1183 908 1212 Cum
922 1194 969 1213 au-

193 1226 245 1247 tem
266 1221 333 1249 duos
350 1223 392 1250 vel
418 1227 471 1250 tres
490 1224 548 1251 dies
570 1225 768 1260 intermisisset,
794 1236 852 1256 eam
870 1238 969 1258 conveâ€”

188 1266 227 1292 nit
247 1272 347 1299 postea.
374 1268 404 1294 Et
423 1269 446 1295 ei
467 1269 552 1296 dixit:
569 1271 630 1305 quid
653 1272 749 1300 sedes?
765 1274 801 1300 Ea
825 1283 888 1304 vero
906 1276 970 1305 dicit

187 1311 254 1345 ipsi:
270 1312 327 1339 Non
353 1314 443 1346 sedeo,
465 1316 511 1341 sed
535 1317 652 1346 an-Jtulc.
682 1318 706 1347 Is
731 1327 794 1348 vero
806 1321 870 1349 dicit
887 1332 893 1350 :
909 1324 968 1356 Quo

185 1357 322 1385 ambulas?
338 1358 381 1386 IIIa
398 1367 460 1387 vera
476 1361 539 1388 dicit
557 1371 563 1388 :
577 1363 616 1389 Ad
630 1364 721 1391 Deum.
743 1366 766 1393 Is
781 1371 868 1394 autem
883 1369 966 1396 dicit:

187 1401 307 1437 Vivisne,
331 1411 364 1430 an
380 1412 409 1432 es
433 1408 556 1433 mortua?
570 1408 616 1435 Illa
627 1417 689 1436 vero
697 1412 720 1437 ei
732 1410 795 1438 dicit
812 1421 818 1438 :
834 1413 920 1440 Credo
940 1415 966 1442 in

185 1447 265 1475 Deum
279 1458 320 1476 me
328 1458 387 1478 esse
399 1459 527 1480 mortuam
541 1455 654 1482 mundo:
665 1456 712 1489 Qui
722 1458 792 1484 enim
805 1466 884 1487 carne
891 1461 965 1494 vivit,

184 1501 235 1520 non
251 1499 336 1528 potest
347 1496 379 1523 ad
398 1494 480 1525 Deum
494 1500 640 1528 ambulare.
653 1501 677 1528 Is
697 1508 784 1530 autem
797 1504 860 1531 dicit
871 1505 895 1532 ei
909 1513 915 1531 :
932 1506 966 1534 Ut

183 1547 225 1566 me
236 1548 298 1574 ergo
313 1543 452 1570 certiorem
474 1544 568 1571 reddas
585 1551 610 1573 te
631 1554 690 1573 es~e
705 1552 835 1576 mortuam
853 1551 963 1585 mundo,

185 1584 226 1611 Iac
240 1586 309 1618 quod
325 1586 401 1615 facio.
417 1589 452 1615 Ea
468 1588 505 1616 illi
521 1590 584 1618 dicit
598 1600 604 1617 :
622 1591 723 1626 Impera
746 1593 809 1620 mihi
831 1603 890 1630 quae
902 1604 964 1631 pos-

182 1636 243 1656 sunt
256 1631 322 1663 lieri,
339 1637 364 1659 et
379 1633 484 1661 faciam.
496 1634 519 1662 Is
532 1642 619 1663 autem
627 1637 692 1664 dicit
705 1637 727 1665 ci
739 1648 747 1667 ;
760 1640 828 1667 Nihil
838 1646 878 1668 est
893 1642 961 1676 quod
977 1639 999 1670 C

182 1684 234 1702 non
247 1678 329 1709 poSsit
344 1684 476 1713 mortuus,
493 1681 592 1717 absque
607 1691 639 1710 eo
652 1685 721 1718 quod
738 1693 788 1713 non
804 1692 889 1720 potest
901 1695 963 1715 esse

181 1721 286 1756 impius
301 1723 374 1751 Tunc
391 1725 456 1753 dicit
469 1727 493 1754 ei
510 1736 516 1754 :
535 1729 680 1763 Dcsreude,
698 1737 724 1758 et
738 1734 906 1767 progredere.
926 1735 961 1762 Ea

182 1774 246 1793 vero
258 1770 414 1801 respondit:
431 1771 488 1798 Jam
501 1773 588 1806 agitur
602 1774 746 1809 vigesimus
760 1779 867 1810 quintus
877 1787 963 1807 annus

180 1819 210 1838 ex
223 1820 275 1846 quo
289 1821 341 1840 non
356 1822 412 1841 sum
429 1823 577 1851 progressa,
591 1824 617 1845 et
630 1827 677 1846 cur
687 1822 858 1856 progrediar?
871 1824 900 1850 Ei
914 1832 962 1851 au-

181 1862 232 1883 tem
248 1857 312 1884 dicit
326 1866 334 1885 :
352 1858 426 1886 Vah!
440 1868 526 1887 nonne
550 1865 577 1888 tu
589 1862 689 1897 dixisti,
702 1869 806 1892 mortua
817 1874 876 1894 sum
902 1868 961 1896 ht.ic

181 1902 371 1930 mundoiunde
379 1909 404 1930 et
418 1905 585 1933 manifestum
594 1912 634 1934 est
647 1914 672 1935 et
685 1910 812 1937 mundum
829 1912 875 1938 tibi
889 1921 960 1940 mor.

181 1952 252 1974 tuum
263 1956 333 1976 esse.
350 1949 378 1976 Si
395 1950 445 1977 hoc
465 1951 572 1985 quidem
599 1961 691 1981 verum
713 1960 765 1987 est,
789 1961 816 1983 et
841 1964 961 1987 mortuus

181 1992 244 2019 nihil
260 1994 357 2026 sentit,
381 1994 448 2022 idem
462 2001 503 2023 est
518 1997 563 2024 tibi
579 1999 700 2033 progredi
715 2005 804 2028 etnon
822 2004 958 2038 progredi;

179 2045 242 2072 ergo
251 2039 420 2072 progredere.
430 2040 475 2067 Illa
484 2049 547 2069 vero
557 2050 695 2078 progressa
701 2051 751 2072 est.
765 2046 799 2074 Et
819 2055 958 2084 postquam

179 2093 317 2119 progressa
330 2086 378 2114 fuit
393 2095 475 2122 usque
488 2088 521 2116 ad
536 2090 675 2124 quamdam
691 2093 842 2128 ecclesiam,
856 2096 880 2123 ei
895 2096 959 2124 dicit

180 2131 206 2157 in
222 2131 337 2158 ecclesia
350 2141 356 2158 :
370 2133 397 2159 Si
413 2135 454 2160 vis
469 2142 533 2169 ergo
552 2143 593 2163 ne
605 2137 745 2165 certiorem
766 2140 876 2168 reddere
888 2142 957 2176 quod

178 2182 241 2202 vere
255 2171 290 2203 sis
305 2183 419 2210 mortua,
436 2183 463 2206 et
477 2187 529 2206 non
544 2180 658 2215 amplius
671 2182 736 2210 vivis
749 2184 856 2218 placens
870 2186 957 2213 homi-

177 2220 270 2252 nibus,
287 2220 327 2248 Iac
338 2223 408 2256 quod
421 2223 498 2257 facio,
517 2228 544 2251 et
564 2225 646 2252 sciam
663 2231 688 2254 te
701 2234 759 2254 esse
774 2234 916 2258 mortuam.
927 2231 958 2258 Ei

178 2265 212 2291 ira
231 2273 266 2292 ue
280 2266 342 2293 dicit
356 2276 362 2293 :
375 2268 482 2295 Exuens
497 2269 564 2296 sicut
576 2278 625 2304 ego
635 2273 724 2299 omnia
741 2275 908 2308 vestimenta,
926 2285 956 2304 ea

177 2310 283 2345 impone
296 2312 424 2347 humeris,
441 2320 469 2341 et
483 2316 566 2342 transi
582 2317 695 2344 inediam
709 2319 855 2354 civitatem,

178 2355 227 2382 not:
237 2357 326 2383 habitu
340 2366 473 2392 praeeunte
489 2361 509 2386 Â¹.
520 2360 565 2387 Illa
575 2369 637 2389 vero
650 2363 674 2389 ei
689 2363 773 2390 dicit:
791 2364 845 2393 Hac
858 2374 888 2394 re
906 2369 956 2394 Irti-

176 2402 247 2428 nime
263 2402 373 2430 honesta
398 2405 496 2431 multos
516 2405 659 2439 oï¬endam,
677 2413 703 2434 et
726 2413 849 2443 poterunt
867 2411 955 2440 dicere

176 2454 219 2473 tne
233 2453 291 2474 esse
303 2453 399 2476 emota:
412 2449 505 2476 menti,
518 2456 544 2477 et
554 2453 756 2480 dmmoniacam.
774 2455 796 2481 ls
811 2461 898 2483 autem
913 2457 955 2484 di-

174 2492 211 2518 cit
224 2492 248 2518 ei
265 2500 272 2518 :
287 2493 387 2527 thuid
398 2495 441 2520 tibi
453 2501 492 2521 est
506 2503 587 2527 curae,
598 2497 620 2523 si
635 2497 750 2525 dixerint
768 2504 792 2527 Ie
807 2508 866 2528 es>c
881 2509 954 2529 emo-

174 2542 207 2563 ttc
223 2536 319 2564 tuentis
331 2543 357 2564 et
372 2538 580 2566 dactnoniacam?
594 2546 621 2567 tu
637 2543 707 2568 enim
732 2552 760 2570 es
780 2545 819 2571 eis
835 2552 951 2580 inortua;

173 2589 279 2610 tuortuo
303 2591 368 2610 vero
384 2592 435 2610 non
457 2590 497 2611 est
512 2593 586 2619 cura,
607 2588 628 2613 si
641 2589 699 2621 quis
713 2589 736 2615 ei
753 2589 794 2616 vel
809 2590 953 2618 detraxerit

173 2629 211 2655 vel
227 2635 286 2655 eum
302 2627 431 2661 irriserit;
445 2629 509 2656 nihil
523 2631 594 2656 enim
608 2636 693 2665 potest
708 2635 899 2663 sentire.Tunc
909 2637 952 2664 illa

173 2675 195 2700 ei
210 2674 292 2701 dicit:
308 2674 355 2702 Die
370 2675 392 2702 si
413 2676 474 2709 quid
486 2676 554 2703 aliud
571 2679 646 2710 velis,
659 2687 745 2713 neque
758 2682 827 2708 cnim
840 2683 871 2709 ad
885 2683 954 2711 hunc

173 2726 255 2752 usque
266 2719 371 2746 modum
387 2727 432 2746 tne
451 2720 552 2747 venisse
567 2721 677 2756 glo'rior.
693 2725 765 2751 Tunc
780 2727 803 2753 ei
820 2727 884 2754 dicit
906 2729 954 2756 Se-

174 2763 265 2797 rapion
280 2765 449 2798 impassibilis
465 2774 471 2791 :
489 2767 557 2793 Ecce
575 2775 649 2802 ergo,
662 2777 694 2796 ne
706 2771 819 2804 amplius
832 2777 857 2799 te
870 2774 953 2807 iactes

174 2814 201 2834 ct
216 2809 262 2836 tibi
280 2810 393 2842 placeas.
406 2816 530 2846 tanquam
543 2813 666 2840 omnibus
681 2816 762 2849 magis
778 2817 818 2850 pia
834 2822 861 2844 et
875 2826 952 2845 mun-

172 2854 206 2880 do
221 2858 332 2882 mortua.
350 2856 404 2891 Ego
418 2858 488 2884 enim
507 2865 564 2885 sum
581 2863 605 2886 te
624 2861 709 2894 magis
730 2867 865 2892 mortuus;
882 2869 908 2891 et
923 2873 951 2893 re

208 2910 216 2925 Â¹
231 2909 376 2937 Mirandum
392 2911 451 2945 hoc,
469 2920 520 2940 non
537 2913 703 2942 imitandum.

815 221 972 250 HISTORIA
993 223 1162 252 LAUSIACA

995 278 1089 312 Aipsa
1102 281 1213 308 ostendo
1227 290 1269 309 me
1294 291 1355 312 esse
1378 292 1511 315 mortuum
1526 290 1635 324 mundo,
1663 298 1724 318 nam
1749 294 1816 321 citra

1750 238 1816 270 1190

1033 323 1112 350 ullam
1127 325 1205 352 animi
1230 330 1454 361 perturbationem
1473 337 1499 360 et
1521 323 1648 368 pudorem
1663 335 1714 363 hoc
1733 336 1810 366 facio.

1032 368 1105 396 Tunc
1116 377 1175 397 cum
1182 379 1239 399 eam
1254 373 1286 400 ad
1296 373 1471 404 humilitatem
1480 378 1647 412 instituisset.
1659 387 1686 408 et
1694 381 1752 416 ejus
1762 384 1813 410 Ire-

1030 415 1310 453 gissetarrogantiam,
1327 424 1449 450 recessit.

1065 460 1131 487 Sunt
1144 468 1232 489 autern
1249 465 1332 492 multa
1345 474 1450 500 quoilue
1466 469 1517 496 alia
1533 477 1626 504 magna
1648 476 1676 498 et
1700 471 1813 500 illustria

1030 504 1096 532 facta
1111 506 1188 533 istius
1203 506 1302 536 Christi
1348 510 1491 546 doctoris,
1543 513 1642 543 virtute
1697 517 1812 552 przediti,

1029 557 1088 584 qua:
1112 552 1246 585 pertinent
1274 553 1305 580 ad
1330 555 1564 591 impatihihtatem,
1585 567 1644 594 qua:
1666 567 1699 588 ex
1723 563 1813 590 multis

1029 601 1111 627 pauca
1125 595 1222 623 selecta
1245 599 1465 633 perscripsimus,
1492 608 1518 628 ut
1533 611 1566 630 ex
1582 605 1613 631 iis
1635 606 1735 640 puritas
1755 607 1812 642 ejus

1029 640 1088 667 vitae
1100 642 1245 675 pateï¬eret.
1259 643 1283 671 Is
1298 645 1413 673 decessit
1424 655 1505 682 agens
1519 657 1616 678 annum
1631 654 1716 680 aetatis
1732 660 1810 681 sexa-

1027 686 1169 720 gesimum,
1186 689 1212 715 in
1226 690 1290 717 locis
1305 691 1417 720 desertis
1433 696 1552 728 sepultus
1569 703 1620 725 est.

1282 747 1395 775 CAPUT
1413 749 1552 779 LXXXVI.

1159 788 1196 815 De
1209 790 1218 804 Â¹
1231 789 1340 826 Evagrio
1354 793 1429 828 (15âµ5)
1443 795 1533 822 celebri
1551 797 1668 825 diacono.

1063 831 1099 859 De
1115 833 1227 868 Evagrio
1248 836 1320 863 claro
1334 836 1431 866 Christi
1445 839 1566 874 diacono,
1584 844 1627 874 qui
1643 843 1704 871 visit
1726 845 1808 874 instar

1025 879 1215 913 apostolorum,
1242 890 1293 909 non
1314 889 1354 910 est
1369 893 1472 919 mquum
1490 891 1592 919 tacere;
1606 889 1653 916 sed
1669 898 1698 917 ea
1714 891 1808 919 litteris

1027 925 1150 952 mandare
1162 926 1194 953 ad
1211 927 1411 957 :edilicatinnem
1425 939 1514 958 eorum
1527 934 1570 967 qui
1589 940 1650 962 sunt
1668 936 1771 965 lecturi.
1783 942 1808 964 et

1026 969 1058 995 ad
1078 969 1203 998 bonitatis
1223 971 1373 1001 Servatoris
1393 977 1475 1003 nostri
1498 977 1606 1010 gloriam
1621 987 1725 1017 (equum
1740 982 1808 1012 urbi.

1025 1019 1119 1047 tratus,
1134 1015 1168 1042 ab
1179 1017 1232 1043 alto
1246 1025 1360 1052 expono,
1385 1024 1412 1047 et
1426 1022 1647 1057 quemadmodum
1655 1015 1761 1056 venerit
1774 1031 1806 1057 ad

1023 1057 1170 1086 institutum
1195 1063 1384 1100 nionasticuin,
1407 1074 1433 1094 et
1452 1071 1585 1103 quomodo
1603 1079 1663 1100 cum
1685 1081 1714 1101 se
1727 1075 1807 1108 digne

1022 1104 1199 1138 exercui~set,
1213 1110 1324 1137 moritur
1338 1112 1525 1147 quinquaginta
1536 1121 1648 1150 quatuor
1662 1126 1746 1146 annos
1760 1128 1806 1146 na-

1022 1151 1073 1179 tus,
1101 1148 1127 1174 in
1149 1151 1290 1181 Solitudine
1307 1156 1382 1189 :qui,
1401 1161 1428 1183 ut
1451 1148 1578 1192 scriptum
1601 1167 1652 1194 est,
1679 1162 1707 1189 In
1731 1163 1805 1191 brevi

1020 1198 1228 1230 consummatus,
1242 1198 1358 1232 implevit
1370 1201 1447 1235 longa
1458 1207 1577 1236 tempora
1589 1205 1666 1241 (Sap.
1681 1208 1729 1241 iv).
1743 1208 1803 1236 Fuit

1020 1241 1090 1269 cnim
1107 1251 1197 1273 revera
1210 1245 1267 1280 ejus
1281 1248 1367 1275 anima
1379 1254 1451 1283 grata
1468 1250 1587 1279 Domino.
1599 1251 1622 1280 Is
1633 1262 1730 1288 genere
1741 1255 1800 1289 qui-

1019 1286 1080 1313 dem
1090 1288 1136 1315 fuit
1148 1288 1272 1317 Ponticus
1282 1293 1395 1319 civitatis
1404 1294 1537 1322 lberorum
1547 1286 1714 1332 (BILâ€”[ilius
1726 1286 1802 1334 pres-

1020 1331 1121 1366 byteri,
1145 1334 1228 1360 lector
1251 1341 1387 1369 promotus
1412 1346 1426 1365 a
1442 1344 1533 1367 sancto
1559 1341 1654 1369 Basilio
1680 1331 1802 1379 episcopo

1018 1377 1139 1404 ecclesia:
1159 1377 1288 1407 Ctesarete
1301 1382 1332 1408 ad
1348 1383 1459 1416 Argeum
1475 1384 1559 1419 (I35).
1586 1386 1647 1414 lâ€™ost
1661 1377 1799 1417 decessum

1019 1427 1105 1449 autem
1119 1426 1202 1451 sancti
1220 1426 1307 1453 Basilii
1323 1428 1450 1462 episc0pi,
1467 1432 1605 1459 attendens
1625 1433 1682 1466 ejus
1701 1436 1798 1468 aptitu-

1018 1467 1115 1501 dinem,
1141 1471 1369 1505 sapientissimus,
1385 1478 1410 1500 et
1426 1481 1440 1501 a
1457 1477 1699 1508 perturbationibus
1719 1481 1799 1508 animi

1017 1512 1138 1547 alienus,
1160 1519 1188 1541 et
1203 1517 1275 1543 omni
1290 1517 1410 1544 doctrina
1429 1520 1516 1546 clarus
1534 1520 1678 1556 Gregorius
1698 1525 1800 1558 episco-

1018 1564 1067 1588 pus
1082 1557 1216 1591 Nyssenus
1230 1560 1317 1595 (I56),
1343 1561 1425 1588 frater
1439 1564 1553 1598 episcopi
1569 1566 1609 1593 cui
1625 1567 1701 1594 datur
1716 1568 1799 1596 honor

1017 1602 1086 1630 inter
1108 1604 1250 1638 apostolos,
1276 1614 1335 1633 eum
1351 1608 1454 1635 ordinat
1475 1610 1626 1639 diacmiuin.
1645 1614 1718 1641 Illinc
1740 1622 1798 1644 cum

1015 1649 1130 1675 venisset
1144 1657 1249 1676 sancnrs
1262 1650 1404 1686 Gregorius
1415 1649 1556 1689 episcopus
1568 1657 1592 1684 in
1601 1665 1720 1693 magnam
1732 1667 1798 1696 syn-

1015 1693 1094 1719 odum
1128 1694 1458 1732 Constantinopolitanam,
1493 1702 1617 1736 relinquit
1636 1712 1695 1732 eum
1721 1705 1798 1734 beata

1015 1738 1093 1766 Necta
1099 1740 1136 1765 rio
1147 1741 1282 1775 episcopo,
1292 1750 1351 1770 cum
1366 1750 1435 1771 esset
1447 1746 1564 1774 omnium
1575 1748 1721 1777 disserendi
1734 1752 1797 1778 artis

1014 1784 1201 1816 peritissimus.
1219 1785 1319 1813 Floruit
1334 1795 1397 1821 ergo
1413 1789 1438 1815 in
1457 1798 1549 1825 magna
1563 1793 1683 1828 civitate,
1700 1795 1726 1822 in
1742 1797 1796 1822 dis-

1015 1829 1195 1861 putationibus
1216 1831 1368 1863 jnveniliter
1393 1835 1529 1863 exsultans
1543 1838 1668 1866 adversus
1692 1848 1796 1868 omnem

1013 1872 1145 1900 hmresiin.
1172 1875 1273 1902 Accidit
1285 1882 1371 1904 autem
1384 1883 1411 1905 ut
1426 1879 1448 1906 is
1460 1880 1503 1914 qui
1517 1887 1624 1916 propter
1635 1892 1736 1911 morum
1752 1886 1794 1912 in-

1013 1918 1115 1952 signem
1128 1919 1272 1948 bonitatem
1285 1923 1463 1952 honorabatur
1470 1933 1483 1952 a
1493 1931 1546 1953 tota
1553 1927 1667 1962 civitate,
1680 1930 1795 1965 confige-

1013 1969 1086 1991 retur
1099 1972 1112 1990 a
1128 1965 1269 1993 simulacro
1283 1968 1419 1996 muliebris
1438 1972 1657 2005 concupiscentia:
1667 1995 1673 2007 ,
1696 1980 1724 2002 ut
1738 1976 1795 2010 ipse

1012 2009 1088 2036 nobis
1113 2012 1232 2038 narravit
1247 2019 1348 2046 postea,
1369 2021 1429 2042 cum
1451 2022 1522 2044 esset
1536 2027 1610 2046 ruens
1625 2020 1683 2054 ejus
1698 2021 1791 2050 libera.

1012 2054 1078 2081 Eum
1102 2062 1191 2082 autem
1204 2057 1319 2085 vicissim
1332 2062 1428 2087 amavit
1444 2062 1608 2092 muliercula.
1632 2066 1694 2092 Erat
1707 2075 1793 2097 autem

1010 2107 1041 2127 ea
1062 2107 1111 2126 una
1127 2108 1158 2127 ex
1171 2102 1272 2135 primis.
1295 2104 1421 2138 Evagrius
1434 2112 1521 2134 autem
1545 2114 1570 2134 et
1586 2109 1667 2137 Deum
1684 2111 1790 2145 timens,

1010 2149 1037 2171 et
1053 2153 1127 2172 suam
1140 2147 1238 2173 veritus
1249 2149 1448 2182 conscientiam,
1472 2157 1498 2179 et
1513 2153 1612 2181 habens
1627 2160 1688 2183 ante
1699 2158 1792 2185 Oculos

1010 2190 1124 2218 dedecus
1150 2193 1329 2226 turpitudinis,
1355 2201 1382 2222 et
1401 2204 1478 2230 quam
1502 2198 1617 2227 haereses
1640 2201 1674 2228 de
1697 2203 1791 2230 alienis

1009 2234 1085 2262 malis
1096 2237 1249 2270 concipiunt
1267 2238 1396 2273 la:titiam,
1413 2241 1493 2269 Deum
1516 2245 1625 2278 supplex
1649 2248 1749 2281 rogavit
1763 2254 1791 2275 ut

1009 2279 1043 2306 ab
1066 2280 1124 2314 ipso
1144 2281 1319 2315 impediretur
1340 2293 1434 2320 scopus
1449 2295 1525 2319 quem
1545 2289 1595 2316 sibi
1619 2279 1791 2325 proposuerat

871 2330 913 2350 me
929 2323 955 2350 in
971 2320 997 2349 D
1010 2324 1113 2357 mulier.
1126 2333 1185 2359 quze
1200 2334 1260 2353 eum
1279 2329 1387 2362 urgebat
1410 2332 1563 2365 cupiditate,
1580 2339 1606 2361 et
1620 2336 1677 2369 ejus
1696 2338 1789 2366 insano

1009 2369 1150 2397 tenebatur
1174 2370 1317 2399 desiderio.
1332 2373 1451 2409 Cumque
1464 2377 1543 2404 vellet
1556 2378 1589 2405 ab
1608 2387 1638 2406 ea
1654 2383 1789 2414 recedere,

1009 2421 1060 2440 non
1077 2420 1189 2448 paterat,
1206 2417 1284 2450 utqui
1299 2418 1357 2452 ejus
1372 2419 1491 2455 obsequii
1512 2423 1613 2450 blandis
1625 2424 1789 2454 detineretur

1008 2458 1128 2485 vinculis.
1142 2459 1216 2487 Haud
1234 2462 1316 2489 multo
1328 2469 1385 2496 post
1399 2470 1486 2492 autem
1502 2475 1560 2493 eam
1584 2477 1641 2501 qua!
1654 2473 1789 2504 prteceSsit

1006 2504 1163 2537 orationem,
1185 2511 1324 2540 antequam
1339 2516 1392 2535 rem
1417 2514 1487 2537 esset
1512 2519 1649 2547 expertus,
1668 2516 1750 2543 astitit
1765 2517 1789 2544 ei

1006 2549 1074 2575 visio
1089 2551 1217 2584 angelica,
1233 2559 1286 2585 prie
1307 2560 1336 2580 se
1355 2553 1442 2582 ferens
1457 2558 1572 2589 speciem
1588 2559 1700 2586 militum
1721 2569 1789 2595 prte-

1006 2594 1077 2626 lâ€˜ccti,
1094 2602 1152 2628 quat
1167 2603 1226 2622 eum
1242 2599 1319 2630 rapit,
1343 2603 1370 2625 et
1384 2600 1454 2626 ducit
1469 2607 1590 2636 tauquam
1608 2605 1633 2631 in
1645 2594 1784 2640 judicium,

1007 2643 1034 2666 et
1044 2640 1150 2673 conjicit
1161 2648 1221 2668 eum
1236 2642 1261 2668 in
1275 2650 1333 2669 eam
1348 2652 1405 2678 qua!
1417 2645 1513 2673 dicitur
1524 2649 1681 2682 custodiant.
1695 2651 1787 2679 collari

1007 2684 1096 2712 ferreo
1111 2685 1168 2719 ejus
1189 2687 1257 2713 collo
1279 2688 1383 2722 injecto,
1408 2695 1434 2716 et
1452 2696 1545 2718 catena
1570 2691 1655 2721 ferrea
1674 2695 1789 2731 alligatis

1007 2731 1137 2764 manibus,
1155 2731 1187 2758 iis
1203 2732 1327 2760 videlicet
1339 2735 1382 2768 qui
1394 2736 1425 2762 ad
1440 2736 1525 2771 ipsum
1542 2746 1676 2772 venerant,
1688 2743 1711 2768 ei
1723 2749 1786 2769 cau-

1005 2783 1062 2802 sam
1087 2777 1195 2804 minime
1205 2777 1363 2805 dicentibus.
1381 2779 1438 2814 Ipse
1459 2786 1548 2809 autent
1564 2784 1607 2817 qni
1622 2786 1786 2819 pangebatur

1006 2822 1179 2854 conscientia,
1195 2823 1363 2851 existimabat
1376 2833 1405 2852 se
1418 2833 1448 2852 ea
1462 2828 1550 2855 subire
1563 2828 1619 2863 ejus
1635 2831 1727 2864 gratia,
1739 2839 1786 2858 ar-

1006 2868 1107 2894 bitrans
1124 2869 1244 2895 maritum
1261 2869 1379 2898 mulieris
1394 2871 1426 2899 de
1442 2872 1489 2900 hac
1512 2881 1540 2902 re
1558 2874 1673 2909 judicent
1688 2884 1784 2905 conre-

1039 2922 1210 2957 '.0rigÂ»uista
1225 2923 1267 2951 hic
1281 2923 1339 2952 luit.
