2072 3153
259 166 324 193 1191

993 164 1033 190 PA
1039 162 1151 191 LLADII

1813 156 1884 183 “92

264 227 347 254 uisse.
365 226 450 253 Animi
474 225 563 258 itaque
575 222 717 250 admodum
739 220 832 248 anxius
845 220 963 247 constitit
978 219 1048 246 Eva-
1063 219 1087 246 Α
1100 217 1166 245 Cum
1182 218 1270 253 itaque
1291 219 1400 247 vixisset
1417 219 1617 254 quatuordecim
1633 220 1709 247 armis
1729 219 1755 247 in
1778 221 1810 247 iis
1825 229 1886 255 qua

263 271 425 307 grius,‘dutn
439 270 473 297 de
484 269 533 296 alia
545 275 623 295 causa
635 271 767 302 ageretur,
782 270 809 292 et
821 265 855 293 de
868 265 925 292 aliis
941 268 1048 298 propter

266 318 317 344 tale
330 316 431 344 crimen
456 315 598 342 haberetur
617 314 738 348 qutestio.
756 312 818 339 Post
837 318 961 345 magnum
984 317 1048 344 ergo

266 362 340 388 illum
365 365 463 386 tttctum
475 363 503 386 et
523 366 654 385 summutn
681 357 762 383 animi
787 363 922 390 angorem,
939 355 1048 389 angelus

264 407 309 441 qui
323 407 355 433 ab
369 406 443 432 initio
459 405 607 438 prmbtterat
621 404 759 436 visionem,
784 403 818 429 ita
835 402 1046 432 transfortnatur,

265 456 294 478 ut
316 451 449 478 videretur
475 450 569 477 adesse
591 456 733 483 germanus
752 456 779 475 et
805 448 926 474 sincerus
945 447 1047 472 amicus

267 497 381 533 Evagrii.
395 496 472 524 valde
493 496 702 529 obstupefactus,
725 498 752 521 et
767 494 870 520 tristitia
885 492 993 520 aﬁ‘ectus
1013 491 1047 518 ob

266 546 364 568 tantam
376 541 539 567 vinculorum
558 540 703 572 infamiam,
725 543 752 566 et
769 538 860 565 dicens
872 539 896 564 ei
910 538 997 564 t'ittcto
1008 536 1043 563 in-

266 592 305 613 ter
331 590 437 612 catenas
463 585 635 618 quadraginta
665 591 768 610 reorum
786 583 860 610 :Cur
889 590 949 609 cum
976 586 1046 608 tanta

266 631 406 666 ignominia
423 631 548 657 detineris
568 637 627 657 cum
645 630 706 661 reis,
725 629 832 656 domine
856 628 987 655 diacone?
1002 628 1045 654 ille

264 677 289 703 ei
304 676 367 703 dicit
381 685 386 702 :
404 676 504 703 Revera
521 675 626 710 quidem
640 675 743 705 nescio;
769 674 890 708 suspicor
903 678 990 700 autent
1002 673 1046 705 N.,

265 722 359 755 quiest
372 729 402 748 ex
420 722 565 755 praz‘ectis,
590 729 632 748 tne
647 720 788 751 detulisse,
806 723 905 746 motum
919 719 1049 752 zelotypia

265 768 330 794 citra
345 767 423 793 ullam
441 766 569 794 rationem
582 774 589 798 ς
606 771 632 792 et
647 773 741 793 vereor
755 773 788 792 ne
803 764 971 798 magistratus
993 763 1049 789 fue-

264 812 299 839 rit
308 812 341 840 ab
354 819 386 839 eo
407 816 547 845 corruptus
563 811 684 845 pecunia,
702 815 729 838 et
751 817 792 837 me
815 810 930 836 maximo
950 808 1049 835 afﬁciat

263 857 402 891 supplicio.
420 857 485 884 Dicit
504 857 527 884 ei
546 857 567 884 is
582 857 625 891 qui
650 856 726 882 amici
748 856 857 889 ﬁguram
872 859 1026 889 susceperat
1041 862 1047 880 :

1099 262 1223 290 dicuntur
1237 263 1338 298 Celliis,
1354 264 1510 292 comedebat
1534 265 1641 299 quidem
1656 265 1732 300 panis
1748 266 1842 294 libram
1856 267 1884 293 itt

1099 308 1159 340 die;
1188 309 1312 336 trimestri
1337 314 1425 337 autem
1441 315 1558 344 tempore
1579 311 1631 337 olei
1660 311 1815 344 sextarium,
1842 320 1884 339 v-r

1099 353 1143 386 qui
1163 353 1188 379 in
1208 354 1279 380 molli
1299 354 1413 382 delicata
1431 359 1459 382 et
1479 355 1547 382 lauta
1567 355 1619 381 vita
1639 355 1725 383 fuerat
1742 357 1883 384 educatus.

1098 397 1225 426 Faciebat
1236 404 1324 427 autem
1336 407 1442 428 centum
1457 401 1601 432 orationes.
1615 401 1735 429 scribens
1748 403 1884 429 annuatim

1100 444 1211 478 pretiutn
1237 446 1322 472 solum
1351 453 1442 472 eorutn
1471 454 1530 480 qua:
1554 446 1727 479 comedebat;
1749 448 1885 482 eleganter

1100 489 1171 515 enim
1184 490 1315 516 scribebat
1339 491 1454 518 celerem
1475 491 1667 518 characterem.
1686 491 1752 519 Cum
1767 500 1830 528 ergo
1845 494 1886 520 in-

1101 538 1138 560 tra
1153 534 1301 568 quindecim
1317 542 1447 563 annorum
1468 539 1581 570 spatium
1604 542 1717 564 mentetn
1740 537 1884 571 exttiasset,

1099 579 1194 613 dignus
1209 585 1251 607 est
1264 581 1368 608 habitus
1382 581 1452 608 dono
1473 583 1633 616 cognitionis
1655 588 1681 610 et
1695 584 1842 618 sapientizr,
1857 590 1885 611 et

1100 625 1266 653 discretionis
1287 627 1437 661 spirituum.
1460 627 1483 654 ls
1502 629 1652 662 composuit
1674 633 1728 656 tres
1746 637 1837 657 sacros
1852 630 1887 656 li-

1100 671 1162 698 hros
1178 672 1383 705 monachorum,
1405 674 1449 707 qui
1470 673 1564 700 dicitur
1575 674 1762 712 lvi-uigentia,
1779 675 1828 702 hoc
1843 680 1886 702 est

1100 716 1324 748 Contradictoria,
1349 718 1521 752 suppeditans
1547 725 1618 747 artes
1641 721 1735 754 quibtts
1756 720 1788 747 sit
1810 726 1886 748 uten-

1099 761 1162 787 dunt
1185 761 1311 789 adversus
1326 762 1470 791 daemones.
1490 765 1519 791 Ei
1533 765 1675 799 aliquando
1688 773 1793 800 gravem
1808 767 1885 793 exhi-

1100 806 1157 837 buit
1176 807 1322 834 tttolestiant
1343 808 1448 836 dzetnon
1467 809 1662 840 forttication's.
1685 815 1711 837 ut
1730 811 1787 845 ipse
1807 811 1885 838 nobis

1101 852 1231 884 narravit;
1257 857 1284 880 et
1308 858 1361 880 tota
1387 859 1463 882 nocte
1478 856 1551 882 stetit
1576 856 1602 882 in
1628 861 1706 889 puteo
1731 863 1790 883 cum
1813 862 1886 884 esset

262 903 291 930 Si
304 903 395 929 audias
406 903 530 935 amicum,
551 902 597 929 tibi
609 902 737 933 consulo;
754 908 806 928 non
821 900 867 928 tibi
881 900 987 934 expedit
1002 900 1047 927 de-
1063 895 1086 924 B
1100 898 1197 930 hiems,
1219 899 1287 926 adeo
1312 904 1341 926 ut
1358 899 1416 934 ejus
1434 907 1529 928 carnes
1548 901 1608 935 gelu
1630 902 1884 936 constringerentur.

263 956 326 983 gere
340 949 365 975 in
384 948 433 976 hac
452 949 569 975 civitate.
589 947 656 975 Dicit
669 948 692 974 ei
707 947 854 981 Evagrius:
872 947 899 974 Si
915 947 984 973 Deus
1005 954 1047 973 me

263 993 414 1020 liberaverit
424 993 457 1019 ab
473 993 520 1019 hac
533 992 692 1024 calamitate,
708 998 734 1019 et
745 999 787 1018 me
802 992 900 1019 videris
915 992 1046 1019 Constan-

264 1038 384 1072 tinopoli,
400 1038 468 1064 scias
482 1045 523 1064 me
536 1037 595 1072 jure
608 1037 698 1064 subire
710 1038 759 1064 hoc
769 1037 937 1071 supplicium,
951 1040 1047 1063 etesse

262 1084 370 1119 dignum
383 1083 435 1111 alio
451 1083 562 1118 majore.
586 1082 654 1110 Dicit
677 1083 701 1109 ei
716 1082 817 1110 amicus
831 1091 837 1109 :
853 1082 880 1108 Si
898 1082 931 1108 ita
957 1081 1046 1112 habet.

261 1128 320 1155 fero
329 1128 362 1155 ad
372 1132 396 1155 te
409 1133 529 1155 sanctum
542 1128 724 1163 evangelium;
739 1128 798 1162 jura
813 1127 877 1154 tnihi
893 1128 917 1153 in
931 1134 963 1154 eo
976 1126 1045 1161 qttod

262 1175 372 1202 recedes
383 1175 416 1202 ab
431 1174 481 1202 hac
494 1175 617 1207 civitate,
633 1179 660 1202 et
671 1179 722 1202 tua:
744 1175 840 1202 anima:
853 1181 943 1201 curam
955 1181 1045 1208 gere-1

263 1224 290 1245 et
306 1223 330 1246 te
345 1219 462 1246 Iiieralm
481 1220 515 1247 ab
533 1220 581 1247 huc
596 1221 764 1247 necessitate.
790 1219 919 1253 Evagrius
933 1224 1021 1247 autem
1038 1228 1044 1245 :

263 1264 337 1298 Rogo
353 1269 387 1296 tc,
404 1264 499 1299 inquit,
513 1265 609 1298 jurabo
624 1270 652 1291 ιιι
671 1265 803 1296 volueris;
820 1272 863 1291 me
877 1264 1046 1291 solummodo

263 1309 346 1337 libera
359 1310 392 1336 ab
404 1310 451 1336 hac
464 1310 532 1337 nube
548 1310 697 1337 tenebrosa.
709 1310 817 1337 interim
831 1315 918 1336 autem
930 1310 954 1336 ei
969 1308 1046 1335 affert

259 1360 379 1381 sanctum
390 1355 568 1389 evangelium,
579 1360 603 1382 et
619 1354 902 1389 exigitjusjurandutn.
914 1354 1045 1389 Evagrius

258 1404 346 1426 autem
360 1400 383 1426 ei
398 1400 466 1432 jurat
487 1408 532 1433 per
546 1400 712 1434 evangelium
728 1399 817 1426 verbis
831 1399 869 1426 sic
882 1399 1018 1432 conceptis
1035 1407 1042 1430 ;

259 1444 318 1471 Non
331 1444 444 1471 mane-bo
461 1444 502 1471 hic
523 1449 618 1478 prmter
633 1453 714 1471 untttn
729 1444 810 1476 diem,
833 1444 912 1478 idque
929 1448 957 1470 ut
972 1451 1044 1471 meas

261 1492 352 1516 vestes
367 1489 392 1515 in
405 1495 498 1516 navem
513 1488 663 1515 immittam.
688 1488 754 1516 Cum
767 1495 855 1516 autem
873 1490 1045 1522 processisset

259 1532 451 1568 jusjurandttm,
474 1534 506 1560 ad
526 1541 554 1560 se
569 1534 646 1560 rediit
666 1535 700 1561 ab
721 1535 817 1562 ecstasi
842 1542 901 1568 qua:
921 1535 946 1562 ci
964 1540 1042 1561 nootn

1100 943 1248 977 Aliquando
1269 948 1358 971 autem
1374 952 1466 972 rursus
1487 946 1510 972 ei
1525 946 1672 973 molestiam
1687 947 1807 974 exhtbuit
1830 947 1885 981 spi-

1099 988 1165 1014 ritus
1191 988 1377 1023 blasphemize;
1403 994 1430 1017 et
1449 991 1621 1025 quadraginta
1644 992 1739 1019 diebus
1765 1001 1816 1020 non
1840 997 1884 1021 est

1098 1036 1197 1060 tectum
1221 1034 1365 1069 ingressus,
1393 1039 1422 1061 ut
1446 1035 1502 1068 ipse
1523 1037 1600 1064 nobis
1622 1038 1748 1072 narravit,
1772 1038 1838 1066 adeo
1853 1044 1882 1066 ut

1098 1085 1194 1113 corpus
1207 1080 1277 1113 ejus,
1297 1087 1348 1106 non
1364 1087 1442 1107 secus
1459 1088 1490 1108 ac
1511 1089 1607 1116 corpus
1625 1081 1740 1110 ferarum
1763 1084 1885 1110 animau-

1098 1123 1175 1155 tiutn,
1190 1124 1281 1151 ricittis
1294 1130 1407 1153 scateret
1423 1126 1509 1161 (l57).
1527 1127 1556 1153 Ei
1571 1131 1625 1154 tres
1639 1134 1818 1162 apparuetuttt
1829 1129 1884 1156 dze<

1100 1175 1192 1195 mones
1208 1168 1233 1196 in
1249 1169 1338 1196 habitu
1361 1171 1534 1204 clericatum,
1556 1171 1589 1199 de
1605 1172 1655 1200 lide
1673 1181 1732 1200 (:ttttt
1751 1182 1782 1200 eo
1798 1174 1884 1208 inqui-

1098 1218 1201 1244 rentes;
1218 1219 1245 1240 et
1261 1222 1328 1241 unus
1340 1215 1445 1249 quidem
1461 1216 1566 1243 dicebat
1586 1225 1647 1244 eum
1663 1225 1721 1245 esse
1738 1219 1879 1252 Ariattum,

1097 1258 1165 1286 alter
1193 1268 1256 1287 vero
1283 1261 1487 1295 Eunomianum,
1515 1263 1610 1291 tertius
1633 1270 1720 1292 autem
1747 1265 1883 1298 Apollina-

1098 1303 1206 1337 ristam,
1223 1310 1250 1332 et
1277 1313 1323 1333 eos
1345 1307 1436 1340 paucis
1460 1309 1597 1342 superavit
1616 1310 1710 1343 spiritu
1734 1311 1881 1345 sapientizc.

1098 1349 1198 1376 llursus
1221 1357 1281 1377 cutn
1304 1352 1418 1385 quodam
1436 1352 1481 1379 die
1501 1354 1622 1386 periisset
1645 1354 1728 1382 clavis
1749 1356 1881 1389 ecclesiae,

1097 1401 1155 1421 sera
1168 1402 1246 1422 cruce
1258 1396 1370 1430 signata,
1383 1404 1463 1424 manu
1476 1398 1585 1424 trudens
1599 1406 1657 1425 eam
1673 1401 1785 1433 aperuit,
1802 1399 1879 1427 Chri-

1097 1446 1138 1467 sto
1154 1442 1285 1469 invocato.
1312 1443 1334 1469 Is
1351 1450 1365 1470 a
1380 1443 1545 1471 daatnmtibus
1565 1445 1633 1473 adeo
1655 1445 1703 1472 fuit
1721 1446 1881 1481 ﬁagellatus,

1097 1491 1123 1513 et
1143 1486 1276 1514 variorum
1296 1488 1445 1516 dtetnonum
1467 1495 1567 1519 tantum
1592 1492 1657 1519 fecit
1677 1493 1881 1526 experientiam,

1097 1535 1125 1557 ut
1137 1531 1153 1557 ii
1169 1538 1222 1558 non
1238 1533 1343 1566 possint
1360 1533 1440 1561 facile
1453 1537 1614 1563 enumerari.
1632 1536 1682 1563 Uni
1693 1544 1726 1564 ex
1743 1537 1883 1571 discipulis

257 1583 393 1605 evenerat.
408 1578 526 1613 Cumque
548 1579 716 1613 surrexisset,
741 1579 866 1613 cogitavit
882 1588 889 1606 :
908 1580 962 1606 Etsi
980 1581 1042 1607 mihi
1055 1570 1080 1601 (ἶ
1095 1576 1161 1609 θυῖε,
1176 1585 1235 1611 quae
1251 1584 1307 1611 pOSl
1329 1578 1421 1606 decem
1442 1584 1468 1607 et
1489 1585 1550 1607 octo
1564 1589 1648 1609 annos
1663 1587 1740 1610 erant
1754 1587 1881 1611 eventura

259 1624 308 1651 fuit
318 1624 406 1652 datum
418 1624 603 1658 jusjurandum
620 1625 645 1651 in
655 1625 763 1658 ecstasi,
777 1626 863 1659 jttravi
876 1631 972 1653 tamen.
985 1628 1044 1652 (int-

261 1670 338 1697 ttibus
348 1678 411 1705 ergo
424 1678 483 1704 qum
496 1671 609 1697 habebat
627 1671 652 1697 in
673 1677 739 1698 nave
754 1670 892 1706 conjectis,
912 1672 985 1698 venit
1000 1671 1042 1698 .le-

258 1715 401 1749 rosolyma,
420 1720 445 1743 et
461 1716 513 1743 illic
528 1716 658 1750 excipitur
668 1724 683 1743 a
697 1717 772 1744 beata
786 1716 896 1743 Melania
913 1716 1042 1744 Romana.

258 1761 360 1789 Rursus
379 1769 439 1789 cum
458 1762 578 1789 diabolus
600 1762 658 1797 ejus
684 1770 732 1790 cor
754 1767 878 1797 tanquam
901 1763 1044 1790 Pharaonis

259 1809 417 1841 indurasset,
432 1812 522 1843 utpote
544 1808 720 1836 adolescentis
736 1814 763 1836 et
780 1813 859 1836 mtate
873 1809 1041 1841 luxuriantis,

258 1861 318 1880 cum
331 1861 421 1881 rursus
434 1855 543 1882 incessit
555 1854 693 1887 dubitatio,
709 1858 735 1881 et
749 1854 829 1881 attitni
845 1853 894 1880 fuit
907 1855 1042 1888 ancipitis,

258 1907 317 1926 cum
337 1903 425 1926 tatnen
444 1900 542 1927 nemini
559 1900 702 1935 quidquam
721 1900 844 1928 dixisset.
863 1900 921 1933 Quo
945 1901 1042 1928 factum

258 1950 299 1972 est
313 1949 341 1971 ut
363 1949 390 1971 et
405 1950 492 1972 vestes
516 1953 607 1972 rursus
629 1950 752 1976 mutaret,
769 1951 792 1972 et
810 1945 836 1972 in
859 1945 1005 1973 diﬁerettdo
1019 1947 1043 1973 ei

258 1996 396 2019 veternum
408 1991 515 2018 affert-ct
529 1999 594 2018 vana
606 1991 689 2025 gloria
704 1999 711 2017 :
726 1991 771 2017 scd
789 1992 859 2018 Deus
873 1991 916 2025 qui
934 1991 1044 2026 impedit

260 2038 378 2064 omnium
391 2043 509 2064 nostrum
525 2037 671 2069 interitum,
687 2037 711 2063 ei
724 2044 815 2063 rursus
828 2036 915 2063 attulit
928 2037 1042 2063 calami-

260 2088 353 2115 tatem,
365 2089 457 2108 rursus
472 2082 496 2107 itt
505 2081 605 2108 febrem
618 2081 772 2115 conjiciens,
786 2087 813 2108 et
827 2082 923 2108 deinde
938 2082 964 2108 in
980 2082 1043 2109 lon-

257 2133 319 2160 gtttn
332 2126 453 2153 tnorbnm
465 2146 472 2157 ,
488 2130 605 2159 tempore
626 2127 746 2152 semestri
762 2126 818 2158 ejus
832 2134 940 2154 carnem
957 2134 1044 2155 mace-

258 2177 332 2203 rans,
354 2178 413 2205 qua:
432 2170 456 2197 ei
475 2171 601 2198 afferebat
621 2171 835 2204 impedimentum
859 2172 892 2198 ad
906 2173 1041 2205 virtutetn,

259 2217 368 2244 medicis
383 2217 575 2248 dubitantibus,
602 2221 628 2243 et
651 2225 704 2244 tton
720 2217 917 2245 invenientibus
933 2219 1040 2246 modum

1097 1621 1132 1653 ei,
1145 1621 1220 1655 dixit,
1242 1623 1331 1650 omnia
1345 1624 1368 1651 ei
1384 1625 1530 1658 prmdicens
1551 1627 1576 1653 in
1595 1628 1694 1661 specie.
1711 1628 1819 1656 Dicebat
1834 1637 1881 1657 au-

1097 1670 1149 1693 tem
1165 1666 1207 1694 ltic
1221 1667 1315 1695 beattts
1327 1678 1333 1695 :
1347 1669 1386 1696 Ex
1400 1678 1452 1704 quo
1465 1672 1522 1698 veni
1539 1673 1564 1698 in
1576 1673 1756 1706 solitudinum,
1773 1683 1823 1702 ttott
1839 1681 1880 1702 te-

1097 1712 1141 1745 tigi
1153 1711 1291 1745 lactucam,
1309 1721 1362 1740 non
1377 1716 1507 1742 minututn
1521 1717 1591 1750 olus,
1608 1725 1659 1744 non
1674 1718 1771 1752 aliquid
1786 1719 1880 1752 viride,

1096 1765 1148 1783 non
1164 1757 1289 1792 fructum,
1305 1766 1356 1786 non
1366 1767 1454 1793 uvam,
1471 1769 1523 1788 non
1539 1762 1683 1797 lavacrum,
1699 1771 1749 1789 non
1760 1771 1879 1798 carnem,

1096 1810 1149 1829 nou
1163 1811 1269 1837 panetn,
1286 1812 1338 1832 non
1355 1806 1454 1838 vinum,
1473 1815 1557 1842 neque
1570 1809 1679 1836 omnino
1692 1810 1790 1843 aliqttid
1805 1818 1837 1837 ex
1849 1811 1880 1838 iir

1095 1858 1154 1885 qua:
1181 1859 1227 1885 per
1252 1852 1338 1887 ignem
1366 1857 1512 1887 transeunt,
1539 1861 1635 1889 praeter
1661 1857 1781 1890 quaedam
1807 1857 1879 1884 olera

1095 1896 1187 1929 cruda,
1212 1902 1238 1924 et
1254 1898 1386 1925 modicum
1407 1906 1491 1933 aquae.
1515 1900 1609 1928 Postea
1627 1906 1716 1928 autem
1737 1908 1813 1928 sexto
1833 1903 1880 1929 de-

1095 1943 1165 1969 cimo
1179 1951 1250 1969 anno
1264 1943 1378 1970 instituti
1391 1945 1451 1970 vita:
1466 1952 1521 1971 suae
1535 1950 1601 1972 actae
1611 1945 1710 1980 absque
1724 1947 1880 1974 decoctiotte

1095 1988 1174 2023 ignis,
1197 1995 1257 2015 cum
1273 1996 1348 2022 caro,
1371 1996 1479 2024 propter
1494 1991 1702 2018 imbecillitatem
1721 1993 1842 2026 corporis
1854 1997 1881 2020 et

1095 2033 1237 2065 stomachi,
1259 2041 1326 2068 opus
1340 2035 1450 2062 haberet
1463 2040 1491 2062 ut
1505 2035 1602 2070 aliqttid
1615 2042 1734 2064 sumeret
1748 2037 1816 2071 quod
1834 2045 1881 2071 per

1096 2079 1182 2112 ignem
1198 2079 1355 2112 transiisset,
1373 2088 1468 2114 panem
1484 2081 1590 2114 quidem
1603 2082 1697 2116 tetigit,
1715 2090 1880 2117 nequaquam

1095 2129 1182 2150 autent
1208 2125 1320 2158 sumpsit
1342 2130 1416 2151 cocta
1437 2126 1527 2158 olera;
1553 2129 1599 2154 sed
1622 2127 1661 2154 vel
1685 2129 1824 2160 ptisauam,
1838 2127 1879 2153 vel

1096 2169 1226 2202 legumina
1242 2170 1309 2196 duos
1323 2177 1418 2196 annos.
1436 2171 1462 2197 ltt
1479 2171 1520 2198 his
1540 2179 1637 2206 corpus
1650 2172 1822 2199 consumebat
1836 2172 1879 2199 hic

1095 2213 1198 2246 beatus,
1218 2214 1351 2241 viviftrans
1379 2216 1494 2242 animam
1516 2222 1608 2243 sancto
1633 2217 1744 2251 Spiritu,
1766 2218 1792 2244 in
1815 2217 1880 2252 Epi-

257 2261 410 2289 curationig,
426 2261 494 2288 Dicit,
507 2269 569 2295 ergo
584 2262 607 2288 ei
624 2262 699 2289 beam
715 2262 852 2289 Melanium
865 2271 870 2289 ς
885 2263 942 2290 Non
957 2264 1044 2297 ριιιυθι
1057 2261 1084 2290 D
1097 2259 1200 2292 pltaniis
1216 2260 1241 2286 itt
1258 2260 1369 2287 ecclesia
1384 2261 1594 2288 comtnunicans.
1619 2262 1700 2289 Nobis
1719 2268 1805 2289 autem
1821 2270 1882 2290 nar-

257 2307 334 2338 milti,
346 2306 393 2338 ﬁli,
406 2307 515 2333 morbus
527 2311 587 2333 tuus
601 2306 758 2339 diuturnus;
771 2307 813 2335 dic
823 2315 887 2342 ergo
899 2309 963 2335 mihi
978 2317 1039 2343 qua:

260 2354 343 2380 habes
355 2352 379 2379 itt
392 2352 491 2384 animo,
504 2360 556 2379 non
568 2357 608 2379 est
618 2352 687 2378 enim
701 2359 780 2379 verus
793 2353 835 2379 hic
847 2358 906 2380 tuus
921 2354 1040 2382 morbus.

257 2400 400 2427 Confessus
413 2402 455 2424 est
467 2405 530 2432 ergo
542 2397 566 2424 ei
578 2405 633 2424 rem
646 2405 704 2431 quae
714 2397 764 2424 sibi
775 2402 902 2425 evenerat
913 2399 1043 2426 Cattstan-

257 2444 377 2478 tittopoli.
419 2443 486 2471 Dicit
531 2444 556 2471 ei
607 2443 685 2470 beata
707 2450 712 2468 :
736 2443 867 2470 Promitte
887 2444 951 2470 mitti
977 2450 1043 2472 teate

257 2490 381 2522 Domino,
395 2494 420 2515 te
434 2489 494 2515 vita:
509 2489 661 2515 monasticae
674 2496 782 2522 scopum
796 2496 856 2516 esse
875 2495 1041 2524 secuturum,

255 2541 282 2562 et
292 2542 342 2569 ego
351 2535 413 2561 licet
423 2534 569 2568 peccatrix,
584 2533 667 2559 orabo
678 2533 771 2567 Deutn,
786 2538 813 2560 ut
825 2533 903 2561 detur
919 2535 965 2562 tibi
978 2541 1044 2563 tem-

258 2587 306 2612 pus
320 2584 496 2611 commeatus,
519 2583 546 2606 et
560 2579 620 2606 vita:
632 2578 771 2606 terminus.
797 2579 822 2606 Is
840 2583 928 2607 autem
946 2586 988 2608 est
1003 2590 1045 2608 as-

257 2631 363 2652 sensus.
387 2624 453 2650 Cttm
474 2631 504 2650 ea
528 2626 615 2650 autem
640 2628 752 2656 orasset,
779 2624 847 2652 intra
868 2632 966 2658 paucos
987 2627 1044 2653 dies

256 2668 408 2700 convaluit;
434 2675 547 2702 cumque
570 2668 591 2694 is
614 2668 783 2700 surrexisset,
803 2669 836 2696 ab
860 2669 904 2696 illa
927 2670 982 2704 ipsa
1004 2675 1045 2697 est

257 2715 355 2742 amictu
370 2713 517 2741 monastico
532 2712 648 2745 indutus,
675 2718 701 2740 et
729 2721 839 2748 peregre
866 2715 1044 2749 proﬁciscitur

259 2761 286 2786 itt
299 2764 414 2787 montem
435 2760 536 2793 Nitriae,
558 2760 603 2795 qui
621 2765 662 2787 est
675 2760 700 2787 in
716 2760 830 2795 Egypto
848 2769 853 2787 :
873 2762 898 2788 in
911 2769 963 2796 quo
979 2771 1038 2790 cum

261 2803 406 2831 habitasset
429 2805 556 2838 biennio,
584 2804 663 2832 tertio
689 2805 836 2839 ingreditur
859 2806 1041 2836 solitudinem.

294 2847 408 2876 ISimile
423 2857 512 2884 supra,
528 2852 553 2878 in
570 2851 670 2886 Pclag.,
687 2851 768 2879 libell.
783 2859 801 2884 t,
818 2859 890 2878 nam.
908 2852 935 2879 δ.

1096 2305 1171 2331 rabat
1184 2304 1227 2332 hic
1238 2313 1382 2339 generosus
1394 2305 1491 2332 (,hristi
1506 2307 1603 2333 athleta
1615 2307 1686 2334 circa
1699 2312 1802 2342 tempus
1816 2316 1881 2336 mor-

1097 2350 1128 2376 tis
1145 2358 1151 2376 :
1173 2350 1230 2376 Jam
1253 2355 1315 2377 sunt
1339 2355 1394 2377 tres
1408 2351 1469 2378 anni
1491 2359 1523 2378 ex
1542 2359 1595 2386 quo
1619 2360 1669 2379 non
1689 2361 1748 2380 sum
1768 2354 1882 2388 amplius

1094 2399 1206 2421 vexatus
1219 2402 1234 2422 a
1250 2395 1393 2429 cupiditate
1407 2396 1506 2424 carnis.
1531 2397 1559 2424 Si
1575 2403 1663 2424 autetn
1680 2403 1740 2433 post
1751 2399 1830 2426 vitattt
1845 2399 1881 2426 ita

1095 2448 1129 2468 ex
1145 2442 1243 2468 virtute
1267 2447 1365 2475 actam,
1389 2448 1416 2470 et
1435 2443 1594 2471 immensum
1611 2444 1729 2472 laboretu
1753 2445 1881 2472 exercita-

1097 2488 1186 2519 tionis,
1207 2496 1322 2522 eumque
1335 2489 1375 2516 vel
1391 2489 1505 2516 maxime
1521 2489 1703 2522 inﬂexibilettt,
1717 2494 1745 2518 et
1765 2490 1891 2518 sobriam

1096 2538 1224 2567 perpetuo
1238 2535 1397 2567 orati0ttem,
1414 2535 1483 2561 hunc
1505 2535 1682 2563 immortalem
1701 2536 1769 2563 adeo
1784 2537 1880 2565 invasit

1096 2579 1172 2607 bonis
1185 2580 1295 2607 infestus
1308 2585 1333 2608 et
1349 2581 1476 2609 exitiosus
1489 2581 1593 2609 dtemon
1605 2591 1612 2615 ;
1632 2582 1694 2617 quid
1708 2583 1741 2610 ab
1754 2590 1877 2611 exsecra-

1096 2625 1141 2652 bili
1160 2626 1280 2653 dacmone
1298 2627 1350 2660 pati
1372 2632 1495 2660 putamus
1508 2636 1554 2655 eos
1567 2629 1610 2662 qui
1624 2635 1685 2655 sunt
1699 2630 1876 2663 socordiores,

1096 2678 1205 2706 propter
1219 2679 1292 2699 suam
1314 2673 1517 2708 negligentiam?
1539 2674 1605 2701 Huic
1619 2679 1713 2702 sancto
1731 2675 1879 2710 signiﬁcata

1094 2722 1136 2744 est
1150 2718 1291 2752 aliquando
1307 2726 1378 2746 mors
1394 2720 1476 2754 patris
1489 2720 1528 2746 sui
1541 2740 1548 2752 ,
1565 2725 1591 2747 et
1607 2721 1673 2747 dicit
1687 2721 1710 2748 ei
1726 2722 1768 2755 qui
1783 2728 1882 2748 renun-

1095 2766 1169 2792 tiavit
1182 2774 1188 2791 :
1204 2765 1298 2792 Desine
1311 2765 1505 2800 blasphemarc,
1518 2774 1592 2794 meus
1605 2767 1675 2793 enim
1691 2767 1769 2794 Pater
1780 2771 1821 2794 est
1831 2768 1882 2794 itu-

1094 2812 1213 2839 tnortalis
1226 2812 1245 2840 '.
1263 2812 1343 2838 Deum
1360 2818 1446 2840 autent
1463 2813 1576 2840 diccbat.
1595 2813 1736 2847 llucusque
1746 2821 1788 2841 est
1799 2820 1881 2842 exac-
