2067 3155
185 165 252 198 1193

793 164 976 195 HISTORIA
995 163 1178 195 LAUSIACA
1185 188 1192 196 .

1746 162 1815 195 1194

184 221 282 248 τιώτου
297 221 344 248 τοῦ
359 220 480 256 ἐπάρχου
492 228 498 235 ·
524 220 571 247 καὶ
594 220 713 255 ἁρπάζει
734 220 826 252 αὑτὸν,
845 220 893 248 καὶ
911 221 973 254 ἄγει
987 221 1011 250 Α
1024 219 1102 253 λόγον
1117 219 1163 246 ἐπὶ
1179 218 1282 254 Κυρίου
1294 218 1334 245 ὅτι
1352 218 1401 254 ἔχῃ
1419 217 1467 246 τοῦ
1485 215 1587 246 σκοποῦ
1598 217 1694 245 τούτου
1715 218 1755 250 είς
1768 219 1815 246 τὸν

180 263 218 295 ὼς
230 264 258 290 ἐν
273 262 451 298 δικαστηρίῳ,
469 262 516 289 καὶ
529 261 620 298 βάλλει
635 262 716 289 αὐτὸν
731 263 772 294 είς
786 262 836 298 τὴν
852 262 972 297 λεγομέ-

181 313 231 339 νην
244 304 409 331 κουστωδίαν
422 304 530 335 κλοιοὺς
541 303 667 339 σιδηροῦς
678 303 741 330 κατ’
750 303 853 339 αὐχένα
868 303 968 338 βαλὼν,

181 346 229 372 καὶ
251 345 345 373 ἁλύσει
365 346 463 382 σιδηρᾷ
485 346 696 381 καταδησάντων
723 345 772 377 τὰς
793 347 898 381 χεῖρας,
915 346 969 373 τῶν

182 387 225 413 ἐπ’
241 387 324 414 αὐτὸν
345 387 424 423 δῆθεν
450 387 594 420 ἐλθόντων,
611 388 661 423 τὴν
679 388 769 414 αἰτίαν
785 386 859 423 αῦτῷ
879 387 911 413 οὐ
926 387 971 414 λε-

182 428 286 462 γόντων
295 437 303 445 ⁸
319 429 402 462 αὐτὸς
413 429 442 456 δὲ
453 430 486 465 τῇ
505 430 657 464 συνειδήσει
669 429 849 465 κεντούμενος
863 429 973 464 ἐνόμιζε

181 470 267 497 ταῦτα
291 471 372 506 χάριν
397 471 448 506 τῆς
471 472 636 506 προφάσεως
661 471 770 505 ἐκείνης
797 471 972 506 ὑφίστασθαι,

181 513 370 548 προσδοκήσας
388 513 434 540 τὸν
461 513 508 540 τοῦ
531 513 642 547 γυναίου
663 513 748 549 ἀνδρα
768 514 974 548 ἐντετυχηκέναι

182 555 247 590 περὶ
267 555 317 590 τῆς
334 554 490 587 ὑποθέσεως
510 556 612 590 ταύτης
635 555 675 591 τῷ
690 555 814 590 δικαστῇ.
836 555 880 581 Ἐν
894 555 922 582 δέ
936 555 974 590 τῷ

182 597 293 624 ἑστάναι
312 596 393 624 αὑτὸν
413 596 474 623 λίαν
500 597 678 631 ἀγωνιῶντα,
695 597 779 632 ἄλλης
798 597 878 632 δίκης
894 597 974 632 δῆθεν

182 639 386 674 πραττομένης,
397 639 444 665 καὶ
455 639 677 674 βασανιζομένων
688 639 791 674 ἐτέρων
805 639 852 666 ἐπὶ
861 639 974 674 τοιούτῳ

180 679 352 715 ἐγκλήματι,
378 681 475 715 ἔμενεν
500 681 514 707 6
541 681 675 716 Εὑάγριος
701 681 805 716 σφόδρα
832 680 970 714 ἀγωνιῶν.

182 722 259 749 Μετά
283 721 311 748 δέ
325 721 370 749 τὸν
400 722 485 750 πολὺν
501 722 583 757 φόϐον
603 723 707 750 ἐκεῖνον
729 723 777 749 κα)⁸
788 722 837 759 τὴν
852 723 972 758 ἄμετρον

181 763 302 798 ἀγωνίαν
318 764 589 800 μετασχηματίζεται
605 766 619 791 6
634 764 750 799 ἄγγελος
778 765 792 792 6
815 765 860 792 τὸν
890 765 974 792 πολὺν

182 804 257 840 αὺτῷ
272 805 354 840 φόϐον
369 807 399 832 ἐν
420 808 453 842 τῇ
474 806 593 842 ὀπτασίᾳ
618 807 779 842 παρασχὼν,
804 807 844 838 είς
868 815 972 842 παρου-

182 846 244 873 σίαν
268 847 381 882 γνησίου
405 848 484 882 φίλου
503 849 571 883 πρὸς
595 848 740 883 ἐπίσκεψιν
764 849 877 884 ἥκοντος
903 850 973 885 πρὸς

1027 261 1130 296 μονήρη
1143 260 1214 296 βίον,
1231 261 1287 292 καὶ,
1305 261 1329 287 εί
1343 261 1389 288 καὶ
1404 259 1566 296 ἁμαρτωλός
1579 261 1649 295 ειμι,
1667 259 1815 294 προσεύξο-

1027 311 1076 338 μαι
1093 303 1163 338 πρὸς
1177 302 1222 329 τὸν
1237 302 1339 338 Κύριον
1358 303 1403 328 ἵνα
1418 311 1459 328 σοι
1472 301 1535 337 δοθῇ
1552 302 1649 337 καιρὸς
1667 302 1811 336 κομιάτου,

1026 345 1074 372 καὶ
1089 343 1345 381 προθεσμία’ζωῆς.
1367 344 1397 370 '0
1412 344 1439 371 δέ
1455 345 1591 372 συνέθετο.
1610 344 1770 380 Εὑξαμένης
1786 344 1814 371 δέ

1025 387 1120 422 αὐτῆς,
1136 387 1210 418 ἐντδς
1224 387 1323 420 ὀλίγων
1336 386 1448 422 ἡμερῶν
1466 386 1585 420 ὑγίανεν.
1602 387 1658 413 Καὶ
1678 387 1814 419 ἀναστὰς,

1025 429 1092 463 παρ’
1111 428 1197 463 αὐτῆς
1222 426 1343 463 ἐκείνης’
1358 428 1565 463 μετημφιάσθη,
1594 428 1642 455 καὶ
1672 427 1814 462 ἐξέρχεται

1024 470 1184 506 ἐκδημήσας
1199 471 1240 501 είς
1255 470 1286 496 τὸ
1304 469 1366 505 ὅρος
1383 470 1431 504 τῆς
1449 470 1563 505 Νιτρίας
1581 470 1612 496 τὸ
1626 470 1654 496 ἐν
1671 469 1813 505 Αίγύπτῳ,

1025 513 1055 538 ὲν
1068 509 1089 545 ᾦ
1105 512 1220 547 οἰκήσας
1231 511 1358 547 δεύτερον
1374 510 1446 543 έτος,
1466 511 1504 547 τῷ
1521 511 1607 546 τρίτῳ
1624 511 1760 538 εἰσϐάλλει
1773 512 1815 543 είς

1024 554 1073 590 τὴν
1087 554 1200 589 ἔρημον.
1216 555 1306 590 Ζήσας
1319 552 1364 580 οὖν
1377 553 1564 589 δεκατέσσαρα
1586 554 1633 589 ἐτη
1650 555 1679 580 ἐν
1692 554 1748 585 τοῖς
1770 553 1815 580 λε-

1025 597 1151 632 γομένοις
1168 595 1294 629 κελλίοις,
1311 596 1389 631 ήσθιε
1405 596 1454 631 μὲν
1469 596 1552 631 ἄρτου
1566 596 1667 631 λύτραν
1680 596 1729 631 τὴν
1745 597 1815 631 ήμέ-

1026 647 1092 674 ραν·
1118 639 1147 665 ἐν
1162 638 1329 674 τριμηνιαίῳ
1351 638 1378 664 δέ
1397 638 1487 673 χρόνῳ
1501 638 1599 672 ξέστην
1622 638 1713 665 ἐλαίου
1723 647 1730 654 ⁵
1745 638 1814 674 ἀνὴρ

1025 680 1078 708 ἀπὸ
1101 679 1272 715 ἀϐροδιαίτου
1295 680 1340 706 καὶ
1361 679 1498 715 τρυφηλοῦ
1522 679 1580 714 βίου
1601 680 1648 706 καὶ
1662 679 1814 715 ύγροτάτου

1024 722 1152 758 ἠγμένος.
1174 722 1276 748 Ἐποίει
1289 721 1317 747 δὲ
1331 721 1413 756 εὐχάς
1426 721 1522 759 ὲκατδν
1533 741 1539 753 ,
1553 721 1667 756 γράφων
1677 721 1723 748 τοῦ
1737 721 1814 753 ἐτους

1024 765 1073 801 τὴν
1094 764 1176 798 τιμὴν
1193 763 1273 798 μόνον
1297 759 1334 790 ὧν
1349 763 1461 798 ἤσθιεν·
1490 763 1596 798 εὐφυῶς
1612 764 1666 798 γὰρ
1693 763 1814 799 ἔγραφεν

1024 807 1070 833 τὸν
1086 805 1235 840 ὀξύρυγχον
1251 805 1424 840 χαρακτῆρα.
1441 800 1530 836 Ἐντὸς
1547 803 1593 831 οὖν
1618 806 1813 833 πεντεκαίδεκα

1024 848 1092 876 ἐτῶν
1114 847 1287 883 καθαρεύσας
1302 847 1348 873 τὸν
1370 846 1444 878 νοῦν,
1468 847 1623 882 κατηξιώθη
1642 848 1814 884 χαρίσματος

181 889 327 920 αὐτόν.”ος
341 890 388 916 καὶ
403 890 507 925 σφόδρα
518 890 604 926 δῆθεν
615 890 764 925 ἐκπλαγεὶς
772 891 820 917 καὶ
830 891 976 926 γενόμενος
991 894 1012 923 Β
1026 891 1153 926 γνώσεως
1163 891 1210 918 καὶ
1222 890 1316 924 σοφίας
1330 890 1375 916 καὶ
1384 889 1546 924 διακρίσεως
1561 890 1733 924 πνευμάτων.
1746 890 1813 917 Συν-

181 930 306 966 κατηφὴς
314 931 347 966 τῇ
360 930 480 967 τοσαύτῃ
492 931 590 968 ἀτιμίᾳ
602 931 658 958 τῶν
672 932 781 967 δεσμῶν
797 932 846 959 τοῦ
857 933 969 967 γνησίου

180 971 271 1006 φίλου,
282 972 356 1007 λέγει
368 972 444 1008 αὐτῷ
454 973 592 1008 δεδεμένῳ
610 973 713 1008 μεταξὺ
730 975 824 1009 σειρᾶς
837 975 971 1009 τεσσαρά-

181 1022 264 1040 κοντα
285 1013 449 1041 καταδίκων·
469 1014 501 1041 Τί
524 1014 611 1046 οὕτως
631 1015 737 1050 ἀτίμως
756 1015 826 1050 μετά
849 1015 903 1043 τῶν
920 1025 970 1042 κα-

179 1055 297 1083 ταδίκων
310 1055 424 1092 κατέχῃ.
442 1055 521 1092 κύρια
534 1056 659 1089 διάκονε;
673 1057 754 1090 Λέγει
768 1057 843 1092 αὐτῷ
855 1057 969 1090 ἐκείνοςο

181 1097 261 1124 Κατὰ
281 1097 330 1133 μὲν
342 1098 472 1132 ἀλήθειαν
495 1098 546 1125 οὐκ
567 1099 736 1134 ἐπίσταμαι·
762 1099 874 1126 ὑπόνοια
890 1100 918 1127 δέ
935 1109 969 1135 με

180 1139 238 1174 ἔχει
256 1140 296 1166 ὅτι
313 1140 327 1166 6
341 1140 416 1166 δεῖνα
438 1140 452 1166 6
471 1140 526 1167 ἀπὸ
540 1141 669 1176 ἐπάρχων
693 1140 803 1175 ἐνέτυχε
819 1141 878 1168 κατ’
900 1141 968 1176 ἐμοῦ

181 1180 271 1216 ἀλόγῳ
295 1180 448 1217 ζηλοτυπίᾳ
475 1181 600 1216 πληγεὶς,
625 1182 672 1208 καὶ
700 1182 809 1208 δέδοικα
829 1183 935 1218 μήποτε
956 1184 970 1210 6

181 1222 272 1257 ἄρχων
299 1223 439 1258 χρήμασιν
463 1223 509 1250 ὑπ’
522 1222 605 1249 αὑτοῦ
624 1223 770 1259 διαφθαρῇ,
787 1224 834 1250 καὶ
849 1225 970 1260 τιμωρίᾳ

183 1273 217 1299 με
232 1265 368 1302 περιϐάλῃ
385 1265 513 1302 μεγίστῃ.
532 1265 614 1299 Λέγει
631 1265 705 1300 αὺτῷ
722 1267 736 1292 6
752 1265 829 1300 φίλος
844 1267 882 1301 τῷ
903 1268 970 1303 σχή-

183 1314 264 1341 ματι·
287 1307 320 1334 Εί
341 1306 451 1338 ἀκούεις
465 1307 512 1333 τοῦ
525 1307 603 1341 φίλου
624 1315 682 1336 σου.
700 1308 895 1342 συμϐουλεύσω
911 1317 968 1335 σοι·

179 1348 211 1374 οὐ
227 1348 361 1384 συμφέρει
382 1357 423 1375 σοι
440 1349 469 1375 ἐν
488 1349 522 1384 τῇ
547 1348 624 1375 πόλει
644 1349 732 1385 ταύτῃ
749 1350 862 1384 διάγειν.
887 1350 968 1385 Λέγει

180 1389 255 1424 αύτῷ
268 1390 282 1416 6
303 1390 456 1426 Εὺάγριος⁸
479 1390 541 1416 Ἐὰν
563 1391 577 1417 6
593 1390 660 1422 Θεός
674 1399 708 1426 με
722 1391 824 1427 ταύτης
835 1392 886 1428 τῆς
901 1401 971 1428 συμ-

184 1431 270 1466 φορᾶς
279 1430 433 1467 ἀπαλλάξῃ.
452 1432 499 1458 καὶ
512 1431 570 1467 ἴδῃς
583 1440 617 1467 με
631 1433 660 1459 ἐν
674 1433 969 1467 Κωνσταντινουπόλει,

181 1472 265 1505 γνῶθι
281 1473 323 1499 ὅτι
340 1472 460 1507 εὐλόγως
478 1473 631 1508 ὑφίσταμαι
644 1473 747 1510 ταύτην
761 1475 811 1510 τὴν
823 1475 969 1510 τιμωρίαν,

181 1514 228 1540 καὶ
246 1515 345 1549 ἐτέρας
364 1515 487 1549 μείζονος
507 1515 582 1546 ἄξιος
597 1514 645 1542 ὥν.
661 1516 742 1550 Λέγει
758 1516 832 1552 αὑτῷ
846 1518 859 1544 6
875 1517 950 1552 φίλος
961 1525 967 1532 ·

1021 933 1111 961 τάττει
1128 932 1173 959 οὖν
1187 928 1264 963 οὗτος
1276 931 1340 967 τρία
1354 930 1442 966 βιϐλία
1454 949 1461 962 ,
1472 930 1552 965 Ἱερὰ,
1567 931 1700 966 Μοναχδν,
1709 932 1814 968 Ἀντιῤ-

1023 975 1133 1010 ῥητικδν
1144 973 1238 1012 ..οὕτω
1252 972 1423 1007 καλούμενα·
1440 971 1490 1003 τὰς
1507 972 1574 1007 πρὸς
1597 973 1661 1004 τοὺς
1684 973 1814 1008 δαίμονας

1022 1016 1190 1050 ὑποθέμενος
1205 1015 1311 1050 τέχνας.
1329 1014 1423 1049 Τούτῳ
1435 1013 1542 1049 ὥχλησέ
1566 1023 1631 1041 ποτε
1645 1015 1685 1046 είς
1700 1015 1784 1051 βάρος
1799 1018 1814 1044 6

1021 1058 1071 1093 τῆς
1088 1057 1217 1092 πορνείας
1235 1057 1351 1092 δαίμων,
1368 1057 1406 1088 ὡς
1427 1057 1508 1088 αὐτὸς
1534 1057 1600 1092 ἡμῖν
1617 1057 1747 1091 διηγεῖτο,
1765 1060 1813 1084 καὶ

1020 1099 1065 1126 διά
1079 1100 1169 1135 πάσης
1186 1100 1282 1130 νυκτὸς
1296 1099 1398 1134 γυμνὸς
1413 1099 1478 1134 ἔστη
1491 1099 1520 1125 ἐν
1534 1098 1573 1134 τῷ
1587 1099 1694 1134 φρέατι,
1711 1101 1813 1135 χειμῶ-

1021 1151 1066 1173 νος
1082 1142 1167 1174 ὄντος,
1183 1141 1220 1172 ὡς
1240 1141 1362 1175 παγῆναι
1390 1140 1472 1167 αὐτοῦ
1490 1141 1539 1172 τάς
1562 1141 1678 1176 σάρκας.
1698 1142 1811 1170 ’Λλλοτε

1022 1182 1102 1210 πάλιν
1123 1182 1245 1217 ὦχλησεν
1272 1181 1347 1217 αὺτῷ
1374 1182 1483 1216 πνεῦμα
1509 1182 1702 1217 βλασφημίας,
1721 1186 1768 1211 καὶ
1783 1185 1811 1211 ἐν

1019 1224 1225 1260 τεσσαράκοντα
1240 1223 1358 1259 ἡμέραις
1371 1223 1423 1250 ὑπὸ
1440 1224 1540 1259 στέγην
1559 1224 1610 1250 οὐκ
1623 1225 1757 1260 εἰσῆλθεν,
1773 1226 1812 1258 ὡς

1021 1267 1068 1293 καὶ
1078 1267 1107 1293 τὸ
1116 1266 1196 1301 σῶμα
1211 1266 1306 1298 αὑτοῦ,
1319 1266 1446 1301 καθάπερ
1458 1267 1511 1292 τῶν
1524 1266 1629 1302 ἀγρίων
1644 1267 1732 1300 ζώων,
1745 1269 1810 1304 κρό-

1019 1316 1108 1339 τωνας
1130 1307 1274 1343 ἐκϐράσαι.
1300 1307 1394 1342 Τούτῳ
1419 1309 1493 1342 τρεῖς
1508 1308 1662 1344 ἐπέστησαν
1678 1310 1707 1336 ἐν
1719 1311 1811 1346 ἡμέρᾳ

1020 1348 1162 1384 δαίμονες,
1178 1350 1207 1376 ὲν
1232 1349 1352 1384 σχήματι
1370 1349 1519 1384 κληρικῶν,
1538 1351 1602 1384 περὶ
1627 1351 1745 1383 πίστεως
1763 1361 1812 1378 σος

1021 1391 1165 1426 ζητοῦντες
1181 1391 1270 1426 αὐτῷ·
1286 1391 1331 1417 καὶ
1345 1392 1359 1417 6
1373 1392 1421 1426 μὲν
1438 1391 1529 1426 ἔλεγεν
1545 1393 1642 1419 ἑαυτὸν
1662 1393 1810 1428 Ἀρειανὸν,

1020 1435 1034 1460 6
1047 1433 1075 1460 δέ
1092 1434 1268 1469 Εὑνομιανδν,
1286 1434 1300 1459 6
1314 1434 1342 1460 δὲ
1364 1433 1615 1470 Ἀπολλιναριστήν.
1640 1435 1696 1462 Καὶ
1710 1435 1812 1463 τούτων

1020 1476 1193 1510 περιεγένετο
1208 1476 1252 1502 διὰ
1267 1476 1391 1511 βραχέων
1405 1478 1438 1512 τῇ
1455 1478 1627 1512 πνευματικῇ
1646 1478 1737 1513 σοφίᾳ.
1756 1479 1812 1506 Πά-

1020 1517 1061 1544 λιν
1086 1519 1150 1552 μιᾶς
1173 1517 1227 1544 τῶν
1255 1517 1366 1552 ήμερῶν
1380 1518 1429 1552 τῆς
1453 1518 1557 1550 κλειδὸς
1570 1519 1742 1554 ἀπολομένης
1760 1521 1813 1555 τῆς

180 1556 212 1604 εἰ
224 1555 390 1604 οῦτῳςξχει,
405 1557 482 1591 φέρω
496 1556 528 1604 τὸ
542 1557 721 1604 ξὺαγχέλιονσ
737 1559 784 1604 καὶ
801 1558 907 1594 ῶμοσόν
924 1567 970 1595 μοι
985 1575 1006 1604 C
1029 1557 1203 1604 Ἐκκλησίας,
1219 1557 1414 1604 σφραγίσας-τὺ
1429 1558 1574 1604 πρόσωπον
1586 1558 1633 1604 τοῦ
1646 1559 1811 1595 ήλωταρίου,

181 1598 210 1623 ἐν
225 1596 301 1633 αὺτῷ
313 1598 355 1625 ὅτι
370 1599 524 1633 ἀναχωρεῖς
533 1598 583 1633 τῆς
594 1599 699 1631 πόλεως
710 1599 822 1635 ταύτης,
835 1600 881 1627 καὶ
891 1609 972 1636 φρον-

181 1640 266 1672 τίζεις
281 1649 329 1668 σου
340 1641 391 1676 τῆς
403 1642 503 1676 ψυχῆς.
521 1641 567 1668 καὶ
578 1641 744 1670 ὰπαλλάσσω
758 1651 787 1669 σε
803 1642 859 1676 ἐγὼ
871 1643 972 1679 ταύτης

180 1683 230 1718 τῆς
245 1683 379 1719 ἀνάγκης.
395 1684 424 1711 '0
437 1683 465 1710 δέ
475 1683 623 1719 Εὑάγριος·
642 1683 743 1719 Δέομαί
752 1685 922 1720 σου,δμνυμί
932 1695 973 1713 σοι

179 1725 217 1757 ὼς
232 1725 328 1758 θέλεις,
346 1726 426 1761 μόνον
440 1735 474 1761 με
487 1726 641 1759 ἀπάλλαξον
660 1726 757 1753 τούτου
773 1727 819 1753 τοῦ
833 1727 972 1754 σκοτεινοῦ

180 1767 288 1801 νέφους.
302 1767 356 1793 Καὶ
371 1768 399 1794 ἐν
411 1767 517 1799 τούτοις
533 1767 642 1802 κομίζει
658 1767 732 1803 αὑτῷ
746 1768 776 1794 τὺ
792 1768 970 1802 Εὑαγγὲλιον,

181 1809 228 1834 καὶ
239 1808 353 1835 ἀπαιτεῖ
368 1808 413 1835 τὸν
427 1809 520 1843 ὅρκον.
541 1809 569 1834 '0
582 1808 610 1834 δὲ
624 1809 760 1843 Εὑάγριος
770 1809 883 1844 ὄμνυσιν
897 1810 972 1845 αὺτῷ

182 1850 252 1876 κατὰ
265 1849 312 1876 τοῦ
329 1849 497 1884 Εὑαγγελίου
507 1869 515 1882 ,
531 1849 571 1876 δτι
587 1850 726 1885 Παρεκτδς
745 1851 808 1885 μιᾶς
822 1851 929 1886 ἡμέρας
941 1852 971 1878 οὐ

183 1891 221 1926 μὴ
246 1892 331 1926 μείνω
346 1891 456 1924 ἐνθάδε,
481 1892 527 1918 καὶ
543 1891 656 1927 ταύτης,
671 1891 715 1918 ἵνα
734 1891 828 1926 φθάσω
841 1893 971 1927 ἐμϐαλεῖν

183 1942 234 1968 μου
246 1934 280 1960 τά
295 1934 392 1969 ίμάτια
405 1934 433 1961 ἐν
446 1933 486 1968 τῷ
500 1933 595 1968 πλοίῳ.
607 1934 660 1960 Τοῦ
671 1933 754 1969 ὅρκου
766 1931 812 1960 οὖν
825 1935 971 1970 προχωρήη

182 1983 290 2007 σαντος,
305 1974 452 2010 ἐναγώνιος
467 1975 504 2002 ὣν
515 1975 666 2011 ἐπανῆλθεν
682 1976 736 2002 ἀπὸ
751 1976 801 2011 τῆς
817 1977 972 2010 ἐκστάσεως

179 2017 232 2052 τῆς
246 2017 396 2053 γενομένης
409 2018 484 2053 αὐτῷ
501 2019 530 2044 ἐν
544 2019 578 2054 τῇ
595 2018 683 2046 νυκτί.
707 2018 761 2045 Καὶ
777 2019 898 2051 ἀναστάς
913 2020 971 2046 ἐλο-

181 2059 288 2093 γίσατο,
301 2060 342 2086 ὅτι
368 2060 400 2086 El
418 2060 466 2086 καὶ
481 2059 610 2086 ἐκστάσει
629 2060 742 2094 γέγονεν
766 2060 781 2086 6
795 2060 886 2095 ὅρκος,
913 2061 969 2088 ἀλλ’

180 2102 256 2136 ὅμως
274 2101 380 2136 ὤμοσα.
398 2101 500 2129 Βαλὼν
525 2100 572 2129 οὖν
587 2102 675 2130 πάντα
691 2103 708 2129 a
725 2100 798 2138 εἶχεν
811 2104 851 2134 είς
868 2103 970 2135 πλοῖον,

180 2143 291 2178 ἔρχεται
305 2143 345 2175 είς
360 2143 546 2178 Ἱεροσόλυμα,
557 2144 604 2171 καὶ
613 2144 671 2170 ἐκεῖ
684 2144 819 2176 δεξιοῦται
833 2145 908 2180 παρὰ
921 2146 971 2180 τῆς

182 2185 320 2220 μακαρίας
334 2185 462 2221 Μελάνης
474 2186 524 2221 τῆς
545 2186 697 2222 Ῥωμαίας.
712 2186 799 2214 Πάλιν
815 2187 862 2213 τοῦ
881 2187 972 2214 διαϐό-

181 2227 226 2254 λου
243 2228 443 2264 σκληρύναντος
461 2229 542 2256 αὐτοῦ
567 2229 618 2264 τὴν
634 2229 760 2264 καρδίαν,
780 2229 906 2265 καθάπερ
921 2230 968 2256 τοῦ

180 2269 294 2304 Φαραὼ,
305 2258 346 2302 ῶς
360 2270 412 2306 νέῳ
427 2258 475 2297 καὶ
494 2258 646 2306 σφριγῶντι
669 2258 719 2306 τὴν
733 2258 853 2306 ἡλικίαν,
871 2258 968 2306 γέγονε
985 2258 1007 2285 υ

180 2312 262 2338 πάλιν
276 2312 425 2347 ἐνδυασμὸς
435 2333 442 2344 ,
458 2315 505 2339 καὶ
523 2312 693 2348 ἐδυσψύχησε
717 2313 812 2348 μηδενὶ
831 2313 916 2348 μηδὲν
931 2314 970 2340 εί-

182 2352 273 2388 ρηκώς
283 2361 290 2369 ⁸
306 2354 417 2380 κάκεῖσε
429 2354 510 2381 πάλιν
524 2353 697 2386 ἐξαλλάσσων
710 2355 765 2385 τοῖς
780 2354 907 2389 ἱματίοις.
922 2354 969 2381 κα¹ί¹

181 2397 210 2421 ἐν
229 2397 262 2430 τῇ
286 2395 418 2431 διαλέκτῳ
446 2396 616 2431 καρούμενος
645 2397 697 2422 ὑπὸ
725 2396 775 2430 τῆς
804 2395 967 2428 κενοδοξίας.

187 2436 256 2463 Ἀλλ’
280 2438 294 2464 6
321 2438 487 2474 ἐμποδιστὴς
512 2439 561 2473 τῆς
590 2439 699 2466 πάντων
726 2439 804 2473 ἡμῶν
832 2438 968 2469 ἀπωλείας

181 2480 262 2512 Θεὸς,
274 2479 402 2507 ἐνέϐαλεν
417 2480 498 2506 αὑτὸν
515 2482 563 2506 καὶ
578 2480 695 2507 ἐνταῦθα
715 2481 754 2512 εἰς
773 2481 870 2515 ἑτέραν
888 2481 968 2516 περί-

182 2531 288 2554 στάσιν,
306 2521 446 2549 ἐπιϐαλὼν
460 2522 534 2557 αὐτῷ
548 2523 677 2557 πυρετὸν,
693 2522 820 2549 κάκεῖθεν
836 2523 877 2554 εις
891 2523 969 2549 νόσον

183 2564 291 2600 μακρὰν
308 2565 337 2591 ἐν
361 2564 531 2599 ἑξαμηνιαίῳ
547 2564 636 2599 χρόνῳ
660 2563 824 2599 ταριχεύσας
840 2564 922 2590 αὑτοῦ
939 2564 969 2591 τὸ

182 2606 305 2642 σαρκίον,
330 2606 363 2632 δι’
390 2602 421 2633 οὗ
444 2605 614 2638 ἐνεποδίζετο
643 2606 682 2637 είς
708 2606 819 2640 ἀρετήν.
845 2605 906 2632 Τῶν
923 2603 969 2632 οὖν

183 2647 283 2682 ιιιτρῶν
297 2646 486 2683 ἀπορούντων,
501 2647 548 2674 καὶ
562 2647 663 2681 τρόπον
678 2647 828 2681 Θεραπείας
841 2647 878 2682 μὴ
893 2647 969 2682 εὑρι-

183 2689 313 2722 σκόντων,
337 2689 410 2724 λέγει
427 2689 445 2724 ἡ
472 2688 596 2724 μακαρία
618 2689 766 2715 Μελάνιον·
785 2689 842 2716 Οὺκ
856 2689 969 2724 ἀρέσκει

186 2739 240 2764 μοι,
262 2732 314 2764 υἱὲ,
340 2732 357 2767 ή
374 2732 408 2766 σὴ
434 2730 618 2766 μακρονοσία·
637 2731 697 2757 είπέ
711 2729 758 2757 οὖν
774 2739 819 2766 μοι
836 2731 870 2757 τὰ
893 2732 922 2757 ὲν
935 2732 967 2767 τῇ

185 2772 287 2808 διανοίᾳ
312 2781 370 2800 σου.
397 2773 455 2800 Οὐκ
480 2773 537 2799 ἐστι
562 2772 615 2808 γὰρ
632 2772 746 2808 ἀληθείᾳ
763 2772 831 2808 αὕτη
848 2773 864 2808 ἡ
881 2773 969 2804 νόσος.

193 2813 372 2850 Ὠμολόγησεν
388 2813 434 2843 οὖν
449 2815 518 2851 αὐτῇ
541 2815 572 2841 τὸ
587 2815 660 2841 κατά
683 2814 970 2841 Κωνσταντινούπολιν

188 2855 261 2890 αὐτῷ
284 2857 398 2892 συμϐάν.
418 2858 499 2892 Λέγει
520 2856 594 2892 αὐτῷ
621 2858 637 2892 ἡ
668 2858 828 2892 μακαρῖτις-
859 2857 908 2888 Δός
926 2866 970 2892 μοι

1023 1599 1070 1626 καὶ
1098 1601 1131 1634 τῇ
1165 1600 1236 1634 χειρὶ
1259 1599 1345 1630 ὦσας,
1374 1599 1491 1634 ἡνοιξεν,
1515 1600 1748 1636 ἐπικαλεσάμενος
1768 1602 1814 1628 τὸν

1023 1641 1150 1676 Χριστόν.
1175 1641 1301 1667 Τοσαῦτα
1316 1641 1492 1676 ἐμαστιγώθη
1507 1639 1584 1673 οὗτος
1597 1642 1649 1668 ὑπὸ
1665 1643 1813 1678 δαιμόνων,

1023 1683 1071 1709 καὶ
1092 1683 1218 1709 τοσοῦτον
1235 1682 1315 1709 ἔλαϐε
1340 1685 1439 1717 πεῖραν
1461 1683 1596 1718 δαιμόνων
1611 1684 1758 1717 ποικίλων,
1775 1685 1814 1716 ὡς

1024 1725 1061 1759 μὴ
1079 1724 1178 1760 ῥᾳδίως
1191 1724 1303 1756 τούτους
1320 1725 1517 1760 ἀριθμηθῆναι.
1534 1726 1592 1752 Ἐνὶ
1606 1725 1634 1752 δὲ
1649 1726 1705 1752 τῶν
1715 1727 1813 1754 ἑαυτοῦ

1024 1766 1152 1801 μαθητῶν
1165 1766 1200 1792 τά
1213 1767 1282 1801 μετὰ
1293 1766 1361 1793 δέκα
1372 1766 1444 1792 ὀκτὼ
1459 1767 1506 1802 ἔτη
1520 1767 1715 1802 συμϐησόμενα
1725 1769 1813 1803 τούτῳ

1023 1810 1137 1842 προεῖπε
1154 1808 1253 1839 πάντα,
1267 1808 1327 1835 κατ’
1341 1806 1410 1839 εἶδος
1425 1808 1618 1843 προφητεύσας
1633 1809 1718 1844 αὐτῷ.
1735 1810 1814 1836 Ἐλε.

1022 1857 1069 1882 γεν
1080 1850 1107 1875 δέ
1125 1850 1139 1875 ό
1157 1850 1292 1884 μακάριος
1310 1847 1399 1881 οὗτος,
1417 1850 1459 1876 ὄτι
1476 1849 1534 1884 Ἀφ’
1552 1846 1582 1876 οὗ
1597 1850 1746 1877 κατέλαϐον
1760 1851 1810 1886 τὴν

1022 1890 1134 1925 ἔρημον,
1153 1891 1182 1916 οὐ
1201 1891 1340 1926 θριδακίου
1356 1891 1480 1926 ἡψάμην,
1495 1891 1525 1917 οὐ
1541 1891 1753 1926 λεπτολαχάνου,
1779 1893 1810 1919 οὐ

1022 1931 1127 1967 χλωροῦ
1140 1941 1224 1965 τινος,
1235 1933 1286 1958 οὐκ
1299 1931 1421 1968 ὀπώρας,
1433 1933 1463 1958 οὐ
1477 1933 1626 1966 σταφυλῆς,
1642 1934 1671 1959 οὺ
1684 1934 1810 1970 λουτροῦ,

1021 1976 1051 2002 οὐ
1065 1975 1164 2010 κρεῶν.
1178 1976 1228 2002 οὐκ
1240 1975 1333 2010 ἄρτου,
1350 1976 1401 2002 οὑκ
1420 1975 1502 2009 οἴνου,
1518 1975 1571 2002 οὐδ’
1588 1976 1656 2008 ὅλως
1668 1977 1741 2007 τινος
1755 1977 1811 2003 τῶν

1021 2017 1066 2044 διὰ
1081 2018 1165 2054 πυρὸς
1180 2018 1372 2053 διερχομένων,
1390 2017 1458 2052 πλὴν
1476 2018 1565 2052 ῥητῶν
1579 2018 1703 2053 λαχάνων
1715 2019 1810 2054 ὠμῶν,

1021 2061 1068 2087 καὶ
1079 2060 1217 2095 ἐμμέτρου
1231 2059 1337 2091 ὓδατος.
1351 2060 1397 2091 El;
1410 2059 1524 2094 ὕστερον
1535 2059 1563 2086 δὲ
1573 2059 1612 2095 τῷ
1626 2061 1811 2096 ἑκκαιδεκάτῳ

1021 2101 1077 2128 ἔτει
1090 2101 1140 2136 τῆς
1157 2101 1302 2134 πολιτείας,
1316 2102 1365 2136 τῆς
1379 2101 1442 2128 ἀνευ
1454 2101 1539 2136 πυρὸς
1554 2101 1702 2137 ἑψήματος,
1718 2101 1810 2129 λοιπὸν

1021 2144 1117 2179 χρείαν
1130 2143 1243 2177 ἐχούσης
1258 2142 1340 2168 αὑτοῦ
1356 2142 1405 2176 τῆς
1421 2143 1521 2178 σαρκὸς
1536 2143 1580 2170 διὰ
1595 2143 1641 2179 τὴν
1656 2144 1809 2178 ἀσθένειαν,

1023 2185 1069 2212 καὶ
1081 2185 1129 2220 τὴν
1142 2184 1188 2211 τοῦ
1202 2184 1336 2220 στομάχου
1349 2185 1517 2219 ἀνωμαλίαν,
1531 2186 1576 2212 τοῦ
1593 2186 1811 2225 μεταλαμϐάνειν

1022 2227 1065 2254 διὰ
1089 2226 1186 2262 πυρὸς,
1209 2225 1292 2261 ἄρτου
1321 2227 1370 2261 μὲν
1400 2227 1498 2262 ἥψατο,
1523 2227 1614 2254 οὐκέτι
1636 2228 1666 2254 δὲ
1688 2228 1811 2263 λαχάνων

1025 2268 1226 2304 μετελάμϐανεν
1237 2269 1381 2304 ἐψημένων
1392 2278 1399 2286 ’
1414 2270 1472 2296 ἀλλ’
1483 2270 1499 2304 ἢ
1515 2269 1647 2304 πτισάνης
1659 2270 1675 2305 ἢ
1690 2272 1812 2307 όσπρίων

1023 2311 1069 2336 ἐπὶ
1084 2310 1130 2336 δύο
1144 2310 1201 2344 ἔτη.
1225 2310 1269 2336 Ἐν
1286 2310 1391 2342 τούτοις
1414 2311 1528 2346 τελευτᾷ
1543 2311 1574 2337 τὺ
1594 2312 1674 2346 σῶμα
1688 2314 1702 2339 6
1721 2315 1811 2348 μακά-

1022 2361 1090 2388 ριος,
1115 2352 1164 2387 τὴν
1185 2351 1272 2386 ψυχὴν
1299 2352 1471 2387 ζωοποιήσας
1494 2352 1533 2387 τῴ
1557 2353 1628 2389 ἀγίῳ
1652 2354 1789 2390 Πνεύματι
1803 2364 1810 2372 ·

1020 2394 1188 2428 κοινωνήσας
1203 2394 1235 2428 τῇ
1252 2394 1333 2428 ἑορτῇ
1348 2393 1403 2420 τῶν
1425 2394 1593 2429 Ἐπιφανίων
1604 2396 1633 2422 ἐν
1647 2397 1680 2431 τῇ
1696 2397 1813 2431 Ἐκκλη-

1021 2437 1076 2471 σίᾳ.
1108 2435 1253 2469 Ἀφηγείτο
1284 2435 1330 2461 οῦν
1359 2436 1424 2471 ἡμῖν
1445 2436 1459 2462 ὁ
1476 2438 1600 2470 γενναῖος
1626 2437 1673 2463 τοῦ
1691 2439 1811 2473 Χριστοῦ

1021 2477 1138 2513 ἀθλητὴς
1152 2478 1217 2512 περὶ
1229 2478 1272 2503 τὸν
1283 2477 1409 2509 θάνατον,
1422 2478 1463 2504 ὅτι
1476 2478 1574 2513 Τρίτον
1589 2479 1646 2511 ἔτος
1658 2479 1712 2514 ἔχω
1726 2477 1811 2513 ἀφόῦ

1020 2519 1111 2546 οὐκέτι
1136 2519 1262 2554 ὼχλήθην
1289 2519 1341 2546 ὑπὸ
1365 2519 1515 2555 ἐπιθυμίας
1535 2523 1678 2556 σαρκικῆς.
1696 2522 1726 2547 Εἰ
1742 2523 1812 2556 μετὰ

1020 2562 1148 2589 τοσοῦτον
1163 2561 1265 2596 ἀρετῆς
1281 2561 1338 2597 βίον
1360 2562 1408 2589 καὶ
1423 2563 1566 2598 ἀσκήσεως
1587 2564 1667 2591 πόνον
1682 2564 1810 2600 ἄμετρον,

1021 2604 1068 2631 καὶ
1090 2604 1174 2630 κόπον
1193 2603 1416 2638 ἀκαμπέστατον,
1442 2605 1489 2631 καὶ
1502 2605 1657 2640 προσευχὴν
1673 2606 1812 2641 νήφουσαν

1025 2646 1209 2678 ἀδιάλειπτον,
1231 2645 1278 2672 καὶ
1293 2646 1339 2672 ἐπὶ
1360 2645 1488 2672 τοσοῦτον
1504 2647 1518 2672 6
1535 2647 1681 2682 μισόκαλος
1699 2648 1745 2675 καὶ
1769 2648 1811 2674 δι-

1024 2688 1196 2723 εφθαρμένος
1210 2687 1316 2722 δαίμων
1331 2687 1419 2723 τούτῳ
1432 2688 1471 2723 τῷ
1482 2689 1548 2723 ὁσίῳ
1563 2688 1713 2721 ἐπέθετο,τί
1722 2690 1813 2716 τοίνυν

1024 2730 1140 2765 πάσχειν
1155 2731 1218 2761 τοὺς
1234 2729 1437 2765 ρᾳθυμοτέρους
1448 2729 1560 2765 οἰόμεθα
1570 2730 1623 2756 ὑπὸ
1630 2730 1677 2756 τοῦ
1688 2731 1811 2766 μυσαροῦ

1023 2772 1160 2807 δαίμονος,
1174 2771 1190 2805 ἢ
1206 2771 1258 2798 ὑπὸ
1272 2771 1321 2806 τῆς
1341 2771 1438 2797 ἐαυτοῦ
1469 2771 1614 2806 ἀμελείας;
1633 2771 1754 2808 ἐμηνύθη
1772 2772 1812 2807 τῷ

1024 2813 1094 2849 ἁγίῳ
1110 2813 1198 2847 τούτῳ
1209 2813 1274 2838 ποτὲ
1291 2812 1428 2846 ἡτελευτὴ
1445 2812 1492 2838 τοῦ
1506 2813 1602 2839 ἑαυτοῦ
1612 2814 1739 2848 πατέρος.
1757 2814 1813 2841 Καὶ

1023 2856 1096 2889 λέγει
1110 2854 1148 2890 τῷ
1166 2854 1368 2889 ἀναγγείλαντι,
1389 2854 1495 2882 Παῦσαι
1510 2854 1695 2891 βλασφημῶν
1720 2857 1735 2883 6
1756 2857 1810 2893 γὲρ
