2067 3155
218 147 285 175 1197

823 145 982 174 HISTORIA
1001 143 1178 172 LAUSIACA.

1768 146 1835 174 “98

218 207 348 234 tissnuum
364 210 389 234 et
406 204 626 240 perfectissimum
646 204 706 231 vitae
721 203 870 230 institutum
887 201 998 236 insignis
1012 202 1037 230 Α
1053 200 1089 226 illi
1110 199 1163 226 vim
1188 198 1306 225 facerent
1330 201 1360 225 ut
1377 197 1431 224 illic
1451 197 1620 229 comederet,
1638 202 1690 222 non
1708 195 1794 230 potuit
1809 196 1836 223 in

218 251 330 283 Evagrii.

462 283 573 312 CAPUT
602 283 754 310 LXXXVII.

437 339 494 366 Vita
507 339 603 366 abbatis
617 338 681 364 Pior
698 337 784 371 (158).

255 385 364 419 Quidam
379 384 440 412 Pior
451 386 558 411 nomine
575 383 672 420 (Rulli,
690 384 709 410 ι.
726 391 765 415 ιιι,
782 391 808 408 n.
825 382 875 414 51;
892 381 998 416 Pelag.,

219 431 298 458 libetl.
321 438 356 463 tv,
378 439 404 458 ιι.
421 430 477 465 54),
498 430 638 464 ΛΕεγρῐίιιε
652 437 762 464 genere,
784 433 862 456 aetate
884 428 1000 462 juvenis,

218 485 278 504 cum
294 477 392 504 ntundo
408 476 596 507 renuntiasset,
616 475 683 503 exiit
695 482 710 502 e
725 474 805 501 donto
820 479 931 508 paterna
944 483 951 505 ;
973 479 1000 501 et

220 526 329 556 propter
344 522 473 556 insignem
495 529 611 549 amorem
635 521 791 555 spiritalem,
818 520 872 547 Deo
887 525 930 547 est
941 526 1001 554 pro-

221 568 307 596 fessus
319 575 349 595 se
365 568 465 595 nullum
480 575 514 594 ex
526 567 581 594 suis
591 567 709 594 visurum
724 566 847 600 amplius.
863 565 1000 600 Quinqua-

219 615 290 647 ginta
311 619 376 647 ergo
391 616 451 646 post
465 612 551 645 annis,
569 619 647 638 soror
659 611 717 646 ejus
733 618 792 645 quae
811 615 999 644 consenuerat,

219 662 246 684 et
261 657 294 684 ab
313 657 402 691 aliquo
417 657 562 683 reseiverat
582 656 689 682 fratrem
704 663 779 682 suum
793 655 897 688 vivere,
912 655 1000 682 venie-

220 702 265 729 bat
277 702 303 728 iu
319 701 416 728 mentis
432 706 527 728 emota:
542 701 704 735 periculum,
721 701 772 728 nisi
789 701 873 734 ipsum
888 700 1000 727 videret.

219 747 285 773 Cum
299 751 387 773 autem
403 753 456 773 non
474 751 563 780 posset
579 746 672 773 venire
693 746 718 773 itt
738 751 839 772 vastum
855 745 1001 778 desertum,

220 791 321 823 rogavit
342 791 413 818 illius
426 791 476 818 loci
492 792 645 826 episcopum
660 796 689 818 ut
703 791 832 818 scriberet
847 791 880 818 ad
894 796 1003 818 sanctos

220 834 312 862 Patres
324 836 368 869 qui
382 839 460 862 erant
472 836 498 862 ιιι
511 835 663 868 solitudine,
678 839 707 862 ut
721 835 805 869 ipsum
819 835 964 868 mitterent,
976 838 1004 861 et

218 887 278 907 eum
294 881 404 908 videret.
426 881 491 908 Cum
506 888 571 915 ergo
586 881 609 908 ei
623 881 664 908 vis
679 887 772 915 magna
788 879 937 912 efferretur,
952 880 1004 906 Pa-

220 926 304 953 tribtts
319 926 457 958 obediens,
470 926 561 953 statuit
576 933 629 953 uno
641 926 693 953 alio
708 929 856 960 assumpto,
873 925 962 958 abire;
979 929 1006 952 et

221 971 380 1006 significavit
400 971 489 999 domui
505 972 606 999 sororis
623 972 730 998 fratrem
752 978 827 998 suum
846 971 908 998 Pior
925 971 1006 998 adve-

225 1017 292 1049 nire,
309 1022 337 1044 et
353 1016 419 1044 foris
432 1023 513 1044 stare.
534 1017 599 1045 Cum
615 1023 702 1044 autem
718 1017 848 1044 sensisset
866 1017 1004 1050 strepitum

223 1062 295 1095 ostii,
304 1066 332 1089 et
343 1063 412 1096 quod
424 1062 481 1096 ejus
493 1069 569 1089 soror
577 1061 601 1089 ei
611 1062 712 1089 veniret
722 1061 838 1094 obviam,
850 1061 922 1095 Pior,
933 1061 1007 1088 clau-

219 1106 258 1134 sis
272 1106 372 1138 oculis,
393 1107 515 1134 clamavit
530 1106 562 1133 ad
577 1106 660 1141 ipsam
672 1114 679 1133 :
691 1106 713 1134 Ο
728 1113 805 1133 soror
818 1106 862 1138 Ν..
883 1113 933 1140 ego
946 1113 1004 1132 sunt

222 1152 284 1179 Pior
301 1152 381 1180 frater
395 1157 466 1185 tuus,
481 1160 530 1187 ego
543 1160 600 1180 sum
615 1161 621 1179 :
638 1159 711 1183 ecce,
731 1152 806 1184 vide,
821 1153 910 1186 aspice
921 1159 1004 1186 quan-

220 1202 276 1225 tum
288 1198 364 1225 velis.
382 1198 428 1225 Illa
447 1206 511 1232 ergo
527 1198 595 1225 facta
612 1200 712 1225 certior
732 1198 814 1224 Deum
833 1197 1004 1231 glorificavit,

219 1247 319 1270 etcum
337 1244 418 1270 multa
433 1243 559 1276 fecisset,
580 1251 632 1270 non
651 1243 742 1277 potuit
761 1243 784 1269 ei
801 1242 960 1276 persuadere
977 1246 1005 1268 ut

219 1287 327 1315 domum
345 1289 548 1329 ingrederetur:
573 1288 620 1315 sed
636 1289 757 1314 oratione
777 1287 844 1314 facta
860 1287 886 1313 in
903 1286 1006 1319 limine,

222 1340 347 1360 reversus
363 1338 404 1360 est
421 1334 447 1360 in
465 1332 647 1365 solitudinem,
673 1333 807 1366 propriam
829 1331 938 1365 patriam
955 1331 1008 1357 illic

220 1379 270 1405 sibi
285 1379 382 1406 virtute
402 1386 571 1412 comparans.
591 1378 646 1405 Hoc
660 1377 717 1412 ejus
738 1376 821 1404 fert-ur
836 1376 1007 1408 miraculum,

220 1427 291 1459 quod
306 1433 365 1452 cttm
384 1425 495 1452 fodisset
509 1425 535 1451 itt
557 1425 616 1451 loco
632 1431 709 1458 quem
730 1423 880 1454 aedificavit,
907 1422 1008 1448 invenit

221 1478 316 1504 aquam
337 1471 542 1503 amarissimam,
562 1475 589 1498 et
608 1470 694 1497 donec
716 1469 844 1501 decessit,
868 1468 923 1495 illic
949 1474 1008 1500 per-

222 1516 331 1548 mansit,
340 1519 481 1542 contentus
490 1514 604 1542 inventis
614 1513 832 1541 amaritudinibus
839 1519 914 1547 aqua:
922 1510 1007 1546 (159),

222 1565 252 1587 ιιι
266 1559 391 1595 generosi
410 1559 490 1595 hujus
505 1560 644 1587 tolerantia
663 1559 852 1586 innotesceret.
874 1557 946 1584 Multi
962 1564 1008 1583 au-
1022 1550 1046 1582 C

223 1610 276 1634 tem
289 1607 412 1634 monachi
426 1610 486 1640 post
497 1606 554 1640 ejus
568 1610 680 1632 mortem
693 1611 752 1631 cum
775 1604 801 1631 in
815 1603 882 1631 cella
901 1610 1010 1629 manere

222 1651 436 1682 contebdissent,
454 1659 507 1678 non
527 1654 670 1685 potuerunt
688 1657 770 1677 unum
792 1656 890 1676 annum
910 1648 936 1674 id
950 1647 1008 1674 effi-

223 1702 294 1723 cere.
311 1696 357 1723 Est
378 1696 449 1723 enim
463 1696 537 1723 locus
557 1695 700 1728 terribilis,
716 1699 744 1722 et
764 1694 868 1721 alienus
883 1693 916 1719 ah
937 1692 1010 1719 omni

224 1741 416 1769 consolatione.

472 1775 584 1802 CAPUT
600 1774 766 1802 LXXXVIII.

372 1829 431 1857 Vita
444 1830 541 1856 abbatis
553 1829 651 1864 Moysi;
663 1828 751 1863 (140)
766 1828 864 1862 Libyci.

291 1886 396 1923 Moyses
463 1887 579 1922 Libycus
639 1884 687 1911 fuit
719 1884 758 1910 vir
787 1883 956 1916 inuitissimus,
988 1888 1014 1910 et

229 1930 341 1957 maxima
351 1930 482 1957 cltaritate
494 1929 635 1964 prmditus:
644 1928 665 1954 is
678 1928 770 1962 dignus
783 1932 824 1955 est
832 1927 936 1954 habitus
944 1927 1015 1954 dono

227 1977 404 2003 curationum.
430 1975 454 2002 Is
467 1975 517 2002 hoc
533 1974 670 2001 narravit:
683 1973 710 2000 In
725 1973 905 2006 monasterio,
915 1973 1014 2007 inquit,

228 2029 300 2048 eram
313 2021 389 2048 valde
401 2020 505 2055 juvenis
518 2040 525 2052 ,
541 2024 568 2046 et
581 2016 713 2046 fodiebant
729 2018 872 2045 maximum
889 2023 995 2051 puteum
1007 2037 1013 2048 ,

228 2065 310 2093 latum
326 2066 418 2100 viginti
442 2065 523 2099 pedes
541 2074 546 2090 :
562 2064 589 2091 in
602 2071 634 2091 eo
646 2071 706 2090 cum
721 2067 774 2090 tres
787 2062 845 2089 dies
859 2062 1016 2088 [odissemus

228 2111 278 2138 viri
293 2112 437 2145 octoginta,
453 2115 479 2137 et
494 2117 588 2137 venam
602 2113 770 2141 consuetam,
786 2112 813 2135 et
827 2115 888 2142 quae
901 2107 1015 2140 aspicie-

230 2156 307 2183 batur
321 2156 520 2182 transiissemus
530 2155 603 2182 circa
617 2154 751 2187 cubitum,
766 2160 860 2187 aquam
876 2159 927 2179 non
943 2154 1017 2178 inve-

231 2202 329 2230 nimus.
341 2202 437 2236 Magna
456 2207 520 2235 ergo
537 2200 623 2227 affecti
636 2199 765 2226 molestia
779 2219 786 2230 ,
802 2197 1017 2224 deliberabatnus

232 2248 265 2275 de
278 2229 431 2275 desisterido
447 2229 583 2278 abvopere
597 2254 604 2278 ;
620 2245 736 2279 dumque
755 2229 789 2271 de
802 2251 834 2270 eo
854 2243 1017 2270 deliberare-
1032 2229 1055 2258 ι)

232 2300 306 2325 mus,
321 2293 353 2319 ad
367 2300 416 2319 nos
437 2291 581 2318 adveniens
600 2290 661 2316 Pinr
681 2297 713 2316 ex
728 2292 801 2315 vasta
816 2287 959 2314 solitudine
969 2306 976 2318 ,
991 2286 1017 2313 in

232 2338 288 2372 ipsa
308 2342 383 2365 sexta
396 2336 459 2363 hora
475 2340 555 2362 :estus
565 2354 572 2366 ,
588 2341 647 2361 cum
670 2337 741 2360 esset
756 2339 836 2360 senex
851 2332 957 2358 indutus
971 2339 1017 2358 sua

233 2383 302 2418 pelle
317 2382 396 2410 ovilla
407 2403 414 2414 ,
430 2386 457 2408 ct
472 2388 531 2408 cutn
547 2387 595 2406 uos
615 2381 775 2410 salutasset,
789 2377 852 2404 dicit
870 2377 944 2403 nobis
961 2381 1019 2410 post

233 2429 419 2456 salutationem
434 2435 440 2453 :
453 2426 521 2458 Quid
535 2426 652 2452 animutn
668 2423 812 2458 abjecistis,
827 2422 947 2449 homines
961 2429 1019 2448 mo—

234 2474 301 2501 dica:
314 2472 394 2500 fidei?
416 2471 470 2498 vidi
483 2472 552 2497 cnim
567 2477 616 2496 vos
633 2469 686 2503 jam
703 2468 736 2495 ab
752 2468 876 2494 hesterno
887 2466 931 2493 die
946 2465 1010 2500 abje

234 2519 304 2546 cisse
327 2517 455 2544 animum.
478 2515 551 2549 Quod
574 2521 633 2541 cum
646 2513 775 2545 dixisset,
792 2512 818 2539 itt
838 2512 907 2545 putei
920 2512 1018 2538 fossam

235 2564 323 2591 statim
339 2562 445 2590 demisit
460 2562 561 2592 settlas,
577 2564 605 2586 et
615 2566 674 2586 cum
688 2559 727 2585 eis
740 2558 802 2584 facit
815 2557 977 2588 orationem;
993 2560 1021 2582 et

236 2613 345 2642 accepto
364 2609 450 2641 ligone
461 2628 467 2638 ,
484 2611 511 2633 et
525 2605 603 2632 tertio
624 2605 677 2631 ictu
699 2605 805 2631 incusso
819 2623 825 2634 ,
847 2603 915 2629 dixit
929 2611 934 2628 :
951 2602 1021 2628 Deus

236 2661 388 2682 sanctorum
406 2651 625 2685 patriarcharum,
642 2658 675 2676 ne
691 2650 794 2676 irritum
809 2653 837 2675 et
851 2648 971 2675 inutilem
983 2646 1022 2674 fe-

236 2700 307 2726 ceris
327 2698 444 2725 laborem
469 2703 605 2722 servoruut
628 2700 732 2722 tuorum
745 2715 753 2727 ,
775 2693 822 2720 sed
843 2694 916 2719 mitte
930 2692 962 2719 ad
976 2699 1022 2719 eos

239 2752 314 2771 usum
330 2751 417 2778 aqum.
435 2743 467 2770 Et
481 2742 569 2768 statim
584 2747 650 2774 aqua
673 2739 737 2766 exiit
750 2759 757 2770 ,
771 2743 800 2764 ut
818 2745 867 2764 nos
883 2744 976 2764 omnes
991 2744 1022 2763 ea

239 2795 448 2822 aspergercmur.
465 2787 496 2813 Et
510 2792 570 2812 cum
585 2791 678 2811 rursus
693 2787 806 2815 orasset,
822 2782 897 2813 abiit,
910 2781 1021 2808 dicens:

242 2833 294 2860 Hac
309 2833 342 2861 de
355 2841 433 2861 causa
444 2833 540 2860 missus
553 2838 623 2858 sum.
636 2830 666 2857 Et
678 2833 768 2864 aperta
784 2831 835 2856 est.
854 2828 918 2855 Cum
934 2831 1022 2853 autent

1051 244 1166 271 animttm
1181 243 1317 275 inducere,
1331 242 1422 269 dicens
1437 249 1444 268 :
1459 241 1570 275 Propter
1583 240 1653 275 quod
1668 239 1765 267 missus
1776 247 1836 267 sunt

1052 289 1126 324 (Mi)
1142 289 1192 315 ltoc
1212 287 1309 314 factum
1330 291 1380 314 est.
1392 286 1439 313 Ha:
1452 290 1514 312 sunt
1534 293 1577 312 res
1589 284 1759 312 admirabiles
1773 283 1837 311 Pior

1052 334 1187 368 praeclarae
1201 334 1332 360 columnae
1347 331 1512 364 tolerantiae;
1529 336 1555 358 et
1575 331 1617 357 hic
1637 335 1678 356 est.
1694 329 1753 356 linis
1768 329 1838 357 illius

1051 379 1173 410 virtutis,
1186 377 1230 412 qui
1251 384 1299 411 pro
1313 383 1403 403 amaro
1419 376 1490 402 fonte
1514 375 1610 401 fruitur
1633 378 1760 408 perpetuo
1776 373 1838 400 dul-

1051 424 1154 451 cedinis
1167 424 1265 450 fluettto
1280 429 1338 449 cum
1356 428 1450 454 magno
1463 420 1575 454 spiritali
1590 419 1686 454 gaudio

1306 477 1418 504 CAPUT
1434 475 1575 503 LXXXIX.

1249 521 1310 548 Vita
1324 520 1422 546 abbatis
1436 519 1540 546 Chrunii
1559 517 1646 552 (HQ).

1087 567 1201 600 Quidam
1219 566 1265 601 qui
1278 566 1415 593 dicebatur
1425 564 1570 595 Chronius,
1585 571 1615 590 cx
1639 563 1699 590 vico
1713 561 1759 596 qui
1770 560 1837 587 dioi-

1053 617 1096 639 tur
1110 611 1220 638 Phcenix
1231 631 1239 643 ,
1255 618 1314 638 cum
1329 618 1343 637 a
1359 617 1407 638 suo
1424 610 1481 636 vico
1497 609 1542 644 qtti
1562 613 1603 635 est
1620 614 1701 642 prope
1715 606 1836 633 solitudi-

1053 665 1124 690 nem,
1134 664 1240 684 menstts
1251 661 1322 683 esset
1332 655 1483 690 quindecim
1494 653 1577 680 millia
1589 660 1713 686 passuum
1725 652 1837 678 dextero

1054 702 1121 737 pede
1145 706 1358 732 numeralorum,
1376 699 1430 727 illic
1448 703 1569 734 precatus
1588 697 1654 724 fodit
1673 701 1798 731 puteum;
1813 700 1841 723 et

1052 754 1113 775 cum
1139 754 1234 782 aquam
1258 746 1401 772 invenisset
1421 745 1564 779 optimam,
1580 751 1638 777 qua:
1659 742 1684 769 itt
1705 741 1838 774 profundo

1053 793 1145 820 aberat
1162 797 1266 827 septem
1279 791 1358 827 ulnis,
1375 791 1428 817 illic
1441 797 1548 824 quoque
1563 788 1611 815 sibi
1625 787 1766 814 aedificavit
1779 794 1849 821 par--

1053 846 1116 865 vum
1131 837 1313 872 hospitiolum.
1334 837 1367 864 Et
1379 844 1412 863 ex
1433 843 1485 869 quo
1502 835 1546 862 die
1561 834 1679 867 SeIpSlllll
1702 831 1849 859 collocavit‘

1019 886 1043 916 B
1056 885 1082 911 in
1098 884 1271 917 monasterio,
1290 884 1372 911 Deum
1395 881 1498 917 rogavit
1519 888 1552 907 ne
1566 883 1742 907 reverteretur
1761 879 1788 905 in
1804 879 1843 905 lo-

1057 937 1117 957 cum
1128 930 1172 964 qui
1184 929 1327 956 habitatur.
1339 928 1406 955 Cum
1427 927 1501 962 pauci
1516 931 1604 953 autent
1618 924 1681 951 anni
1697 924 1841 958 prateriis-

1056 981 1125 1006 sent,
1137 976 1231 1010 dignus
1255 975 1303 1002 fuit
1326 974 1431 1001 habitus
1454 973 1656 1007 presbyteratu,
1672 971 1777 998 circiter
1791 974 1841 997 ttu-

1056 1026 1194 1048 centorum
1215 1020 1332 1047 virorum
1357 1020 1427 1046 circa
1444 1019 1530 1056 ipsum
1545 1022 1702 1051 congregata
1719 1015 1842 1042 fraterni-

1057 1072 1120 1094 tate.
1133 1066 1194 1093 Ilaac
1208 1073 1272 1100 ergo
1285 1065 1369 1093 fertur
1381 1064 1438 1098 ejus
1446 1064 1528 1091 virtus
1539 1061 1736 1090 exercitationis
1745 1081 1752 1093 ,
1763 1059 1834 1094 quod

1056 1119 1115 1138 cunt
1130 1112 1265 1145 sexaginta
1279 1110 1355 1136 anuis
1366 1117 1420 1136 arae
1433 1108 1576 1135 assedisset
1587 1107 1699 1140 fungens
1713 1104 1838 1132 sacerdo-

1057 1156 1111 1188 tio,
1127 1163 1179 1182 non
1194 1161 1316 1189 egressus
1330 1159 1371 1181 est
1394 1162 1408 1181 e
1422 1154 1527 1180 deserto
1537 1172 1544 1186 ,
1567 1160 1620 1180 non
1636 1157 1710 1179 extra
1723 1150 1840 1178 laborent

1056 1208 1183 1228 manuum
1198 1200 1316 1228 comedit
1329 1206 1433 1234 panem.

1348 1252 1459 1280 CAPUT
1482 1252 1537 1279 XC.

1309 1299 1368 1325 Vita
1384 1298 1480 1325 abbatis
1495 1297 1596 1324 Jacobi.

1093 1346 1157 1374 Cum
1172 1353 1205 1373 eo
1219 1344 1347 1371 habitavit
1365 1344 1471 1379 quidam
1485 1343 1568 1370 Iacob
1580 1349 1595 1369 e
1613 1341 1724 1372 vicinis,
1740 1341 1783 1375 qui
1795 1348 1842 1368 co-

1058 1392 1230 1428 gnominatus
1249 1395 1291 1418 est
1301 1390 1435 1422 Claudus,
1449 1389 1488 1416 vir
1500 1396 1602 1416 summa
1613 1387 1763 1421 cognitione
1777 1394 1844 1422 pra-

1059 1438 1139 1465 ditus.
1155 1437 1236 1464 Erant
1245 1440 1332 1463 autem
1344 1436 1422 1462 ambo
1433 1435 1486 1462 ttoti
1503 1434 1579 1461 beato
1590 1430 1716 1460 Antonio.

1352 1491 1464 1520 CAPUT
1484 1490 1552 1518 XCI.

1172 1539 1231 1566 Vita
1247 1538 1344 1565 abbatis
1362 1537 1504 1571 Paphnutii
1520 1535 1632 1570 Cephala
1643 1533 1732 1569 (N5).

1097 1584 1162 1612 Cum
1177 1591 1241 1618 ergo
1253 1583 1367 1618 quodam
1383 1582 1426 1609 die
1445 1581 1615 1609 convenisset
1627 1580 1707 1607 etiam
1725 1578 1848 1613 Paphnu-

1063 1629 1115 1656 tius
1132 1630 1172 1656 vir
1185 1628 1315 1656 mirabilis
1330 1627 1375 1662 qui
1390 1627 1528 1654 dicebatur
1542 1625 1666 1659 (Iephala,
1683 1623 1727 1658 qui
1738 1624 1858 1658 quidem,

1064 1673 1154 1700 habuit
1175 1674 1273 1700 donqu
1296 1672 1455 1706 cognitionis
1478 1671 1627 1698 divinarum
1647 1663 1858 1702 Scripturarum‘

1063 1719 1166 1746 Veteris
1180 1724 1207 1746 et.
1218 1719 1282 1745 Novi
1298 1718 1471 1749 Testamenti,
1487 1723 1581 1743 omnes
1592 1723 1637 1743 eas
1649 1715 1827 1748 interpretans
1838 1734 1847 1747 ,

1064 1772 1123 1791 cum
1141 1773 1192 1791 non
1211 1765 1318 1798 legisset
1340 1763 1508 1797 Scriptores:
1524 1765 1581 1789 erat
1595 1765 1682 1788 autem
1697 1761 1764 1788 adeo
1790 1767 1850 1787 rno-

1065 1809 1168 1840 destus,
1185 1813 1213 1835 ut
1231 1808 1331 1835 eclarct
1347 1808 1470 1833 virtutem
1486 1806 1679 1840 propheticam.
1694 1805 1729 1831 De
1743 1812 1796 1838 quo
1806 1805 1847 1831 di-

1065 1853 1145 1885 citur,
1161 1853 1230 1887 quod
1255 1852 1388 1886 octoginta
1413 1851 1490 1877 auttis
1512 1858 1565 1877 nou
1582 1850 1673 1876 habuit
1688 1849 1766 1876 simul
1782 1849 1848 1876 duas

1067 1899 1179 1924 tunicas.
1194 1897 1258 1924 Cutn
1280 1904 1331 1922 una
1347 1896 1396 1923 hos
1411 1895 1629 1922 contenissemus
1641 1913 1649 1926 ,
1665 1901 1714 1928 ego
1733 1898 1759 1921 et
1779 1893 1853 1921 beati

1066 1943 1169 1969 diaconi
1182 1942 1309 1976 Evagrius
1316 1941 1476 1972 etAlbiuus,
1485 1939 1750 1974 quzerebamusscire
1758 1945 1853 1965 causas

1067 1987 1177 2015 fratrum
1192 1987 1236 2022 qui
1248 1986 1405 2014 decidebant
1413 1985 1453 2012 vel
1468 1985 1624 2012 labebantur
1637 1984 1780 2012 inhonesta
1786 1984 1851 2011 vita.

1361 2030 1474 2059 CAPUT
1490 2029 1566 2057 XCII.

1357 2076 1395 2103 De
1409 2076 1563 2103 Clteremone

1104 2124 1209 2152 Accidit
1223 2123 1296 2150 enim
1315 2121 1368 2149 illis
1383 2122 1478 2149 diebus
1490 2126 1519 2147 ut
1533 2120 1681 2147 Clteremon
1695 2119 1855 2147 exercitator

1068 2170 1164 2198 sedens
1179 2169 1340 2201 decederet,
1355 2171 1382 2194 et
1401 2166 1567 2194 inveniretur
1581 2170 1702 2193 mortuus
1716 2165 1813 2193 sedens
1829 2164 1856 2191 in

1069 2216 1195 2244 cathedra
1208 2234 1215 2247 ,
1232 2218 1259 2241 et
1268 2218 1360 2240 tenens
1375 2219 1441 2246 opus
1456 2211 1482 2237 in
1496 2210 1624 2237 manibus.

1347 2257 1460 2285 CAPUT
1488 2256 1579 2283 XCIII.

1401 2302 1440 2330 De
1451 2302 1513 2329 alio.

1106 2351 1210 2379 Accidit
1233 2350 1314 2377 etiam
1344 2353 1374 2375 ut
1395 2349 1462 2375 alius
1488 2347 1571 2374 frater
1598 2346 1700 2374 fodiens
1727 2348 1833 2378 puteum
1852 2363 1861 2375 ,

1071 2398 1228 2425 obrueretur
1240 2401 1254 2421 a
1270 2398 1361 2429 puteo.

1353 2435 1466 2465 CAPUT
1491 2434 1580 2462 XCIV.

1396 2482 1432 2509 De
1445 2481 1504 2508 alio.

1110 2531 1211 2559 ACt‘ItIII
1223 2531 1304 2558 etiam
1321 2533 1351 2556 ιιι
1364 2528 1431 2555 alius
1446 2527 1560 2554 veniens
1575 2533 1589 2552 a
1607 2525 1686 2553 Scete
1701 2546 1708 2559 ,
1722 2524 1766 2552 siti
1786 2531 1859 2558 aqua:

1074 2583 1232 2606 moreretur.

1358 2617 1471 2646 CAPUT
1499 2616 1577 2643 XCV.

1271 2676 1310 2702 De
1330 2674 1462 2709 Stephano
1487 2672 1559 2706 lapso
1580 2669 1666 2706 (ML).

1113 2735 1183 2762 Inter
1208 2739 1274 2768 quos
1301 2728 1569 2759 commemoravimus
1582 2726 1661 2754 ctiatu
1680 2724 1843 2758 Stephanum
1855 2743 1863 2757 ,

1078 2781 1122 2814 qui
1138 2780 1163 2807 itt
1178 2785 1281 2812 turpem
1296 2777 1384 2811 lapsus
1403 2779 1444 2802 est
1458 2771 1688 2807 intemperantiam
1701 2790 1709 2802 ,
1724 2775 1751 2797 et
1764 2769 1863 2796 Eucar-

1081 2834 1167 2861 ptum,
1185 2830 1210 2853 et
1226 2824 1356 2851 lteroncm
1372 2819 1581 2848 Alexnntlrinum
1617 2823 1645 2845 ct
1658 2817 1798 2844 Valentem
1812 2815 1863 2843 Pa-
