2072 3153
252 142 320 170 H99

983 146 1140 174 PALLADII

1803 150 1873 179 1900

257 209 400 242 latinum,
415 216 441 238 et
454 211 623 238 Ptolomaum
637 210 787 246 .Egyptium
802 211 846 245 qui
860 214 917 237 erat
930 210 954 236 in
965 209 1031 237 Sce-
1047 211 1070 237 A
1086 212 1158 234 tuum
1170 206 1254 242 (ρωι.
1269 207 1330 241 t9)?
1346 207 1443 234 Eorum
1457 207 1527 234 enim
1542 208 1637 234 anima:
1647 207 1691 242 qui
1706 207 1778 235 vitiis
1792 209 1866 236 labo~

256 254 312 281 te'.
337 254 420 282 Simul
445 263 509 290 ergo
531 255 679 290 rogavimus
707 263 827 290 quamam
849 259 918 282 esset
936 261 1032 286 causa,

258 299 329 332 quod
347 300 391 333 qui
404 301 442 327 sic
455 301 547 327 vivunt
561 302 585 327 in
600 301 751 333 solitudine,
766 308 798 329 ex
817 301 849 327 iis
869 300 913 327 alii
927 299 1032 333 quidem

258 347 348 371 mente
358 344 536 378 decipiuntur,
558 346 602 373 alii
622 354 685 373 vero
705 350 844 380 erumpunt
861 345 886 372 in
905 346 1033 377 intempe-

257 389 380 414 rantiam.
394 388 449 415 Hoc
463 396 526 423 ergo
536 398 690 424 responsum
705 390 780 417 nobis
794 390 923 417 dederunt
937 394 1032 416 etcum

255 432 309 459 illis
322 438 429 460 sanctus
441 434 615 468 Paphnutius,
630 435 670 461 vir
680 435 793 461 maxima
803 434 954 468 cognitione
965 440 1033 467 prte-

254 478 326 505 ditus
342 487 347 504 :
366 478 534 512 Quaecunque
548 479 632 511 ﬁunt,
649 480 674 506 in
689 480 741 506 duo
760 479 924 511 dividuntur,
941 479 966 505 in
986 478 1033 505 Dei

254 523 390 558 placitum,
414 528 441 550 et
463 524 510 551 Dei
535 525 744 558 permissionem.
760 525 846 558 Atque
869 531 1033 558 quacunque

253 569 359 602 quidem
376 567 442 594 fiunt
452 576 484 595 ex
499 568 599 595 virtute
611 569 643 595 ad
659 569 703 595 Dei
717 568 827 602 gloriam
839 588 846 601 ,
860 575 892 595 ea
903 568 968 594 tiunt
984 566 1034 594 Dei

253 613 351 647 placito
368 621 375 638 :
392 620 451 646 quae
470 620 533 640 vero
548 612 687 645 damnosa,
702 612 869 648 periculosa,
885 617 911 639 et
924 619 982 646 quae
994 612 1033 638 in-

252 657 367 684 t'ortunia
379 662 405 684 et
415 665 492 684 casus
503 658 656 692 important,
667 665 698 684 ea
711 658 775 684 liunt
790 657 834 684 Dei
849 657 1031 691 perinissione.

253 703 397 730 Permissio
407 707 495 730 autem
511 711 542 730 ex
558 708 675 737 egestate
689 704 808 736 rationis,
822 703 862 730 vel
877 703 1033 730 inﬁdelitate

251 753 344 774 eorum
359 747 404 781 qui
418 747 588 774 deseruntur.
603 747 672 774 Fieri
689 748 760 774 enim
776 755 828 774 non
847 752 931 781 potest
949 748 1032 781 utqui

252 791 296 826 pie
305 792 369 819 vivit
379 798 404 819 et
415 797 486 819 recte
497 792 604 828 cogitat,
615 791 714 819 incidat
727 792 752 818 in
779 792 929 826 ignominia:
944 793 1032 826 lapsus

251 836 292 863 vel
312 836 466 871 imposlurte
485 837 647 864 datmonum.
671 836 825 871 Quicunque
855 845 918 872 ergo
946 844 1031 871 pravo

1085 257 1161 283 rant,
1174 256 1236 278 sunt
1259 259 1352 279 revera
1376 252 1487 278 diversis
1503 251 1618 280 fontibus
1635 253 1779 280 aasimiles.
1797 253 1864 281 Nam

1083 296 1128 331 qui
1142 296 1280 330 suntgulze
1290 300 1317 322 ct
1331 296 1392 322 vino
1407 295 1488 322 dediti
1501 316 1508 327 ,
1521 296 1656 323 lutulentis
1670 295 1803 329 fontibus;
1820 298 1865 330 qui

1083 349 1146 368 vero
1167 346 1291 368 tenentur
1309 341 1419 367 avaritia
1436 345 1463 367 et
1478 340 1552 373 plura
1571 339 1683 367 habendi
1702 341 1863 374 cupiditate,

1083 385 1201 412 fontibus
1216 392 1294 412 ranas
1310 385 1482 415 habentibus;
1495 384 1576 411 invidi
1590 390 1691 419 autem,
1707 386 1752 419 qui
1767 385 1867 413 habent

1083 430 1258 464 aptitndinetn
1270 430 1440 463 cognitionis,
1452 429 1565 456 fontibus
1573 434 1711 463 serpentes
1721 430 1864 462 alentibus,

1084 473 1109 500 in
1123 474 1218 507 quibus
1227 481 1331 508 semper
1342 474 1452 501 ﬂuctuat
1463 473 1544 506 ratio;
1557 479 1695 509 propterea
1707 475 1775 509 quod
1786 482 1864 502 nemo

1083 519 1169 546 haurit
1191 527 1225 546 ex
1248 519 1332 553 ipsis,
1347 524 1454 554 propter
1477 526 1580 546 morum
1606 519 1795 552 acerbitatem,
1820 520 1864 547 vel

1083 570 1189 598 propter
1211 564 1365 598 injustarum
1388 565 1520 591 actionum
1536 565 1656 592 odorem.
1672 563 1798 598 Quocirca
1814 565 1865 592 tria

1083 614 1157 643 rogat
1170 609 1249 636 David
1264 617 1278 635 a
1296 610 1350 636 Deo
1360 609 1461 643 doceri,
1478 609 1633 642 bonitatem,
1645 614 1672 637 et
1685 610 1864 644 disciplinam,

1083 658 1109 679 et
1122 653 1300 687 cognitionem
1314 653 1405 687 (ρωι.
1421 652 1529 688 cxvttt).
1547 653 1611 680 Nam
1632 654 1733 688 absque
1747 655 1863 682 bonitate

1082 697 1198 730 cognitio
1212 701 1253 723 est
1264 696 1378 728 inutilis;
1394 701 1420 724 et
1434 698 1456 724 si
1474 701 1610 725 correctus
1624 698 1732 732 quidem
1752 698 1831 725 fuerit
1841 699 1864 726 is

1082 740 1127 774 qui
1149 745 1189 767 est
1213 740 1364 774 hujusmodi
1378 761 1385 774 ,
1411 741 1530 775 deposita
1554 749 1633 769 causa
1661 742 1862 774 derelictionis,

1082 791 1179 818 nempe
1193 786 1352 819 arrogantia,
1364 789 1391 812 et
1403 786 1575 819 assumpserit
1586 786 1772 819 humilitatem,
1786 791 1813 813 et
1822 787 1865 813 sui

1083 832 1188 857 modntn
1203 831 1367 865 cognoverit,
1386 838 1471 865 neque
1485 831 1612 858 adversus
1630 831 1744 865 aliquem
1755 839 1784 858 se
1797 831 1862 859 eli'e-

251 887 332 914 seopo
342 887 373 908 ac
386 881 508 908 inStituto
517 901 525 913 ,
540 888 635 914 nempe
650 885 679 908 ut
689 881 838 908 hominibus
851 881 988 915 placeant,
1004 886 1031 908 et
1046 882 1070 911 B
1082 883 1154 907 rem.
1168 880 1195 903 ιιι
1208 876 1264 902 Ι)εο
1275 883 1355 910 ηεθηε
1366 875 1473 910 Graii”.
1486 875 1519 902 ad
1532 883 1593 902 eum
1608 883 1700 903 τυτειιε
1710 877 1875 908 revertitur.-

251 926 384 958 arroganti
399 925 570 959 cogitatione,
581 925 705 952 virtutem
716 925 838 952 videntur
848 925 965 959 aggredi,
979 925 995 951 ii
1006 926 1032 952 in

254 978 334 998 casus
356 971 493 1004 incidunt,
515 971 570 998 Deo
610 978 657 998 eos
693 970 836 997 deserente
872 970 905 998 ad
937 978 1031 997 eorum

252 1017 407 1050 utilitatem;
431 1021 459 1044 ut
477 1024 536 1044 cum
558 1024 605 1051 per
631 1016 831 1044 derelictionem
859 1017 1031 1043 mutationem

250 1060 396 1093 senserint,
417 1065 464 1088 aut
482 1060 646 1095 propositum
661 1080 668 1092 ,
683 1064 729 1087 aut
744 1060 874 1087 actionem
886 1060 1030 1095 corrigant.

249 1105 316 1132 Nam
341 1105 481 1139 aliquando
495 1104 601 1139 quidem
623 1109 714 1138 peccat
728 1104 891 1138 propositum
905 1125 912 1136 ,
926 1105 1032 1139 quando

250 1150 280 1177 fit
295 1150 365 1177 malo
384 1157 476 1184 scopo;
494 1154 521 1176 ut
539 1157 610 1183 saepe
637 1149 734 1176 accidit
747 1150 963 1183 intemperantem
974 1158 1031 1183 pra-

251 1202 285 1222 ro
305 1202 387 1230 scopo
415 1196 502 1222 fucare
531 1195 728 1229 eleemosynam
763 1194 790 1221 in
819 1195 1032 1222 adolescentulas

249 1243 359 1274 propter
375 1243 476 1274 turpem
492 1239 590 1266 finem:
604 1243 631 1265 et
642 1239 774 1266 actionem
787 1246 847 1267 esse
859 1240 953 1267 rationi
969 1247 1033 1266 con-

249 1289 415 1317 sentaneam,
427 1284 601 1319 utorpbanze,
616 1288 644 1311 et
653 1292 712 1318 quas
725 1289 866 1311 exercetur
881 1287 1030 1318 monachze,

248 1330 314 1357 dare
327 1330 464 1358 auxilium.
477 1330 581 1357 Accidit
594 1334 683 1356 autem
699 1333 771 1356 recto
783 1337 887 1364 quoque
900 1337 982 1364 scopo
993 1331 1031 1357 fa-

248 1382 309 1402 cere
331 1375 529 1409 eleemosynam
542 1394 549 1405 ,
565 1374 592 1401 in
616 1377 730 1407 aegrotos
752 1374 793 1401 vel
810 1381 857 1401 eos
875 1375 920 1408 qui
945 1374 1031 1402 eversi

246 1423 310 1446 sunt
322 1419 397 1446 bonis
407 1440 415 1452 ,
432 1419 474 1446 vel
489 1426 536 1446 eos
550 1418 595 1453 qui
611 1425 807 1446 consenuerunt
822 1427 828 1444 :
843 1419 888 1446 sed
907 1426 985 1453 parce
1004 1423 1031 1446 et

245 1469 307 1490 cum
320 1463 544 1495 murmuratione;
560 1468 586 1490 et
598 1470 657 1490 esse
670 1470 779 1497 scopum
792 1463 898 1498 quidem
912 1468 1011 1490 rectum
1020 1483 1028 1497 ,

245 1509 378 1536 actionem
390 1512 479 1535 autem
495 1515 577 1542 scopo
589 1508 734 1542 indignam.
745 1508 857 1542 Oportet
868 1508 936 1535 enim
949 1508 1029 1535 mise-

1084 927 1142 954 qute
1170 920 1320 947 testimonio
1344 919 1456 947 fulcitur
1479 921 1604 955 cognitio.
1628 920 1768 948 Orationes
1789 921 1859 948 enim

1083 964 1227 998 spiritales,
1241 972 1300 999 qute
1309 972 1361 991 non
1376 965 1472 992 habent
1481 965 1560 992 vitam
1572 966 1709 993 honestam
1719 971 1746 993 et
1761 971 1862 1000 tempe-

1082 1014 1184 1036 rantem
1194 1009 1273 1036 simul
1284 1010 1454 1043 equitantem,
1467 1014 1529 1036 sunt
1545 1010 1625 1044 spica:
1641 1018 1701 1045 quae
1711 1018 1725 1037 a
1735 1016 1813 1038 vento
1825 1011 1862 1038 in-

1083 1058 1194 1086 tereunt,
1207 1062 1265 1088 quae
1275 1054 1371 1081 habent
1382 1055 1488 1089 quidem
1497 1055 1629 1088 spicarum
1640 1055 1813 1090 figuram,sed
1826 1056 1861 1083 ab

1081 1100 1120 1126 eis
1136 1105 1255 1134 ereptum
1269 1105 1311 1127 est
1327 1100 1494 1127 alimentum.
1509 1101 1601 1128 Omnis
1615 1109 1677 1136 ergo
1693 1101 1794 1136 lapsus,
1806 1103 1862 1129 sive

1083 1145 1129 1171 flat
1140 1152 1187 1179 per
1200 1146 1327 1179 linguam,
1339 1145 1396 1172 sive
1411 1153 1458 1178 per
1471 1153 1588 1178 sensum,
1604 1146 1660 1173 sive
1673 1154 1719 1180 per
1731 1147 1860 1179 actiones,

1081 1190 1138 1217 sive
1149 1197 1195 1224 per
1205 1195 1288 1217 totum
1305 1197 1412 1224 corpus.
1429 1191 1622 1217 convenienter
1642 1191 1802 1224 proportioni
1817 1197 1861 1217 ar-

1082 1236 1218 1270 rogantiae,
1235 1236 1263 1262 flt
1284 1243 1330 1270 per
1345 1235 1391 1262 Dei
1405 1235 1607 1262 derelictionem
1626 1236 1758 1270 parcentis
1771 1236 1803 1263 iis
1814 1236 1860 1270 qui

1081 1281 1309 1315 derelinquuntur.
1333 1281 1360 1309 Si
1380 1281 1450 1308 enim
1464 1289 1523 1308 cum
1540 1282 1756 1317 intemperantia,
1767 1289 1858 1309 eorum

1081 1333 1186 1360 quoque
1195 1326 1302 1353 bonitati
1316 1326 1413 1360 ingenil
1427 1326 1553 1353 Dominus
1566 1327 1655 1354 tulerit
1668 1327 1857 1359 testimonium,

1080 1371 1273 1405 suppeditandu
1292 1372 1480 1406 eloquentiam,
1502 1372 1638 1399 daemones
1651 1373 1722 1406 ipsos
1737 1373 1800 1399 facit
1814 1379 1860 1399 su-

1081 1417 1181 1451 perbia,
1196 1425 1225 1444 se
1237 1418 1395 1445 extollentes
1408 1425 1468 1445 cum
1481 1418 1656 1445 immunditia.

1115 1462 1177 1489 Haec
1191 1470 1295 1496 quoque
1308 1463 1434 1490 dicebant
1449 1464 1526 1490 nobis
1540 1464 1567 1490 hi
1581 1465 1665 1491 sancti
1679 1464 1738 1496 viri,
1752 1469 1779 1492 et
1792 1465 1860 1498 opti-

1079 1507 1115 1533 mi
1130 1506 1222 1534 Patres
1237 1516 1243 1533 :
1256 1515 1315 1534 cum
1323 1507 1559 1542 videritisaliquem
1572 1508 1623 1535 vita
1633 1508 1739 1542 quidem
1746 1516 1861 1542 perver-

245 1553 378 1581 ricordem
391 1553 511 1580 misereri
527 1553 552 1579 in
568 1553 701 1580 hilaritate
715 1557 741 1580 et
753 1553 883 1586 largitate.
897 1553 952 1580 [loc
963 1560 1026 1587 quo-
1039 1553 1063 1585 ο
1079 1558 1148 1583 sum,
1162 1552 1280 1578 oratione
1287 1556 1375 1578 autem
1386 1556 1475 1585 aptum
1489 1553 1521 1578 ad
1537 1552 1758 1586 persuadendum,
1770 1559 1862 1580 recor-

245 1604 297 1632 que
310 1597 416 1624 dicebat
431 1604 439 1623 :
456 1597 484 1623 In
506 1596 597 1623 multis
620 1596 715 1623 animis
731 1601 791 1623 sunt
814 1596 889 1624 dotes
908 1599 1027 1631 quzedam

245 1642 385 1676 praecipua
397 1661 404 1674 ,
421 1641 447 1668 in
461 1641 521 1668 aliis
534 1641 641 1676 quidem
663 1641 766 1667 bonitas
788 1641 886 1676 ingenii
900 1649 907 1674 ;
922 1641 952 1668 in
967 1641 1027 1668 aliis

245 1695 309 1715 vero
324 1686 445 1722 aptitudo
457 1686 490 1713 ad
510 1686 744 1719 exercitationem;
759 1686 806 1713 sed
819 1687 924 1721 quando
935 1696 987 1714 non
998 1688 1028 1715 ﬁt

245 1738 354 1768 propter
368 1733 454 1767 ipsum
470 1732 568 1760 bonum
583 1736 610 1759 et
620 1739 652 1759 ex
665 1731 755 1759 divino
768 1739 848 1766 scopo
861 1751 869 1764 ,
885 1740 970 1767 neque
983 1739 1028 1760 ac-

243 1779 291 1812 tio,
306 1785 393 1813 neque
407 1778 504 1813 ingenii
520 1777 634 1810 bonitas,
647 1784 732 1811 neque
748 1777 767 1804 ii
780 1778 824 1812 qui
839 1778 914 1805 dotes
928 1777 1026 1805 habent

242 1824 401 1859 praecipuas,
415 1831 467 1851 non
482 1824 609 1851 bonorum
621 1823 706 1850 datori
721 1823 776 1851 Deo
792 1825 967 1857 ascribcntes,
979 1825 1026 1852 sed

241 1876 292 1897 suo
301 1869 386 1896 libero
398 1868 521 1900 arbitrio,
534 1868 651 1903 ingenio,
667 1871 694 1895 et
706 1868 887 1901 sufficientitc;
900 1869 945 1903 qui
960 1869 1026 1897 tales

242 1917 315 1946 sunt,
331 1912 418 1947 relicti
432 1919 447 1939 a
468 1911 632 1946 providentia
645 1932 653 1945 ,
669 1911 786 1939 incidunt
801 1913 827 1939 in
840 1912 908 1940 facta
924 1914 1024 1948 turpia,

243 1962 334 1992 turpes
344 1957 541 1992 perpessiones,
554 1957 702 1991 prohraque
713 1961 739 1984 et
749 1957 889 1984 dedecora.
901 1957 1024 1985 Derelicti

242 2010 367 2037 ergo,per
373 2001 557 2030 advenientem
566 2002 739 2029 humilitatem
746 2006 773 2030 et
779 2003 917 2037 pudorem,
925 2004 1024 2031 sensim

242 2048 332 2074 nescio
345 2046 478 2080 quomodo
490 2046 627 2080 expellunt
640 2047 829 2080 arrogantiam,
842 2055 919 2082 quam
931 2056 1024 2076 susce-

241 2096 335 2126 perant
348 2098 381 2118 ex
395 2098 426 2117 ea
441 2098 500 2124 qua:
516 2090 599 2117 virtus
613 2091 785 2124 reputabatur
798 2100 805 2124 ;
819 2100 871 2119 non
887 2092 913 2119 in
929 2093 1023 2126 seipsis

241 2136 333 2164 confisi
344 2136 470 2170 amplius,
482 2136 528 2163 sed
542 2136 607 2168 Deo,
623 2136 667 2168 qui
682 2142 775 2164 cuncta
791 2137 909 2171 largitur,
924 2139 1023 2165 benefi-

241 2181 310 2208 cium
322 2188 369 2208 sua
381 2180 547 2207 confessione
560 2181 686 2207 tribuunt.
699 2182 747 2214 Qui
763 2183 832 2208 enim
848 2189 888 2209 est
902 2183 1018 2216 inﬂatus,

1081 1597 1181 1623 demini
1195 1597 1323 1624 daemonis
1338 1597 1381 1631 qui
1399 1597 1425 1623 in
1436 1604 1510 1624 sacra
1526 1597 1661 1631 Scriptura
1675 1605 1736 1624 eum
1751 1597 1859 1624 Christo

1082 1642 1209 1676 loquitur,
1218 1645 1245 1668 et
1254 1641 1472 1676 testimoniiquod
1487 1641 1550 1669 dicit
1562 1650 1568 1668 :
1581 1642 1694 1676 Serpens
1705 1647 1793 1669 autem
1801 1645 1860 1669 erat

1083 1687 1302 1722 prudentissimus
1322 1687 1439 1714 omttiutn
1465 1687 1606 1715 bestiarum
1624 1696 1682 1722 qum
1694 1693 1770 1715 erant
1779 1695 1860 1722 super

1080 1738 1177 1760 terram
1187 1732 1306 1768 (Genui).
1318 1733 1365 1760 Cui
1374 1733 1511 1768 prudentia
1523 1735 1607 1767 potius
1620 1734 1805 1761 detrimentum
1814 1738 1856 1760 at-

1078 1778 1147 1810 tulit,
1155 1786 1214 1805 cum
1225 1778 1275 1805 alia
1288 1779 1371 1806 virtus
1386 1786 1437 1805 non
1452 1784 1630 1806 concurreret.
1652 1779 1761 1814 Oportet
1786 1780 1857 1807 enim

1076 1830 1137 1851 eum
1152 1824 1197 1858 qui
1207 1828 1249 1851 est
1262 1823 1346 1851 fidelis
1359 1828 1386 1851 et
1397 1825 1481 1851 bonus
1495 1831 1526 1851 ea
1539 1825 1643 1859 quidem
1655 1826 1744 1852 animo
1757 1825 1858 1852 sentire

1076 1876 1134 1903 quae
1147 1869 1192 1895 dat
1205 1869 1284 1902 Deus,
1295 1869 1366 1903 loqui
1383 1873 1471 1896 autem
1483 1877 1540 1903 qua:
1562 1875 1652 1901 sentit,
1668 1870 1755 1897 facere
1767 1874 1855 1897 autent

1075 1921 1134 1948 quae
1163 1913 1289 1948 loquitur.
1306 1913 1334 1940 Si
1349 1913 1419 1940 enim
1433 1922 1492 1941 cum
1510 1915 1617 1941 veritate
1637 1916 1777 1942 verborum
1799 1922 1850 1942 non

1075 1963 1216 1986 concurrat
1233 1959 1293 1985 vitae
1305 1959 1439 1992 cognatio,
1456 1959 1530 1992 panis
1545 1963 1586 1986 est
1599 1959 1659 1986 sine
1673 1959 1738 1991 sale,
1751 1964 1779 1986 ut
1790 1959 1855 1986 dicit

1075 2005 1124 2032 Job
1137 2003 1257 2039 (Job.vr);
1272 2005 1365 2038 quiest
1377 2007 1465 2032 autem
1478 2005 1547 2036 talis,
1560 2005 1670 2032 minime
1681 2005 1835 2032 comedetur
1848 2013 1856 2031 :

1073 2049 1143 2083 quod
1156 2049 1179 2075 si
1187 2049 1267 2075 etiam
1282 2048 1446 2082 comedatur,
1455 2048 1563 2084 conjicit
1575 2056 1634 2076 eum
1645 2049 1689 2084 qui
1701 2049 1816 2076 comedit
1829 2050 1856 2077 in

1073 2095 1168 2122 malam
1185 2094 1374 2121 habitudinem.
1387 2095 1575 2121 Sicomedetur
1587 2095 1668 2126 enint,
1679 2095 1772 2129 inquit,
1781 2095 1855 2129 panis

1073 2141 1131 2167 sine
1144 2141 1209 2172 sale,
1219 2141 1276 2167 etsi
1291 2145 1331 2166 est
1346 2145 1438 2174 gustus
1453 2139 1479 2166 in
1495 2140 1582 2166 verbis
1597 2140 1731 2173 inanibus,
1750 2140 1800 2167 hoc
1814 2145 1856 2167 est

1076 2194 1128 2212 non
1150 2185 1183 2212 ad
1204 2186 1343 2212 utilitatem
1357 2185 1449 2220 (MS),
1465 2185 1582 2219 impletis
1596 2185 1726 2212 bonorum
1744 2192 1855 2219 operttm

240 2226 285 2261 qui
299 2226 332 2253 de
355 2225 472 2252 bonitate
487 2226 593 2258 inquam
618 2226 716 2259 ingenii
730 2225 848 2258 effertur,
861 2231 888 2254 et
907 2228 960 2254 Deo
971 2235 1022 2254 non
1036 2229 1062 2258 D
1076 2230 1238 2257 testimonio.
1264 2230 1468 2257 Derelictionum
1488 2237 1551 2263 ergo
1568 2230 1656 2264 plures
1674 2235 1734 2256 sunt
1746 2237 1833 2257 causa:
1846 2238 1854 2256 :

241 2270 349 2298 ascribit
360 2269 503 2296 bonitatem
520 2269 631 2304 ingenii,
648 2278 733 2304 neque
747 2278 806 2297 eam
820 2280 878 2305 qua:
898 2273 946 2299 sibi
961 2280 1023 2308 sup-

241 2317 373 2352 peditatur
396 2316 583 2352 cognitionem,
611 2318 657 2344 sed
690 2318 730 2344 vel
752 2326 806 2345 suae
830 2320 1009 2347 exercitationi

240 2364 282 2391 vel
311 2367 427 2396 naturae,
446 2362 553 2390 abducit
575 2362 608 2389 ab
632 2370 665 2390 eo
693 2363 762 2392 Deus
790 2365 911 2399 angelum
936 2367 1023 2400 provi-

239 2408 354 2441 dentim,
369 2408 429 2434 huic
449 2408 542 2442 gratim
568 2408 731 2442 praefectum.
751 2409 808 2442 Quo
823 2417 927 2445 averso,
944 2418 1022 2445 supe-

239 2458 312 2480 ratus
322 2461 337 2479 a
350 2453 450 2480 viribus
461 2453 607 2480 adversarii
622 2454 644 2480 is
656 2454 700 2488 qui
713 2454 820 2482 effertur
829 2455 865 2482 ob
876 2456 1020 2484 bonitatem

240 2498 338 2533 ingenii
352 2517 359 2530 ,
375 2497 468 2525 incidit
482 2497 508 2524 in
530 2498 759 2532 intemperantiam
775 2504 883 2534 propter
905 2501 1021 2528 insolen-

239 2545 356 2576 tiam,ut
369 2543 454 2570 ablata
467 2547 534 2570 teste
546 2544 732 2577 temperantia,
744 2552 796 2571 non
808 2545 948 2573 videantur
962 2554 1021 2573 cre-

238 2590 329 2618 dibilia
344 2596 403 2623 quae
413 2589 538 2618 dicuntur
553 2589 586 2616 ab
599 2588 675 2622 ipsis,
690 2589 849 2624 fugientibus
862 2591 911 2624 piis
927 2591 1021 2618 doctri-

238 2643 300 2664 nam
316 2642 374 2670 qua:
385 2642 418 2661 ex
439 2634 485 2661 tali
499 2641 545 2660 ore
567 2634 703 2669 procedit,
721 2639 843 2669 tanquam
858 2635 957 2663 fontem
973 2637 1019 2670 qui

237 2685 322 2709 scatet
345 2680 520 2711 hirudinibus,
537 2685 566 2706 ut
578 2680 717 2713 impleatur
735 2681 805 2716 quod
819 2683 945 2716 scriptum
956 2688 1017 2710 est:

239 2726 376 2754 Peccatori
389 2731 476 2753 autem
486 2725 552 2752 dixit
564 2726 633 2753 Deus
648 2735 654 2752 :
666 2725 718 2753 Cur
731 2731 758 2754 tu
772 2734 881 2754 enarras
892 2728 1020 2762 justitica-

239 2772 326 2801 tiones
344 2779 418 2799 meas
429 2792 437 2805 ,
454 2775 481 2799 et
494 2770 607 2798 assumis
626 2775 812 2799 testamentum
827 2779 914 2800 meum
930 2781 976 2808 per
989 2781 1020 2801 os

1075 2283 1127 2302 una
1143 2275 1249 2309 quidem
1266 2280 1307 2302 est
1322 2279 1351 2301 ut
1366 2276 1448 2301 virtus
1462 2275 1595 2302 octultata
1610 2275 1794 2301 maniiestetur
1805 2294 1812 2306 ,
1829 2279 1857 2302 ut

1074 2321 1157 2347 virtus
1172 2320 1238 2352 Job,
1254 2320 1308 2347 Deo
1333 2319 1515 2353 respondente
1539 2325 1566 2346 et
1579 2319 1685 2346 dicente
1705 2318 1766 2353 (Jab'
1789 2318 1855 2354 xc):

1074 2367 1112 2393 Ne
1122 2366 1227 2400 rejicias
1236 2365 1364 2399 judicium
1380 2372 1479 2397 meum,
1496 2372 1583 2398 neque
1598 2370 1675 2398 putes
1687 2372 1729 2391 me
1742 2364 1789 2390 tibi
1805 2363 1856 2390 ali-

1075 2416 1115 2439 ter
1129 2412 1308 2445 respondisse.
1326 2411 1373 2438 sed
1400 2416 1427 2437 ut
1448 2411 1534 2444 justus
1557 2417 1707 2444 apparens;
1731 2417 1760 2437 es
1784 2410 1855 2436 enim

1074 2457 1140 2484 ntihi
1153 2461 1231 2484 notus
1243 2457 1286 2490 qui
1309 2456 1370 2482 ncvi
1390 2455 1510 2487 occulta,
1532 2459 1559 2481 et
1574 2454 1703 2489 profunda
1718 2454 1857 2489 cogitatio-

1074 2511 1135 2531 num
1165 2504 1269 2530 iutueor
1295 2502 1482 2529 humanarum.
1507 2501 1558 2529 Sed
1579 2502 1703 2536 quoniam
1726 2501 1858 2534 ignoraris

1073 2549 1107 2576 ab
1123 2548 1274 2575 ltominibus
1288 2567 1296 2579 ,
1316 2547 1485 2580 suspicantur
1507 2546 1578 2573 enim
1600 2553 1788 2580 nonnunquam
1814 2553 1858 2571 me

1073 2602 1087 2621 a
1105 2599 1132 2621 te
1146 2594 1199 2621 coli
1212 2597 1321 2628 propter
1335 2592 1450 2623 divitias,
1465 2592 1524 2619 ideo
1536 2591 1587 2619 feci
1606 2595 1634 2618 ut
1654 2592 1681 2618 in
1703 2590 1856 2625 ltujusmodi

1073 2646 1164 2666 casum
1180 2638 1322 2665 incideres.
1340 2637 1477 2664 Demessui
1488 2636 1605 2670 divitias,
1622 2641 1650 2663 ut
1663 2635 1801 2663 ostendam
1816 2635 1857 2662 eis

1073 2689 1145 2711 tuam
1170 2683 1317 2718 gratiarum
1342 2682 1473 2709 actionem
1499 2687 1527 2709 et
1559 2682 1764 2716 philosophiam.
1797 2681 1857 2708 Alia

1072 2735 1160 2757 autem
1177 2732 1286 2763 propter
1305 2727 1476 2755 avertendam
1500 2728 1663 2761 superbiatn,
1679 2731 1707 2754 ttt
1721 2727 1747 2754 in
1764 2726 1857 2754 Paulo.

1074 2775 1250 2802 Relictus.est
1263 2773 1334 2800 enim
1348 2772 1444 2799 Paulus
1456 2771 1560 2798 casibus
1571 2792 1578 2805 ,
1592 2777 1620 2799 et
1632 2772 1803 2807 colaphorum
1814 2772 1858 2798 in-

275 2830 284 2847 ¹
300 2829 338 2858 De
352 2830 467 2864 llerone,
483 2836 571 2865 supra,
585 2836 642 2858 cao.
655 2829 698 2856 32.
723 2830 761 2861 De
774 2830 892 2863 Valente,
914 2839 992 2868 supra
1007 2854 1014 2867 ,
1034 2841 1094 2870 cap.
1105 2833 1148 2862 5|.
1168 2833 1203 2860 De
1218 2831 1374 2865 Ptolommo,
1389 2837 1480 2865 supra,
1497 2835 1557 2864 cap.
1576 2829 1620 2856 35.
