2067 3155
233 158 300 192 1201

844 161 1034 201 HISTORIA
1048 161 1245 195 LAUSIACA.

1795 167 1864 201 1202

229 219 355 247 εὐδοκίαν
366 217 445 252 Θεοῦ,
457 219 505 246 καὶ
520 219 705 255 συγχώρησιν.
721 220 793 248 Ὅσα
809 221 898 247 τοίνυν
915 220 1018 254 γίνεται
1034 221 1057 248 Λ
1072 221 1134 252 γαῖς
1153 221 1234 256 ,ὄφεις
1247 223 1422 258 τρεφούσαις,
1445 222 1490 256 αῖς
1508 224 1552 252 ἀεὶ
1572 225 1727 261 ἐνλιμνάζει
1740 226 1753 252 ό
1766 226 1862 261 λόγος,

229 262 290 290 κατ’
320 262 421 297 ἀρετὴν
443 263 485 293 είς
507 261 587 294 δόξαν
613 262 661 289 τοῦ
689 262 776 295 Θεοῦ,
801 263 888 290 ταῦτα
912 263 1018 296 γίνεται

230 304 339 340 εὐδοκία
353 303 421 331 Θεοῦ
431 313 439 320 ·
465 305 517 332 ὅσα
532 304 554 330 δ’
572 302 607 331 αὖ
624 305 706 331 πάλιν
720 305 855 340 ἐπιζήμια
865 325 873 338 ,
888 304 936 331 καὶ
957 305 1019 330 ἐπι-

230 347 350 379 κίνδυνα,
367 347 413 374 καὶ
433 347 624 383 περιστατικά,
643 347 729 374 ταῦτα
747 348 851 382 γίνεται
865 347 937 374 κατὰ
952 355 1017 381 συγ-

230 389 351 425 χώρησιν
365 389 450 416 Θεοῦ’
474 391 490 424 ἡ
505 389 534 416 δέ
555 389 728 425 συγχώρησις
748 389 777 422 ἐξ
793 390 902 424 ἀλογίας
919 390 935 426 ἢ
953 392 1018 417 ἀπι-

231 432 308 464 στίας
320 432 374 458 τῶν
390 431 716 467 ἐγκαταλιμπανομένων.
741 432 884 459 Ἀδύνατον
903 435 957 468 γαρ
972 434 1019 460 τὸν

229 473 318 507 ὀρθῶς
345 473 512 509 φρονοῦντα,
531 475 578 501 καὶ
602 473 723 505 εὐσεϐῶς
747 473 871 508 βιοῦντα,
899 475 1019 509 ἐγκατα-

230 515 393 550 λειφθῆναι,
410 516 458 543 καὶ
474 517 632 551 περιπεσεῖν
657 516 808 550 πταίσματι
825 516 957 552 αἰσχύνης
968 537 976 549 ,
1000 517 1017 553 ἢ

231 558 320 594 πλάνῃ
337 558 482 594 δαιμόνων.
499 558 576 585 Ὅσοι
596 558 687 585 τοίνυν
704 557 896 593 διεφθαρμένῳ
912 559 1016 594 σκοπῷ,

182 597 212 631 ὸ
230 601 246 636 ῆ
271 600 341 635 νόσῳ
365 599 640 636 ἀνθροξι-ταρεσκείας,
660 599 706 626 καὶ
731 599 861 635 αὐθαδείᾳ
881 600 1018 636 λογισμῶν

232 644 411 679 μετέρχεσθαι
424 643 532 671 δοκοῦσι
543 643 593 678 τὴν
608 643 718 678 ἀρετὴν,
733 639 806 669 οὗτοι
821 643 867 669 καὶ
880 644 1018 678 σφάλματι

229 687 460 722 περιπίπτουσιν,
487 685 534 712 τοῦ
557 684 625 712 Θεοῦ
651 685 718 720 πρὸς
749 684 795 711 τὸν
816 685 927 711 ἐκείνων
950 695 1016 713 κατ-

229 728 420 763 εστραμμένον
437 727 537 754 σκοπὸν
555 726 842 761 ἐγκαταλιμπάνοντος
854 727 963 761 αὐτοὺς,
975 728 1019 756 ἴνα

228 770 273 798 διά
288 771 337 804 τῆς
363 769 583 804 ἐγκαταλείψεως
604 768 759 802 αἰσθόμενοι
778 769 827 803 τὴν
843 769 875 795 ἐκ
897 769 947 803 τῆς
971 779 1018 805 με-

227 812 345 846 ταϐολῆς
367 812 520 844 ἀλλοίωσιν,
539 809 740 845 διορθώσωνται
756 809 771 844 ἢ
789 810 838 844 τὴν
852 811 982 846 πρόθεσιν
1000 813 1016 848 ἢ

228 854 277 890 τὴν
295 853 394 889 πρᾶξιν
405 862 413 869 ·
432 853 496 880 ποτὲ
512 853 561 887 μὲν
575 851 630 886 γὰρ
644 852 660 886 ὴ
676 851 806 886 πρόθεσις
821 852 1016 888 ἐξαμαρτάνει,

1070 260 1196 298 καθάπερ
1229 263 1300 299 ὕδωρ
1327 265 1389 296 δζον
1415 266 1444 292 ἐν
1464 266 1556 302 λίμνῃ,
1574 267 1611 302 τῷ
1633 260 1736 302 μηδένα
1758 260 1863 295 ἐκεῖθεν

1070 302 1157 337 ἡδέως
1170 304 1320 340 ἀρύεσθαι,
1333 306 1377 333 διὰ
1392 307 1442 343 τὴν
1458 309 1572 343 πικρίαν
1585 309 1631 335 τοῦ
1647 309 1739 344 ἦθους,
1756 309 1804 336 κιῖι
1819 310 1863 337 διὰ

1069 343 1118 380 τὴν
1134 345 1223 381 ὀσμὴν
1237 347 1291 374 τῶν
1306 348 1469 384 ἀκαθάρτων
1491 350 1629 385 πράξεων.
1652 343 1734 377 ’Ὅθεν
1747 352 1761 378 ὁ
1782 352 1862 378 Δαὸὶδ

1070 388 1220 422 παρεκάλει
1235 389 1298 425 τρία
1315 390 1398 417 αἰτῶν
1413 392 1571 428 χαρίσματα
1584 392 1660 428 παρὰ
1678 393 1725 419 τοῦ
1740 393 1808 420 Θεοῦ
1821 394 1862 420 δι-

1069 429 1215 464 δαχθῆναι,
1237 433 1434 467 χρηστότητα,
1453 434 1500 460 καὶ
1524 434 1665 467 παιδείαν,
1683 435 1729 461 καὶ
1748 435 1860 468 γνῶσιν.

1071 469 1152 496 ’Δνευ
1164 472 1217 508 γὰρ
1229 474 1412 510 χρηστότητος
1422 475 1523 509 γνῶσις
1531 476 1666 510 ἄχρηστος
1677 485 1683 491 ·
1698 477 1744 503 καὶ
1755 476 1802 503 ἐὰν
1813 477 1861 512 μὲν

1068 511 1248 548 διορθώσηται
1259 516 1272 541 ό
1283 516 1414 548 τοιοῦτος,
1425 517 1474 552 τὴν
1486 518 1576 544 αἰτίαν
1584 519 1632 553 τῆς
1642 519 1710 552 ἐγκα
1717 518 1862 553 εαλείψεως

1068 553 1248 590 ἀποθέμενος,
1263 558 1387 584 τουτέστι
1400 558 1446 585 τὸν
1458 558 1552 594 τύφον,
1569 560 1614 586 καὶ
1630 559 1753 597 ἀναλάδῃ
1766 569 1862 587 ταπει-

1069 597 1257 632 νοφροσύνην,
1278 599 1326 625 καὶ
1349 600 1454 635 ἐπιγνῷ
1481 601 1577 627 ἐαυτοῦ
1607 602 1641 628 τὰ
1668 602 1771 636 μέτρα,
1792 603 1861 638 μήτε

1069 638 1141 664 κατά
1157 647 1228 670 τινος
1243 641 1433 676 ἐπαιρόμενος,
1451 641 1520 669 ἀλλὰ
1537 643 1585 669 καὶ
1604 643 1663 677 Θεῷ
1677 644 1859 678 εὐχαριστῶν,

1069 681 1251 720 ἐπανέρχεται
1261 683 1343 708 πάλιν
1357 684 1396 714 εἰς
1407 683 1488 709 αὑτὸν
1501 684 1677 720 ἐμμάρτυρος
1689 685 1800 718 γνῶσις.
1811 685 1861 711 Λόο

1071 731 1114 757 γοι
1131 723 1185 758 γὰρ
1202 725 1382 758 πνευματικοὶ
1406 725 1464 759 βίον
1479 726 1578 760 σεμνὸν
1602 727 1649 754 καὶ
1671 728 1798 762 σώφρονα
1822 726 1861 762 μὴ

1068 765 1175 800 ἔχοντες
1191 766 1407 798 συνιππάζοντα,
1421 767 1536 802 στάχυές
1549 768 1617 794 εἰσιν
1628 769 1818 804 ἀνεμόφθοροι,
1830 770 1861 796 τὸ

1069 807 1120 842 μὲν
1134 807 1226 842 σχῆμα
1240 807 1366 843 σταχύων
1381 808 1501 843 ἔχοντες,
1515 810 1582 836 τὸδὲ
1599 810 1731 845 τρόφιμον
1745 811 1795 844 τῆς
1806 812 1860 846 Δη-

1071 849 1178 884 μήτρας
1195 850 1410 882 ὑποκλαπέντες.
1428 851 1507 878 Πᾶσα
1521 851 1567 878 οὖν
1581 852 1700 884 πτῶσις,
1716 853 1770 879 εἴτε
1787 853 1803 887 ή
1817 852 1861 879 διὰ

229 897 294 923 ποτε
309 897 337 923 δὲ
349 896 366 931 ἠ
382 896 480 932 πρᾶξις
493 903 500 910 -
521 895 586 921 ὅταν
598 894 790 929 διεφθαρμένῳ
805 895 909 930 σκοπῷ,
922 896 938 931 ἢ
955 897 1016 924 καθ’
1033 890 1054 916 Β
1069 890 1206 925 γλώσσης,
1220 892 1275 918 εἶτε
1289 893 1306 926 ὴ
1321 891 1355 918 δι’
1370 892 1531 928 ὀράσεως,ἦ
1548 894 1642 928 ἀκοῆς,
1659 894 1675 929 ἢ
1688 895 1859 929 ὀσφρήσεως,

228 941 257 967 ὃν
276 940 316 966 δεῖ
333 940 433 974 τρόπον
459 937 496 973 μὴ
511 937 623 972 γένηται
635 945 642 953 ⁸
663 938 732 973 ὅπερ
750 938 894 972 συμϐαίνει
918 940 1017 967 πολλά-

228 991 282 1014 κις,
297 982 343 1008 καὶ
363 982 409 1008 τὸν
427 981 586 1013 ἀκόλαστον,
610 979 801 1015 διεφθαρμένῳ
815 981 908 1016 σκοπῷ
929 983 1017 1009 ποιεῖν

227 1025 277 1056 τὴν
300 1024 486 1059 ἐλεημοσύνην
512 1024 558 1050 ἐπὶ
575 1023 711 1057 νεωτέρας
733 1023 777 1050 διὰ
799 1024 876 1054 τέλος
893 1025 1016 1060 αἰσχρόν.

228 1064 332 1099 ἰίρᾶξιν
357 1064 385 1090 δὲ
409 1063 537 1097 εὗλογον.
566 1063 595 1090 τὸ
619 1063 656 1094 ὡς
679 1063 784 1100 ὀρφανῇ
810 1064 857 1089 καὶ
880 1065 947 1100 μόνῃ
970 1065 1017 1092 καὶ

228 1106 386 1141 ὰσκουμένῃ
412 1105 510 1132 διδόναι
537 1104 708 1138 ἐπικουρίαν.
740 1104 888 1139 Συμδαίνει
917 1105 945 1132 δέ
969 1108 1017 1133 καὶ

229 1147 323 1181 σκοπῷ
344 1147 416 1182 ὀρθῷ
430 1147 516 1173 ποιεῖν
538 1147 587 1181 μὲν
601 1146 786 1180 ἐλεημοσύνην
805 1147 845 1178 εἰς
860 1147 1015 1180 νοσοῦντας,

227 1189 245 1225 ἧ
263 1188 465 1223 γεγηρακότας,
482 1188 499 1223 ἢ
516 1187 728 1218 ἐκπεπτωκότας
745 1187 799 1214 ἀπὺ
812 1187 926 1214 πλούτου
939 1197 945 1204 ·
959 1198 1017 1223 φει-

229 1230 320 1257 δωλῶς
335 1230 362 1255 δὲ
374 1250 380 1260 ,
399 1229 445 1255 καὶ
474 1228 544 1263 μετά
557 1228 728 1263 γογγυσμοῦ,
745 1229 792 1255 καὶ
812 1227 881 1255 εἶναι
899 1230 944 1256 τὸν
968 1230 1017 1264 μὲν

230 1271 331 1298 σκοπὸν
345 1271 435 1305 ὀρθὸν,
451 1270 500 1305 τὴν
525 1270 553 1296 δέ
575 1270 675 1304 πρᾶξιν
700 1269 747 1296 τοῦ
763 1269 865 1296 σκοποῦ
892 1271 1015 1304 ἀναξίαν.

229 1315 275 1339 Δεῖ
290 1313 344 1346 γὰρ
360 1312 405 1338 τδν
431 1311 566 1345 ἐλεήμονα
589 1311 617 1337 ἐν
645 1311 782 1346 ἱλαρότητι
797 1311 899 1345 ἐλεεῖν,
920 1313 967 1339 καὶ
987 1314 1016 1340 ἐν

233 1355 351 1391 ἀφειδίᾳ.
367 1354 480 1388 Ἔλεγον
494 1353 521 1380 δέ
534 1353 581 1380 καὶ
593 1353 672 1379 τοῦτο
685 1353 710 1379 οἱ
724 1353 808 1387 ἅγιοι,
825 1354 865 1380 ὅτι
881 1354 1016 1390 Προτερή-

230 1398 304 1432 μοιτὰ
326 1398 394 1423 εἰσιν
413 1397 444 1423 ἐν
464 1395 574 1426 πολλαῖς
587 1395 705 1430 ψυχαῖς·
727 1396 756 1421 ἐν
768 1396 828 1427 ταῖς
840 1395 900 1430 μὲν,
917 1397 1016 1430 εὐφυΐα

227 1439 363 1471 διανοίας,
391 1439 421 1465 ἐν
446 1439 506 1470 ταῖς
532 1438 561 1464 δὲ
580 1437 767 1472 ἐπιτηδειότης
783 1438 833 1472 τῆς
860 1439 1014 1474 ἀσκήσεως.

234 1481 303 1510 Ἀλλ’
319 1481 383 1507 ὅταν
399 1480 436 1516 μὴ
452 1480 565 1514 γένηται
579 1479 612 1506 δι’
626 1478 693 1505 αὐτὸ
704 1480 734 1505 τὸ
749 1479 842 1512 καλὸν,
860 1480 928 1514 μηδὲ
945 1481 1016 1507 κατὰ

227 1523 298 1549 θεῖον
313 1522 433 1554 σκοπὸν,
459 1522 530 1557 μήτε
551 1521 583 1547 ἐκ
596 1520 643 1546 τοῦ
669 1521 878 1555 προτερήματος
899 1522 1014 1557 πρᾶξις,

1071 932 1087 967 ἢ
1105 932 1242 967 πράξεως,
1267 933 1322 960 εἴτε
1341 933 1358 968 ἠ
1381 933 1415 960 δι’
1432 934 1493 961 ὅλου
1508 934 1556 960 τοῦ
1573 935 1711 969 σώματος,
1728 935 1796 969 πρὸς
1810 935 1861 970 τὴν

1068 974 1214 1008 ἀναλογίαν
1225 975 1274 1009 τῆς
1289 975 1489 1010 ὑπερηφανίας,
1502 975 1518 1011 ἢ
1534 976 1584 1010 τῆς
1597 977 1722 1010 οἰήσεως,
1740 976 1800 1002 κατ’
1815 976 1861 1009 ὲγ-

1069 1017 1229 1052 κατάλειψιν
1250 1017 1354 1052 γίνεται
1371 1018 1439 1044 Θεοῦ
1456 1018 1615 1053 φειδομένου
1628 1019 1681 1046 τῶν
1693 1019 1860 1053 ἐγκαταλιμ-

1069 1059 1239 1094 πανομένων,
1250 1059 1281 1086 Εί
1291 1059 1346 1095 γὰρ
1356 1060 1425 1094 μετά
1437 1060 1486 1094 τῆς
1497 1060 1645 1092 ἀκολασίας
1656 1062 1703 1088 καὶ
1715 1062 1747 1096 τῇ
1761 1061 1861 1097 εὐφυΐᾳ

1068 1101 1158 1128 αὐτῶν
1174 1103 1338 1138 μαρτυρήσῃ
1356 1103 1389 1137 τῇ
1406 1103 1523 1137 χορηγίᾳ
1541 1103 1596 1129 τῶν
1609 1103 1695 1137 λόγων
1710 1104 1724 1130 ὁ
1739 1103 1840 1139 Κύριος
1850 1124 1858 1135 ,

1067 1143 1198 1177 δαίμονας
1219 1144 1317 1174 αὐτοὺς
1342 1143 1375 1169 ἂν
1395 1143 1584 1178 ἀπεργάσαιτο
1601 1145 1799 1180 ἐπαιρομένους
1820 1145 1867 1180 τῷ,

1067 1185 1144 1220 τύφῳ
1163 1185 1233 1219 μετά
1253 1185 1432 1220 ἀκαθαρσίας.

1104 1227 1158 1253 Καὶ
1171 1227 1257 1253 ταῦτα
1269 1227 1297 1254 δὲ
1309 1227 1401 1261 ἔλεγον
1414 1228 1481 1262 ἡμῖν
1494 1228 1520 1254 οἱ
1531 1228 1599 1255 ὅσιοι
1613 1229 1709 1264 ἄνδρες
1726 1226 1796 1256 οῦτοι
1811 1229 1860 1255 καὶ

1069 1268 1176 1304 ἄριστοι
1189 1268 1243 1294 τῶν
1260 1269 1401 1304 Πατέρων’
1419 1269 1504 1295 Ὅταν
1519 1269 1603 1304 ἴδητε,
1623 1271 1690 1304 φασὶ
1701 1291 1707 1301 ,
1727 1271 1787 1296 τινὰ
1807 1270 1859 1305 βίῳ

1069 1311 1118 1346 μὲν
1136 1310 1263 1344 χαλεπὶν,
1279 1310 1369 1345 λόγοις
1389 1311 1418 1337 δὲ
1440 1311 1563 1343 πιθανὸν,
1585 1312 1789 1347 μνημονεύσατε
1809 1312 1856 1338 τοῦ

1066 1352 1192 1387 δαίμονος
1208 1352 1307 1378 τοῦλέν
1324 1353 1363 1387 τῷ
1376 1352 1535 1388 Εὑαγγελίῳ
1551 1353 1591 1389 τῷ
1612 1354 1706 1389 Κυρίῳ
1724 1361 1857 1388 προσομι‹

1067 1394 1187 1433 λοῦντος,
1210 1394 1257 1420 καὶ
1271 1393 1321 1429 τῆς
1337 1394 1471 1428 λεγούσης
1488 1395 1542 1421 τῶν
1557 1395 1673 1430 Γραφῶν
1687 1394 1839 1430 μαρτυρίας
1849 1402 1856 1409 ’

1073 1436 1102 1462 'U
1114 1435 1142 1462 δέ
1154 1436 1215 1469 ὄφις
1229 1433 1262 1470 ἦν
1274 1436 1479 1471 φρονιμώτατος
1493 1437 1601 1463 πάντων
1613 1437 1667 1471 τῶν
1685 1437 1787 1472 θηρίων
1802 1435 1858 1462 τῶν

1067 1479 1113 1504 ἐπὶ
1127 1478 1174 1512 τῆς
1189 1478 1241 1512 γῆς
1255 1486 1261 1492 ·
1277 1474 1298 1512 ᾧ
1309 1479 1326 1513 ή
1342 1478 1473 1513 φρόνησις
1488 1479 1589 1514 μᾶλλον
1602 1479 1642 1510 είς
1657 1479 1759 1514 βλάϐην
1771 1477 1858 1512 τούτῳ

1067 1520 1231 1554 γεγένηται,
1249 1519 1331 1554 ἄλλης
1348 1516 1448 1555 ἀρετῆς
1465 1521 1552 1556 τούτῳ
1577 1521 1613 1556 μὴ
1638 1520 1857 1556 συνδραμούσης.

228 1566 297 1600 μήτε
312 1566 329 1600 ἡ
352 1564 461 1599 εὐφυΐα,
477 1563 544 1599 μήτε
566 1564 589 1590 οἱ
602 1562 650 1597 τὴν
664 1561 790 1589 εὔκλειαν
811 1562 898 1597 λόγων
914 1573 1015 1599 κεκτηι-
1030 1561 1052 1589 C
1069 1563 1114 1588 Δεῖ
1128 1562 1181 1597 γὰρ
1193 1561 1239 1587 τὸν
1251 1561 1345 1588 πιστὸν
1357 1563 1403 1588 καὶ
1418 1562 1520 1596 ἀγαθὸν
1533 1564 1641 1598 φρονεῖν
1657 1563 1706 1597 μὲν
1722 1562 1739 1589 ἀ
1751 1563 1858 1589 δίδωσιν

229 1607 321 1641 μένοι,
339 1607 389 1633 οὐκ
411 1607 593 1641 ἐπιγράφουσι
617 1605 666 1640 τὴν
691 1605 770 1640 χάριν
793 1605 832 1641 τῷ
851 1606 943 1641 δοτῆρι
962 1606 1015 1632 τῶν

226 1649 338 1683 ἀγαθῶν
354 1649 424 1683 Θεῷ,
443 1648 510 1675 ἀλλά
529 1649 562 1683 τῇ
583 1647 671 1683 οἰκείᾳ
685 1649 854 1683 προαιρέσει,
869 1649 916 1674 καὶ
931 1649 1015 1675 εὐπα-

227 1691 297 1726 θείᾳ,
313 1691 361 1717 καὶ
376 1690 529 1724 ίκανότητι·
543 1689 591 1716 καὶ
603 1686 675 1716 οὗτοι
687 1689 948 1723 ἐγκαταλειφθέντες
963 1689 1015 1716 ὑπὸ

226 1734 275 1768 τῆς
302 1733 434 1767 Προνοίας
468 1732 651 1767 ἐμπίπτουσιν
680 1732 720 1763 εἰς
754 1732 968 1767 αἰσχρουργίαν,
997 1732 1014 1767 ἢ

227 1774 441 1809 αἰσχροπάθειαν
467 1774 515 1800 καὶ
536 1773 678 1808 αἰσχύνην.
714 1773 948 1807 Καταλειφθέντες
968 1773 1015 1799 οὖν

226 1816 271 1842 διὰ
290 1815 339 1850 τῆς
354 1814 549 1848 ἐπιγενομένης
569 1815 661 1845 αὐτοῖς
677 1814 879 1846 ταπεινώσεως,
894 1814 942 1841 καὶ
956 1815 1016 1841 ἀτι-

229 1857 302 1891 μίας,
318 1856 410 1891 ὴρέμα
433 1864 492 1887 πως
505 1857 553 1882 καὶ
569 1855 640 1882 κατά
654 1856 752 1890 μικρὸν
770 1856 816 1882 τὸν
830 1857 876 1882 ἐπὶ
887 1858 919 1892 τῇ
940 1865 1015 1891 νομι-

228 1899 331 1935 ζομένῃ
349 1898 432 1933 ἀρετῇ
453 1897 557 1924 ἑαυτῶν
578 1897 774 1932 ἀποτρίσονται
787 1897 887 1932 τύφου,
916 1899 1015 1933 μηκέτι

227 1941 271 1976 ἐφ’
286 1941 392 1972 ἑαυτοῖς
406 1939 576 1972 πεποιθότες,
591 1938 660 1965 ἀλλά
671 1938 710 1974 τῷ
721 1939 780 1975 Θεῷ
793 1939 831 1975 τῷ
843 1940 1015 1976 χαριζομένῳ

226 1983 262 2010 τὰ
283 1983 372 2009 πάντα
391 1981 584 2017 ὁμολογοῦντες
606 1981 655 2014 τὴν
678 1981 769 2016 χάριν.
791 1982 899 2017 Ἐπειδὴ
925 1982 980 2018 γὰρ
1001 1983 1015 2008 ὁ

228 2024 435 2060 πεφυσιωμένος
449 2024 494 2050 ἐπὶ
512 2023 606 2058 εὐροίᾳ
618 2022 706 2056 λόγων
720 2023 911 2059 ἐπαιρόμενος,
924 2024 1015 2050 οὐκέτι

228 2067 377 2102 ἐπιγράφει
389 2065 428 2101 τῷ
440 2065 500 2100 Θεῷ
513 2065 562 2100 τὴν
577 2064 679 2100 δωρεὰν
692 2065 741 2100 τῆς
754 2065 876 2099 εὐφυΐας,
893 2066 953 2092 οὐδὲ
966 2066 1015 2101 τὴν

227 2109 359 2145 χορηγίαν
383 2109 434 2144 τῆς
445 2106 583 2142 γνώσεως,
601 2106 669 2132 ἀλλά
694 2108 727 2142 τῇ
743 2107 839 2134 ἐαυτοῦ
854 2108 979 2143 ἀσκήσει,
997 2109 1013 2144 ἢ

228 2151 320 2185 φύσει,
341 2150 442 2184 ἀφιστᾷ
455 2150 470 2176 ό
485 2149 551 2179 Θεὸς
565 2148 610 2174 τὸν
628 2148 743 2182 ἄγγελον
766 2150 814 2183 τῆς
830 2149 958 2184 προνοίας
969 2150 1015 2176 τὸν

228 2193 275 2219 ἐπὶ
292 2191 378 2227 ταύτῃ
401 2192 434 2226 τῇ
460 2190 552 2225 χάριτι
576 2189 762 2224 τεταγμένονο
788 2186 819 2216 οῦ
847 2191 1016 2223 ἀποστάντος

1067 1605 1080 1630 ό
1096 1604 1172 1635 Θεὸς,
1190 1603 1280 1630 λαλεῖν
1294 1604 1322 1630 δὲ
1338 1603 1356 1630 ἃ.
1373 1606 1480 1638 φρονεῖ,
1499 1605 1586 1631 ποιεῖν
1609 1605 1636 1630 δέ
1653 1604 1670 1631 ἀ
1690 1604 1774 1631 λαλεῖ.
1795 1604 1859 1630 Ἐὰν

1065 1646 1120 1680 γὰρ
1135 1645 1173 1680 μὴ
1186 1647 1220 1681 τῇ
1237 1645 1352 1681 ἀληθείᾳ
1365 1646 1420 1672 τῶν
1433 1646 1520 1680 λόγων
1529 1647 1546 1680 ἡ
1562 1646 1646 1682 ἀρετὴ
1658 1646 1706 1672 τοῦ
1721 1647 1778 1682 βίου
1794 1654 1858 1672 συν-

1065 1690 1162 1725 τρέχῃ,
1180 1690 1226 1716 καὶ
1243 1690 1259 1724 ὴ
1276 1689 1358 1724 λοιπὴ
1373 1690 1427 1716 τῶν
1446 1690 1574 1725 χρηστῶν
1589 1691 1699 1725 τρόπων
1720 1690 1855 1724 εὐγένεια,

1065 1731 1146 1765 ἄρτος
1159 1732 1235 1757 ἐστὶν
1245 1731 1310 1758 ἄνευ
1318 1732 1391 1764 ἀλὺς,
1407 1733 1478 1758 κατά
1489 1732 1534 1758 τὸν
1548 1733 1682 1767 μακάριον
1699 1731 1769 1759 Ἰώό.
1788 1732 1817 1758 '0
1829 1732 1858 1758 δὲ

1065 1771 1184 1803 τοιοῦτος
1198 1772 1368 1808 βρωοήσεται
1381 1773 1506 1807 οὐδαμῶς
1520 1781 1527 1788 ·
1540 1773 1570 1805 ὃς
1581 1774 1632 1800 κᾶν
1643 1774 1733 1809 βρωθῇ
1746 1774 1786 1805 εἰς
1794 1774 1858 1800 πολ-

1066 1813 1115 1848 λὴν
1132 1813 1260 1848 καχεξίαν
1278 1813 1408 1848 ἐμϐάλλει
1423 1814 1469 1840 τδν
1487 1815 1622 1841 ἐσθίοντα.
1641 1816 1671 1841 Et
1688 1815 1857 1850 βρωθήσεται

1065 1858 1130 1892 γὰρ,
1147 1856 1237 1890 φησὶν,
1250 1856 1332 1891 ἄρτος
1345 1856 1408 1883 ἀνευ
1425 1857 1488 1888 ἁλός
1499 1865 1507 1890 ;
1520 1857 1544 1883 εἰ
1555 1857 1582 1884 δὲ
1593 1851 1646 1884 και
1656 1857 1713 1884 ἔστι
1724 1857 1815 1891 γεῦμα
1827 1858 1856 1883 ἐν

1067 1899 1172 1934 ῥήμασι
1184 1899 1282 1930 κενοῖς,
1296 1898 1367 1925 τοῦτ’
1377 1898 1450 1926 ἐστιν
1465 1900 1504 1931 εἰς
1514 1899 1648 1933 ὠφέλειαν
1661 1901 1699 1935 μὴ
1713 1900 1858 1934 πεπληρω-

1068 1941 1159 1978 μένοις
1178 1942 1210 1976 τῇ
1227 1940 1366 1976 μαρτυρίᾳ
1380 1940 1434 1967 τῶν
1450 1941 1539 1968 καλῶν
1555 1942 1652 1977 ἔργων.
1672 1942 1732 1968 Τῶν
1751 1940 1797 1968 οὖν
1809 1943 1857 1975 ἐγ-

1069 1982 1258 2016 καταλείψεων
1270 1982 1394 2017 διάφοροί
1409 1983 1477 2009 εἰσιν
1490 1985 1518 2010 αἱ
1533 1983 1627 2010 αἰτίαι.
1647 1984 1676 2010 'H
1692 1984 1740 2019 μὲν
1753 1985 1858 2019 γὰργί-

1065 2034 1140 2053 νεται
1157 2025 1202 2051 διὰ
1224 2025 1420 2060 κεκρυμμένην
1435 2025 1537 2060 ἀρετὴν
1547 2046 1555 2058 ,
1569 2026 1612 2052 ἵνα
1627 2026 1769 2061 φανερωθῇ
1784 2027 1820 2057 ὡς
1839 2026 1856 2060 ἡ

1066 2068 1114 2096 τοῦ
1133 2067 1254 2103 μεγάλου
1267 2067 1316 2103 τῆς
1331 2067 1471 2102 ὑπομονῆς
1493 2067 1611 2103 ἀθλητοῦ
1635 2067 1704 2100 Ἰὼϐ,
1725 2069 1772 2094 τοῦ
1788 2068 1856 2095 Θεοῦ

1067 2110 1284 2146 χρηματίζοντος
1292 2109 1390 2145 τούτῳ,
1403 2109 1450 2136 καὶ
1460 2110 1595 2144 λέγοντος”
1606 2110 1651 2146 Μὴ
1662 2110 1793 2137 ἀποποιοῦ
1805 2119 1856 2146 μου

1067 2152 1099 2179 τὸ
1114 2154 1202 2187 κρῖμα
1212 2159 1218 2166 ·
1236 2151 1302 2186 μηδέ
1318 2151 1363 2187 οἴῃ
1379 2160 1413 2186 με
1436 2151 1524 2182 ἄλλως
1540 2160 1581 2178 σοι
1603 2152 1856 2188 κεχρηματικέναι,

1067 2194 1125 2221 ἀλλ’
1137 2194 1181 2220 ἵνα
1194 2194 1335 2228 ἀναφανῇς
1345 2193 1459 2225 δίκαιος.
1478 2194 1555 2229 Ἐμοὶ
1569 2194 1618 2229 μέν
1629 2195 1683 2229 γὰρ
1694 2194 1814 2229 γνωστὸς
1823 2193 1857 2229 ἧς

228 2232 491 2264 καταδυναστευθεὶς
517 2232 569 2259 ὑπὸ
590 2232 636 2259 τοῦ
662 2232 850 2267 ἀντικειμένου
869 2233 884 2259 ό
905 2234 1016 2269 ἐπαιρό-
1032 2238 1053 2266 ι)
1068 2235 1192 2272 ὲεάρχῆς
1204 2235 1243 2270 τῷ
1253 2235 1421 2270 βλέποντιτά
1431 2236 1549 2270 κρυπτὰ,
1565 2236 1611 2262 καί
1623 2237 1720 2272 δρῶντι
1734 2237 1774 2268 εἰς
1788 2236 1855 2271 βάθη

231 2285 310 2313 μενος
330 2278 362 2312 τῇ
379 2276 489 2310 εὐφυΐᾳ,
505 2275 664 2310 περιπίπτει
689 2274 831 2310 ἀκολασίᾳ,
849 2275 893 2302 ῑνα
908 2274 1014 2308 κτηνώ-

229 2319 288 2354 δης,
303 2319 320 2354 ἦ
336 2319 353 2354 ὴ
370 2316 490 2352 κυνώδης
509 2316 641 2343 ἀκολασία
660 2316 775 2352 ἐξελάσῃ
791 2316 839 2352 τὴν
852 2316 1014 2352 δαιμονιώδη

229 2360 372 2395 φυσίωσιν,
385 2359 452 2393 ὅπερ
467 2358 540 2384 ἐστὶν
555 2358 742 2393 ὑπερηφανία’
759 2358 802 2384 ἴνα
814 2358 861 2384 τοῦ
878 2359 1015 2394 μάρτυρος

228 2402 277 2436 τῆς
296 2400 474 2436 σωφροσύνης
488 2400 690 2434 ἀφαιρεθέντος,
710 2399 759 2426 οὐκ
771 2400 917 2433 ἀξιόπιστα
935 2403 1017 2436 γένηο

228 2452 273 2470 ται
293 2443 327 2469 τὰ
339 2443 474 2477 λεγόμενα
489 2442 554 2477 παρ’
570 2441 660 2467 αὐτῶν
671 2449 678 2456 ·
701 2441 858 2476 φευγόντων
870 2442 925 2468 τῶν
938 2443 1016 2470 εὐλα-

228 2485 284 2512 ὁῶν
310 2484 359 2520 τὴν
382 2485 414 2510 ἐκ
438 2483 485 2510 τοῦ
515 2482 636 2509 τοιούτου
659 2483 794 2518 στόματος
820 2484 1014 2519 διδασκαλίαν,

228 2526 354 2560 καθάπερ
367 2525 459 2560 πηγὴν
472 2524 582 2559 βδέλλας
596 2524 709 2559 ἔχουσαν
720 2533 727 2540 ·
743 2525 782 2557 ὡς
803 2526 972 2562 πληροῦσθαι
986 2528 1016 2554 τὸ

228 2568 421 2604 γεγραμμένον
437 2573 444 2581 ·
458 2566 502 2601 Τῷ
522 2566 550 2593 δὲ
568 2566 723 2602 ἁμαρτωλῷ
739 2565 816 2594 εἶπεν
838 2570 851 2595 ό
865 2569 941 2601 Θεός.
959 2570 1016 2597 ἰνα

227 2611 254 2637 τί
268 2619 299 2636 συ
313 2610 426 2644 ἐκδιηγῇ
439 2608 472 2634 τὰ
484 2608 656 2643 δικαιώματά
670 2617 731 2642 μου,
747 2609 793 2635 καὶ
815 2610 1016 2644 ἀναλαμϐάνεις

227 2653 275 2689 τὴν
290 2652 422 2688 διαθήκην
439 2660 490 2686 μου
512 2651 557 2677 διὰ
579 2651 718 2685 στόματός.
735 2660 798 2685 σου;
825 2652 945 2680 Ἐοίκασι
961 2654 1015 2690 γάρ

227 2695 335 2728 ἀληθῶς
351 2695 380 2722 αἰ
399 2693 454 2721 τῶν
479 2693 612 2729 ἐμπαθῶν
634 2692 719 2727 ψυχαὶ
738 2694 876 2730 διαφόροις
895 2697 1013 2731 πηγαῖς·

228 2739 256 2765 αξ
275 2738 324 2772 μὲν
339 2737 543 2772 γαστρίμαργοι
556 2737 603 2762 καὶ
617 2735 745 2770 οἰνόφιλοι
762 2739 864 2772 πηγαῖς
879 2737 1015 2774 βορϐορὼ-

227 2779 316 2810 δεσιν,
335 2779 364 2805 αἰ
386 2779 415 2805 δέ
441 2779 602 2814 φιλάργυροι
627 2779 674 2804 καὶ
700 2777 889 2806 πλεονεκτικαὶ
913 2782 1015 2815 πηγαῖς

229 2819 381 2855 βιτράχους
393 2820 528 2856 ἐχούσαις.
543 2821 575 2847 Δί
587 2820 614 2847 δὲ
626 2820 755 2855 βάσκανοι
778 2821 824 2848 καὶ
833 2822 1014 2857 ὑπερήφανοι,

232 2862 435 2899 ἐπιτηδειότητα
449 2863 478 2891 δέ
493 2863 620 2898 γνώσεως
641 2862 767 2898 ἔχουσαι,
786 2864 877 2899 ὅμοιαί
893 2866 945 2891 εισι
962 2874 1014 2900 πη-

1069 2277 1207 2313 λογισμῶν
1224 2277 1415 2313 ἀνθρωπίνων.
1445 2277 1552 2312 Ἐπειδὴ
1570 2277 1597 2304 δὲ
1612 2278 1728 2313 ὴγνόητό
1752 2287 1798 2304 σου
1813 2286 1857 2304 τοο

1070 2320 1156 2347 σαῦτα
1182 2318 1384 2354 κατορθώματα
1399 2321 1456 2351 τοῖς
1476 2319 1645 2355 ἀνθρώποις,
1672 2320 1856 2347 ὑπονοούντων

1067 2362 1121 2388 τῶν
1140 2360 1312 2395 κακοσχόλων
1326 2360 1370 2388 διὰ
1384 2361 1429 2387 τὸν
1445 2361 1559 2388 πλοῦτόν
1577 2370 1606 2388 σε
1621 2361 1785 2396 θεραπεύειν
1795 2361 1856 2396 ἐμὲ,

1069 2403 1218 2437 ἐπαγαγὼν
1232 2403 1282 2437 τὴν
1299 2402 1434 2436 τοσαύτην
1451 2403 1622 2438 περίστασιν,
1641 2403 1791 2437 ἀπεθέρισα
1811 2403 1856 2430 τὺν

1068 2445 1201 2477 πλοῦτον,
1226 2445 1271 2471 ἵνα
1295 2444 1376 2477 δείξω
1397 2445 1488 2476 αὐτοῖς
1511 2445 1670 2480 εὐχάριστον
1687 2445 1854 2478 φιλοσοφίαν.

1071 2488 1150 2514 Ἔστι
1166 2487 1193 2513 δέ
1209 2486 1257 2513 καὶ
1272 2486 1372 2521 ἑτέρως
1389 2486 1635 2521 ἐγκαταλειφθῆναι
1649 2487 1682 2513 δι’
1698 2487 1856 2522 ἀποτροπὴν

1069 2528 1259 2565 ὑπερηφανίας
1271 2528 1318 2554 καὶ
1331 2527 1477 2562 ἀποφυγὴν
1486 2529 1600 2562 οἰήσεως
1615 2528 1631 2562 ἢ
1644 2528 1786 2560 ἀλαζονίας
1796 2535 1803 2543 ·
1819 2528 1855 2558 ὡς

1067 2572 1114 2598 ἐπὶ
1135 2570 1181 2597 τοῦ
1210 2569 1346 2605 μακαρίου
1372 2569 1522 2605 ἀποστόλου
1547 2570 1655 2602 Παύλου
1674 2569 1748 2596 ἐστιν
1775 2570 1850 2596 ἰδεῖν.

1075 2611 1288 2647 Ἐγκατελείφθη
1296 2611 1350 2647 γὰρ
1361 2612 1407 2638 καὶ
1414 2611 1493 2642 αὐτὸς
1502 2612 1695 2646 περιστάσεσιν
1704 2611 1854 2646 ἐναφεθεὶς,

1067 2655 1116 2682 καὶ
1130 2655 1318 2689 κολαφισμοῖς,
1333 2653 1381 2680 καὶ
1398 2653 1535 2687 διαφόροις
1553 2654 1703 2688 ἐλλείψεσιν
1722 2653 1855 2688 βαλλόμε-

1067 2705 1120 2728 νος.
1143 2696 1188 2722 Διὸ
1199 2700 1246 2722 και
1262 2696 1364 2730 ἐλεγεν¹
1386 2695 1479 2729 Ἐδόθη
1494 2704 1538 2730 μοι
1550 2695 1649 2730 σκόλοψ
1661 2697 1694 2731 τῇ
1712 2695 1794 2730 σαρκί
1804 2695 1854 2729 ἀγ·

1067 2739 1143 2773 γελος
1155 2738 1253 2767 Σατάν.
1270 2737 1314 2764 ἵνα
1328 2746 1361 2772 με
1376 2737 1519 2774 κολαφίζῃ,
1534 2738 1576 2764 ἵνα
1590 2738 1628 2772 μὴ
1642 2737 1835 2773 ὑπεραίρωμαι
1845 2745 1853 2752 ·

1067 2782 1110 2808 ἶνα
1127 2781 1164 2816 μή
1181 2788 1245 2807 ποτε
1257 2780 1301 2806 διὰ
1317 2779 1371 2807 τῶν
1383 2779 1517 2806 τοσούτων
1532 2780 1690 2814 θαυμάτων,
1705 2779 1752 2806 καὶ
1766 2780 1782 2810 ἡ
1809 2779 1856 2806 ἀν-

1065 2832 1133 2855 εσις,
1150 2823 1196 2849 καὶ⁸
1210 2823 1227 2857 ὴ
1241 2821 1416 2856 εὐθηνία,καὶ
1433 2822 1449 2856 ἡ
1466 2822 1534 2856 τιμὴ
1547 2821 1635 2856 τούτῳ
1649 2821 1854 2856 προσγενομένη

1066 2867 1107 2899 εἰς
1122 2865 1206 2900 τῦφον
1224 2864 1305 2891 αὐτόν
1323 2863 1446 2900 ἐμϐάλλῃ
1463 2863 1615 2890 διαϐολικον
1631 2864 1684 2891 ὑπὸ
1698 2863 1746 2899 τῆς
1764 2863 1854 2895 ἀδείας
