2072 3153
216 140 282 172 Ιῖω

949 144 1094 175 PALLAD
1099 144 1126 174 lI

1787 144 1855 177 12οι

214 198 402 239 χαυνωθένιιαἐ
424 200 638 239 Ἐγκατελείφθη
650 202 699 230 καὶ
715 203 729 230 6
746 203 931 239 παραλυτικὸς
942 223 949 234 ,
963 203 1007 230 διά
1023 205 1046 233 Α
1064 201 1106 237 τῷ
1119 201 1168 236 τῆς
1193 200 1344 237 ἐπιθυμίας
1367 200 1473 235 δαίμονι
1507 202 1667 237 περιπίπτει
1697 201 1734 236 ιιῷ
1760 202 1855 236 ἄγοντι

214 237 353 271 ἁμαρτίας
364 247 371 255 ⁵
385 237 492 273 ᾧεῐπεν
504 242 517 267 6
535 237 639 275 Ἰησοῦς
652 237 858 276 Χριστός-Ἴδε.
872 242 951 277 ὑγιὴς
963 242 1020 276 γέί

215 283 310 309 γονας,
328 279 427 313 μηκέτι
444 280 595 314 ἁμάρτανε,
609 281 653 306 ἴνα
668 281 706 316 μὴ
721 281 811 316 χεῖρόν
826 282 852 307 τί
870 290 910 308 σοι
927 282 1007 316 γένη-

215 325 270 343 ται.
294 318 509 354 Ἐγκατελείφθη
520 321 566 347 καὶ
582 321 595 347 6
615 321 727 353 Ἰούδας,
739 321 911 356 προτιμήσας
922 320 1008 356 ἀργύ-

219 365 276 392 ριον
291 358 338 385 τοῦ
356 359 402 392 τῆς
416 359 489 393 ζωῆς
501 360 592 393 λόγου,
608 361 647 386 διὸ
663 361 710 387 καὶ
735 361 893 396 ἀπήγξατο·
909 362 1009 394 ἐγκατ-

216 399 327 434 ελείφθη
347 400 393 426 καὶ
408 401 422 426 6
440 400 541 433 Ἡσαῦ,
559 401 598 427 διὸ
616 402 662 428 καὶ
678 401 811 435 ἀκολασία
827 401 1008 436 περιέπεσεν,

217 440 391 474 προτιμήσας
421 440 523 475 κόπρον
556 441 674 476 ἐντέρων
703 441 831 474 εὐλογίας
859 440 1008 475 πατρικῆς.

217 479 310 505 Ταῦτα
325 477 372 505 οὖν
388 479 475 506 πάντα
495 480 706 514 συναισθόμενος
729 480 767 514 τῷ
784 481 853 515 ἁγίῳ
872 479 1008 513 Πνεύματι

215 519 231 545 6
240 518 374 554 μακάριος
388 519 536 551 ἀπόστολος
551 520 654 551 Παῦλος
662 521 754 554 ἔλεγεν
764 520 888 555 περὶτῶν
896 520 1009 555 τοιούτῳ

216 559 308 594 τρόπῳ
316 559 479 592 ἐγκαταλελε
485 569 492 585 ι
496 569 514 594 μ
518 560 604 595 μένων
610 569 617 575 ·
629 560 726 592 Καθὼς
734 558 780 587 οὖν
788 561 839 586 οὐκ
846 560 1009 594 ἐδοκίμασαν

216 599 262 625 τὸν
276 599 342 625 Θεὸν
368 599 442 633 ἔχειν
459 600 487 625 ἐν
511 599 670 633 ἐπιγνώσει,
695 600 855 635 παρέδωκεν
876 600 976 631 αὐτοὺς
995 600 1010 625 6

216 640 283 672 Θεὸς
299 641 339 671 είς
350 640 480 674 ἀδόκιμον
492 640 553 666 νοῦν
568 642 655 667 ποιεῖν
666 641 700 667 τὰ
714 642 751 676 μή
763 641 928 676 καθήκοντα.
942 640 1009 676 Περὶ

219 679 321 714 ἐτέρων
335 679 389 707 τῶν
405 679 558 706 δοκούντων
572 680 672 713 γνῶσιν
693 680 765 715 ἔχειν
780 680 848 706 Θεοῦ
872 679 942 714 μετά
968 681 1009 707 δι-

217 719 395 754 εφθαρμένης
406 719 519 754 γνώμης
530 721 576 747 καὶ
585 719 663 746 κενοῦ
673 720 928 756 φυσήματος,λέγει·
937 721 1008 747 Διότι

217 759 328 793 γνόντες
336 759 381 785 τὸν
391 759 468 792 Θεὸν,
482 759 530 794 οὐχ
541 760 579 791 ὡς
591 760 658 787 Θεὸν
669 760 808 792 ἐδόξασαν,
817 761 834 796 ἢ
846 760 1011 796 εὐχαρίστη-

219 806 279 830 σαν,
297 797 354 824 ἀλλ’
370 798 581 833 ἐματαιώθησαν
595 799 625 825 ἐν
639 800 694 829 τοῖς
708 798 893 833 διαλογισμοῖς
906 799 1007 832 αὐτῶν,

219 838 266 865 καὶ
283 837 426 872 ἐσκοτίσθη
444 838 460 872 ή
478 838 607 869 ἀσύνετος
620 838 709 865 αὐτῶν
728 839 836 873 καρδία.
856 839 1009 873 Φάσκοντες

1062 241 1102 271 είς
1127 240 1289 271 ἀκολασίαν,
1305 239 1322 275 ῆ
1337 239 1376 274 τῷ
1405 239 1513 275 θυμικῷ
1529 240 1666 276 πνεύματι
1694 241 1856 276 περιπίπτει

1060 280 1098 314 τῷ
1113 279 1237 315 πονηρῷ,
1251 280 1312 306 ὅθεν
1341 281 1368 305 αἱ
1392 279 1485 313 ἄλογοι
1510 279 1649 306 τίκτονται
1678 280 1772 315 ὁρμαί.
1801 280 1856 306 Καὶ

1063 321 1113 355 τὴν
1127 320 1176 355 μὲν
1190 320 1339 346 ἀκόλαστον
1355 319 1502 354 ἐπιθυμίαν
1519 319 1611 353 ἔλεγεν
1624 318 1691 346 εἶναι
1718 319 1854 354 κτηνώδη,

1059 360 1106 386 τὸν
1121 360 1150 386 δὲ
1176 359 1263 394 θυμὸν
1278 358 1386 393 κίνησιν
1410 358 1587 394 δαιμονιώδη.
1606 359 1687 394 Ἐμοῦ
1701 359 1729 385 δὲ
1748 359 1855 385 ἀντιλέ-

1060 409 1170 434 γοντος,
1187 400 1228 426 ὅτι
1245 399 1309 430 Πῶς
1329 398 1442 425 δύνατόν
1458 400 1532 425 ἐστιν
1551 398 1620 425 εἶναι
1637 399 1699 425 νοῦν
1716 398 1855 434 ἀνθρώπι-

1063 449 1108 466 νον
1131 439 1313 470 ἀδιαλείπτως
1330 438 1401 473 μετά
1412 439 1493 470 Θεοῦ,
1507 439 1599 473 ἔλεγεν
1616 437 1702 470 οὗτος,
1719 439 1759 466 ὅτι
1777 439 1821 465 Ἐν
1833 435 1856 472 ᾧ

1060 479 1082 506 δ’
1098 479 1131 506 ἂν
1153 480 1268 514 νοήματι
1293 478 1310 513 ἢ
1336 477 1480 512 πράγματι
1506 479 1635 513 τυγχάνει
1653 479 1669 513 ή
1687 478 1760 513 ψυχὴ
1776 476 1854 511 οὖσα,

1062 519 1142 555 μόνον
1159 521 1188 546 ἐν
1197 518 1305 545 εὐσεϐεῖ
1319 517 1443 552 λογισμῷ
1457 518 1504 544 καὶ
1512 518 1588 554 θείῳ,
1605 517 1674 553 μετὰ
1688 518 1756 545 Θεοῦ
1770 519 1853 545 ἐστιν.

1356 557 1558 591 κεψΑΛ.ιΘι

1319 597 1388 631 Περὶ
1414 598 1597 631 Καπίτωνος.

1096 637 1198 665 Τούτου
1213 636 1260 664 τοῦ
1275 638 1467 671 γενναιοτάτου
1479 637 1596 671 ἀθλητοῦ
1609 636 1722 671 πλησίον
1736 636 1856 671 κατῴκει

1061 677 1194 704 Καπίτων
1208 684 1249 707 τις
1271 675 1326 703 ἀπὸ
1350 675 1458 711 λῃστῶν
1471 676 1592 710 γεγονὼς
1604 675 1721 711 μοναχδς
1736 675 1855 710 δοκιμώ-

1059 725 1150 749 τατος.
1183 713 1268 748 Οὗτος
1292 716 1463 751 πεντήκοντα
1489 715 1538 750 ἐτη
1563 716 1710 750 πληρώσας
1742 715 1772 741 ἐν
1799 717 1856 746 τοῖς

1061 756 1216 792 σπηλαίοις,
1233 755 1287 782 ἀπὺ
1311 755 1455 790 τεσσάρων
1487 755 1583 790 μιλίων
1601 754 1649 789 τῆς
1669 754 1773 785 πόλεως
1795 753 1856 779 Ἀν-

1059 796 1170 827 τινόου,
1195 796 1225 822 οὐ
1251 794 1385 829 κατῆλθεν
1414 794 1469 821 ἀπὸ
1494 794 1541 821 τοῦ
1573 794 1708 829 σπηλαίου
1737 793 1855 825 ἐαυτοῦ,

1060 835 1121 861 οὐδὲ
1139 834 1221 870 μέχρι
1233 833 1280 860 τοῦ
1307 833 1431 868 ποταμοῦ
1443 833 1491 860 τοῦ
1509 833 1620 863 Νείλου,
1651 833 1748 866 λέγων,
1773 834 1856 867 μήπω

219 876 289 905 εἶναι
303 878 391 911 σοφοὶ,
402 871 612 913 ἐμωράνθησαν·
626 878 650 904 οἱ
659 878 697 913 τῷ
707 879 757 913 τῆς
765 871 881 913 οἰήσεως
891 880 937 905 καὶ
945 871 1010 907 ἀποξ
1025 877 1046 906 Β
1062 873 1192 900 δύνασθαι
1206 873 1287 900 αὑτὸν
1304 873 1498 913 συγτνγχᾴνειν
1512 874 1567 913 τοῖς
1591 872 1695 908 ὄχλοις,
1709 872 1748 908 τῷ
1763 871 1856 908 ἀκμὴν

219 919 293 949 νοίας
306 917 414 952 δαίμονι
427 918 648 952 προσραγέντες·
662 918 702 944 διὸ
715 918 876 953 παρέδωκεν
886 920 984 952 αὐτοὺς
995 921 1010 947 ὁ

219 957 286 988 Θεὸς
301 958 341 988 εἰς
354 956 429 990 πάθη
445 957 573 991 ἀτιμίας,
588 957 635 983 τοῦ
651 957 833 992 ἀτιμάζεσθαι
848 959 883 984 τὰ
896 959 1010 994 σώματα

219 995 320 1022 αὐτῶν.
342 996 423 1022 ’Ὧστε
445 996 478 1022 ἐκ
501 995 597 1022 τούτου
615 994 761 1029 γινώσκειν
781 997 854 1031 ἡμᾶς
876 998 945 1033 χρὴ,
968 999 1010 1025 ὃτι

219 1035 362 1070 ἀμήχανόν
376 1036 435 1061 ἐστι
451 1037 544 1062 πεσεῖν
559 1044 620 1062 τινα
636 1037 676 1067 είς
692 1037 851 1070 ἀκολασίαν,
871 1039 909 1073 μὴ
925 1039 1010 1072 ἐγκα-

219 1075 398 1110 ταλειφθέντα
410 1075 463 1101 ὑπὸ
475 1076 524 1110 τῆς
538 1075 585 1102 τοῦ
596 1076 664 1102 Θεοῦ
675 1077 804 1112 προνοίας
817 1078 869 1104 ὑπὸ
880 1079 1010 1113 ἀμελείας

220 1116 268 1141 καὶ
286 1115 423 1150 ῥᾳθυμίας
439 1116 542 1147 οἰκείας
560 1116 615 1143 τῶν
631 1117 948 1152 ὲγκοιταλιμπανομένων
963 1123 1010 1148 καὶ

218 1154 410 1190 διαδιδομένων
423 1155 463 1186 είς
478 1156 508 1182 τὺ
522 1155 608 1182 ταῦτα
626 1157 786 1191 συμϐαίνειν
802 1158 903 1189 αὐτοῖς.

513 1195 723 1229 ΚΕΦΑΑ.τςκ

469 1234 539 1268 Περὶ
558 1236 763 1268 Σολομῶντος.

260 1273 306 1300 Ἔν
330 1273 465 1300 Ἀντινόου
488 1274 539 1308 τῆς
557 1274 691 1309 Θηϐαΐδος
705 1275 848 1310 διατρίψας
867 1276 922 1310 ἐγὼ
948 1277 1010 1304 τέσ-

219 1321 290 1349 σαρα
307 1313 366 1349 ἐτη,
382 1314 411 1339 ἐν
427 1313 547 1348 τοσούτῳ
565 1314 653 1349 χρόνῳ
666 1314 767 1348 γνῶσιν
783 1315 884 1350 εἴληφα
902 1317 1011 1343 πάντων

216 1353 271 1379 τὼν
305 1354 394 1380 ἐκεῖσε
425 1354 627 1389 μοναστηρίων.
657 1354 830 1385 Καθέζονται
873 1355 923 1390 μὲν
955 1358 1009 1392 γὰρ

217 1392 291 1427 ἀμφὶ
310 1394 360 1427 τὴν
382 1393 458 1419 πόλιν
488 1393 585 1427 ἄνδρες
614 1393 652 1424 ὡς
676 1393 756 1428 χίλιοι
785 1394 927 1427 διακόσιοι,
951 1398 1012 1428 ταῖς

217 1433 312 1466 χερσὶν
331 1432 500 1465 ἀποζῶντες,
516 1433 555 1464 είς
569 1433 654 1467 ἄκρον
676 1433 840 1468 ἀσκούμενοι
865 1436 898 1469 τῇ
915 1436 1010 1471 ἀρετῇ.

225 1473 269 1498 Ἑν
283 1472 388 1504 τούτοις
404 1474 458 1499 εἰσὶ
477 1473 525 1499 καὶ
551 1473 728 1507 ἀναχωρηταὶ
745 1475 773 1499 ἐν
797 1475 851 1504 τοῖς
871 1475 1011 1509 σπηλαίοις

217 1512 272 1537 τῶν
280 1511 386 1546 πετρῶν
394 1512 507 1542 ἑαυτοὺς
516 1512 751 1546 ἐγκαθείρξαντες.
761 1513 803 1538 Ἐν
813 1510 854 1544 οἷς
862 1514 920 1540 ἐστι
933 1515 1011 1541 Σολο-

220 1549 278 1584 μῶν
308 1558 350 1581 τις
364 1550 628 1585 ἀναχωρητὴς,ἀνὴρ
644 1551 808 1584 πραΰτατος,
822 1553 869 1578 καὶ
883 1553 1009 1588 σώφρων,
1025 1551 1047 1580 C

217 1589 341 1624 χάρισμα
354 1590 424 1624 ἔχων
436 1591 583 1623 ὑπομονῆς·
593 1590 622 1620 ὂς
636 1590 729 1624 ἔλεγεν
746 1591 818 1625 ἔχειν
830 1594 1011 1627 πεντηκοστὸν

219 1628 281 1668 ἔτος
293 1629 321 1654 ἐν
346 1628 386 1668 τῷ
402 1629 536 1664 σπηλαίῳ,
547 1629 703 1664 ὲπαρκέσας
716 1630 805 1663 ἐαυτῷ
817 1632 849 1657 ἐκ
860 1631 913 1657 τῶν
924 1632 1012 1668 ἐργων

217 1666 272 1693 τῶν
280 1667 388 1703 χειρῶν,
405 1669 453 1694 καὶ
465 1667 592 1703 ἐκμαθὼν
604 1669 693 1694 πᾶσαν
705 1669 785 1703 ἁγίαν
800 1670 920 1706 Γραφήν.

516 1707 714 1741 ΚΕΦΑΑ.ιΖε

495 1747 565 1781 Περὶ
583 1747 744 1781 Δωροθέου.

255 1786 405 1822 Δωρόθεος,
419 1788 446 1813 ἐν
455 1787 528 1822 ἄλλῳ
541 1787 666 1823 σπηλαίῳ
675 1787 756 1814 οίκῶν
766 1789 960 1826 πρεσϐύτερος,
971 1793 1012 1824 εἰς

220 1825 374 1861 ὑπερϐολὴν
391 1827 578 1861 ἀγαθώτατος,
593 1828 641 1854 καὶ
656 1828 736 1859 αὐτὸς
747 1828 831 1864 ζήσας
845 1830 890 1856 τὸν
915 1832 1010 1858 ἀνεπί-

218 1865 319 1898 ληπτον
329 1866 395 1902 βίον,
408 1868 606 1903 πρεσϐυτερίου
616 1868 777 1903 ἠξιωμένος,
793 1870 839 1896 καὶ
847 1870 1012 1906 λειτουργῶν

219 1907 275 1947 τοῖς
287 1907 413 1941 ἀδελφοῖς
433 1910 488 1940 τοῖς
499 1910 527 1935 ἐν
542 1910 598 1940 τοῖς
613 1909 766 1944 σπηλαίοις.
781 1910 874 1945 Τούτῳ
889 1912 954 1937 ποτέ
972 1912 1011 1947 τῷ

219 1947 398 1983 ἁφιλαργύρῳ
416 1949 460 1974 τὸν
471 1949 571 1984 τρόπον
585 1949 706 1984 Μελανίη
722 1950 738 1984 ή
756 1950 875 1985 νεωτέρα
898 1951 948 1985 τῆς
964 1960 1012 1986 με-

219 1986 305 2020 γάλης
320 1988 455 2020 Μελανίας
469 1989 579 2023 ἐκγόνη,
594 1990 657 2023 περὶ
670 1986 702 2024 ἦς
719 1989 833 2024 ὓστερον
862 1990 940 2024 λέξω,
958 1993 1011 2018 ἀπ-

219 2026 340 2052 έστειλεν
349 2028 506 2062 νομίσματα
517 2030 694 2062 πεντακόσια,
705 2030 920 2063 παρακαλέσασα
931 2031 1011 2057 αὐτὸν

219 2066 313 2092 ἐκεῖνα
326 2066 486 2102 διακονῆσαι
508 2069 563 2099 τοῖς
582 2069 671 2094 ἐκεῖσε
693 2069 827 2102 ἀδελφοῖς,
851 2069 879 2095 '0
901 2070 929 2096 δέ
949 2071 1011 2106 τρία

219 2105 374 2140 νομίσματα
397 2107 504 2138 λαϐὼν,
525 2108 706 2142 παρέπεμψεν
740 2110 774 2134 τὰ
796 2109 877 2136 λοιπὰ
907 2105 1013 2138 Διοκλεί

220 2145 259 2179 τῷ
287 2147 461 2182 ἀναχωρητῇ,
487 2147 564 2182 ἀνδρὶ
593 2148 820 2184 γνωστικωτάτῳ,
843 2149 930 2183 λέγων
946 2171 953 2183 ,
970 2152 1011 2177 ὃτι

227 2184 383 2220 Σοφώτερός
412 2186 462 2220 μού
487 2188 588 2213 ἐστινὸ
612 2187 725 2221 ἀδελφὸς
750 2189 875 2224 Διοκλῆς,
895 2191 943 2216 καὶ
963 2190 1010 2217 δύο

219 2232 299 2265 ναται
313 2225 382 2251 αὐτά
393 2225 519 2258 ἀϐλαϐῶς
541 2227 685 2262 διοικῆσαι,
706 2227 887 2262 ἐπιστάμενος
909 2231 1009 2265 μᾶλλον

220 2263 288 2298 ἐμοῦ
303 2265 366 2296 τοὺς
381 2266 500 2300 εὐλόγως
515 2266 671 2301 ὀφείλοντας
687 2263 915 2304 ἐπικουρηθῆναιξ
939 2270 1010 2305 Ἐγὼ

219 2306 274 2339 γάρ
284 2305 390 2337 τούτοις
401 2306 549 2342 ἀρκοῦμαι.

505 2346 632 2374 ΚΕΦᾹΛ.
665 2348 726 2380 τοι

223 2404 225 2406 -
280 2419 294 2421 ᾼ
505 2387 575 2420 Περὶ
602 2386 725 2421 Διοκλῆ.

256 2419 340 2455 Οῦτος
353 2425 381 2451 δὲ
393 2425 407 2451 6
425 2419 610 2460 Διοκλῆςνὰπὸ
631 2419 827 2463 γραμματικῆς
851 2429 899 2463 μὲν
915 2429 1010 2464 ἀχθεὶς

218 2463 254 2490 τά
266 2463 371 2498 πρῶτα,
386 2466 425 2497 είς
438 2465 551 2499 ὕστερον
565 2465 593 2491 δέ
612 2465 674 2497 δοὺς
691 2466 785 2493 ἑαυτὸν
799 2468 838 2499 εἰς
851 2468 1010 2502 φιλοσοφού-

220 2510 299 2544 μενα,
315 2503 354 2538 τῷ
364 2505 453 2540 χρόνῳ
467 2505 517 2539 τῆς
529 2505 639 2540 χάριτος
650 2505 730 2532 αὐτὸν
741 2506 893 2542 ἐλκυσάσης
909 2509 947 2539 είς
960 2509 1009 2544 τὴν

219 2542 344 2576 οὐράνιον
370 2544 528 2578 φιλοσοφίαν
543 2544 684 2571 ἐἰκοστὸν
711 2546 800 2572 τοίνυν
830 2546 922 2580 ὄγδοον
949 2542 1008 2580 ἔτος

218 2582 293 2615 ἄγων
312 2583 363 2617 τῆς
378 2581 498 2618 ἡλικῒας,
527 2584 682 2616 ἀπετάξατο
704 2586 752 2620 μὲν
773 2586 828 2612 τῶν
855 2588 1008 2621 ἐγκυκλίων

219 2621 422 2657 παιδευμάτων,
443 2623 606 2656 συνετάξατο
628 2623 656 2650 δὲ
673 2623 728 2652 τῶν
741 2626 795 2657 τοῖς
812 2626 946 2660 οὐρανίοις
960 2628 1008 2654 τοῦ

223 2661 343 2696 Χριστοῦ
374 2663 525 2699 μαθήμασι.
557 2664 611 2690 Καὶ
637 2665 717 2696 αὐτὸς
746 2666 815 2700 ἔχων
848 2668 1009 2699 τριακοστὸν

221 2703 347 2742 πέμπτον
366 2703 425 2735 ἔτος
441 2705 534 2736 ἐντοῖς
551 2704 703 2739 σπηλαίοις.
723 2703 806 2736 Οῦτος
822 2706 915 2740 ἔλεγεν
930 2709 1007 2742 ἡμῖν*

225 2741 254 2768 ὐ
267 2743 329 2774 νοῦς
341 2743 462 2775 ἀποστας
473 2744 522 2778 τῆς
541 2744 588 2770 τοῦ
604 2744 671 2770 Θεοῦ
688 2744 803 2779 θεωρίας
816 2747 876 2772 κατ’
892 2741 1007 2781 ἔννοιαν,

219 2780 235 2814 ἦ
250 2780 355 2816 δαίμων
369 2783 484 2816 γίνεται,
499 2783 514 2816 ἢ
528 2783 625 2818 κτῆνος
639 2792 644 2798 ’
657 2784 736 2818 ἡμῶν
752 2784 778 2810 δέ
797 2786 1008 2819 φιλοπευστούν-

219 2828 273 2846 των
297 2822 341 2848 τὸν
365 2822 466 2857 τρόπον
488 2822 518 2849 δν
535 2821 622 2855 εἶπεν,
647 2824 739 2857 ἐλεγεν
764 2825 913 2856 οὗτιιις,ὅτι
937 2828 1008 2860 Νοῦς

220 2860 364 2896 ἀνθρώπου
380 2861 446 2888 Θεοῦ
461 2862 577 2897 θεωρίας
597 2865 777 2899 ἀναχωρήσας
792 2865 821 2898 ἐξ
844 2867 966 2901 ἀνάγκης
990 2869 1005 2894 ἦ

1065 913 1261 949 ἀντιπράττειν
1275 911 1351 947 αὐτῷ
1365 912 1411 938 τὸν
1424 912 1595 940 ὑπεναντίον.

1359 951 1488 978 ΚΕΦΔΛ.
1514 951 1553 978 P’.

1167 992 1238 1027 Περὶ
1256 991 1311 1019 τοῦ
1335 991 1499 1023 κενοδόξου
1522 990 1728 1026 ἀναχωρητοῦ.

1108 1032 1209 1067 Ἐγγὺς
1237 1031 1339 1058 τούτων
1357 1030 1520 1066 ἑωράκαμεν
1536 1031 1583 1057 καὶ⁸
1595 1031 1689 1065 ἕτερον
1710 1030 1854 1065 ἀναχωρη-

1063 1072 1122 1108 τὴν,
1135 1072 1234 1107 ὁμοίως
1253 1072 1298 1098 καὶ
1312 1071 1394 1098 αὐτὸν
1414 1069 1576 1097 ἐνοικοῦντα
1602 1070 1754 1105 σπηλαίοις.
1772 1067 1855 1101 Οὗτος

1059 1113 1160 1147 οίστρῳ
1171 1110 1323 1147 κενοδοξίας
1339 1109 1541 1145 ἐμπαιζόμενος
1557 1110 1608 1136 ὑπο
1621 1110 1767 1145 ὀνειράτων
1785 1111 1851 1136 ἀντ-

1059 1151 1200 1182 ενέπαιξεν
1231 1151 1286 1181 τοῖς
1322 1151 1391 1185 πρὸς
1420 1149 1502 1176 αὑτὸν
1537 1149 1768 1184 παραγινομένοις
1807 1149 1855 1176 καὶ

1060 1189 1262 1225 ἀπατωμένοις.
1282 1189 1395 1224 ΙἌφρων
1409 1188 1539 1223 γεγονὼς,
1555 1189 1626 1215 κατά
1647 1188 1678 1215 τὸ
1691 1188 1856 1223 γεγραμμέ-

1061 1238 1117 1262 νον,
1131 1231 1189 1261 τοῖς
1214 1229 1350 1260 ἐνυπνίοις
1373 1229 1621 1263 ἀναπτερούμενος,
1645 1227 1764 1262 ἀνέμους
1794 1235 1856 1253 ποι-

1064 1269 1238 1305 μαίνων,καὶ
1257 1269 1364 1296 διώκων
1382 1268 1473 1300 σκιάς.
1496 1269 1550 1294 Καὶ
1572 1268 1620 1303 τὴν
1647 1268 1696 1302 μέν
1725 1267 1798 1294 κατά
1825 1268 1856 1292 το

1064 1309 1143 1345 σῶμα
1160 1308 1340 1345 σωφροσύνην
1355 1308 1488 1343 ἐκέκτητο
1498 1316 1506 1324 ο
1519 1308 1567 1333 καὶ
1583 1307 1626 1333 διὰ
1642 1306 1673 1332 τὸ
1697 1306 1786 1342 γῆρας
1801 1307 1856 1333 λοι-

1063 1341 1113 1376 πὸν
1130 1350 1177 1376 καὶ
1193 1341 1237 1376 διά
1253 1341 1299 1375 τδν
1310 1341 1416 1384 χρόνον,
1427 1341 1498 1383 τάχα
1513 1347 1542 1374 δέ
1561 1348 1607 1374 καὶ
1621 1346 1666 1374 διὰ
1679 1341 1854 1382 τὴννκενοὸο-

1067 1390 1136 1422 ξίαν,
1148 1389 1198 1424 τὴν
1208 1389 1236 1415 δὲ
1249 1389 1309 1415 κατ’
1318 1388 1419 1424 ἀρετὴν
1431 1389 1517 1422 φρένα
1531 1387 1683 1419 ἀπώλεσεν,
1696 1386 1855 1421 διαφθαρεὶς

1064 1430 1117 1456 ὑπὸ
1134 1430 1184 1465 τῆς
1208 1428 1365 1463 ἀκαθάρτου
1396 1427 1560 1459 κενοδοξίας,
1573 1427 1621 1453 καὶ
1645 1426 1791 1459 ἐξωκείλας
1820 1426 1854 1453 δι’

1069 1471 1154 1506 αὐτῆς
1167 1469 1216 1503 τῆς
1230 1468 1362 1502 ἐνθέσμου
1374 1466 1524 1497 πολιτείας.

1356 1506 1484 1534 ΚΕΦΔΛ.
1509 1506 1572 1533 PA’.

1350 1547 1421 1580 Περὶ
1441 1547 1561 1580 Ἐφραῑμ
1567 1566 1574 1572 .

1099 1587 1141 1614 Τὰ
1155 1586 1228 1614 κατὰ
1246 1586 1368 1622 Ἐφραῒμ
1389 1586 1435 1612 τὸν
1464 1586 1587 1613 διάκονον
1610 1585 1660 1621 τῆς
1690 1584 1855 1620 Ἐδεσσηνῶν

1070 1627 1234 1662 Ἐκκλησίας
1251 1627 1361 1658 πάντως
1380 1627 1517 1662 ἀκήκοας.
1531 1626 1643 1660 Γέγονεν
1655 1624 1709 1660 γὰρ
1724 1623 1801 1657 οὗτος
1815 1626 1856 1657 εἰς

1064 1667 1094 1694 τὸ
1109 1666 1328 1702 μνημονεύεσθαι
1339 1666 1412 1699 ἄξιος
1421 1666 1498 1701 παρά
1511 1666 1564 1692 τῶν
1583 1665 1663 1692 ὁσίων
1684 1665 1785 1691 δούλων
1807 1665 1855 1691 τοῦ

1063 1702 1292 1742 Χριστοῦ.οῦτος
1311 1706 1422 1738 ὁάξίως
1443 1706 1491 1740 τὴν
1515 1705 1563 1732 τοῦ
1594 1704 1672 1738 ἁγίου
1698 1705 1856 1739 Πνεύματος

1067 1746 1200 1778 ἐξανύσας
1211 1745 1259 1780 τὴν
1270 1745 1340 1778 ὁδὸν,
1358 1746 1406 1771 καὶ
1420 1745 1481 1781 μηδ’
1496 1745 1564 1776 ὅλως
1579 1744 1725 1778 ἐκτραπεὶς
1738 1744 1788 1779 τῆς
1812 1744 1854 1770 εὐ.

1067 1785 1142 1817 θείας
1158 1785 1230 1817 ὀδοῦ,
1251 1784 1408 1820 κατηξιώθη
1437 1785 1607 1820 χαρίσματος
1635 1783 1761 1817 γνώσεως
1776 1792 1856 1818 φυσιο

1067 1826 1128 1860 κῆς.
1140 1825 1173 1860 ἣν
1187 1824 1340 1859 διαδέχεται
1354 1825 1478 1858 θεολογία
1491 1824 1539 1851 καὶ
1556 1824 1657 1859 ἐσχάτη
1675 1823 1854 1859 μακαριότης,

1064 1866 1118 1892 Τὸν
1134 1866 1235 1900 ἥσυχον
1256 1864 1304 1891 οῦν
1322 1865 1365 1891 ἀεὶ
1381 1864 1535 1900 ἐξασκήσας
1558 1864 1614 1899 βίον
1629 1865 1670 1895 είς
1698 1864 1791 1899 ἄκρον,
1808 1865 1855 1891 καὶ

1064 1905 1128 1936 τοὺς
1143 1905 1403 1939 παρατυγχάνοντας
1418 1904 1452 1930 δι’
1479 1904 1561 1931 αὐτοῦ
1577 1904 1620 1931 ἀεὶ
1638 1904 1788 1938 οἰκοδομῶν
1808 1904 1856 1930 ἐπὶ

1066 1945 1145 1971 ικανά
1158 1944 1216 1979 ἐτη,
1234 1946 1274 1975 εἰς
1291 1943 1404 1979 ὕστερον
1418 1944 1552 1979 προῆλθεν
1561 1944 1610 1979 τῆς
1621 1943 1718 1978 κέλλης
1729 1943 1758 1974 ἐξ
1766 1943 1856 1973 αἰτίας

1066 1984 1183 2010 τοιᾶσδε·
1197 1983 1284 2018 Λιμοῦ
1301 1983 1501 2014 καταλαϐόντος
1520 1983 1638 2018 μεγάλου
1660 1983 1708 2018 τὴν
1731 1982 1856 2017 Ἐδέσση-

1063 2026 1117 2050 νῶν
1133 2024 1221 2054 πόλιν,
1237 2024 1284 2049 καὶ
1298 2023 1526 2058 κατοικτειρήσας
1538 2023 1628 2049 πᾶσαν
1649 2022 1698 2057 τὴν
1713 2023 1855 2057 ἀγροικίαν

1068 2063 1300 2098 διαφθειρομένην
1326 2063 1341 2089 6
1365 2062 1456 2093 ἔνθεος
1479 2059 1576 2095 οὗτος,
1609 2061 1762 2096 προσῆλθεν
1799 2063 1855 2092 τοῖς

1063 2104 1155 2139 ἀδροῖς
1168 2105 1197 2129 ἐν
1211 2102 1274 2138 ὕλῃ,
1292 2102 1339 2129 καὶ
1361 2102 1434 2136 λέγει
1462 2102 1565 2133 αὐτοῖς·
1578 2101 1658 2132 Τίνος
1681 2101 1775 2127 ἐνεκεν
1799 2101 1854 2127 οὐν

1068 2144 1168 2170 ἐλεεῖτε
1182 2142 1412 2178 διαφθειρομένην
1426 2142 1476 2176 τὴν
1495 2141 1669 2176 ἀνθρωπίνην
1682 2139 1774 2174 φύσιν,
1785 2139 1854 2167 ἀλλά

1065 2184 1110 2219 τὸν
1127 2183 1244 2210 πλοῦτον
1255 2183 1332 2217 ὑμῶν
1346 2183 1379 2216 σή
1385 2190 1448 2208 πετε
1459 2182 1500 2212 εις
1514 2181 1676 2215 κατάκριμα
1685 2180 1741 2206 τῶν
1760 2181 1855 2215 ψυχῶν

1024 2224 1050 2253 D
1064 2224 1163 2258 ὐμῶν;
1184 2223 1299 2249 Ἐκεῖνοι
1317 2222 1487 2257 σκηψάμενοι
1513 2221 1592 2256 δῆθεν
1612 2220 1723 2254 εὐλογον
1745 2221 1853 2255 σκῆψιν,

1064 2264 1171 2297 λέγουσι
1186 2262 1225 2298 τῷ
1241 2262 1320 2297 ἁγίῳ,
1347 2262 1389 2288 ὅτι
1401 2262 1458 2288 υύκ
1471 2261 1568 2296 ἔχομεν
1586 2259 1639 2286 τίνι
1664 2260 1854 2295 πιστεύσωμεν

1065 2304 1132 2338 πρὸς
1147 2303 1177 2329 τὸ
1190 2303 1349 2337 διακονῆσαι
1363 2303 1418 2331 τοῖς
1432 2301 1610 2335 λιμώττουσιν
1622 2300 1732 2334 ἄρτους.
1750 2301 1853 2332 Πάντες

1064 2344 1118 2378 γὰρ
1151 2341 1338 2377 καπηλεύουσι
1363 2341 1398 2367 τὰ
1422 2341 1584 2375 πράγματα.
1613 2339 1695 2372 Λέγει
1727 2339 1818 2370 αὐτοῖς
1840 2341 1854 2366 6

1063 2383 1190 2417 ἐνάρετος
1203 2380 1290 2412 οὗτος·
1307 2381 1349 2407 Τὰ
1370 2380 1436 2415 περὶ
1458 2379 1526 2414 ἐμοῦ
1546 2378 1604 2410 πῶς
1620 2378 1720 2413 ,ἕχετε;
1736 2379 1763 2404 τί
1789 2380 1854 2413 ὑμῖν

1063 2423 1134 2449 δοκῶ
1149 2422 1222 2456 ἐγώ;
1243 2421 1404 2456 Ἀνθρωπόν
1417 2429 1447 2446 σε
1461 2420 1573 2454 οἴδαμεν
1588 2419 1633 2445 τοῦ
1649 2418 1728 2444 Θεοῦ·
1748 2418 1812 2453 φίλη
1825 2419 1855 2446 δὲ

1063 2463 1177 2498 ἀλήθεια
1191 2471 1198 2477 ·
1213 2461 1334 2497 μεγάλην
1359 2460 1493 2494 ὑπόληψιν
1516 2457 1588 2494 εἶχεν
1610 2459 1794 2498 παράνπᾶσιν
1821 2460 1853 2486 οὐ

1062 2501 1180 2536 ψευδῶς,
1203 2501 1261 2527 ἀλλ’
1285 2500 1405 2536 ἀληθῶς.
1420 2500 1502 2534 Λέγει
1518 2500 1608 2530 αὐτοῖς
1623 2500 1637 2525 ὁ
1661 2497 1707 2524 τοῦ
1734 2498 1853 2532 Χριστοῦ

1062 2541 1174 2573 δοῦλος·
1194 2541 1226 2567 Εἰ
1248 2540 1334 2572 οὕτως
1362 2540 1450 2566 οἴεσθε
1479 2539 1515 2565 τὰ
1532 2539 1592 2565 κατ’
1605 2537 1665 2572 ἐμὲ,
1687 2538 1750 2572 ἐμοὶ
1773 2538 1855 2572 ἐμπι-
1898 2545 1903 2549 ·

1064 2581 1195 2608 στεύσατε
1226 2581 1274 2616 τὴν
1302 2581 1355 2607 τῶν
1381 2580 1573 2615 λιμωττόντων
1601 2577 1771 2612 ἐπιμέλειαν.
1804 2579 1856 2605 Λέ-

1062 2632 1156 2658 γουσιν
1179 2623 1254 2658 αὺτῷ
1278 2623 1303 2649 οἱ
1321 2623 1431 2658 σοϐαροί
1447 2619 1531 2649 Ἐἴθε
1555 2619 1703 2652 καταξιοῐς.
1726 2620 1857 2654 Ἀποκρί-

1063 2674 1138 2692 νεῖαι
1150 2666 1241 2697 αὐτοῖς
1274 2664 1393 2700 Ἑφραῖμ
1418 2665 1431 2691 6
1463 2665 1591 2694 ἐκλεκτὸς
1617 2662 1664 2689 τοῦ
1689 2661 1769 2688 Θεοῦ·
1790 2661 1855 2688 Ἰδοὺ

1062 2705 1116 2732 ἀπὸ
1143 2706 1263 2741 σήμερον
1291 2705 1325 2731 δι’
1357 2705 1429 2740 ὑμᾶς
1459 2703 1605 2739 χειροτονῶ
1638 2702 1756 2737 ἐμαυτὸν
1780 2701 1855 2733 ξενο-

1063 2745 1139 2780 δὸχον
1163 2746 1218 2772 τῶν
1242 2746 1396 2780 δεομένων·
1422 2745 1467 2770 καὶ
1488 2743 1579 2770 λαϐὼν
1596 2743 1661 2777 παρ’
1690 2742 1780 2768 αὐτῶν
1806 2742 1857 2777 ἀρ-

1063 2785 1156 2819 γύρια,
1182 2785 1229 2811 καὶ
1258 2785 1401 2819 διαφρίξας
1425 2785 1488 2815 τοὺς
1514 2783 1654 2818 ἐμϐόλους,
1677 2783 1725 2809 καὶ
1752 2781 1856 2815 στήσας

1063 2824 1157 2855 κλίνας
1182 2826 1220 2857 ὡς
1250 2826 1419 2861 τριακοσίας,
1446 2825 1604 2858 ὲνοσοκόμει
1631 2821 1854 2856 ἀσθενεστέρους,

1063 2865 1178 2899 ἐπήρκει
1204 2866 1231 2892 δὲ
1259 2867 1314 2897 τοῖς
1340 2865 1516 2900 λιμώττουσι.
1552 2863 1607 2890 Καὶ
1628 2863 1694 2894 ’τοὺς
1735 2862 1784 2897 μὲν
1809 2861 1856 2886 ἐκ·
