2072 3153
251 149 321 177 120ῖὶ

883 151 1040 180 HISTORIA
1060 151 1236 180 LAUSIACA.

1786 162 1855 190 1906

246 207 420 238 onssiouibus,
459 211 487 234 et
523 206 635 234 diversis
670 205 787 241 iactatus
821 206 1020 239 afﬂictionibus,
1037 207 1062 235 Δ
1076 214 1134 233 cum
1146 214 1175 234 se
1187 214 1275 240 postea
1285 208 1402 236 dedisset
1417 209 1604 245 philosophias,
1616 212 1721 240 tandem
1734 212 1856 241 trahente

245 257 270 278 et
286 252 352 279 dixit
369 261 374 278 :
392 252 475 279 Datus
490 257 530 279 est
546 252 609 278 mihi
625 252 747 279 stimulus
767 252 865 284 carnis,
878 257 907 279 ut
920 260 962 279 me
978 260 1025 278 co-

246 298 371 330 Iaivbizet,
389 304 422 324 ne
437 297 502 324 forte
518 297 630 324 extollar
644 296 687 331 (ΙΙ
699 296 759 323 Cor.
770 297 827 331 xi);
841 305 873 323 ne
886 297 953 323 forte
964 304 1024 322 cum

245 343 382 370 miraculis
391 343 465 377 quies
479 348 505 370 et
519 351 606 370 rerum
618 350 758 370 successus
772 348 798 370 et
809 344 895 369 honor
908 344 932 369 ei
948 351 1024 370 accc-

243 389 319 421 ttens,
345 395 404 414 eum
429 388 456 415 iii
480 387 655 422 arrogantiam
677 389 795 421 injiceret
815 388 970 414 dialiolicam
984 396 1025 415 stt-

244 431 334 465 perbia
347 432 455 460 elatum.
478 433 596 459 Relictus
616 440 720 466 quoque
735 437 777 459 est
790 433 950 467 paralyticus
964 441 1024 466 pro-

245 481 303 510 pter
329 483 475 510 peccatum.
496 477 543 504 Cui
577 479 645 505 dixit
667 479 790 505 Dominus
819 486 827 504 :
850 478 919 505 Ecce
943 485 1024 505 sanus

245 521 329 547 factus
352 530 391 552 es,
407 522 460 548 noli
472 523 584 557 amplius
600 531 709 556 peccare
727 522 814 556 (Joan.
829 523 865 558 v).
880 523 1024 550 Derelictus

242 575 346 602 quoque
361 567 502 600 cstJudas,
518 569 561 603 qui
581 569 663 603 pluris
678 569 775 595 fecerat
796 569 933 602 pecuniam
945 577 1023 603 quam

241 615 350 640 verbum
363 615 441 646 vitae;
459 610 581 647 quocirca
599 615 644 642 fuit
660 615 739 643 etiam
751 615 896 642 suil‘ocatus
910 614 978 650 (Act.
991 616 1021 649 i).

242 656 387 684 Derelictus
402 666 507 693 quoque
528 664 570 686 est
590 660 658 686 Esau
669 679 677 691 ,
700 665 727 686 et
743 659 837 686 iiicidit
852 661 878 687 in
891 660 1021 694 intempe-

242 704 366 734 rantiam,
383 708 410 730 ut
432 704 475 738 qui
498 709 601 732 stercus
638 705 824 732 intestinorum
851 705 1024 739 praeposuerit

242 746 419 775 beiiedictioni
431 753 547 783 paterna:
564 748 640 783 (Gen.
653 748 754 784 xxvti);
771 749 838 776 adeo
850 753 879 775 ut
892 756 952 776 cum
967 749 1025 776 hate

241 794 329 820 omnia
343 793 472 821 sensisset
484 795 578 822 beatus
593 795 727 829 apostolus
745 794 841 822 Paulus
853 815 861 828 ,
876 794 975 822 dixerit
990 795 1024 822 de

241 837 373 872 aliquib‘us
390 846 397 865 :
415 839 544 872 Quoniam
567 840 638 866 enim
664 846 716 866 non
739 839 918 874 probaverunt
941 840 1022 866 Deum

1076 256 1139 278 eum‘
1152 253 1233 286 gratia
1244 253 1276 279 ad
1292 254 1424 280 ctelestcm
1440 255 1644 289 philosophiam,
1659 260 1744 285 aetatis
1754 265 1852 286 anmtm

1075 303 1156 329 agens
1172 298 1325 330 vigesimum
1341 300 1642 331 octavum,renuntiavit
1652 301 1758 334 quidem
1772 301 1852 328 disci-

1075 342 1154 375 plinis
1167 343 1328 375 liberalibus,
1346 351 1375 370 sc
1388 345 1495 372 Christo
1512 353 1575 372 vero
1590 347 1746 379 conjunxit;
1763 353 1789 374 et
1802 349 1857 383 jain

1074 388 1237 422 trigesimum
1262 390 1379 423 quintitm
1403 397 1498 417 annum
1515 392 1568 425 agit
1583 392 1607 417 in
1624 391 1758 425 spelunca.
1778 393 1800 418 Is
1815 393 1851 420 di-

1074 434 1152 460 ccbat
1173 434 1249 460 nobis
1273 435 1342 467 quod
1367 442 1441 461 metis
1465 443 1524 468 qua:
1547 436 1705 470 cogitatione
1720 435 1827 463 remssit
1842 444 1857 462 :t

1075 479 1122 505 Dei
1134 479 1377 513 contemplatione,
1395 480 1422 506 fit
1437 481 1477 506 vel
1494 481 1612 513 daemon,
1629 482 1670 508 vel
1688 482 1781 508 bestia.
1804 481 1855 509 Noe

1075 523 1115 550 bis
1128 529 1215 550 autem
1236 525 1388 558 rogantibus
1411 533 1418 551 :
1441 524 1560 557 Quonam
1583 526 1684 552 modo?
1707 527 1745 552 sic
1769 525 1854 552 dixit:

1075 568 1149 596 Mens
1162 577 1221 601 qutc
1236 569 1346 596 recessit
1359 577 1373 595 a
1390 570 1433 596 Dei
1450 571 1672 604 contemplatione
1682 591 1690 602 ,
1706 572 1855 598 necessario

1075 613 1150 647 (146)
1164 614 1255 640 incidit
1275 615 1314 641 vel
1332 615 1355 641 in
1371 615 1517 642 dtemoneiii
1541 616 1706 649 cupiditatis,
1720 617 1763 652 qui
1779 618 1803 643 iii
1818 618 1856 644 Ia-

1075 658 1181 685 sciviaiii
1195 659 1316 691 impellit,
1331 660 1370 686 vel
1387 660 1412 686 iit
1424 661 1545 693 spiritum
1559 661 1603 686 ine
1618 662 1768 695 malignum.
1785 663 1856 690 unde

1074 703 1241 731 irrationales
1253 706 1385 739 appetitus
1399 706 1552 739 gignuntur.
1571 707 1602 733 Et
1613 707 1736 733 Iascivam
1749 708 1854 740 quidem

1074 749 1244 782 cupiditatem
1259 757 1319 777 esse
1334 750 1439 777 dicebat
1459 751 1601 778 belluinam
1612 772 1620 785 ,
1636 752 1700 778 iram
1722 760 1785 779 vero
1799 753 1855 779 die-

1074 794 1219 821 moniacam
1240 795 1457 824 commotionem.
1476 795 1541 822 Cum
1556 803 1605 830 ego
1619 800 1707 823 autem
1723 797 1856 823 contradi-

1076 847 1162 867 cerem
1177 849 1183 866 :
1199 839 1336 874 Quomodo
1352 840 1408 867 fieri
1424 845 1511 874 potest
1535 845 1564 867 ut
1586 848 1661 868 mens
1685 841 1796 867 humana
1822 842 1857 868 sit

242 882 341 909 habere
357 883 383 909 in
400 883 562 917 cognitione,
581 884 637 911 irad
649 884 688 911 dit
706 892 753 911 eos
769 885 792 911 in
807 884 949 919 reprobum
961 892 1023 912 sen-
1036 883 1060 912 Β
1073 891 1133 911 cum
1148 884 1203 911 Deo
1217 885 1274 912 sine
1290 885 1504 912 intermissione?
1521 886 1576 918 ipse
1597 885 1701 913 dicebat
1715 893 1722 912 :
1738 887 1812 917 Ouod
1828 885 1854 913 iti

242 933 312 960 sum,
328 931 356 954 ut
368 928 463 955 faciant
474 937 532 963 qua:
543 937 595 956 non
607 929 861 965 conveniuntUIom.
875 929 906 964 ι).
920 930 956 956 De
966 930 1024 956 aliis

242 976 330 998 autem
346 974 389 1008 qui
405 973 563 1001 videbantur
580 974 678 1001 habere
701 975 746 1002 Dei
761 975 939 1009 cognitionem
963 982 1024 1002 cum

241 1024 330 1046 mente
358 1025 481 1055 corrupta
507 1025 534 1048 et
558 1021 629 1047 inani
658 1026 774 1053 tumore,
795 1021 1023 1054 dicitzQuotiiam

240 1063 312 1089 enim
327 1071 386 1090 cum
399 1064 482 1091 Deum
498 1065 702 1100 cognovissent,
719 1073 769 1092 non
785 1069 814 1091 ut
828 1065 908 1092 Deum
922 1065 1024 1100 gloriﬁ-

239 1112 377 1140 caverunt,
394 1113 439 1135 aut
452 1110 552 1144 gratias
564 1114 685 1144 egerunt,
701 1110 808 1136 tradidit
830 1117 877 1137 eos
902 1109 972 1136 Deus
996 1110 1022 1137 in

241 1153 380 1186 passiones
400 1155 566 1189 ignominiae;
588 1156 656 1182 adeo
672 1160 700 1182 tit
722 1163 770 1182 nos
789 1163 820 1183 ex
834 1164 867 1183 eo
881 1163 1024 1190 cognosca-

241 1205 299 1225 nius
314 1198 371 1225 fieri
385 1206 435 1225 non
455 1207 534 1233 posse
548 1205 576 1226 ut
589 1200 665 1227 cadat
679 1201 776 1235 aliquis
799 1201 825 1227 in
846 1201 1023 1234 intemperan-

241 1242 315 1274 iinm,
328 1244 372 1277 qui
389 1251 440 1270 non
456 1243 535 1271 luerit
560 1244 702 1272 derelictus
725 1252 739 1271 a
765 1245 810 1272 Dei
834 1247 996 1279 providentia
1014 1267 1022 1280 ,

241 1295 348 1324 propter
365 1292 550 1325 negligentiam
564 1295 590 1319 et
604 1291 752 1319 socordiam
764 1299 855 1319 eorum
879 1293 922 1326 qui
949 1293 1025 1320 dere-

241 1335 392 1370 liiiquuntur
402 1342 428 1364 et
438 1337 599 1365 deseruntur
611 1339 643 1365 ad
659 1338 709 1364 hoc
720 1342 749 1364 ut
763 1338 819 1366 haec
838 1339 876 1366 eis
889 1340 1023 1366 eveniant.

520 1384 631 1411 CAPUT
651 1384 743 1411 XCVI.

453 1428 513 1456 Vita
534 1429 631 1456 abbatis
656 1430 802 1456 Solomonis

277 1471 304 1501 In
318 1475 424 1502 Antinoi
438 1475 546 1503 civitate
567 1477 682 1511 regionis
697 1476 839 1504 Thebaidis
853 1477 1025 1512 quadraginta

242 1530 326 1549 annos
339 1528 470 1558 versatus,
480 1531 512 1551 eo
524 1529 642 1558 tempore
655 1525 743 1558 accepi
755 1525 834 1551 etiam
848 1526 1024 1559 cognitionem

1076 937 1232 964 quacunque
1247 930 1406 964 cogitatione
1420 931 1460 957 vel
1476 937 1505 957 re
1521 931 1561 965 pia
1573 934 1600 957 et
1611 930 1698 957 divina
1713 931 1790 958 fuerit
1800 931 1856 958 aui-

1076 982 1128 1006 ina,
1144 982 1174 1002 ea
1188 979 1230 1001 est
1242 982 1301 1001 cum
1317 975 1382 1001 Deo.

1357 1019 1468 1047 CAPUT
1483 1019 1575 1047 XCIX.

1301 1065 1362 1092 Vita
1377 1065 1476 1092 abbatis
1495 1065 1634 1100 Capitonis.

1111 1109 1197 1144 Prope
1209 1116 1268 1136 eum
1283 1110 1407 1137 manebat
1425 1110 1529 1143 quidam
1547 1110 1639 1144 Capito
1654 1110 1699 1143 qui
1717 1110 1804 1137 fuerat
1817 1110 1857 1137 la-

1076 1161 1127 1189 tro,
1142 1157 1185 1190 qui
1200 1164 1259 1183 cum
1274 1155 1462 1190 quinquaginta
1477 1163 1561 1182 annos
1586 1156 1720 1190 implesset
1745 1154 1769 1179 in
1798 1162 1856 1190 spe-

1075 1202 1170 1234 luncis,
1186 1207 1297 1236 quatuor
1310 1197 1427 1228 millibus
1442 1201 1519 1235 longe
1532 1201 1565 1227 ab
1580 1202 1644 1227 urbe
1664 1201 1779 1231 Antinoi,
1802 1209 1854 1228 non

1075 1247 1137 1274 abiit
1149 1254 1164 1273 a
1182 1247 1307 1280 spelunca
1323 1254 1404 1280 usque
1417 1246 1448 1272 ad
1466 1246 1573 1273 [luvium
1601 1247 1686 1272 Nilum
1699 1267 1705 1275 ,
1721 1246 1810 1273 dict-ns
1825 1253 1854 1272 se

1076 1301 1127 1320 non
1142 1301 1218 1327 posse
1234 1294 1321 1320 turbas
1336 1293 1481 1321 convenire
1493 1314 1500 1326 ,
1515 1300 1547 1320 eo
1562 1293 1631 1327 quod
1645 1293 1793 1320 communis
1806 1292 1853 1319 ad-

1077 1340 1209 1367 versarius
1221 1339 1246 1366 ei
1257 1339 1342 1366 adhuc
1353 1339 1500 1366 resisteret.

1386 1383 1499 1412 CAPUT
1518 1384 1548 1412 C.

1221 1430 1280 1457 Vita
1300 1430 1459 1456 anacltorette
1484 1430 1526 1464 qui
1548 1428 1709 1455 illudebatur.

1112 1475 1177 1502 Cum
1191 1475 1232 1502 his
1253 1475 1365 1502 vidimus
1379 1475 1457 1501 etiam
1473 1474 1583 1501 alterum
1598 1473 1792 1503 anachoretam,
1809 1475 1855 1508 qui

1078 1521 1134 1555 ipse
1147 1510 1251 1555 quoque
1266 1524 1323 1547 erat
1335 1520 1459 1546 similiter
1470 1519 1495 1545 in
1509 1522 1644 1552 spelunca.
1661 1518 1684 1545 Is
1709 1519 1735 1544 in
1757 1519 1857 1545 somnis

242 1569 358 1595 omnium
373 1576 431 1603 qua:
454 1574 515 1596 sunt
537 1569 591 1596 illic
613 1575 846 1598 monasteriorum,
869 1570 933 1597 Nam
957 1571 1025 1598 circa
1041 1562 1064 1592 C
1081 1566 1172 1592 illusus
1186 1569 1269 1592 oestro
1282 1572 1357 1591 vana:
1366 1565 1466 1598 gloriae,
1483 1564 1596 1590 vicissim
1612 1562 1737 1590 illudebat
1751 1569 1797 1590 eos
1811 1562 1858 1597 qui

242 1612 373 1639 civitatem
389 1613 482 1640 sedeo:
497 1613 547 1640 viri
563 1614 668 1641 circiter
683 1615 722 1641 bis
737 1615 808 1642 mille
819 1636 826 1648 ,
844 1616 964 1642 manibus
988 1616 1027 1643 vi-

242 1662 344 1691 ventes,
359 1663 385 1686 et
397 1666 426 1686 se
441 1666 544 1686 summe
568 1664 734 1688 exercentes.
750 1660 777 1687 Iit
801 1661 842 1688 his
865 1665 925 1688 sunt
947 1661 1026 1688 etiam

242 1705 411 1732 anachoreta;
435 1706 478 1739 qtii
493 1705 597 1733 seinsos
607 1705 773 1733 incluserunt
792 1706 818 1732 in
833 1706 969 1739 speluncis
984 1714 1028 1732 ru-

242 1749 313 1781 pium
326 1757 332 1774 :
349 1749 418 1776 inter
431 1756 498 1783 quos
512 1754 553 1776 est
567 1749 692 1776 Solomon
707 1750 746 1776 vir
759 1749 986 1776 mansuetissimus
1000 1753 1028 1776 et

243 1794 513 1826 teitiperantissitnus,
529 1798 555 1820 et
568 1794 612 1827 qui
626 1794 723 1820 donum
740 1794 819 1821 habet
834 1795 989 1821 tolerantiae.
1005 1795 1028 1821 Is

243 1838 430 1871 quinquaginta
462 1845 547 1865 annos
573 1838 646 1872 degit
663 1839 688 1865 in
709 1839 849 1872 spelunca,
864 1839 912 1866 sibi
931 1840 1028 1866 victum

244 1884 416 1918 suppeditans
431 1892 513 1919 opere
530 1892 667 1918 manuum,
681 1890 708 1912 et
723 1885 815 1913 didicit
829 1889 910 1912 totam
926 1893 1028 1913 sacram

244 1930 421 1966 Scripturam.

525 1964 636 1992 CAPUT
655 1964 759 1992 XCVII.

477 2010 534 2040 Vita
549 2012 646 2039 abbatis
666 2011 798 2042 Durothei.

280 2057 340 2086 Fuit
349 2057 429 2085 etiam
442 2059 548 2093 quidam
561 2059 710 2086 Dorotheus
721 2059 860 2094 presbyter
868 2060 893 2086 in
904 2060 955 2087 alia
970 2067 1030 2094 spe-

246 2103 324 2131 lunca
340 2104 479 2136 habitans,
495 2104 539 2138 qui
560 2104 585 2130 in
607 2111 710 2130 summa
725 2104 842 2132 bonitate
857 2106 912 2140 ipse
927 2113 1031 2140 quoque

246 2151 325 2179 Vitam
333 2151 397 2178 vixit
406 2151 577 2185 inculpatam,
590 2152 739 2185 dignusque
750 2155 791 2179 est
805 2152 908 2178 habitus
921 2153 1031 2186 presby-

246 2201 344 2232 teratu,
358 2204 384 2225 et
400 2198 532 2225 ministrat.
545 2198 670 2225 fratribus
685 2198 729 2233 qui
750 2203 812 2225 sunt
833 2199 859 2225 in
883 2199 1027 2232 speluncis.

247 2243 314 2270 Huic
338 2243 479 2278 aliquando
502 2243 643 2271 Melanium
665 2244 769 2277 junior,
786 2251 888 2278 magna:
911 2244 1031 2270 Melania:

248 2290 345 2324 neptis,
360 2290 393 2316 de
406 2297 456 2324 qua
471 2290 555 2316 dicam
578 2295 684 2323 postea,
699 2290 770 2317 misit
788 2290 946 2324 quingentos
965 2289 1031 2316 soli-

250 2338 310 2368 dos,
324 2343 420 2369 rogans
435 2343 495 2362 etim
517 2340 545 2362 ut
566 2336 727 2362 ministraret
741 2335 877 2362 fratribus.
894 2335 918 2361 Is
941 2339 1030 2362 autem

249 2388 309 2408 cum
325 2384 380 2406 tres
392 2381 463 2406 solos
474 2380 631 2414 accepisset,
648 2381 718 2407 misit
733 2380 850 2414 reliquos
865 2379 898 2406 ad
913 2380 1031 2406 Dioclem

250 2426 555 2459 anaclioretam,virum
579 2433 681 2452 summa
705 2426 855 2459 cognitione
879 2426 1031 2460 praeditum,

249 2470 361 2498 dicens:
381 2471 428 2497 Est
441 2478 484 2497 mc
503 2470 649 2504 sapientior
673 2471 753 2497 frater
769 2471 882 2503 Diocles,
898 2475 924 2497 et
948 2474 1034 2505 potest

250 2523 296 2543 eos
312 2516 412 2551 integre
426 2521 453 2543 et
466 2515 620 2542 innocoutcr
633 2516 804 2549 dispensare,
820 2520 849 2542 ut
863 2517 906 2550 qui
921 2524 962 2542 me
976 2524 1031 2543 tue-

252 2560 303 2587 Iius
317 2560 384 2587 sciat
397 2567 444 2587 eos
459 2560 553 2594 quibus
572 2561 607 2586 sit
621 2560 716 2587 merito
733 2559 869 2587 ferendum
885 2561 1010 2587 auxilium
1026 2568 1032 2574 ·

252 2613 314 2634 nam
331 2605 358 2633 hi
372 2606 435 2633 milii
450 2605 595 2632 sufficiunt.

526 2658 638 2687 CAPUT
650 2660 761 2688 XCVIII.

505 2715 560 2745 Vita
573 2717 669 2743 abbatis
684 2717 787 2744 Dioclis.

291 2764 341 2794 Hic
351 2764 457 2792 Diocles
465 2764 489 2791 in
501 2762 671 2798 grammatica
681 2762 785 2797 quidem
796 2763 907 2798 primum
914 2762 1033 2794 edoctus.

291 2826 298 2841 ³
318 2827 375 2858 Vita
389 2831 446 2867 eius
459 2835 545 2859 exstat
560 2837 638 2865 supra
654 2830 700 2857 lib.
718 2837 737 2857 i.

1078 1613 1290 1647 decipiebantur,
1305 1616 1398 1638 vetitos
1412 1617 1523 1645 pascens
1535 1609 1620 1644 (M7),
1634 1613 1662 1636 et
1676 1609 1782 1635 umbras
1797 1615 1860 1642 per-

1078 1666 1190 1693 sequens
1204 1657 1298 1693 (Eccli.
1314 1657 1416 1692 xxxiv).
1432 1656 1464 1683 Et
1476 1655 1590 1682 habebat
1602 1655 1708 1689 quidem
1723 1655 1748 1680 in
1761 1661 1856 1687 corpo-

1079 1712 1110 1731 re
1123 1704 1336 1738 temperantiam,
1353 1707 1380 1730 et
1395 1706 1501 1737 propter
1515 1706 1679 1728 senectutem
1691 1720 1697 1731 ,
1711 1705 1738 1726 et
1753 1705 1861 1734 propter

1079 1756 1184 1784 tempus
1195 1769 1203 1780 ,
1215 1754 1241 1776 et
1254 1749 1324 1775 forte
1340 1748 1418 1774 etiam
1435 1751 1541 1780 propter
1560 1753 1654 1772 vanam
1668 1745 1778 1779 gloriam
1794 1753 1801 1770 :
1818 1751 1862 1770 va-

1079 1803 1120 1822 nae
1135 1801 1222 1821 autem
1237 1793 1329 1828 gloria
1351 1792 1556 1826 intemperantia
1571 1795 1711 1824 corruptus
1736 1793 1792 1816 erat
1806 1788 1864 1823 ejus

1079 1840 1195 1872 animus,
1209 1843 1236 1866 et
1249 1846 1263 1865 a
1274 1837 1397 1872 religiosa
1408 1836 1611 1863 conversatione
1622 1834 1708 1861 fuerat
1719 1835 1861 1861 alienatus.

1379 1892 1491 1920 CAPUT
1517 1891 1558 1919 CI.

1222 1940 1282 1967 Vita
1296 1939 1378 1966 sancti
1393 1938 1511 1973 Ephrem
1526 1936 1601 1971 (148)
1613 1936 1721 1962 diaconi.

1116 1985 1221 2013 Audisti
1232 1984 1340 2012 omnino
1351 1984 1384 2010 de
1398 1983 1520 2016 Ephracm
1532 1982 1643 2009 diat-ono
1655 1979 1773 2008 ecclesia:
1783 1979 1864 2007 Edes-

1078 2040 1206 2061 senorum
1223 2033 1244 2060 ί.
1262 2031 1323 2058 Fuit
1337 2030 1409 2058 enim
1424 2037 1492 2056 unus
1506 2036 1538 2056 ex
1551 2028 1584 2055 iis
1597 2028 1640 2062 qui
1664 2027 1734 2060 digiti
1754 2032 1815 2054 sunt
1828 2027 1863 2054 de

1081 2079 1178 2113 quibus
1192 2078 1238 2104 fiat
1252 2076 1350 2103 mentio
1374 2082 1390 2102 a
1412 2074 1511 2102 sanctis
1534 2073 1629 2100 Christi
1651 2073 1745 2099 servis.
1767 2071 1791 2098 Is
1803 2079 1864 2099 cum

1081 2124 1188 2158 spiritus
1203 2123 1270 2149 viam
1285 2122 1364 2156 digne
1375 2119 1530 2154 peregisset,
1545 2123 1572 2146 et
1585 2126 1599 2145 a
1621 2123 1692 2145 recta
1708 2125 1760 2144 non
1784 2117 1865 2144 decli-

1081 2173 1182 2203 nasset,
1197 2169 1291 2202 dignus
1306 2171 1346 2194 est
1360 2166 1465 2193 habitus
1484 2165 1568 2199 gratia
1584 2164 1710 2190 naturalis
1734 2163 1865 2198 cognitio-

1082 2215 1134 2248 nis,
1148 2222 1226 2249 quam
1240 2212 1413 2247 consequitur
1429 2210 1559 2244 theologia
1571 2230 1579 2242 ,
1594 2214 1621 2236 et
1637 2213 1770 2242 postremo
1801 2208 1866 2236 bea-

1081 2261 1178 2289 titudo.
1229 2259 1296 2287 Cum
1325 2265 1389 2292 ergo
1410 2257 1491 2284 vitam
1515 2255 1677 2283 exercuisset
1698 2255 1824 2289 quietam,
1841 2258 1868 2281 et

1084 2305 1174 2332 multis
1184 2303 1239 2338 jam
1253 2303 1330 2330 aiiiiis
1345 2302 1489 2329 :edificaret
1503 2307 1549 2327 eos
1571 2300 1615 2334 qui
1631 2299 1804 2329 ventilabam,
1823 2305 1869 2331 po-

1084 2355 1140 2377 stea
1155 2357 1171 2377 e
1185 2349 1252 2376 cella
1266 2354 1422 2382 progressus
1435 2351 1474 2372 est
1490 2345 1539 2371 hac
1550 2345 1583 2371 de
1594 2351 1682 2370 causa.
1697 2343 1763 2369 Cum
1776 2350 1869 2376 magno

1084 2394 1169 2422 fames
1195 2393 1337 2420 invasisset
1360 2392 1495 2417 civitatem
1520 2389 1728 2419 Edessenorum,
1743 2388 1867 2414 misertus

1083 2439 1200 2467 omnium
1215 2439 1257 2471 qui
1272 2437 1393 2471 peribant
1406 2435 1561 2470 agrestium,
1577 2433 1708 2467 processit
1718 2432 1750 2458 ad
1764 2439 1811 2459 eos
1825 2432 1870 2465 qui

1088 2489 1164 2512 erant
1177 2484 1272 2510 divites
1286 2484 1311 2509 in
1327 2481 1442 2511 civitate,
1458 2483 1485 2506 et
1496 2478 1561 2504 dicit
1574 2477 1613 2504 eis
1628 2485 1635 2503 :
1651 2477 1703 2503 Cur
1717 2485 1769 2503 non
1790 2476 1871 2502 mise—

1088 2530 1181 2558 remini
1196 2530 1318 2555 butnanze
1334 2529 1436 2552 natura:
1447 2531 1505 2558 qua:
1518 2522 1618 2553 interit,
1630 2521 1677 2548 sed
1692 2529 1756 2555 opes
1770 2526 1872 2548 vestras

1088 2577 1174 2604 sinitis
1209 2579 1362 2610 putrescere
1393 2571 1426 2598 ad
1450 2569 1699 2598 condemnationem
1724 2568 1872 2594 animarum

1088 2622 1255 2650 vestrarum?
1277 2621 1311 2647 Se
1331 2622 1419 2645 autent
1444 2617 1554 2643 honeste
1568 2618 1742 2645 excusantes.
1760 2614 1850 2640 dicunt
1868 2620 1874 2637 :

1089 2667 1145 2696 Non
1160 2666 1288 2693 habemus
1301 2663 1342 2690 cui
1358 2662 1499 2689 credamus
1514 2659 1546 2687 ad
1562 2659 1613 2686 hoc
1624 2664 1651 2686 ut
1667 2666 1759 2692 panem
1774 2658 1876 2684 submi-

1091 2715 1184 2742 nistret
1202 2709 1378 2739 esurientibus
1396 2717 1402 2734 :
1422 2713 1515 2734 omnes
1537 2705 1606 2733 enim
1630 2711 1672 2731 res
1691 2709 1874 2738 cauponantur

1090 2761 1115 2793 (Ι
1125 2758 1177 2787 ιθ).
1192 2757 1217 2784 Is
1234 2756 1296 2782 vero
1312 2754 1376 2781 dicit
1390 2752 1429 2778 eis
1446 2760 1451 2777 :
1469 2750 1536 2784 Quid
1547 2757 1596 2783 ego
1611 2749 1684 2776 vobis
1695 2749 1804 2777 videor!
1816 2752 1875 2775 erat

1090 2809 1178 2832 autem
1194 2801 1262 2835 apud
1275 2806 1368 2826 omnes
1383 2798 1408 2823 in
1424 2803 1517 2828 magna
1532 2794 1739 2827 existimatione,
1757 2801 1809 2820 non
1826 2793 1876 2820 fal-

1093 2858 1134 2878 so.
1150 2847 1195 2876 scd
1212 2853 1314 2874 revera.
1330 2844 1359 2870 Ei
1375 2843 1462 2876 itaque
1476 2841 1566 2868 dicunt
1584 2850 1590 2866 ε
1607 2840 1733 2867 Norimus
1745 2845 1772 2867 te
1788 2838 1873 2867 tioiiti-
