  <div class='ocr_page' id='page_1' title='image "/cluster/home/n/w/nwhite01/storage/ocr_20150623/34/njp.32101077772547/639.png"; bbox 0 0 2072 3153; ppageno 0'>
   <div class='ocr_carea' id='block_1_1' title="bbox 217 169 286 197">
    <p class='ocr_par' dir='ltr' id='par_1_1' title="bbox 217 169 286 197">
     <span class='ocr_line' id='line_1_1' title="bbox 217 169 286 197; baseline -0.014 0"><span class='ocrx_word' id='word_1_1' title='bbox 217 169 286 197; x_wconf 66' lang='grc'><strong>1207</strong></span> 
     </span>
    </p>
   </div>
   <div class='ocr_carea' id='block_1_2' title="bbox 951 166 1110 194">
    <p class='ocr_par' dir='ltr' id='par_1_2' title="bbox 951 166 1110 194">
     <span class='ocr_line' id='line_1_2' title="bbox 951 166 1110 194; baseline -0.006 0"><span class='ocrx_word' id='word_1_2' title='bbox 951 166 1110 194; x_wconf 81' lang='lat' dir='ltr'><strong>PALLAiill</strong></span> 
     </span>
    </p>
   </div>
   <div class='ocr_carea' id='block_1_3' title="bbox 1769 162 1838 190">
    <p class='ocr_par' dir='ltr' id='par_1_3' title="bbox 1769 162 1838 190">
     <span class='ocr_line' id='line_1_3' title="bbox 1769 162 1838 190; baseline 0 0"><span class='ocrx_word' id='word_1_3' title='bbox 1769 162 1838 190; x_wconf 74' lang='grc'><strong>1208</strong></span> 
     </span>
    </p>
   </div>
   <div class='ocr_carea' id='block_1_4' title="bbox 219 218 1838 260">
    <p class='ocr_par' dir='ltr' id='par_1_4' title="bbox 219 218 1838 260">
     <span class='ocr_line' id='line_1_4' title="bbox 219 218 1838 260; baseline -0.006 -4"><span class='ocrx_word' id='word_1_4' title='bbox 219 238 281 259; x_wconf 84' lang='lat' dir='ltr'><strong>nem</strong></span> <span class='ocrx_word' id='word_1_5' title='bbox 298 230 353 256; x_wconf 84' lang='lat' dir='ltr'><strong>net.</strong></span> <span class='ocrx_word' id='word_1_6' title='bbox 371 229 400 257; x_wconf 89' lang='lat' dir='ltr'><strong>Si</strong></span> <span class='ocrx_word' id='word_1_7' title='bbox 413 235 472 256; x_wconf 87' lang='lat' dir='ltr'><strong>eam</strong></span> <span class='ocrx_word' id='word_1_8' title='bbox 488 228 522 255; x_wconf 89' lang='lat' dir='ltr'><strong>de</strong></span> <span class='ocrx_word' id='word_1_9' title='bbox 535 234 578 255; x_wconf 91' lang='lat' dir='ltr'><strong>me</strong></span> <span class='ocrx_word' id='word_1_10' title='bbox 601 225 753 260; x_wconf 79' lang='lat' dir='ltr'><strong>opinionem</strong></span> <span class='ocrx_word' id='word_1_11' title='bbox 777 225 948 260; x_wconf 81' lang='lat' dir='ltr'><strong>concepistis,</strong></span> <span class='ocrx_word' id='word_1_12' title='bbox 964 225 1001 251; x_wconf 98' lang='lat' dir='ltr'><strong>ait</strong></span> <span class='ocrx_word' id='word_1_13' title='bbox 1017 229 1038 254; x_wconf 76' lang='grc' dir='ltr'><strong>Α</strong></span> <span class='ocrx_word' id='word_1_14' title='bbox 1055 221 1083 248; x_wconf 90' lang='lat' dir='ltr'><strong>in</strong></span> <span class='ocrx_word' id='word_1_15' title='bbox 1099 228 1176 248; x_wconf 89' lang='lat' dir='ltr'><strong>suum</strong></span> <span class='ocrx_word' id='word_1_16' title='bbox 1192 219 1358 255; x_wconf 91' lang='lat' dir='ltr'><strong>martyrium,</strong></span> <span class='ocrx_word' id='word_1_17' title='bbox 1376 220 1444 255; x_wconf 82' lang='lat' dir='ltr'><strong>quod</strong></span> <span class='ocrx_word' id='word_1_18' title='bbox 1460 221 1517 254; x_wconf 90' lang='lat' dir='ltr'><strong>ipse</strong></span> <span class='ocrx_word' id='word_1_19' title='bbox 1531 220 1687 250; x_wconf 70' lang='lat' dir='ltr'><strong>adiﬁcarat.</strong></span> <span class='ocrx_word' id='word_1_20' title='bbox 1696 218 1723 248; x_wconf 88' lang='lat' dir='ltr'><strong>in</strong></span> <span class='ocrx_word' id='word_1_21' title='bbox 1739 226 1791 255; x_wconf 81' lang='lat' dir='ltr'><strong>quo</strong></span> <span class='ocrx_word' id='word_1_22' title='bbox 1803 221 1838 248; x_wconf 83' lang='lat' dir='ltr'><strong>si-</strong></span> 
     </span>
    </p>
   </div>
   <div class='ocr_carea' id='block_1_5' title="bbox 218 270 1000 305">
    <p class='ocr_par' dir='ltr' id='par_1_5' title="bbox 218 270 1000 305">
     <span class='ocr_line' id='line_1_5' title="bbox 218 270 1000 305; baseline -0.008 -3"><span class='ocrx_word' id='word_1_23' title='bbox 218 276 316 303; x_wconf 77' lang='lat' dir='ltr'><strong>Christi</strong></span> <span class='ocrx_word' id='word_1_24' title='bbox 338 281 445 305; x_wconf 84' lang='lat' dir='ltr'><strong>servus,</strong></span> <span class='ocrx_word' id='word_1_25' title='bbox 462 272 526 300; x_wconf 85' lang='lat' dir='ltr'><strong>mihi</strong></span> <span class='ocrx_word' id='word_1_26' title='bbox 550 272 584 299; x_wconf 89' lang='lat' dir='ltr'><strong>de</strong></span> <span class='ocrx_word' id='word_1_27' title='bbox 607 275 706 298; x_wconf 65' lang='lat' dir='ltr'><strong>caetero</strong></span> <span class='ocrx_word' id='word_1_28' title='bbox 730 270 842 298; x_wconf 84' lang='lat' dir='ltr'><strong>credite.</strong></span> <span class='ocrx_word' id='word_1_29' title='bbox 865 270 941 302; x_wconf 84' lang='lat' dir='ltr'><strong>Ecce,</strong></span> <span class='ocrx_word' id='word_1_30' title='bbox 957 277 1000 296; x_wconf 89' lang='lat' dir='ltr'><strong>me</strong></span> 
     </span>
    </p>
   </div>
   <div class='ocr_carea' id='block_1_6' title="bbox 219 314 1000 358">
    <p class='ocr_par' dir='ltr' id='par_1_6' title="bbox 219 314 1000 358">
     <span class='ocr_line' id='line_1_6' title="bbox 219 314 1000 358; baseline -0.012 -9"><span class='ocrx_word' id='word_1_31' title='bbox 219 323 328 358; x_wconf 75' lang='lat' dir='ltr'><strong>propter</strong></span> <span class='ocrx_word' id='word_1_32' title='bbox 342 326 390 346; x_wconf 88' lang='lat' dir='ltr'><strong>vos</strong></span> <span class='ocrx_word' id='word_1_33' title='bbox 402 318 471 353; x_wconf 79' lang='lat' dir='ltr'><strong>eligo</strong></span> <span class='ocrx_word' id='word_1_34' title='bbox 485 317 616 350; x_wconf 89' lang='lat' dir='ltr'><strong>hospitum</strong></span> <span class='ocrx_word' id='word_1_35' title='bbox 631 320 811 349; x_wconf 84' lang='lat' dir='ltr'><strong>cxceptoretn.</strong></span> <span class='ocrx_word' id='word_1_36' title='bbox 823 314 940 348; x_wconf 80' lang='lat' dir='ltr'><strong>Cumque</strong></span> <span class='ocrx_word' id='word_1_37' title='bbox 954 321 1000 347; x_wconf 91' lang='lat' dir='ltr'><strong>pe-</strong></span> 
     </span>
    </p>
   </div>
   <div class='ocr_carea' id='block_1_7' title="bbox 218 360 1000 397">
    <p class='ocr_par' dir='ltr' id='par_1_7' title="bbox 218 360 1000 397">
     <span class='ocr_line' id='line_1_7' title="bbox 218 360 1000 397; baseline -0.013 -4"><span class='ocrx_word' id='word_1_38' title='bbox 218 367 323 393; x_wconf 87' lang='lat' dir='ltr'><strong>cuniam</strong></span> <span class='ocrx_word' id='word_1_39' title='bbox 338 364 484 397; x_wconf 87' lang='lat' dir='ltr'><strong>accepisset</strong></span> <span class='ocrx_word' id='word_1_40' title='bbox 497 382 504 394; x_wconf 92' lang='lat'><strong>,</strong></span> <span class='ocrx_word' id='word_1_41' title='bbox 518 367 543 388; x_wconf 90' lang='lat' dir='ltr'><strong>et</strong></span> <span class='ocrx_word' id='word_1_42' title='bbox 558 361 646 388; x_wconf 86' lang='lat' dir='ltr'><strong>infixis</strong></span> <span class='ocrx_word' id='word_1_43' title='bbox 660 360 736 387; x_wconf 80' lang='lat' dir='ltr'><strong>vallis</strong></span> <span class='ocrx_word' id='word_1_44' title='bbox 757 365 860 394; x_wconf 86' lang='lat' dir='ltr'><strong>septum</strong></span> <span class='ocrx_word' id='word_1_45' title='bbox 875 363 1000 386; x_wconf 91' lang='lat' dir='ltr'><strong>constru-</strong></span> 
     </span>
    </p>
   </div>
   <div class='ocr_carea' id='block_1_8' title="bbox 221 404 1000 443">
    <p class='ocr_par' dir='ltr' id='par_1_8' title="bbox 221 404 1000 443">
     <span class='ocr_line' id='line_1_8' title="bbox 221 404 1000 443; baseline -0.01 -5"><span class='ocrx_word' id='word_1_46' title='bbox 221 412 312 443; x_wconf 82' lang='lat' dir='ltr'><strong>xisset,</strong></span> <span class='ocrx_word' id='word_1_47' title='bbox 326 414 354 437; x_wconf 90' lang='lat' dir='ltr'><strong>et</strong></span> <span class='ocrx_word' id='word_1_48' title='bbox 368 410 449 436; x_wconf 87' lang='lat' dir='ltr'><strong>lectos</strong></span> <span class='ocrx_word' id='word_1_49' title='bbox 462 408 494 435; x_wconf 88' lang='lat' dir='ltr'><strong>ad</strong></span> <span class='ocrx_word' id='word_1_50' title='bbox 520 411 652 434; x_wconf 76' lang='lat' dir='ltr'><strong>trecenties</strong></span> <span class='ocrx_word' id='word_1_51' title='bbox 667 406 812 437; x_wconf 74' lang='lat' dir='ltr'><strong>statuisset,</strong></span> <span class='ocrx_word' id='word_1_52' title='bbox 828 404 938 432; x_wconf 87' lang='lat' dir='ltr'><strong>curabat</strong></span> <span class='ocrx_word' id='word_1_53' title='bbox 953 410 1000 430; x_wconf 86' lang='lat' dir='ltr'><strong>eos</strong></span> 
     </span>
    </p>
   </div>
   <div class='ocr_carea' id='block_1_9' title="bbox 215 451 1000 492">
    <p class='ocr_par' dir='ltr' id='par_1_9' title="bbox 215 451 1000 492">
     <span class='ocr_line' id='line_1_9' title="bbox 215 451 1000 492; baseline -0.01 -8"><span class='ocrx_word' id='word_1_54' title='bbox 215 459 261 492; x_wconf 85' lang='lat' dir='ltr'><strong>qui</strong></span> <span class='ocrx_word' id='word_1_55' title='bbox 275 456 434 484; x_wconf 82' lang='lat' dir='ltr'><strong>inﬁrmiOres</strong></span> <span class='ocrx_word' id='word_1_56' title='bbox 446 458 533 485; x_wconf 88' lang='lat' dir='ltr'><strong>erant,</strong></span> <span class='ocrx_word' id='word_1_57' title='bbox 548 452 733 486; x_wconf 88' lang='lat' dir='ltr'><strong>suppeditabat</strong></span> <span class='ocrx_word' id='word_1_58' title='bbox 744 452 776 478; x_wconf 90' lang='lat' dir='ltr'><strong>iis</strong></span> <span class='ocrx_word' id='word_1_59' title='bbox 788 451 832 485; x_wconf 89' lang='lat' dir='ltr'><strong>qui</strong></span> <span class='ocrx_word' id='word_1_60' title='bbox 853 451 923 477; x_wconf 91' lang='lat' dir='ltr'><strong>fame</strong></span> <span class='ocrx_word' id='word_1_61' title='bbox 937 457 1000 477; x_wconf 90' lang='lat' dir='ltr'><strong>con-</strong></span> 
     </span>
    </p>
   </div>
   <div class='ocr_carea' id='block_1_10' title="bbox 219 496 999 533">
    <p class='ocr_par' dir='ltr' id='par_1_10' title="bbox 219 496 999 533">
     <span class='ocr_line' id='line_1_10' title="bbox 219 496 999 533; baseline -0.01 -4"><span class='ocrx_word' id='word_1_62' title='bbox 219 502 396 530; x_wconf 76' lang='lat' dir='ltr'><strong>ﬁciebantur:</strong></span> <span class='ocrx_word' id='word_1_63' title='bbox 413 507 459 527; x_wconf 88' lang='lat' dir='ltr'><strong>eos</strong></span> <span class='ocrx_word' id='word_1_64' title='bbox 480 498 587 533; x_wconf 87' lang='lat' dir='ltr'><strong>quidem</strong></span> <span class='ocrx_word' id='word_1_65' title='bbox 603 498 646 532; x_wconf 88' lang='lat' dir='ltr'><strong>qui</strong></span> <span class='ocrx_word' id='word_1_66' title='bbox 671 497 827 524; x_wconf 87' lang='lat' dir='ltr'><strong>deficiebant</strong></span> <span class='ocrx_word' id='word_1_67' title='bbox 850 496 999 530; x_wconf 73' lang='lat' dir='ltr'><strong>sepelieris;</strong></span> 
     </span>
    </p>
   </div>
   <div class='ocr_carea' id='block_1_11' title="bbox 217 541 997 580">
    <p class='ocr_par' dir='ltr' id='par_1_11' title="bbox 217 541 997 580">
     <span class='ocr_line' id='line_1_11' title="bbox 217 541 997 580; baseline -0.012 -5"><span class='ocrx_word' id='word_1_68' title='bbox 217 554 309 575; x_wconf 78' lang='lat' dir='ltr'><strong>eorum</strong></span> <span class='ocrx_word' id='word_1_69' title='bbox 324 554 387 572; x_wconf 89' lang='lat' dir='ltr'><strong>vero</strong></span> <span class='ocrx_word' id='word_1_70' title='bbox 400 545 444 580; x_wconf 70' lang='lat' dir='ltr'><strong>qui</strong></span> <span class='ocrx_word' id='word_1_71' title='bbox 460 551 534 578; x_wconf 85' lang='lat' dir='ltr'><strong>spem</strong></span> <span class='ocrx_word' id='word_1_72' title='bbox 548 544 606 569; x_wconf 69' lang='lat' dir='ltr'><strong>vitse</strong></span> <span class='ocrx_word' id='word_1_73' title='bbox 630 541 761 569; x_wconf 89' lang='lat' dir='ltr'><strong>habebant</strong></span> <span class='ocrx_word' id='word_1_74' title='bbox 774 548 863 568; x_wconf 86' lang='lat' dir='ltr'><strong>curam</strong></span> <span class='ocrx_word' id='word_1_75' title='bbox 886 547 997 574; x_wconf 86' lang='lat' dir='ltr'><strong>gerens;</strong></span> 
     </span>
    </p>
   </div>
   <div class='ocr_carea' id='block_1_12' title="bbox 216 586 1000 622">
    <p class='ocr_par' dir='ltr' id='par_1_12' title="bbox 216 586 1000 622">
     <span class='ocr_line' id='line_1_12' title="bbox 216 586 1000 622; baseline -0.011 -2"><span class='ocrx_word' id='word_1_76' title='bbox 216 597 242 620; x_wconf 88' lang='lat' dir='ltr'><strong>et</strong></span> <span class='ocrx_word' id='word_1_77' title='bbox 256 597 284 619; x_wconf 89' lang='lat' dir='ltr'><strong>ut</strong></span> <span class='ocrx_word' id='word_1_78' title='bbox 296 591 378 618; x_wconf 80' lang='lat' dir='ltr'><strong>semel</strong></span> <span class='ocrx_word' id='word_1_79' title='bbox 392 590 489 622; x_wconf 87' lang='lat' dir='ltr'><strong>dicam,</strong></span> <span class='ocrx_word' id='word_1_80' title='bbox 507 587 648 622; x_wconf 78' lang='lat' dir='ltr'><strong>hospitium</strong></span> <span class='ocrx_word' id='word_1_81' title='bbox 661 591 688 613; x_wconf 90' lang='lat' dir='ltr'><strong>et</strong></span> <span class='ocrx_word' id='word_1_82' title='bbox 702 586 876 613; x_wconf 87' lang='lat' dir='ltr'><strong>ministerium</strong></span> <span class='ocrx_word' id='word_1_83' title='bbox 891 590 1000 620; x_wconf 76' lang='lat' dir='ltr'><strong>propter</strong></span> 
     </span>
    </p>
   </div>
   <div class='ocr_carea' id='block_1_13' title="bbox 214 631 997 671">
    <p class='ocr_par' dir='ltr' id='par_1_13' title="bbox 214 631 997 671">
     <span class='ocr_line' id='line_1_13' title="bbox 214 631 997 671; baseline -0.008 -9"><span class='ocrx_word' id='word_1_84' title='bbox 214 636 312 664; x_wconf 80' lang='lat' dir='ltr'><strong>famem</strong></span> <span class='ocrx_word' id='word_1_85' title='bbox 323 635 441 671; x_wconf 82' lang='lat' dir='ltr'><strong>quotidie</strong></span> <span class='ocrx_word' id='word_1_86' title='bbox 452 634 580 661; x_wconf 83' lang='lat' dir='ltr'><strong>exhibens</strong></span> <span class='ocrx_word' id='word_1_87' title='bbox 592 641 623 660; x_wconf 88' lang='lat' dir='ltr'><strong>ex</strong></span> <span class='ocrx_word' id='word_1_88' title='bbox 636 633 667 659; x_wconf 92' lang='lat' dir='ltr'><strong>iis</strong></span> <span class='ocrx_word' id='word_1_89' title='bbox 681 639 740 665; x_wconf 60' lang='lat' dir='ltr'><strong>qua</strong></span> <span class='ocrx_word' id='word_1_90' title='bbox 752 631 997 664; x_wconf 80' lang='lat' dir='ltr'><strong>suppeditabantur.</strong></span> 
     </span>
    </p>
   </div>
   <div class='ocr_carea' id='block_1_14' title="bbox 219 675 1000 716">
    <p class='ocr_par' dir='ltr' id='par_1_14' title="bbox 219 675 1000 716">
     <span class='ocr_line' id='line_1_14' title="bbox 219 675 1000 716; baseline -0.008 -8"><span class='ocrx_word' id='word_1_91' title='bbox 219 681 328 716; x_wconf 84' lang='lat' dir='ltr'><strong>lmpleto</strong></span> <span class='ocrx_word' id='word_1_92' title='bbox 352 688 415 711; x_wconf 58' lang='lat' dir='ltr'><strong>ergo</strong></span> <span class='ocrx_word' id='word_1_93' title='bbox 441 687 526 711; x_wconf 89' lang='lat' dir='ltr'><strong>anno,</strong></span> <span class='ocrx_word' id='word_1_94' title='bbox 546 685 606 705; x_wconf 91' lang='lat' dir='ltr'><strong>cum</strong></span> <span class='ocrx_word' id='word_1_95' title='bbox 629 677 802 704; x_wconf 84' lang='lat' dir='ltr'><strong>successisset</strong></span> <span class='ocrx_word' id='word_1_96' title='bbox 824 675 956 706; x_wconf 88' lang='lat' dir='ltr'><strong>fertilitas.</strong></span> <span class='ocrx_word' id='word_1_97' title='bbox 972 680 1000 702; x_wconf 89' lang='lat' dir='ltr'><strong>et</strong></span> 
     </span>
    </p>
   </div>
   <div class='ocr_carea' id='block_1_15' title="bbox 213 717 1000 756">
    <p class='ocr_par' dir='ltr' id='par_1_15' title="bbox 213 717 1000 756">
     <span class='ocr_line' id='line_1_15' title="bbox 213 717 1000 756; baseline -0.011 -1"><span class='ocrx_word' id='word_1_98' title='bbox 213 729 304 755; x_wconf 77' lang='lat' dir='ltr'><strong>Omnia</strong></span> <span class='ocrx_word' id='word_1_99' title='bbox 318 732 390 753; x_wconf 90' lang='lat' dir='ltr'><strong>recte</strong></span> <span class='ocrx_word' id='word_1_100' title='bbox 404 724 578 752; x_wconf 84' lang='lat' dir='ltr'><strong>succederent</strong></span> <span class='ocrx_word' id='word_1_101' title='bbox 589 744 596 756; x_wconf 86' lang='lat'><strong>,</strong></span> <span class='ocrx_word' id='word_1_102' title='bbox 607 730 667 749; x_wconf 92' lang='lat' dir='ltr'><strong>cum</strong></span> <span class='ocrx_word' id='word_1_103' title='bbox 679 721 742 748; x_wconf 82' lang='lat' dir='ltr'><strong>nihil</strong></span> <span class='ocrx_word' id='word_1_104' title='bbox 757 721 866 748; x_wconf 88' lang='lat' dir='ltr'><strong>haberet</strong></span> <span class='ocrx_word' id='word_1_105' title='bbox 886 717 1000 753; x_wconf 85' lang='lat' dir='ltr'><strong>amplius</strong></span> 
     </span>
    </p>
   </div>
   <div class='ocr_carea' id='block_1_16' title="bbox 215 765 999 806">
    <p class='ocr_par' dir='ltr' id='par_1_16' title="bbox 215 765 999 806">
     <span class='ocr_line' id='line_1_16' title="bbox 215 765 999 806; baseline -0.011 -7"><span class='ocrx_word' id='word_1_106' title='bbox 215 771 285 806; x_wconf 74' lang='lat' dir='ltr'><strong>quod</strong></span> <span class='ocrx_word' id='word_1_107' title='bbox 299 775 400 806; x_wconf 89' lang='lat' dir='ltr'><strong>ageret,</strong></span> <span class='ocrx_word' id='word_1_108' title='bbox 415 770 550 804; x_wconf 80' lang='lat' dir='ltr'><strong>ingressus</strong></span> <span class='ocrx_word' id='word_1_109' title='bbox 568 772 608 795; x_wconf 81' lang='lat' dir='ltr'><strong>est</strong></span> <span class='ocrx_word' id='word_1_110' title='bbox 622 768 647 793; x_wconf 94' lang='lat' dir='ltr'><strong>in</strong></span> <span class='ocrx_word' id='word_1_111' title='bbox 661 774 736 793; x_wconf 87' lang='lat' dir='ltr'><strong>suam</strong></span> <span class='ocrx_word' id='word_1_112' title='bbox 758 765 851 793; x_wconf 84' lang='lat' dir='ltr'><strong>cellam</strong></span> <span class='ocrx_word' id='word_1_113' title='bbox 867 774 873 798; x_wconf 90' lang='lat'><strong>;</strong></span> <span class='ocrx_word' id='word_1_114' title='bbox 893 770 920 792; x_wconf 90' lang='lat' dir='ltr'><strong>et</strong></span> <span class='ocrx_word' id='word_1_115' title='bbox 941 768 999 799; x_wconf 90' lang='lat' dir='ltr'><strong>post</strong></span> 
     </span>
    </p>
   </div>
   <div class='ocr_carea' id='block_1_17' title="bbox 216 810 998 847">
    <p class='ocr_par' dir='ltr' id='par_1_17' title="bbox 216 810 998 847">
     <span class='ocr_line' id='line_1_17' title="bbox 216 810 998 847; baseline -0.01 -3"><span class='ocrx_word' id='word_1_116' title='bbox 216 823 334 844; x_wconf 84' lang='lat' dir='ltr'><strong>mensem</strong></span> <span class='ocrx_word' id='word_1_117' title='bbox 348 819 390 842; x_wconf 89' lang='lat' dir='ltr'><strong>est</strong></span> <span class='ocrx_word' id='word_1_118' title='bbox 404 818 534 847; x_wconf 86' lang='lat' dir='ltr'><strong>mortuus,</strong></span> <span class='ocrx_word' id='word_1_119' title='bbox 547 820 607 840; x_wconf 89' lang='lat' dir='ltr'><strong>cum</strong></span> <span class='ocrx_word' id='word_1_120' title='bbox 624 813 694 839; x_wconf 88' lang='lat' dir='ltr'><strong>Deus</strong></span> <span class='ocrx_word' id='word_1_121' title='bbox 709 811 733 839; x_wconf 89' lang='lat' dir='ltr'><strong>ei</strong></span> <span class='ocrx_word' id='word_1_122' title='bbox 749 811 816 838; x_wconf 89' lang='lat' dir='ltr'><strong>hanc</strong></span> <span class='ocrx_word' id='word_1_123' title='bbox 831 810 998 837; x_wconf 86' lang='lat' dir='ltr'><strong>occasionem</strong></span> 
     </span>
    </p>
   </div>
   <div class='ocr_carea' id='block_1_18' title="bbox 216 856 996 896">
    <p class='ocr_par' dir='ltr' id='par_1_18' title="bbox 216 856 996 896">
     <span class='ocr_line' id='line_1_18' title="bbox 216 856 996 896; baseline -0.009 -8"><span class='ocrx_word' id='word_1_124' title='bbox 216 862 373 896; x_wconf 69' lang='lat' dir='ltr'><strong>praebuisset</strong></span> <span class='ocrx_word' id='word_1_125' title='bbox 387 859 565 894; x_wconf 62' lang='lat' dir='ltr'><strong>adipiscendae</strong></span> <span class='ocrx_word' id='word_1_126' title='bbox 580 865 687 885; x_wconf 70' lang='lat' dir='ltr'><strong>corona:</strong></span> <span class='ocrx_word' id='word_1_127' title='bbox 703 858 728 884; x_wconf 90' lang='lat' dir='ltr'><strong>in</strong></span> <span class='ocrx_word' id='word_1_128' title='bbox 749 856 877 896; x_wconf 68' lang='lat' dir='ltr'><strong>extremis</strong></span> <span class='ocrx_word' id='word_1_129' title='bbox 892 856 996 882; x_wconf 85' lang='lat' dir='ltr'><strong>diebus.</strong></span> 
     </span>
    </p>
   </div>
   <div class='ocr_carea' id='block_1_19' title="bbox 217 893 1035 941">
    <p class='ocr_par' dir='ltr' id='par_1_19' title="bbox 217 893 1035 941">
     <span class='ocr_line' id='line_1_19' title="bbox 217 893 1035 941; baseline -0.009 -8"><span class='ocrx_word' id='word_1_130' title='bbox 217 893 332 940; x_wconf 63' lang='lat' dir='ltr'><strong>iieliquit</strong></span> <span class='ocrx_word' id='word_1_131' title='bbox 344 893 439 933; x_wconf 70' lang='lat' dir='ltr'><strong>autent</strong></span> <span class='ocrx_word' id='word_1_132' title='bbox 448 905 544 938; x_wconf 88' lang='lat' dir='ltr'><strong>scripta</strong></span> <span class='ocrx_word' id='word_1_133' title='bbox 557 910 660 937; x_wconf 87' lang='lat' dir='ltr'><strong>quoque</strong></span> <span class='ocrx_word' id='word_1_134' title='bbox 674 902 761 930; x_wconf 83' lang='lat' dir='ltr'><strong>studio</strong></span> <span class='ocrx_word' id='word_1_135' title='bbox 771 893 850 936; x_wconf 70' lang='lat' dir='ltr'><strong>digna</strong></span> <span class='ocrx_word' id='word_1_136' title='bbox 866 909 926 936; x_wconf 64' lang='lat' dir='ltr'><strong>quae</strong></span> <span class='ocrx_word' id='word_1_137' title='bbox 939 908 996 927; x_wconf 89' lang='lat' dir='ltr'><strong>ma-</strong></span> <span class='ocrx_word' id='word_1_138' title='bbox 1011 911 1035 941; x_wconf 73' lang='grc' dir='ltr'><strong>Β</strong></span> 
     </span>
    </p>
   </div>
   <div class='ocr_carea' id='block_1_20' title="bbox 214 951 646 988">
    <p class='ocr_par' dir='ltr' id='par_1_20' title="bbox 214 951 646 988">
     <span class='ocr_line' id='line_1_20' title="bbox 214 951 646 988; baseline -0.016 -8"><span class='ocrx_word' id='word_1_139' title='bbox 214 960 293 988; x_wconf 86' lang='lat' dir='ltr'><strong>gnam</strong></span> <span class='ocrx_word' id='word_1_140' title='bbox 308 952 356 979; x_wconf 93' lang='lat' dir='ltr'><strong>viri</strong></span> <span class='ocrx_word' id='word_1_141' title='bbox 369 951 494 978; x_wconf 87' lang='lat' dir='ltr'><strong>virtutem</strong></span> <span class='ocrx_word' id='word_1_142' title='bbox 509 953 646 976; x_wconf 81' lang='lat' dir='ltr'><strong>testantur.</strong></span> 
     </span>
    </p>
   </div>
   <div class='ocr_carea' id='block_1_21' title="bbox 518 992 695 1020">
    <p class='ocr_par' dir='ltr' id='par_1_21' title="bbox 518 992 695 1020">
     <span class='ocr_line' id='line_1_21' title="bbox 518 992 695 1020; baseline -0.011 0"><span class='ocrx_word' id='word_1_143' title='bbox 518 992 630 1020; x_wconf 83' lang='lat' dir='ltr'><strong>CAPUT</strong></span> <span class='ocrx_word' id='word_1_144' title='bbox 642 992 695 1019; x_wconf 87' lang='lat' dir='ltr'><strong>Cll.</strong></span> 
     </span>
    </p>
   </div>
   <div class='ocr_carea' id='block_1_22' title="bbox 465 1038 751 1066">
    <p class='ocr_par' dir='ltr' id='par_1_22' title="bbox 465 1038 751 1066">
     <span class='ocr_line' id='line_1_22' title="bbox 465 1038 751 1066; baseline -0.01 0"><span class='ocrx_word' id='word_1_145' title='bbox 465 1039 524 1066; x_wconf 80' lang='lat' dir='ltr'><strong>Vita</strong></span> <span class='ocrx_word' id='word_1_146' title='bbox 537 1038 632 1064; x_wconf 81' lang='lat' dir='ltr'><strong>abbatis</strong></span> <span class='ocrx_word' id='word_1_147' title='bbox 641 1038 751 1064; x_wconf 75' lang='lat' dir='ltr'><strong>Iuliani.</strong></span> 
     </span>
    </p>
   </div>
   <div class='ocr_carea' id='block_1_23' title="bbox 253 1081 995 1120">
    <p class='ocr_par' dir='ltr' id='par_1_23' title="bbox 253 1081 995 1120">
     <span class='ocr_line' id='line_1_23' title="bbox 253 1081 995 1120; baseline -0.008 -6"><span class='ocrx_word' id='word_1_148' title='bbox 253 1086 346 1114; x_wconf 78' lang='lat' dir='ltr'><strong>Audivi</strong></span> <span class='ocrx_word' id='word_1_149' title='bbox 361 1093 375 1113; x_wconf 92' lang='lat' dir='ltr'><strong>a</strong></span> <span class='ocrx_word' id='word_1_150' title='bbox 391 1085 504 1120; x_wconf 88' lang='lat' dir='ltr'><strong>quodatu</strong></span> <span class='ocrx_word' id='word_1_151' title='bbox 521 1085 546 1110; x_wconf 95' lang='lat' dir='ltr'><strong>in</strong></span> <span class='ocrx_word' id='word_1_152' title='bbox 561 1083 612 1110; x_wconf 84' lang='lat' dir='ltr'><strong>illis</strong></span> <span class='ocrx_word' id='word_1_153' title='bbox 634 1083 752 1118; x_wconf 89' lang='lat' dir='ltr'><strong>partibus</strong></span> <span class='ocrx_word' id='word_1_154' title='bbox 766 1081 848 1110; x_wconf 85' lang='lat' dir='ltr'><strong>fuisse</strong></span> <span class='ocrx_word' id='word_1_155' title='bbox 861 1081 995 1109; x_wconf 73' lang='lat' dir='ltr'><strong>lulianum</strong></span> 
     </span>
    </p>
   </div>
   <div class='ocr_carea' id='block_1_24' title="bbox 215 1129 997 1162">
    <p class='ocr_par' dir='ltr' id='par_1_24' title="bbox 215 1129 997 1162">
     <span class='ocr_line' id='line_1_24' title="bbox 215 1129 997 1162; baseline -0.009 -2"><span class='ocrx_word' id='word_1_156' title='bbox 215 1133 299 1160; x_wconf 85' lang='lat' dir='ltr'><strong>virum</strong></span> <span class='ocrx_word' id='word_1_157' title='bbox 311 1131 433 1159; x_wconf 71' lang='lat' dir='ltr'><strong>maximae</strong></span> <span class='ocrx_word' id='word_1_158' title='bbox 444 1129 653 1162; x_wconf 76' lang='lat' dir='ltr'><strong>exercitationis,</strong></span> <span class='ocrx_word' id='word_1_159' title='bbox 667 1129 710 1162; x_wconf 93' lang='lat' dir='ltr'><strong>qui</strong></span> <span class='ocrx_word' id='word_1_160' title='bbox 727 1135 786 1154; x_wconf 90' lang='lat' dir='ltr'><strong>cum</strong></span> <span class='ocrx_word' id='word_1_161' title='bbox 800 1135 908 1154; x_wconf 89' lang='lat' dir='ltr'><strong>carnem</strong></span> <span class='ocrx_word' id='word_1_162' title='bbox 922 1134 997 1154; x_wconf 90' lang='lat' dir='ltr'><strong>suam</strong></span> 
     </span>
    </p>
   </div>
   <div class='ocr_carea' id='block_1_25' title="bbox 175 1172 996 1213">
    <p class='ocr_par' dir='ltr' id='par_1_25' title="bbox 175 1172 996 1213">
     <span class='ocr_line' id='line_1_25' title="bbox 175 1172 996 1213; baseline -0.009 -7"><span class='ocrx_word' id='word_1_163' title='bbox 175 1191 180 1195; x_wconf 90' lang='lat'><strong>-</strong></span> <span class='ocrx_word' id='word_1_164' title='bbox 215 1185 293 1213; x_wconf 88' lang='lat' dir='ltr'><strong>supra</strong></span> <span class='ocrx_word' id='word_1_165' title='bbox 308 1177 414 1204; x_wconf 84' lang='lat' dir='ltr'><strong>modum</strong></span> <span class='ocrx_word' id='word_1_166' title='bbox 439 1175 588 1206; x_wconf 81' lang='lat' dir='ltr'><strong>afﬂixisset,</strong></span> <span class='ocrx_word' id='word_1_167' title='bbox 603 1181 663 1200; x_wconf 87' lang='lat' dir='ltr'><strong>ossa</strong></span> <span class='ocrx_word' id='word_1_168' title='bbox 678 1173 762 1200; x_wconf 87' lang='lat' dir='ltr'><strong>solum</strong></span> <span class='ocrx_word' id='word_1_169' title='bbox 782 1177 808 1199; x_wconf 91' lang='lat' dir='ltr'><strong>et</strong></span> <span class='ocrx_word' id='word_1_170' title='bbox 823 1173 918 1207; x_wconf 89' lang='lat' dir='ltr'><strong>pellem</strong></span> <span class='ocrx_word' id='word_1_171' title='bbox 940 1172 996 1199; x_wconf 88' lang='lat' dir='ltr'><strong>cir-</strong></span> 
     </span>
    </p>
   </div>
   <div class='ocr_carea' id='block_1_26' title="bbox 213 1217 998 1252">
    <p class='ocr_par' dir='ltr' id='par_1_26' title="bbox 213 1217 998 1252">
     <span class='ocr_line' id='line_1_26' title="bbox 213 1217 998 1252; baseline -0.008 -2"><span class='ocrx_word' id='word_1_172' title='bbox 213 1222 387 1250; x_wconf 82' lang='lat' dir='ltr'><strong>cumferebat.</strong></span> <span class='ocrx_word' id='word_1_173' title='bbox 401 1221 426 1248; x_wconf 89' lang='lat' dir='ltr'><strong>is</strong></span> <span class='ocrx_word' id='word_1_174' title='bbox 439 1221 466 1247; x_wconf 92' lang='lat' dir='ltr'><strong>in</strong></span> <span class='ocrx_word' id='word_1_175' title='bbox 477 1220 604 1247; x_wconf 82' lang='lat' dir='ltr'><strong>extremis</strong></span> <span class='ocrx_word' id='word_1_176' title='bbox 620 1218 679 1246; x_wconf 86' lang='lat' dir='ltr'><strong>ﬁnis</strong></span> <span class='ocrx_word' id='word_1_177' title='bbox 694 1219 734 1246; x_wconf 91' lang='lat' dir='ltr'><strong>sui</strong></span> <span class='ocrx_word' id='word_1_178' title='bbox 746 1218 838 1246; x_wconf 88' lang='lat' dir='ltr'><strong>diebus</strong></span> <span class='ocrx_word' id='word_1_179' title='bbox 848 1217 944 1252; x_wconf 82' lang='lat' dir='ltr'><strong>dignus</strong></span> <span class='ocrx_word' id='word_1_180' title='bbox 956 1221 998 1245; x_wconf 85' lang='lat' dir='ltr'><strong>est</strong></span> 
     </span>
    </p>
   </div>
   <div class='ocr_carea' id='block_1_27' title="bbox 216 1266 607 1302">
    <p class='ocr_par' dir='ltr' id='par_1_27' title="bbox 216 1266 607 1302">
     <span class='ocr_line' id='line_1_27' title="bbox 216 1266 607 1302; baseline -0.013 -5"><span class='ocrx_word' id='word_1_181' title='bbox 216 1270 320 1297; x_wconf 85' lang='lat' dir='ltr'><strong>nabitus</strong></span> <span class='ocrx_word' id='word_1_182' title='bbox 334 1267 415 1302; x_wconf 78' lang='lat' dir='ltr'><strong>gratia</strong></span> <span class='ocrx_word' id='word_1_183' title='bbox 430 1266 607 1294; x_wconf 87' lang='lat' dir='ltr'><strong>curationum.</strong></span> 
     </span>
    </p>
   </div>
   <div class='ocr_carea' id='block_1_28' title="bbox 507 1309 703 1338">
    <p class='ocr_par' dir='ltr' id='par_1_28' title="bbox 507 1309 703 1338">
     <span class='ocr_line' id='line_1_28' title="bbox 507 1309 703 1338; baseline -0.005 0"><span class='ocrx_word' id='word_1_184' title='bbox 507 1310 620 1338; x_wconf 83' lang='lat' dir='ltr'><strong>CAPUT</strong></span> <span class='ocrx_word' id='word_1_185' title='bbox 638 1309 703 1337; x_wconf 76' lang='lat' dir='ltr'><strong>CIII.</strong></span> 
     </span>
    </p>
   </div>
   <div class='ocr_carea' id='block_1_29' title="bbox 454 1353 758 1383">
    <p class='ocr_par' dir='ltr' id='par_1_29' title="bbox 454 1353 758 1383">
     <span class='ocr_line' id='line_1_29' title="bbox 454 1353 758 1383; baseline -0.01 0"><span class='ocrx_word' id='word_1_186' title='bbox 454 1356 513 1383; x_wconf 83' lang='lat' dir='ltr'><strong>Vita</strong></span> <span class='ocrx_word' id='word_1_187' title='bbox 525 1355 590 1382; x_wconf 81' lang='lat' dir='ltr'><strong>beati</strong></span> <span class='ocrx_word' id='word_1_188' title='bbox 606 1353 758 1381; x_wconf 83' lang='lat' dir='ltr'><strong>Innocentii.</strong></span> 
     </span>
    </p>
   </div>
   <div class='ocr_carea' id='block_1_30' title="bbox 248 1398 998 1436">
    <p class='ocr_par' dir='ltr' id='par_1_30' title="bbox 248 1398 998 1436">
     <span class='ocr_line' id='line_1_30' title="bbox 248 1398 998 1436; baseline -0.011 -4"><span class='ocrx_word' id='word_1_189' title='bbox 248 1405 287 1432; x_wconf 84' lang='lat' dir='ltr'><strong>De</strong></span> <span class='ocrx_word' id='word_1_190' title='bbox 300 1404 379 1432; x_wconf 88' lang='lat' dir='ltr'><strong>beato</strong></span> <span class='ocrx_word' id='word_1_191' title='bbox 393 1403 549 1431; x_wconf 87' lang='lat' dir='ltr'><strong>Innocentio</strong></span> <span class='ocrx_word' id='word_1_192' title='bbox 571 1401 729 1436; x_wconf 81' lang='lat' dir='ltr'><strong>presbytero</strong></span> <span class='ocrx_word' id='word_1_193' title='bbox 747 1399 842 1427; x_wconf 86' lang='lat' dir='ltr'><strong>()iiveti</strong></span> <span class='ocrx_word' id='word_1_194' title='bbox 854 1419 861 1432; x_wconf 88' lang='lat'><strong>,</strong></span> <span class='ocrx_word' id='word_1_195' title='bbox 878 1406 892 1425; x_wconf 88' lang='lat' dir='ltr'><strong>a</strong></span> <span class='ocrx_word' id='word_1_196' title='bbox 908 1398 998 1425; x_wconf 90' lang='lat' dir='ltr'><strong>multis</strong></span> 
     </span>
    </p>
   </div>
   <div class='ocr_carea' id='block_1_31' title="bbox 217 1445 998 1486">
    <p class='ocr_par' dir='ltr' id='par_1_31' title="bbox 217 1445 998 1486">
     <span class='ocr_line' id='line_1_31' title="bbox 217 1445 998 1486; baseline -0.009 -8"><span class='ocrx_word' id='word_1_197' title='bbox 217 1451 323 1486; x_wconf 87' lang='lat' dir='ltr'><strong>quidem</strong></span> <span class='ocrx_word' id='word_1_198' title='bbox 338 1455 365 1477; x_wconf 90' lang='lat' dir='ltr'><strong>et</strong></span> <span class='ocrx_word' id='word_1_199' title='bbox 380 1450 483 1484; x_wconf 83' lang='lat' dir='ltr'><strong>magnis</strong></span> <span class='ocrx_word' id='word_1_200' title='bbox 497 1448 602 1475; x_wconf 85' lang='lat' dir='ltr'><strong>audiisti</strong></span> <span class='ocrx_word' id='word_1_201' title='bbox 630 1456 636 1473; x_wconf 88' lang='lat'><strong>:</strong></span> <span class='ocrx_word' id='word_1_202' title='bbox 661 1445 744 1473; x_wconf 82' lang='lat' dir='ltr'><strong>nihilo</strong></span> <span class='ocrx_word' id='word_1_203' title='bbox 765 1445 852 1472; x_wconf 83' lang='lat' dir='ltr'><strong>secius</strong></span> <span class='ocrx_word' id='word_1_204' title='bbox 873 1449 960 1471; x_wconf 68' lang='lat' dir='ltr'><strong>autem</strong></span> <span class='ocrx_word' id='word_1_205' title='bbox 983 1451 998 1471; x_wconf 91' lang='lat' dir='ltr'><strong>a</strong></span> 
     </span>
    </p>
   </div>
   <div class='ocr_carea' id='block_1_32' title="bbox 215 1489 997 1529">
    <p class='ocr_par' dir='ltr' id='par_1_32' title="bbox 215 1489 997 1529">
     <span class='ocr_line' id='line_1_32' title="bbox 215 1489 997 1529; baseline -0.01 -6"><span class='ocrx_word' id='word_1_206' title='bbox 215 1495 291 1523; x_wconf 87' lang='lat' dir='ltr'><strong>nobis</strong></span> <span class='ocrx_word' id='word_1_207' title='bbox 305 1502 409 1529; x_wconf 85' lang='lat' dir='ltr'><strong>quoque</strong></span> <span class='ocrx_word' id='word_1_208' title='bbox 424 1493 525 1525; x_wconf 87' lang='lat' dir='ltr'><strong>audies,</strong></span> <span class='ocrx_word' id='word_1_209' title='bbox 537 1492 580 1527; x_wconf 90' lang='lat' dir='ltr'><strong>qui</strong></span> <span class='ocrx_word' id='word_1_210' title='bbox 595 1497 648 1518; x_wconf 89' lang='lat' dir='ltr'><strong>tres</strong></span> <span class='ocrx_word' id='word_1_211' title='bbox 657 1498 742 1518; x_wconf 84' lang='lat' dir='ltr'><strong>annos</strong></span> <span class='ocrx_word' id='word_1_212' title='bbox 754 1498 813 1517; x_wconf 92' lang='lat' dir='ltr'><strong>cum</strong></span> <span class='ocrx_word' id='word_1_213' title='bbox 828 1497 861 1517; x_wconf 92' lang='lat' dir='ltr'><strong>eo</strong></span> <span class='ocrx_word' id='word_1_214' title='bbox 873 1489 997 1516; x_wconf 82' lang='lat' dir='ltr'><strong>viximus.</strong></span> 
     </span>
    </p>
   </div>
   <div class='ocr_carea' id='block_1_33' title="bbox 214 1536 997 1575">
    <p class='ocr_par' dir='ltr' id='par_1_33' title="bbox 214 1536 997 1575">
     <span class='ocr_line' id='line_1_33' title="bbox 214 1536 997 1575; baseline -0.01 -6"><span class='ocrx_word' id='word_1_215' title='bbox 214 1541 278 1569; x_wconf 73' lang='lat' dir='ltr'><strong>Nam</strong></span> <span class='ocrx_word' id='word_1_216' title='bbox 299 1547 357 1575; x_wconf 75' lang='lat' dir='ltr'><strong>quae</strong></span> <span class='ocrx_word' id='word_1_217' title='bbox 378 1547 449 1573; x_wconf 72' lang='lat' dir='ltr'><strong>smpe</strong></span> <span class='ocrx_word' id='word_1_218' title='bbox 462 1538 521 1565; x_wconf 88' lang='lat' dir='ltr'><strong>illos</strong></span> <span class='ocrx_word' id='word_1_219' title='bbox 544 1538 685 1567; x_wconf 83' lang='lat' dir='ltr'><strong>latuerunt,</strong></span> <span class='ocrx_word' id='word_1_220' title='bbox 703 1536 780 1563; x_wconf 90' lang='lat' dir='ltr'><strong>nobis</strong></span> <span class='ocrx_word' id='word_1_221' title='bbox 802 1536 997 1567; x_wconf 87' lang='lat' dir='ltr'><strong>innotuerunt;</strong></span> 
     </span>
    </p>
   </div>
   <div class='ocr_carea' id='block_1_34' title="bbox 1052 266 1840 301">
    <p class='ocr_par' dir='ltr' id='par_1_34' title="bbox 1052 266 1840 301">
     <span class='ocr_line' id='line_1_34' title="bbox 1052 266 1840 301; baseline -0.001 -6"><span class='ocrx_word' id='word_1_222' title='bbox 1052 272 1086 295; x_wconf 62' lang='grc' dir='ltr'><strong>ιω</strong></span> <span class='ocrx_word' id='word_1_223' title='bbox 1100 271 1161 294; x_wconf 86' lang='lat' dir='ltr'><strong>sunt</strong></span> <span class='ocrx_word' id='word_1_224' title='bbox 1174 266 1293 300; x_wconf 68' lang='lat' dir='ltr'><strong>reliquiae</strong></span> <span class='ocrx_word' id='word_1_225' title='bbox 1307 266 1417 294; x_wconf 87' lang='lat' dir='ltr'><strong>Joannis</strong></span> <span class='ocrx_word' id='word_1_226' title='bbox 1433 267 1575 300; x_wconf 59' lang='lat' dir='ltr'><strong>Baptistae;</strong></span> <span class='ocrx_word' id='word_1_227' title='bbox 1596 270 1625 294; x_wconf 88' lang='lat' dir='ltr'><strong>et</strong></span> <span class='ocrx_word' id='word_1_228' title='bbox 1647 273 1709 294; x_wconf 89' lang='lat' dir='ltr'><strong>eum</strong></span> <span class='ocrx_word' id='word_1_229' title='bbox 1734 272 1781 301; x_wconf 81' lang='lat' dir='ltr'><strong>pro</strong></span> <span class='ocrx_word' id='word_1_230' title='bbox 1808 272 1840 294; x_wconf 73' lang='lat' dir='ltr'><strong>eo</strong></span> 
     </span>
    </p>
   </div>
   <div class='ocr_carea' id='block_1_35' title="bbox 1050 311 1838 345">
    <p class='ocr_par' dir='ltr' id='par_1_35' title="bbox 1050 311 1838 345">
     <span class='ocr_line' id='line_1_35' title="bbox 1050 311 1838 345; baseline -0.001 -6"><span class='ocrx_word' id='word_1_231' title='bbox 1050 317 1154 340; x_wconf 77' lang='lat' dir='ltr'><strong>orasset</strong></span> <span class='ocrx_word' id='word_1_232' title='bbox 1164 319 1246 345; x_wconf 90' lang='lat' dir='ltr'><strong>usque</strong></span> <span class='ocrx_word' id='word_1_233' title='bbox 1256 311 1289 338; x_wconf 91' lang='lat' dir='ltr'><strong>ad</strong></span> <span class='ocrx_word' id='word_1_234' title='bbox 1304 311 1395 338; x_wconf 90' lang='lat' dir='ltr'><strong>horam</strong></span> <span class='ocrx_word' id='word_1_235' title='bbox 1409 319 1506 338; x_wconf 93' lang='lat' dir='ltr'><strong>nonam</strong></span> <span class='ocrx_word' id='word_1_236' title='bbox 1521 311 1554 339; x_wconf 87' lang='lat' dir='ltr'><strong>ab</strong></span> <span class='ocrx_word' id='word_1_237' title='bbox 1568 312 1632 338; x_wconf 83' lang='lat' dir='ltr'><strong>hora</strong></span> <span class='ocrx_word' id='word_1_238' title='bbox 1645 312 1734 339; x_wconf 80' lang='lat' dir='ltr'><strong>tertia.</strong></span> <span class='ocrx_word' id='word_1_239' title='bbox 1744 318 1838 339; x_wconf 84' lang='lat' dir='ltr'><strong>sanum</strong></span> 
     </span>
    </p>
   </div>
   <div class='ocr_carea' id='block_1_36' title="bbox 1051 355 1838 393">
    <p class='ocr_par' dir='ltr' id='par_1_36' title="bbox 1051 355 1838 393">
     <span class='ocr_line' id='line_1_36' title="bbox 1051 355 1838 393; baseline 0 -10"><span class='ocrx_word' id='word_1_240' title='bbox 1051 356 1164 383; x_wconf 88' lang='lat' dir='ltr'><strong>reddidit</strong></span> <span class='ocrx_word' id='word_1_241' title='bbox 1178 356 1376 383; x_wconf 87' lang='lat' dir='ltr'><strong>adolescentem</strong></span> <span class='ocrx_word' id='word_1_242' title='bbox 1389 357 1477 388; x_wconf 89' lang='lat' dir='ltr'><strong>matri,</strong></span> <span class='ocrx_word' id='word_1_243' title='bbox 1492 361 1519 383; x_wconf 90' lang='lat' dir='ltr'><strong>et</strong></span> <span class='ocrx_word' id='word_1_244' title='bbox 1533 356 1626 383; x_wconf 87' lang='lat' dir='ltr'><strong>eodem</strong></span> <span class='ocrx_word' id='word_1_245' title='bbox 1637 355 1680 383; x_wconf 87' lang='lat' dir='ltr'><strong>die</strong></span> <span class='ocrx_word' id='word_1_246' title='bbox 1690 364 1717 383; x_wconf 80' lang='lat' dir='ltr'><strong>et</strong></span> <span class='ocrx_word' id='word_1_247' title='bbox 1733 357 1838 393; x_wconf 84' lang='lat' dir='ltr'><strong>paraly-</strong></span> 
     </span>
    </p>
   </div>
   <div class='ocr_carea' id='block_1_37' title="bbox 1051 401 1824 436">
    <p class='ocr_par' dir='ltr' id='par_1_37' title="bbox 1051 401 1824 436">
     <span class='ocr_line' id='line_1_37' title="bbox 1051 401 1824 436; baseline 0 -8"><span class='ocrx_word' id='word_1_248' title='bbox 1051 401 1100 428; x_wconf 88' lang='lat' dir='ltr'><strong>sim</strong></span> <span class='ocrx_word' id='word_1_249' title='bbox 1116 401 1217 435; x_wconf 84' lang='lat' dir='ltr'><strong>expulit</strong></span> <span class='ocrx_word' id='word_1_250' title='bbox 1236 405 1263 428; x_wconf 90' lang='lat' dir='ltr'><strong>et</strong></span> <span class='ocrx_word' id='word_1_251' title='bbox 1278 401 1440 428; x_wconf 69' lang='lat' dir='ltr'><strong>daemonem.</strong></span> <span class='ocrx_word' id='word_1_252' title='bbox 1459 401 1523 428; x_wconf 88' lang='lat' dir='ltr'><strong>Erat</strong></span> <span class='ocrx_word' id='word_1_253' title='bbox 1536 406 1625 428; x_wconf 86' lang='lat' dir='ltr'><strong>autem</strong></span> <span class='ocrx_word' id='word_1_254' title='bbox 1639 401 1698 428; x_wconf 91' lang='lat' dir='ltr'><strong>talis</strong></span> <span class='ocrx_word' id='word_1_255' title='bbox 1710 409 1768 436; x_wconf 76' lang='lat' dir='ltr'><strong>ejus</strong></span> <span class='ocrx_word' id='word_1_256' title='bbox 1793 409 1824 436; x_wconf 91' lang='lat' dir='ltr'><strong>pa</strong></span> 
     </span>
    </p>
   </div>
   <div class='ocr_carea' id='block_1_38' title="bbox 1051 446 1834 481">
    <p class='ocr_par' dir='ltr' id='par_1_38' title="bbox 1051 446 1834 481">
     <span class='ocr_line' id='line_1_38' title="bbox 1051 446 1834 481; baseline 0.003 -9"><span class='ocrx_word' id='word_1_257' title='bbox 1051 446 1156 480; x_wconf 88' lang='lat' dir='ltr'><strong>ralysis,</strong></span> <span class='ocrx_word' id='word_1_258' title='bbox 1172 450 1200 473; x_wconf 91' lang='lat' dir='ltr'><strong>ut</strong></span> <span class='ocrx_word' id='word_1_259' title='bbox 1210 452 1309 479; x_wconf 87' lang='lat' dir='ltr'><strong>spuens</strong></span> <span class='ocrx_word' id='word_1_260' title='bbox 1324 453 1390 480; x_wconf 91' lang='lat' dir='ltr'><strong>puer</strong></span> <span class='ocrx_word' id='word_1_261' title='bbox 1401 451 1502 481; x_wconf 90' lang='lat' dir='ltr'><strong>tergum</strong></span> <span class='ocrx_word' id='word_1_262' title='bbox 1514 453 1590 473; x_wconf 90' lang='lat' dir='ltr'><strong>suum</strong></span> <span class='ocrx_word' id='word_1_263' title='bbox 1602 450 1760 480; x_wconf 80' lang='lat' dir='ltr'><strong>conspucret</strong></span> <span class='ocrx_word' id='word_1_264' title='bbox 1773 455 1780 479; x_wconf 83' lang='lat'><strong>;</strong></span> <span class='ocrx_word' id='word_1_265' title='bbox 1797 447 1834 474; x_wconf 80' lang='lat' dir='ltr'><strong>ita</strong></span> 
     </span>
    </p>
   </div>
   <div class='ocr_carea' id='block_1_39' title="bbox 1050 491 1836 525">
    <p class='ocr_par' dir='ltr' id='par_1_39' title="bbox 1050 491 1836 525">
     <span class='ocr_line' id='line_1_39' title="bbox 1050 491 1836 525; baseline 0.001 -6"><span class='ocrx_word' id='word_1_266' title='bbox 1050 496 1109 520; x_wconf 90' lang='lat' dir='ltr'><strong>erat</strong></span> <span class='ocrx_word' id='word_1_267' title='bbox 1123 492 1252 519; x_wconf 86' lang='lat' dir='ltr'><strong>inversus.</strong></span> <span class='ocrx_word' id='word_1_268' title='bbox 1271 491 1349 518; x_wconf 83' lang='lat' dir='ltr'><strong>Aliud</strong></span> <span class='ocrx_word' id='word_1_269' title='bbox 1364 498 1469 518; x_wconf 90' lang='lat' dir='ltr'><strong>rursum</strong></span> <span class='ocrx_word' id='word_1_270' title='bbox 1483 491 1533 518; x_wconf 89' lang='lat' dir='ltr'><strong>fuit</strong></span> <span class='ocrx_word' id='word_1_271' title='bbox 1545 492 1603 525; x_wconf 88' lang='lat' dir='ltr'><strong>ejus</strong></span> <span class='ocrx_word' id='word_1_272' title='bbox 1626 492 1743 525; x_wconf 83' lang='lat' dir='ltr'><strong>signum.</strong></span> <span class='ocrx_word' id='word_1_273' title='bbox 1759 491 1836 524; x_wconf 70' lang='lat' dir='ltr'><strong>Quat-</strong></span> 
     </span>
    </p>
   </div>
   <div class='ocr_carea' id='block_1_40' title="bbox 1051 537 1834 571">
    <p class='ocr_par' dir='ltr' id='par_1_40' title="bbox 1051 537 1834 571">
     <span class='ocr_line' id='line_1_40' title="bbox 1051 537 1834 571; baseline 0.001 -7"><span class='ocrx_word' id='word_1_274' title='bbox 1051 537 1111 564; x_wconf 89' lang='lat' dir='ltr'><strong>dam</strong></span> <span class='ocrx_word' id='word_1_275' title='bbox 1124 545 1190 564; x_wconf 84' lang='lat' dir='ltr'><strong>auus</strong></span> <span class='ocrx_word' id='word_1_276' title='bbox 1205 545 1264 571; x_wconf 81' lang='lat' dir='ltr'><strong>qua:</strong></span> <span class='ocrx_word' id='word_1_277' title='bbox 1274 544 1339 564; x_wconf 91' lang='lat' dir='ltr'><strong>oves</strong></span> <span class='ocrx_word' id='word_1_278' title='bbox 1353 537 1475 570; x_wconf 86' lang='lat' dir='ltr'><strong>pascebat</strong></span> <span class='ocrx_word' id='word_1_279' title='bbox 1485 537 1510 564; x_wconf 86' lang='lat' dir='ltr'><strong>in</strong></span> <span class='ocrx_word' id='word_1_280' title='bbox 1527 537 1591 564; x_wconf 87' lang='lat' dir='ltr'><strong>locis</strong></span> <span class='ocrx_word' id='word_1_281' title='bbox 1602 537 1712 564; x_wconf 77' lang='lat' dir='ltr'><strong>Lazario</strong></span> <span class='ocrx_word' id='word_1_282' title='bbox 1722 538 1815 565; x_wconf 83' lang='lat' dir='ltr'><strong>vicinis</strong></span> <span class='ocrx_word' id='word_1_283' title='bbox 1826 559 1834 571; x_wconf 91' lang='lat'><strong>,</strong></span> 
     </span>
    </p>
   </div>
   <div class='ocr_carea' id='block_1_41' title="bbox 1051 581 1834 617">
    <p class='ocr_par' dir='ltr' id='par_1_41' title="bbox 1051 581 1834 617">
     <span class='ocr_line' id='line_1_41' title="bbox 1051 581 1834 617; baseline 0.004 -10"><span class='ocrx_word' id='word_1_284' title='bbox 1051 586 1079 608; x_wconf 89' lang='lat' dir='ltr'><strong>et</strong></span> <span class='ocrx_word' id='word_1_285' title='bbox 1091 588 1168 608; x_wconf 92' lang='lat' dir='ltr'><strong>ovem</strong></span> <span class='ocrx_word' id='word_1_286' title='bbox 1183 581 1324 614; x_wconf 89' lang='lat' dir='ltr'><strong>amiserat,</strong></span> <span class='ocrx_word' id='word_1_287' title='bbox 1340 581 1454 608; x_wconf 89' lang='lat' dir='ltr'><strong>accessit</strong></span> <span class='ocrx_word' id='word_1_288' title='bbox 1467 581 1499 608; x_wconf 91' lang='lat' dir='ltr'><strong>ad</strong></span> <span class='ocrx_word' id='word_1_289' title='bbox 1515 588 1574 608; x_wconf 90' lang='lat' dir='ltr'><strong>eum</strong></span> <span class='ocrx_word' id='word_1_290' title='bbox 1589 581 1654 608; x_wconf 83' lang='lat' dir='ltr'><strong>tiens</strong></span> <span class='ocrx_word' id='word_1_291' title='bbox 1667 590 1673 614; x_wconf 91' lang='lat'><strong>;</strong></span> <span class='ocrx_word' id='word_1_292' title='bbox 1698 589 1777 617; x_wconf 90' lang='lat' dir='ltr'><strong>quam</strong></span> <span class='ocrx_word' id='word_1_293' title='bbox 1791 590 1834 610; x_wconf 84' lang='lat' dir='ltr'><strong>se-</strong></span> 
     </span>
    </p>
   </div>
   <div class='ocr_carea' id='block_1_42' title="bbox 1050 626 1834 656">
    <p class='ocr_par' dir='ltr' id='par_1_42' title="bbox 1050 626 1834 656">
     <span class='ocr_line' id='line_1_42' title="bbox 1050 626 1834 656; baseline 0.004 -3"><span class='ocrx_word' id='word_1_294' title='bbox 1050 631 1127 654; x_wconf 89' lang='lat' dir='ltr'><strong>cutus</strong></span> <span class='ocrx_word' id='word_1_295' title='bbox 1141 627 1205 654; x_wconf 89' lang='lat' dir='ltr'><strong>dicit</strong></span> <span class='ocrx_word' id='word_1_296' title='bbox 1218 627 1243 654; x_wconf 89' lang='lat' dir='ltr'><strong>ei</strong></span> <span class='ocrx_word' id='word_1_297' title='bbox 1258 635 1264 653; x_wconf 91' lang='lat'><strong>:</strong></span> <span class='ocrx_word' id='word_1_298' title='bbox 1280 626 1397 654; x_wconf 89' lang='lat' dir='ltr'><strong>Ostende</strong></span> <span class='ocrx_word' id='word_1_299' title='bbox 1412 627 1476 654; x_wconf 89' lang='lat' dir='ltr'><strong>mihi</strong></span> <span class='ocrx_word' id='word_1_300' title='bbox 1490 627 1576 654; x_wconf 92' lang='lat' dir='ltr'><strong>locum</strong></span> <span class='ocrx_word' id='word_1_301' title='bbox 1593 627 1636 654; x_wconf 92' lang='lat' dir='ltr'><strong>ubi</strong></span> <span class='ocrx_word' id='word_1_302' title='bbox 1651 627 1784 656; x_wconf 85' lang='lat' dir='ltr'><strong>amiseris.</strong></span> <span class='ocrx_word' id='word_1_303' title='bbox 1798 629 1834 656; x_wconf 84' lang='lat' dir='ltr'><strong>Ea</strong></span> 
     </span>
    </p>
   </div>
   <div class='ocr_carea' id='block_1_43' title="bbox 1051 672 1834 706">
    <p class='ocr_par' dir='ltr' id='par_1_43' title="bbox 1051 672 1834 706">
     <span class='ocr_line' id='line_1_43' title="bbox 1051 672 1834 706; baseline 0.001 -7"><span class='ocrx_word' id='word_1_304' title='bbox 1051 680 1116 699; x_wconf 90' lang='lat' dir='ltr'><strong>vero</strong></span> <span class='ocrx_word' id='word_1_305' title='bbox 1131 672 1203 699; x_wconf 91' lang='lat' dir='ltr'><strong>ducit</strong></span> <span class='ocrx_word' id='word_1_306' title='bbox 1216 680 1277 699; x_wconf 86' lang='lat' dir='ltr'><strong>eum</strong></span> <span class='ocrx_word' id='word_1_307' title='bbox 1295 672 1328 699; x_wconf 89' lang='lat' dir='ltr'><strong>ad</strong></span> <span class='ocrx_word' id='word_1_308' title='bbox 1344 672 1402 699; x_wconf 88' lang='lat' dir='ltr'><strong>loca</strong></span> <span class='ocrx_word' id='word_1_309' title='bbox 1426 679 1485 706; x_wconf 75' lang='lat' dir='ltr'><strong>quae</strong></span> <span class='ocrx_word' id='word_1_310' title='bbox 1507 677 1569 699; x_wconf 88' lang='lat' dir='ltr'><strong>sunt</strong></span> <span class='ocrx_word' id='word_1_311' title='bbox 1591 673 1662 700; x_wconf 89' lang='lat' dir='ltr'><strong>circa</strong></span> <span class='ocrx_word' id='word_1_312' title='bbox 1684 672 1834 700; x_wconf 84' lang='lat' dir='ltr'><strong>Lazariutn.</strong></span> 
     </span>
    </p>
   </div>
   <div class='ocr_carea' id='block_1_44' title="bbox 1050 716 1835 752">
    <p class='ocr_par' dir='ltr' id='par_1_44' title="bbox 1050 716 1835 752">
     <span class='ocr_line' id='line_1_44' title="bbox 1050 716 1835 752; baseline 0.003 -8"><span class='ocrx_word' id='word_1_313' title='bbox 1050 716 1130 744; x_wconf 83' lang='lat' dir='ltr'><strong>Stans</strong></span> <span class='ocrx_word' id='word_1_314' title='bbox 1149 724 1214 752; x_wconf 82' lang='lat' dir='ltr'><strong>ergo</strong></span> <span class='ocrx_word' id='word_1_315' title='bbox 1229 717 1329 743; x_wconf 90' lang='lat' dir='ltr'><strong>oravit.</strong></span> <span class='ocrx_word' id='word_1_316' title='bbox 1344 716 1394 749; x_wconf 84' lang='lat' dir='ltr'><strong>Qui</strong></span> <span class='ocrx_word' id='word_1_317' title='bbox 1406 716 1526 744; x_wconf 83' lang='lat' dir='ltr'><strong>suii&#39;urati</strong></span> <span class='ocrx_word' id='word_1_318' title='bbox 1541 721 1630 744; x_wconf 87' lang='lat' dir='ltr'><strong>autem</strong></span> <span class='ocrx_word' id='word_1_319' title='bbox 1649 722 1726 745; x_wconf 91' lang='lat' dir='ltr'><strong>erant</strong></span> <span class='ocrx_word' id='word_1_320' title='bbox 1747 718 1835 746; x_wconf 81' lang='lat' dir='ltr'><strong>adole-</strong></span> 
     </span>
    </p>
   </div>
   <div class='ocr_carea' id='block_1_45' title="bbox 1050 761 1835 797">
    <p class='ocr_par' dir='ltr' id='par_1_45' title="bbox 1050 761 1835 797">
     <span class='ocr_line' id='line_1_45' title="bbox 1050 761 1835 797; baseline 0.003 -8"><span class='ocrx_word' id='word_1_321' title='bbox 1050 766 1166 793; x_wconf 84' lang='lat' dir='ltr'><strong>scentes,</strong></span> <span class='ocrx_word' id='word_1_322' title='bbox 1182 762 1266 795; x_wconf 83' lang='lat' dir='ltr'><strong>ipsam</strong></span> <span class='ocrx_word' id='word_1_323' title='bbox 1281 762 1356 796; x_wconf 92' lang='lat' dir='ltr'><strong>prius</strong></span> <span class='ocrx_word' id='word_1_324' title='bbox 1368 761 1532 789; x_wconf 88' lang='lat' dir='ltr'><strong>occiderant.</strong></span> <span class='ocrx_word' id='word_1_325' title='bbox 1547 762 1615 789; x_wconf 89' lang='lat' dir='ltr'><strong>Dum</strong></span> <span class='ocrx_word' id='word_1_326' title='bbox 1629 769 1692 797; x_wconf 85' lang='lat' dir='ltr'><strong>ergo</strong></span> <span class='ocrx_word' id='word_1_327' title='bbox 1707 763 1765 797; x_wconf 80' lang='lat' dir='ltr'><strong>ipse</strong></span> <span class='ocrx_word' id='word_1_328' title='bbox 1777 771 1835 791; x_wconf 86' lang='lat' dir='ltr'><strong>ora-</strong></span> 
     </span>
    </p>
   </div>
   <div class='ocr_carea' id='block_1_46' title="bbox 1049 807 1877 841">
    <p class='ocr_par' dir='ltr' id='par_1_46' title="bbox 1049 807 1877 841">
     <span class='ocr_line' id='line_1_46' title="bbox 1049 807 1877 841; baseline 0 -8"><span class='ocrx_word' id='word_1_329' title='bbox 1049 812 1102 838; x_wconf 88' lang='lat' dir='ltr'><strong>ret,</strong></span> <span class='ocrx_word' id='word_1_330' title='bbox 1118 807 1223 834; x_wconf 91' lang='lat' dir='ltr'><strong>nemine</strong></span> <span class='ocrx_word' id='word_1_331' title='bbox 1237 807 1390 840; x_wconf 87' lang='lat' dir='ltr'><strong>confitente,</strong></span> <span class='ocrx_word' id='word_1_332' title='bbox 1405 814 1486 834; x_wconf 90' lang='lat' dir='ltr'><strong>carne</strong></span> <span class='ocrx_word' id='word_1_333' title='bbox 1500 807 1633 834; x_wconf 85' lang='lat' dir='ltr'><strong>occultata</strong></span> <span class='ocrx_word' id='word_1_334' title='bbox 1644 807 1672 835; x_wconf 91' lang='lat' dir='ltr'><strong>in</strong></span> <span class='ocrx_word' id='word_1_335' title='bbox 1687 809 1774 841; x_wconf 85' lang='lat' dir='ltr'><strong>vinea,</strong></span> <span class='ocrx_word' id='word_1_336' title='bbox 1786 810 1834 836; x_wconf 91' lang='lat' dir='ltr'><strong>ali-</strong></span> <span class='ocrx_word' id='word_1_337' title='bbox 1869 826 1877 833; x_wconf 82' lang='lat'><strong>.</strong></span> 
     </span>
    </p>
   </div>
   <div class='ocr_carea' id='block_1_47' title="bbox 1050 851 1834 886">
    <p class='ocr_par' dir='ltr' id='par_1_47' title="bbox 1050 851 1834 886">
     <span class='ocr_line' id='line_1_47' title="bbox 1050 851 1834 886; baseline 0.004 -8"><span class='ocrx_word' id='word_1_338' title='bbox 1050 851 1136 878; x_wconf 89' lang='lat' dir='ltr'><strong>cunde</strong></span> <span class='ocrx_word' id='word_1_339' title='bbox 1151 851 1261 878; x_wconf 88' lang='lat' dir='ltr'><strong>veniens</strong></span> <span class='ocrx_word' id='word_1_340' title='bbox 1274 858 1371 878; x_wconf 83' lang='lat' dir='ltr'><strong>corvus</strong></span> <span class='ocrx_word' id='word_1_341' title='bbox 1385 851 1458 878; x_wconf 85' lang='lat' dir='ltr'><strong>stetit</strong></span> <span class='ocrx_word' id='word_1_342' title='bbox 1472 859 1552 886; x_wconf 82' lang='lat' dir='ltr'><strong>supra</strong></span> <span class='ocrx_word' id='word_1_343' title='bbox 1564 851 1673 886; x_wconf 91' lang='lat' dir='ltr'><strong>furtum,</strong></span> <span class='ocrx_word' id='word_1_344' title='bbox 1685 858 1713 881; x_wconf 91' lang='lat' dir='ltr'><strong>et</strong></span> <span class='ocrx_word' id='word_1_345' title='bbox 1722 853 1834 881; x_wconf 83' lang='lat' dir='ltr'><strong>frustum</strong></span> 
     </span>
    </p>
   </div>
   <div class='ocr_carea' id='block_1_48' title="bbox 1049 896 1834 931">
    <p class='ocr_par' dir='ltr' id='par_1_48' title="bbox 1049 896 1834 931">
     <span class='ocr_line' id='line_1_48' title="bbox 1049 896 1834 931; baseline 0.004 -8"><span class='ocrx_word' id='word_1_346' title='bbox 1049 903 1081 923; x_wconf 86' lang='lat' dir='ltr'><strong>ex</strong></span> <span class='ocrx_word' id='word_1_347' title='bbox 1097 896 1143 923; x_wconf 90' lang='lat' dir='ltr'><strong>illo</strong></span> <span class='ocrx_word' id='word_1_348' title='bbox 1156 896 1254 931; x_wconf 88' lang='lat' dir='ltr'><strong>rapttit,</strong></span> <span class='ocrx_word' id='word_1_349' title='bbox 1264 904 1295 924; x_wconf 92' lang='lat' dir='ltr'><strong>ac</strong></span> <span class='ocrx_word' id='word_1_350' title='bbox 1304 903 1397 924; x_wconf 85' lang='lat' dir='ltr'><strong>rursus</strong></span> <span class='ocrx_word' id='word_1_351' title='bbox 1410 897 1538 924; x_wconf 85' lang='lat' dir='ltr'><strong>evolavit.</strong></span> <span class='ocrx_word' id='word_1_352' title='bbox 1554 898 1622 925; x_wconf 89' lang='lat' dir='ltr'><strong>Cum</strong></span> <span class='ocrx_word' id='word_1_353' title='bbox 1638 897 1731 926; x_wconf 77' lang='lat' dir='ltr'><strong>beatus</strong></span> <span class='ocrx_word' id='word_1_354' title='bbox 1746 903 1834 926; x_wconf 85' lang='lat' dir='ltr'><strong>autent</strong></span> 
     </span>
    </p>
   </div>
   <div class='ocr_carea' id='block_1_49' title="bbox 1047 942 1835 976">
    <p class='ocr_par' dir='ltr' id='par_1_49' title="bbox 1047 942 1835 976">
     <span class='ocr_line' id='line_1_49' title="bbox 1047 942 1835 976; baseline 0.004 -7"><span class='ocrx_word' id='word_1_355' title='bbox 1047 942 1297 976; x_wconf 83' lang='lat' dir='ltr'><strong>animadvertisset,</strong></span> <span class='ocrx_word' id='word_1_356' title='bbox 1325 943 1390 970; x_wconf 87' lang='lat' dir='ltr'><strong>vidit</strong></span> <span class='ocrx_word' id='word_1_357' title='bbox 1414 947 1555 970; x_wconf 85' lang='lat' dir='ltr'><strong>mactatam</strong></span> <span class='ocrx_word' id='word_1_358' title='bbox 1579 944 1726 973; x_wconf 85' lang='lat' dir='ltr'><strong>victimam.</strong></span> <span class='ocrx_word' id='word_1_359' title='bbox 1741 945 1774 972; x_wconf 86' lang='lat' dir='ltr'><strong>Et</strong></span> <span class='ocrx_word' id='word_1_360' title='bbox 1795 944 1835 972; x_wconf 87' lang='lat' dir='ltr'><strong>sic</strong></span> 
     </span>
    </p>
   </div>
   <div class='ocr_carea' id='block_1_50' title="bbox 1047 987 1835 1023">
    <p class='ocr_par' dir='ltr' id='par_1_50' title="bbox 1047 987 1835 1023">
     <span class='ocr_line' id='line_1_50' title="bbox 1047 987 1835 1023; baseline 0.004 -9"><span class='ocrx_word' id='word_1_361' title='bbox 1047 987 1158 1022; x_wconf 88' lang='lat' dir='ltr'><strong>juvenes</strong></span> <span class='ocrx_word' id='word_1_362' title='bbox 1171 987 1204 1014; x_wconf 91' lang='lat' dir='ltr'><strong>ad</strong></span> <span class='ocrx_word' id='word_1_363' title='bbox 1220 988 1302 1022; x_wconf 81' lang='lat' dir='ltr'><strong>pedes</strong></span> <span class='ocrx_word' id='word_1_364' title='bbox 1324 988 1383 1023; x_wconf 89' lang='lat' dir='ltr'><strong>ejus</strong></span> <span class='ocrx_word' id='word_1_365' title='bbox 1407 989 1561 1016; x_wconf 88' lang='lat' dir='ltr'><strong>accidentes</strong></span> <span class='ocrx_word' id='word_1_366' title='bbox 1584 989 1699 1017; x_wconf 71' lang='lat' dir='ltr'><strong>confessi</strong></span> <span class='ocrx_word' id='word_1_367' title='bbox 1723 994 1784 1017; x_wconf 86' lang='lat' dir='ltr'><strong>sunt</strong></span> <span class='ocrx_word' id='word_1_368' title='bbox 1806 997 1835 1017; x_wconf 81' lang='lat' dir='ltr'><strong>se</strong></span> 
     </span>
    </p>
   </div>
   <div class='ocr_carea' id='block_1_51' title="bbox 1045 1033 1835 1070">
    <p class='ocr_par' dir='ltr' id='par_1_51' title="bbox 1045 1033 1835 1070">
     <span class='ocr_line' id='line_1_51' title="bbox 1045 1033 1835 1070; baseline 0.004 -10"><span class='ocrx_word' id='word_1_369' title='bbox 1045 1033 1321 1067; x_wconf 86' lang='lat' dir='ltr'><strong>occidisse,etjustum</strong></span> <span class='ocrx_word' id='word_1_370' title='bbox 1331 1035 1443 1066; x_wconf 86' lang='lat' dir='ltr'><strong>pretium</strong></span> <span class='ocrx_word' id='word_1_371' title='bbox 1456 1034 1503 1061; x_wconf 89' lang='lat' dir='ltr'><strong>fuit</strong></span> <span class='ocrx_word' id='word_1_372' title='bbox 1515 1034 1548 1061; x_wconf 83' lang='lat' dir='ltr'><strong>ab</strong></span> <span class='ocrx_word' id='word_1_373' title='bbox 1558 1035 1597 1061; x_wconf 89' lang='lat' dir='ltr'><strong>eis</strong></span> <span class='ocrx_word' id='word_1_374' title='bbox 1608 1040 1731 1063; x_wconf 89' lang='lat' dir='ltr'><strong>exactum</strong></span> <span class='ocrx_word' id='word_1_375' title='bbox 1740 1039 1835 1070; x_wconf 83' lang='lat' dir='ltr'><strong>;atqne</strong></span> 
     </span>
    </p>
   </div>
   <div class='ocr_carea' id='block_1_52' title="bbox 1046 1078 1834 1114">
    <p class='ocr_par' dir='ltr' id='par_1_52' title="bbox 1046 1078 1834 1114">
     <span class='ocr_line' id='line_1_52' title="bbox 1046 1078 1834 1114; baseline 0.004 -9"><span class='ocrx_word' id='word_1_376' title='bbox 1046 1079 1082 1106; x_wconf 89' lang='lat' dir='ltr'><strong>ita</strong></span> <span class='ocrx_word' id='word_1_377' title='bbox 1098 1078 1216 1113; x_wconf 78' lang='lat' dir='ltr'><strong>castigati</strong></span> <span class='ocrx_word' id='word_1_378' title='bbox 1231 1083 1309 1112; x_wconf 88' lang='lat' dir='ltr'><strong>sunt,</strong></span> <span class='ocrx_word' id='word_1_379' title='bbox 1326 1083 1354 1106; x_wconf 92' lang='lat' dir='ltr'><strong>ut</strong></span> <span class='ocrx_word' id='word_1_380' title='bbox 1368 1086 1401 1106; x_wconf 90' lang='lat' dir='ltr'><strong>ne</strong></span> <span class='ocrx_word' id='word_1_381' title='bbox 1415 1078 1477 1114; x_wconf 81' lang='lat' dir='ltr'><strong>quid</strong></span> <span class='ocrx_word' id='word_1_382' title='bbox 1493 1079 1546 1107; x_wconf 91' lang='lat' dir='ltr'><strong>tale</strong></span> <span class='ocrx_word' id='word_1_383' title='bbox 1561 1080 1677 1114; x_wconf 84' lang='lat' dir='ltr'><strong>amplius</strong></span> <span class='ocrx_word' id='word_1_384' title='bbox 1689 1080 1834 1108; x_wconf 83' lang='lat' dir='ltr'><strong>auderent.</strong></span> 
     </span>
    </p>
   </div>
   <div class='ocr_carea' id='block_1_53' title="bbox 1347 1132 1541 1161">
    <p class='ocr_par' dir='ltr' id='par_1_53' title="bbox 1347 1132 1541 1161">
     <span class='ocr_line' id='line_1_53' title="bbox 1347 1132 1541 1161; baseline 0.005 -1"><span class='ocrx_word' id='word_1_385' title='bbox 1347 1132 1459 1161; x_wconf 82' lang='lat' dir='ltr'><strong>CAPUT</strong></span> <span class='ocrx_word' id='word_1_386' title='bbox 1473 1134 1541 1161; x_wconf 82' lang='lat' dir='ltr'><strong>CIV.</strong></span> 
     </span>
    </p>
   </div>
   <div class='ocr_carea' id='block_1_54' title="bbox 1301 1178 1591 1206">
    <p class='ocr_par' dir='ltr' id='par_1_54' title="bbox 1301 1178 1591 1206">
     <span class='ocr_line' id='line_1_54' title="bbox 1301 1178 1591 1206; baseline 0.007 -2"><span class='ocrx_word' id='word_1_387' title='bbox 1301 1178 1359 1205; x_wconf 79' lang='lat' dir='ltr'><strong>Vita</strong></span> <span class='ocrx_word' id='word_1_388' title='bbox 1380 1179 1477 1206; x_wconf 76' lang='lat' dir='ltr'><strong>abbatis</strong></span> <span class='ocrx_word' id='word_1_389' title='bbox 1496 1180 1591 1206; x_wconf 78' lang='lat' dir='ltr'><strong>Adolit&#39;.</strong></span> 
     </span>
    </p>
   </div>
   <div class='ocr_carea' id='block_1_55' title="bbox 1083 1222 1833 1258">
    <p class='ocr_par' dir='ltr' id='par_1_55' title="bbox 1083 1222 1833 1258">
     <span class='ocr_line' id='line_1_55' title="bbox 1083 1222 1833 1258; baseline 0.004 -8"><span class='ocrx_word' id='word_1_390' title='bbox 1083 1223 1183 1250; x_wconf 78' lang='lat' dir='ltr'><strong>Rursas</strong></span> <span class='ocrx_word' id='word_1_391' title='bbox 1198 1223 1258 1249; x_wconf 89' lang='lat' dir='ltr'><strong>novi</strong></span> <span class='ocrx_word' id='word_1_392' title='bbox 1274 1222 1448 1257; x_wconf 84' lang='lat' dir='ltr'><strong>Jerosolymis</strong></span> <span class='ocrx_word' id='word_1_393' title='bbox 1464 1224 1616 1258; x_wconf 78' lang='lat' dir='ltr'><strong>quemdam,</strong></span> <span class='ocrx_word' id='word_1_394' title='bbox 1633 1225 1741 1252; x_wconf 88' lang='lat' dir='ltr'><strong>nomine</strong></span> <span class='ocrx_word' id='word_1_395' title='bbox 1763 1225 1833 1253; x_wconf 80' lang='lat' dir='ltr'><strong>Atio-</strong></span> 
     </span>
    </p>
   </div>
   <div class='ocr_carea' id='block_1_56' title="bbox 1049 1268 1836 1304">
    <p class='ocr_par' dir='ltr' id='par_1_56' title="bbox 1049 1268 1836 1304">
     <span class='ocr_line' id='line_1_56' title="bbox 1049 1268 1836 1304; baseline 0.005 -9"><span class='ocrx_word' id='word_1_396' title='bbox 1049 1268 1122 1302; x_wconf 90' lang='lat' dir='ltr'><strong>lium,</strong></span> <span class='ocrx_word' id='word_1_397' title='bbox 1135 1275 1233 1304; x_wconf 80' lang='lat' dir='ltr'><strong>genere</strong></span> <span class='ocrx_word' id='word_1_398' title='bbox 1247 1268 1407 1295; x_wconf 85' lang='lat' dir='ltr'><strong>Tarsensem</strong></span> <span class='ocrx_word' id='word_1_399' title='bbox 1423 1277 1429 1295; x_wconf 93' lang='lat'>:</span> <span class='ocrx_word' id='word_1_400' title='bbox 1446 1269 1489 1303; x_wconf 86' lang='lat' dir='ltr'><strong>qni</strong></span> <span class='ocrx_word' id='word_1_401' title='bbox 1506 1276 1565 1296; x_wconf 93' lang='lat' dir='ltr'><strong>cum</strong></span> <span class='ocrx_word' id='word_1_402' title='bbox 1588 1270 1707 1298; x_wconf 87' lang='lat' dir='ltr'><strong>venisset</strong></span> <span class='ocrx_word' id='word_1_403' title='bbox 1727 1270 1836 1298; x_wconf 80' lang='lat' dir='ltr'><strong>Jeroso~</strong></span> 
     </span>
    </p>
   </div>
   <div class='ocr_carea' id='block_1_57' title="bbox 1048 1314 1835 1352">
    <p class='ocr_par' dir='ltr' id='par_1_57' title="bbox 1048 1314 1835 1352">
     <span class='ocr_line' id='line_1_57' title="bbox 1048 1314 1835 1352; baseline 0.006 -13"><span class='ocrx_word' id='word_1_404' title='bbox 1048 1314 1129 1349; x_wconf 75' lang='lat' dir='ltr'><strong>lyma,</strong></span> <span class='ocrx_word' id='word_1_405' title='bbox 1146 1316 1281 1349; x_wconf 80' lang='lat' dir='ltr'><strong>ingressus</strong></span> <span class='ocrx_word' id='word_1_406' title='bbox 1303 1319 1344 1342; x_wconf 88' lang='lat' dir='ltr'><strong>est</strong></span> <span class='ocrx_word' id='word_1_407' title='bbox 1358 1315 1427 1342; x_wconf 89' lang='lat' dir='ltr'><strong>viam</strong></span> <span class='ocrx_word' id='word_1_408' title='bbox 1450 1315 1559 1343; x_wconf 89' lang='lat' dir='ltr'><strong>minime</strong></span> <span class='ocrx_word' id='word_1_409' title='bbox 1577 1316 1664 1343; x_wconf 88' lang='lat' dir='ltr'><strong>tritam</strong></span> <span class='ocrx_word' id='word_1_410' title='bbox 1680 1316 1767 1352; x_wconf 63' lang='lat' dir='ltr'><strong>(ibi),</strong></span> <span class='ocrx_word' id='word_1_411' title='bbox 1784 1325 1835 1345; x_wconf 81' lang='lat' dir='ltr'><strong>non</strong></span> 
     </span>
    </p>
   </div>
   <div class='ocr_carea' id='block_1_58' title="bbox 1048 1359 1833 1397">
    <p class='ocr_par' dir='ltr' id='par_1_58' title="bbox 1048 1359 1833 1397">
     <span class='ocr_line' id='line_1_58' title="bbox 1048 1359 1833 1397; baseline 0.006 -12"><span class='ocrx_word' id='word_1_412' title='bbox 1048 1367 1127 1392; x_wconf 90' lang='lat' dir='ltr'><strong>quam</strong></span> <span class='ocrx_word' id='word_1_413' title='bbox 1141 1359 1216 1386; x_wconf 89' lang='lat' dir='ltr'><strong>multi</strong></span> <span class='ocrx_word' id='word_1_414' title='bbox 1233 1359 1345 1394; x_wconf 84' lang='lat' dir='ltr'><strong>ingressi</strong></span> <span class='ocrx_word' id='word_1_415' title='bbox 1369 1364 1449 1393; x_wconf 85' lang='lat' dir='ltr'><strong>sunt,</strong></span> <span class='ocrx_word' id='word_1_416' title='bbox 1477 1361 1523 1387; x_wconf 84' lang='lat' dir='ltr'><strong>sed</strong></span> <span class='ocrx_word' id='word_1_417' title='bbox 1543 1361 1642 1388; x_wconf 82' lang='lat' dir='ltr'><strong>selecto</strong></span> <span class='ocrx_word' id='word_1_418' title='bbox 1657 1362 1705 1388; x_wconf 89' lang='lat' dir='ltr'><strong>sibi</strong></span> <span class='ocrx_word' id='word_1_419' title='bbox 1720 1362 1833 1397; x_wconf 83' lang='lat' dir='ltr'><strong>quodam</strong></span> 
     </span>
    </p>
   </div>
   <div class='ocr_carea' id='block_1_59' title="bbox 1049 1404 1835 1440">
    <p class='ocr_par' dir='ltr' id='par_1_59' title="bbox 1049 1404 1835 1440">
     <span class='ocr_line' id='line_1_59' title="bbox 1049 1404 1835 1440; baseline 0.004 -8"><span class='ocrx_word' id='word_1_420' title='bbox 1049 1412 1118 1432; x_wconf 86' lang='lat' dir='ltr'><strong>novo</strong></span> <span class='ocrx_word' id='word_1_421' title='bbox 1144 1404 1204 1432; x_wconf 71' lang='lat' dir='ltr'><strong>vim:</strong></span> <span class='ocrx_word' id='word_1_422' title='bbox 1217 1404 1349 1433; x_wconf 86' lang='lat' dir='ltr'><strong>instituto.</strong></span> <span class='ocrx_word' id='word_1_423' title='bbox 1369 1405 1405 1432; x_wconf 83' lang='lat' dir='ltr'><strong>Se</strong></span> <span class='ocrx_word' id='word_1_424' title='bbox 1419 1405 1490 1432; x_wconf 91' lang='lat' dir='ltr'><strong>enim</strong></span> <span class='ocrx_word' id='word_1_425' title='bbox 1507 1413 1588 1440; x_wconf 87' lang='lat' dir='ltr'><strong>super</strong></span> <span class='ocrx_word' id='word_1_426' title='bbox 1605 1406 1738 1434; x_wconf 85' lang='lat' dir='ltr'><strong>hominem</strong></span> <span class='ocrx_word' id='word_1_427' title='bbox 1758 1414 1835 1435; x_wconf 86' lang='lat' dir='ltr'><strong>exer-</strong></span> 
     </span>
    </p>
   </div>
   <div class='ocr_carea' id='block_1_60' title="bbox 1049 1448 1836 1485">
    <p class='ocr_par' dir='ltr' id='par_1_60' title="bbox 1049 1448 1836 1485">
     <span class='ocr_line' id='line_1_60' title="bbox 1049 1448 1836 1485; baseline 0.004 -9"><span class='ocrx_word' id='word_1_428' title='bbox 1049 1449 1118 1483; x_wconf 89' lang='lat' dir='ltr'><strong>cuit;</strong></span> <span class='ocrx_word' id='word_1_429' title='bbox 1166 1453 1197 1476; x_wconf 91' lang='lat' dir='ltr'><strong>ut</strong></span> <span class='ocrx_word' id='word_1_430' title='bbox 1233 1448 1317 1476; x_wconf 86' lang='lat' dir='ltr'><strong>etiam</strong></span> <span class='ocrx_word' id='word_1_431' title='bbox 1337 1449 1402 1485; x_wconf 87' lang='lat' dir='ltr'><strong>_ipsi</strong></span> <span class='ocrx_word' id='word_1_432' title='bbox 1441 1450 1516 1484; x_wconf 84' lang='lat' dir='ltr'><strong>pravi</strong></span> <span class='ocrx_word' id='word_1_433' title='bbox 1537 1450 1673 1478; x_wconf 74' lang='lat' dir='ltr'><strong>dtentones</strong></span> <span class='ocrx_word' id='word_1_434' title='bbox 1696 1452 1836 1479; x_wconf 85' lang='lat' dir='ltr'><strong>horrentes</strong></span> 
     </span>
    </p>
   </div>
   <div class='ocr_carea' id='block_1_61' title="bbox 1049 1495 1836 1530">
    <p class='ocr_par' dir='ltr' id='par_1_61' title="bbox 1049 1495 1836 1530">
     <span class='ocr_line' id='line_1_61' title="bbox 1049 1495 1836 1530; baseline 0.004 -8"><span class='ocrx_word' id='word_1_435' title='bbox 1049 1495 1106 1530; x_wconf 82' lang='lat' dir='ltr'><strong>ejus</strong></span> <span class='ocrx_word' id='word_1_436' title='bbox 1124 1495 1305 1522; x_wconf 88' lang='lat' dir='ltr'><strong>austeritatem</strong></span> <span class='ocrx_word' id='word_1_437' title='bbox 1315 1514 1323 1527; x_wconf 88' lang='lat'><strong>,</strong></span> <span class='ocrx_word' id='word_1_438' title='bbox 1339 1502 1373 1522; x_wconf 90' lang='lat' dir='ltr'><strong>ne</strong></span> <span class='ocrx_word' id='word_1_439' title='bbox 1387 1495 1420 1522; x_wconf 90' lang='lat' dir='ltr'><strong>ad</strong></span> <span class='ocrx_word' id='word_1_440' title='bbox 1433 1502 1493 1522; x_wconf 88' lang='lat' dir='ltr'><strong>eum</strong></span> <span class='ocrx_word' id='word_1_441' title='bbox 1502 1495 1608 1530; x_wconf 87' lang='lat' dir='ltr'><strong>quidem</strong></span> <span class='ocrx_word' id='word_1_442' title='bbox 1619 1496 1746 1524; x_wconf 88' lang='lat' dir='ltr'><strong>auderent</strong></span> <span class='ocrx_word' id='word_1_443' title='bbox 1758 1505 1836 1525; x_wconf 89' lang='lat' dir='ltr'><strong>acce-</strong></span> 
     </span>
    </p>
   </div>
   <div class='ocr_carea' id='block_1_62' title="bbox 1049 1539 1834 1574">
    <p class='ocr_par' dir='ltr' id='par_1_62' title="bbox 1049 1539 1834 1574">
     <span class='ocr_line' id='line_1_62' title="bbox 1049 1539 1834 1574; baseline 0.001 -7"><span class='ocrx_word' id='word_1_444' title='bbox 1049 1539 1123 1567; x_wconf 88' lang='lat' dir='ltr'><strong>dere.</strong></span> <span class='ocrx_word' id='word_1_445' title='bbox 1137 1540 1249 1574; x_wconf 84' lang='lat' dir='ltr'><strong>Propter</strong></span> <span class='ocrx_word' id='word_1_446' title='bbox 1261 1547 1391 1567; x_wconf 89' lang='lat' dir='ltr'><strong>summam</strong></span> <span class='ocrx_word' id='word_1_447' title='bbox 1407 1544 1496 1568; x_wconf 88' lang='lat' dir='ltr'><strong>aulem</strong></span> <span class='ocrx_word' id='word_1_448' title='bbox 1519 1541 1736 1568; x_wconf 82' lang='lat' dir='ltr'><strong>exercitationem</strong></span> <span class='ocrx_word' id='word_1_449' title='bbox 1752 1546 1779 1568; x_wconf 90' lang='lat' dir='ltr'><strong>et</strong></span> <span class='ocrx_word' id='word_1_450' title='bbox 1794 1541 1834 1568; x_wconf 89' lang='lat' dir='ltr'><strong>vi-</strong></span> 
     </span>
    </p>
   </div>
   <div class='ocr_carea' id='block_1_63' title="bbox 214 1581 1834 1627">
    <p class='ocr_par' dir='ltr' id='par_1_63' title="bbox 214 1581 1834 1627">
     <span class='ocr_line' id='line_1_63' title="bbox 214 1581 1834 1627; baseline 0 -14"><span class='ocrx_word' id='word_1_451' title='bbox 214 1593 299 1620; x_wconf 89' lang='lat' dir='ltr'><strong>neque</strong></span> <span class='ocrx_word' id='word_1_452' title='bbox 314 1593 377 1612; x_wconf 86' lang='lat' dir='ltr'><strong>vero</strong></span> <span class='ocrx_word' id='word_1_453' title='bbox 393 1591 459 1611; x_wconf 90' lang='lat' dir='ltr'><strong>unus</strong></span> <span class='ocrx_word' id='word_1_454' title='bbox 473 1583 515 1610; x_wconf 82' lang='lat' dir='ltr'><strong>Vel</strong></span> <span class='ocrx_word' id='word_1_455' title='bbox 528 1583 606 1614; x_wconf 86' lang='lat' dir='ltr'><strong>alter,</strong></span> <span class='ocrx_word' id='word_1_456' title='bbox 621 1583 667 1609; x_wconf 72' lang='lat' dir='ltr'><strong>Sed</strong></span> <span class='ocrx_word' id='word_1_457' title='bbox 684 1589 770 1616; x_wconf 85' lang='lat' dir='ltr'><strong>neque</strong></span> <span class='ocrx_word' id='word_1_458' title='bbox 789 1581 880 1608; x_wconf 88' lang='lat' dir='ltr'><strong>decem</strong></span> <span class='ocrx_word' id='word_1_459' title='bbox 902 1585 997 1614; x_wconf 75' lang='lat' dir='ltr'><strong>potue-</strong></span> <span class='ocrx_word' id='word_1_460' title='bbox 1012 1597 1035 1627; x_wconf 68' lang='grc' dir='ltr'>ο</span> <span class='ocrx_word' id='word_1_461' title='bbox 1050 1585 1150 1619; x_wconf 77' lang='lat' dir='ltr'><strong>giliam,</strong></span> <span class='ocrx_word' id='word_1_462' title='bbox 1165 1585 1334 1612; x_wconf 86' lang='lat' dir='ltr'><strong>existimatus</strong></span> <span class='ocrx_word' id='word_1_463' title='bbox 1356 1589 1398 1612; x_wconf 86' lang='lat' dir='ltr'><strong>est</strong></span> <span class='ocrx_word' id='word_1_464' title='bbox 1410 1592 1471 1613; x_wconf 88' lang='lat' dir='ltr'><strong>esse</strong></span> <span class='ocrx_word' id='word_1_465' title='bbox 1483 1591 1627 1619; x_wconf 85' lang='lat' dir='ltr'><strong>spectrutn.</strong></span> <span class='ocrx_word' id='word_1_466' title='bbox 1644 1585 1672 1613; x_wconf 93' lang='lat' dir='ltr'><strong>In</strong></span> <span class='ocrx_word' id='word_1_467' title='bbox 1687 1586 1834 1620; x_wconf 73' lang='lat' dir='ltr'><strong>quadrage-</strong></span> 
     </span>
    </p>
   </div>
   <div class='ocr_carea' id='block_1_64' title="bbox 214 1625 998 1664">
    <p class='ocr_par' dir='ltr' id='par_1_64' title="bbox 214 1625 998 1664">
     <span class='ocr_line' id='line_1_64' title="bbox 214 1625 998 1664; baseline -0.011 -5"><span class='ocrx_word' id='word_1_468' title='bbox 214 1635 276 1659; x_wconf 89' lang='lat' dir='ltr'><strong>runt</strong></span> <span class='ocrx_word' id='word_1_469' title='bbox 290 1630 368 1664; x_wconf 82' lang='lat' dir='ltr'><strong>hujus</strong></span> <span class='ocrx_word' id='word_1_470' title='bbox 383 1630 431 1657; x_wconf 91' lang='lat' dir='ltr'><strong>viri</strong></span> <span class='ocrx_word' id='word_1_471' title='bbox 446 1635 553 1655; x_wconf 88' lang='lat' dir='ltr'><strong>narrare</strong></span> <span class='ocrx_word' id='word_1_472' title='bbox 567 1627 687 1654; x_wconf 84' lang='lat' dir='ltr'><strong>virtutes.</strong></span> <span class='ocrx_word' id='word_1_473' title='bbox 706 1626 729 1653; x_wconf 91' lang='lat' dir='ltr'><strong>Is</strong></span> <span class='ocrx_word' id='word_1_474' title='bbox 744 1626 791 1653; x_wconf 87' lang='lat' dir='ltr'><strong>fuit</strong></span> <span class='ocrx_word' id='word_1_475' title='bbox 804 1625 881 1659; x_wconf 82' lang='lat' dir='ltr'><strong>longe</strong></span> <span class='ocrx_word' id='word_1_476' title='bbox 897 1625 998 1658; x_wconf 86' lang='lat' dir='ltr'><strong>simpli-</strong></span> 
     </span>
    </p>
   </div>
   <div class='ocr_carea' id='block_1_65' title="bbox 214 1669 998 1704">
    <p class='ocr_par' dir='ltr' id='par_1_65' title="bbox 214 1669 998 1704">
     <span class='ocr_line' id='line_1_65' title="bbox 214 1669 998 1704; baseline -0.011 0"><span class='ocrx_word' id='word_1_477' title='bbox 214 1677 346 1704; x_wconf 83' lang='lat' dir='ltr'><strong>cissimus.</strong></span> <span class='ocrx_word' id='word_1_478' title='bbox 361 1675 426 1703; x_wconf 90' lang='lat' dir='ltr'><strong>Cum</strong></span> <span class='ocrx_word' id='word_1_479' title='bbox 440 1678 528 1701; x_wconf 90' lang='lat' dir='ltr'><strong>autem</strong></span> <span class='ocrx_word' id='word_1_480' title='bbox 541 1674 563 1700; x_wconf 89' lang='lat' dir='ltr'><strong>is</strong></span> <span class='ocrx_word' id='word_1_481' title='bbox 575 1673 667 1699; x_wconf 81' lang='lat' dir='ltr'><strong>fuisset</strong></span> <span class='ocrx_word' id='word_1_482' title='bbox 678 1670 787 1698; x_wconf 90' lang='lat' dir='ltr'><strong>illustris</strong></span> <span class='ocrx_word' id='word_1_483' title='bbox 799 1670 825 1697; x_wconf 93' lang='lat' dir='ltr'><strong>in</strong></span> <span class='ocrx_word' id='word_1_484' title='bbox 838 1670 936 1704; x_wconf 87' lang='lat' dir='ltr'><strong>palatio</strong></span> <span class='ocrx_word' id='word_1_485' title='bbox 949 1669 998 1696; x_wconf 87' lang='lat' dir='ltr'><strong>sub</strong></span> 
     </span>
    </p>
   </div>
   <div class='ocr_carea' id='block_1_66' title="bbox 214 1715 996 1754">
    <p class='ocr_par' dir='ltr' id='par_1_66' title="bbox 214 1715 996 1754">
     <span class='ocr_line' id='line_1_66' title="bbox 214 1715 996 1754; baseline -0.009 -6"><span class='ocrx_word' id='word_1_486' title='bbox 214 1722 373 1754; x_wconf 77' lang='lat' dir='ltr'><strong>imperatore</strong></span> <span class='ocrx_word' id='word_1_487' title='bbox 381 1719 537 1746; x_wconf 85' lang='lat' dir='ltr'><strong>Constantio</strong></span> <span class='ocrx_word' id='word_1_488' title='bbox 547 1717 621 1753; x_wconf 79' lang='lat'><strong>(150)</strong></span> <span class='ocrx_word' id='word_1_489' title='bbox 632 1717 659 1744; x_wconf 90' lang='lat' dir='ltr'><strong>in</strong></span> <span class='ocrx_word' id='word_1_490' title='bbox 671 1715 871 1751; x_wconf 87' lang='lat' dir='ltr'><strong>principiiscjus</strong></span> <span class='ocrx_word' id='word_1_491' title='bbox 883 1715 996 1749; x_wconf 90' lang='lat' dir='ltr'><strong>imperii,</strong></span> 
     </span>
    </p>
   </div>
   <div class='ocr_carea' id='block_1_67' title="bbox 213 1761 998 1797">
    <p class='ocr_par' dir='ltr' id='par_1_67' title="bbox 213 1761 998 1797">
     <span class='ocr_line' id='line_1_67' title="bbox 213 1761 998 1797; baseline -0.009 -4"><span class='ocrx_word' id='word_1_492' title='bbox 213 1765 313 1794; x_wconf 91' lang='lat' dir='ltr'><strong>mundo</strong></span> <span class='ocrx_word' id='word_1_493' title='bbox 327 1764 503 1796; x_wconf 90' lang='lat' dir='ltr'><strong>renuntiavit,</strong></span> <span class='ocrx_word' id='word_1_494' title='bbox 519 1762 653 1797; x_wconf 87' lang='lat' dir='ltr'><strong>profectus</strong></span> <span class='ocrx_word' id='word_1_495' title='bbox 665 1769 680 1788; x_wconf 93' lang='lat' dir='ltr'><strong>a</strong></span> <span class='ocrx_word' id='word_1_496' title='bbox 696 1761 866 1788; x_wconf 84' lang='lat' dir='ltr'><strong>matrimonio</strong></span> <span class='ocrx_word' id='word_1_497' title='bbox 882 1769 888 1787; x_wconf 77' lang='grc' dir='ltr'>ε</span> <span class='ocrx_word' id='word_1_498' title='bbox 905 1761 931 1787; x_wconf 94' lang='lat' dir='ltr'><strong>in</strong></span> <span class='ocrx_word' id='word_1_499' title='bbox 946 1767 998 1793; x_wconf 86' lang='lat' dir='ltr'><strong>quo</strong></span> 
     </span>
    </p>
   </div>
   <div class='ocr_carea' id='block_1_68' title="bbox 214 1805 998 1841">
    <p class='ocr_par' dir='ltr' id='par_1_68' title="bbox 214 1805 998 1841">
     <span class='ocr_line' id='line_1_68' title="bbox 214 1805 998 1841; baseline -0.009 -2"><span class='ocrx_word' id='word_1_500' title='bbox 214 1811 294 1839; x_wconf 88' lang='lat' dir='ltr'><strong>etiam</strong></span> <span class='ocrx_word' id='word_1_501' title='bbox 308 1810 399 1838; x_wconf 79' lang='lat' dir='ltr'><strong>habuit</strong></span> <span class='ocrx_word' id='word_1_502' title='bbox 418 1810 511 1841; x_wconf 90' lang='lat' dir='ltr'><strong>lilium,</strong></span> <span class='ocrx_word' id='word_1_503' title='bbox 526 1808 636 1835; x_wconf 87' lang='lat' dir='ltr'><strong>Paulum</strong></span> <span class='ocrx_word' id='word_1_504' title='bbox 660 1807 777 1841; x_wconf 84' lang='lat' dir='ltr'><strong>nomine,</strong></span> <span class='ocrx_word' id='word_1_505' title='bbox 794 1807 837 1841; x_wconf 85' lang='lat' dir='ltr'><strong>qui</strong></span> <span class='ocrx_word' id='word_1_506' title='bbox 859 1806 929 1833; x_wconf 86' lang='lat' dir='ltr'><strong>inter</strong></span> <span class='ocrx_word' id='word_1_507' title='bbox 951 1805 998 1832; x_wconf 54' lang='lat' dir='ltr'><strong>do-</strong></span> 
     </span>
    </p>
   </div>
   <div class='ocr_carea' id='block_1_69' title="bbox 213 1843 996 1890">
    <p class='ocr_par' dir='ltr' id='par_1_69' title="bbox 213 1843 996 1890">
     <span class='ocr_line' id='line_1_69' title="bbox 213 1843 996 1890; baseline -0.009 -5"><span class='ocrx_word' id='word_1_508' title='bbox 213 1858 337 1886; x_wconf 85' lang='lat' dir='ltr'><strong>mesticos</strong></span> <span class='ocrx_word' id='word_1_509' title='bbox 351 1857 480 1884; x_wconf 85' lang='lat' dir='ltr'><strong>militabat</strong></span> <span class='ocrx_word' id='word_1_510' title='bbox 494 1854 581 1890; x_wconf 63' lang='lat' dir='ltr'><strong>(ibi).</strong></span> <span class='ocrx_word' id='word_1_511' title='bbox 597 1854 621 1882; x_wconf 90' lang='lat' dir='ltr'><strong>is</strong></span> <span class='ocrx_word' id='word_1_512' title='bbox 635 1861 694 1882; x_wconf 83' lang='lat' dir='ltr'><strong>eum</strong></span> <span class='ocrx_word' id='word_1_513' title='bbox 715 1843 851 1888; x_wconf 49' lang='lat' dir='ltr'><strong>pec‘casset</strong></span> <span class='ocrx_word' id='word_1_514' title='bbox 865 1852 892 1880; x_wconf 93' lang='lat' dir='ltr'><strong>in</strong></span> <span class='ocrx_word' id='word_1_515' title='bbox 908 1851 996 1879; x_wconf 69' lang='lat' dir='ltr'><strong>tiliam</strong></span> 
     </span>
    </p>
   </div>
   <div class='ocr_carea' id='block_1_70' title="bbox 214 1899 995 1939">
    <p class='ocr_par' dir='ltr' id='par_1_70' title="bbox 214 1899 995 1939">
     <span class='ocr_line' id='line_1_70' title="bbox 214 1899 995 1939; baseline -0.009 -8"><span class='ocrx_word' id='word_1_516' title='bbox 214 1903 378 1939; x_wconf 73' lang='lat' dir='ltr'><strong>presbyteri,</strong></span> <span class='ocrx_word' id='word_1_517' title='bbox 392 1903 554 1936; x_wconf 78' lang='lat' dir='ltr'><strong>imprecatus</strong></span> <span class='ocrx_word' id='word_1_518' title='bbox 566 1905 606 1927; x_wconf 88' lang='lat' dir='ltr'><strong>est</strong></span> <span class='ocrx_word' id='word_1_519' title='bbox 618 1900 724 1935; x_wconf 89' lang='lat' dir='ltr'><strong>pr0prio</strong></span> <span class='ocrx_word' id='word_1_520' title='bbox 739 1899 793 1926; x_wconf 89' lang='lat' dir='ltr'><strong>ftlio</strong></span> <span class='ocrx_word' id='word_1_521' title='bbox 809 1899 976 1926; x_wconf 84' lang='lat' dir='ltr'><strong>innocentius</strong></span> <span class='ocrx_word' id='word_1_522' title='bbox 987 1918 995 1931; x_wconf 88' lang='lat'><strong>,</strong></span> 
     </span>
    </p>
   </div>
   <div class='ocr_carea' id='block_1_71' title="bbox 214 1945 998 1982">
    <p class='ocr_par' dir='ltr' id='par_1_71' title="bbox 214 1945 998 1982">
     <span class='ocr_line' id='line_1_71' title="bbox 214 1945 998 1982; baseline -0.008 -6"><span class='ocrx_word' id='word_1_523' title='bbox 214 1950 296 1976; x_wconf 86' lang='lat' dir='ltr'><strong>Deum</strong></span> <span class='ocrx_word' id='word_1_524' title='bbox 310 1955 416 1982; x_wconf 76' lang='lat' dir='ltr'><strong>rogans,</strong></span> <span class='ocrx_word' id='word_1_525' title='bbox 431 1951 458 1974; x_wconf 88' lang='lat' dir='ltr'><strong>et</strong></span> <span class='ocrx_word' id='word_1_526' title='bbox 470 1947 562 1973; x_wconf 90' lang='lat' dir='ltr'><strong>dicens</strong></span> <span class='ocrx_word' id='word_1_527' title='bbox 576 1955 582 1972; x_wconf 90' lang='lat'><strong>:</strong></span> <span class='ocrx_word' id='word_1_528' title='bbox 597 1946 717 1978; x_wconf 90' lang='lat' dir='ltr'><strong>Domine,</strong></span> <span class='ocrx_word' id='word_1_529' title='bbox 729 1945 761 1972; x_wconf 92' lang='lat' dir='ltr'><strong>da</strong></span> <span class='ocrx_word' id='word_1_530' title='bbox 776 1945 799 1972; x_wconf 93' lang='lat' dir='ltr'><strong>ei</strong></span> <span class='ocrx_word' id='word_1_531' title='bbox 815 1945 947 1979; x_wconf 91' lang='lat' dir='ltr'><strong>spiritum,</strong></span> <span class='ocrx_word' id='word_1_532' title='bbox 964 1950 998 1971; x_wconf 88' lang='lat' dir='ltr'><strong>ne</strong></span> 
     </span>
    </p>
   </div>
   <div class='ocr_carea' id='block_1_72' title="bbox 213 1988 997 2027">
    <p class='ocr_par' dir='ltr' id='par_1_72' title="bbox 213 1988 997 2027">
     <span class='ocr_line' id='line_1_72' title="bbox 213 1988 997 2027; baseline -0.005 -7"><span class='ocrx_word' id='word_1_533' title='bbox 213 1993 326 2027; x_wconf 88' lang='lat' dir='ltr'><strong>amplius</strong></span> <span class='ocrx_word' id='word_1_534' title='bbox 341 1992 456 2019; x_wconf 86' lang='lat' dir='ltr'><strong>inveniat</strong></span> <span class='ocrx_word' id='word_1_535' title='bbox 470 1991 528 2025; x_wconf 91' lang='lat' dir='ltr'><strong>ejus</strong></span> <span class='ocrx_word' id='word_1_536' title='bbox 546 1998 609 2018; x_wconf 88' lang='lat' dir='ltr'><strong>caro</strong></span> <span class='ocrx_word' id='word_1_537' title='bbox 622 1996 725 2023; x_wconf 86' lang='lat' dir='ltr'><strong>tempus</strong></span> <span class='ocrx_word' id='word_1_538' title='bbox 750 1989 886 2024; x_wconf 87' lang='lat' dir='ltr'><strong>peccandi,</strong></span> <span class='ocrx_word' id='word_1_539' title='bbox 902 1988 997 2017; x_wconf 83' lang='lat' dir='ltr'><strong>melius</strong></span> 
     </span>
    </p>
   </div>
   <div class='ocr_carea' id='block_1_73' title="bbox 213 2035 998 2071">
    <p class='ocr_par' dir='ltr' id='par_1_73' title="bbox 213 2035 998 2071">
     <span class='ocr_line' id='line_1_73' title="bbox 213 2035 998 2071; baseline -0.004 -6"><span class='ocrx_word' id='word_1_540' title='bbox 213 2039 357 2066; x_wconf 84' lang='lat' dir='ltr'><strong>arbitratus</strong></span> <span class='ocrx_word' id='word_1_541' title='bbox 372 2045 433 2065; x_wconf 88' lang='lat' dir='ltr'><strong>eum</strong></span> <span class='ocrx_word' id='word_1_542' title='bbox 447 2044 564 2071; x_wconf 79' lang='lat' dir='ltr'><strong>pugnare</strong></span> <span class='ocrx_word' id='word_1_543' title='bbox 579 2044 639 2063; x_wconf 89' lang='lat' dir='ltr'><strong>cum</strong></span> <span class='ocrx_word' id='word_1_544' title='bbox 654 2036 776 2063; x_wconf 66' lang='lat' dir='ltr'><strong>daemone</strong></span> <span class='ocrx_word' id='word_1_545' title='bbox 791 2043 868 2070; x_wconf 89' lang='lat' dir='ltr'><strong>quam</strong></span> <span class='ocrx_word' id='word_1_546' title='bbox 883 2043 942 2062; x_wconf 91' lang='lat' dir='ltr'><strong>cum</strong></span> <span class='ocrx_word' id='word_1_547' title='bbox 958 2035 998 2062; x_wconf 90' lang='lat' dir='ltr'><strong>in-</strong></span> 
     </span>
    </p>
   </div>
   <div class='ocr_carea' id='block_1_74' title="bbox 214 2083 999 2119">
    <p class='ocr_par' dir='ltr' id='par_1_74' title="bbox 214 2083 999 2119">
     <span class='ocr_line' id='line_1_74' title="bbox 214 2083 999 2119; baseline -0.004 -7"><span class='ocrx_word' id='word_1_548' title='bbox 214 2085 400 2119; x_wconf 87' lang='lat' dir='ltr'><strong>temperantia.</strong></span> <span class='ocrx_word' id='word_1_549' title='bbox 421 2083 497 2116; x_wconf 86' lang='lat' dir='ltr'><strong>Quod</strong></span> <span class='ocrx_word' id='word_1_550' title='bbox 520 2083 600 2110; x_wconf 89' lang='lat' dir='ltr'><strong>etiam</strong></span> <span class='ocrx_word' id='word_1_551' title='bbox 624 2083 720 2109; x_wconf 86' lang='lat' dir='ltr'><strong>factum</strong></span> <span class='ocrx_word' id='word_1_552' title='bbox 744 2085 786 2109; x_wconf 87' lang='lat' dir='ltr'><strong>est</strong></span> <span class='ocrx_word' id='word_1_553' title='bbox 805 2090 811 2107; x_wconf 93' lang='lat'><strong>:</strong></span> <span class='ocrx_word' id='word_1_554' title='bbox 841 2090 901 2109; x_wconf 90' lang='lat' dir='ltr'><strong>nam</strong></span> <span class='ocrx_word' id='word_1_555' title='bbox 929 2089 999 2109; x_wconf 93' lang='lat' dir='ltr'><strong>nunc</strong></span> 
     </span>
    </p>
   </div>
   <div class='ocr_carea' id='block_1_75' title="bbox 214 2127 999 2164">
    <p class='ocr_par' dir='ltr' id='par_1_75' title="bbox 214 2127 999 2164">
     <span class='ocr_line' id='line_1_75' title="bbox 214 2127 999 2164; baseline -0.003 -8"><span class='ocrx_word' id='word_1_556' title='bbox 214 2137 320 2164; x_wconf 84' lang='lat' dir='ltr'><strong>qucque</strong></span> <span class='ocrx_word' id='word_1_557' title='bbox 334 2130 421 2156; x_wconf 84' lang='lat' dir='ltr'><strong>adhuc</strong></span> <span class='ocrx_word' id='word_1_558' title='bbox 443 2133 483 2155; x_wconf 86' lang='lat' dir='ltr'><strong>est</strong></span> <span class='ocrx_word' id='word_1_559' title='bbox 507 2129 532 2155; x_wconf 94' lang='lat' dir='ltr'><strong>in</strong></span> <span class='ocrx_word' id='word_1_560' title='bbox 553 2134 643 2155; x_wconf 88' lang='lat' dir='ltr'><strong>monte</strong></span> <span class='ocrx_word' id='word_1_561' title='bbox 664 2127 817 2159; x_wconf 87' lang='lat' dir='ltr'><strong>Olivarum,</strong></span> <span class='ocrx_word' id='word_1_562' title='bbox 832 2128 929 2154; x_wconf 86' lang='lat' dir='ltr'><strong>ferrum</strong></span> <span class='ocrx_word' id='word_1_563' title='bbox 953 2134 999 2162; x_wconf 79' lang='lat' dir='ltr'><strong>ge-</strong></span> 
     </span>
    </p>
   </div>
   <div class='ocr_carea' id='block_1_76' title="bbox 213 2173 997 2209">
    <p class='ocr_par' dir='ltr' id='par_1_76' title="bbox 213 2173 997 2209">
     <span class='ocr_line' id='line_1_76' title="bbox 213 2173 997 2209; baseline -0.004 -7"><span class='ocrx_word' id='word_1_564' title='bbox 213 2181 298 2207; x_wconf 84' lang='lat' dir='ltr'><strong>stans,</strong></span> <span class='ocrx_word' id='word_1_565' title='bbox 311 2179 338 2202; x_wconf 87' lang='lat' dir='ltr'><strong>et</strong></span> <span class='ocrx_word' id='word_1_566' title='bbox 348 2175 491 2209; x_wconf 74' lang='lat' dir='ltr'><strong>castigatus</strong></span> <span class='ocrx_word' id='word_1_567' title='bbox 505 2182 518 2200; x_wconf 93' lang='lat' dir='ltr'><strong>a</strong></span> <span class='ocrx_word' id='word_1_568' title='bbox 532 2173 641 2207; x_wconf 84' lang='lat' dir='ltr'><strong>spiritu;</strong></span> <span class='ocrx_word' id='word_1_569' title='bbox 657 2177 684 2200; x_wconf 91' lang='lat' dir='ltr'><strong>et</strong></span> <span class='ocrx_word' id='word_1_570' title='bbox 703 2173 770 2206; x_wconf 84' lang='lat' dir='ltr'><strong>quod</strong></span> <span class='ocrx_word' id='word_1_571' title='bbox 795 2173 916 2199; x_wconf 87' lang='lat' dir='ltr'><strong>mirabile</strong></span> <span class='ocrx_word' id='word_1_572' title='bbox 940 2177 997 2206; x_wconf 85' lang='lat' dir='ltr'><strong>est,</strong></span> 
     </span>
    </p>
   </div>
   <div class='ocr_carea' id='block_1_77' title="bbox 215 2218 997 2254">
    <p class='ocr_par' dir='ltr' id='par_1_77' title="bbox 215 2218 997 2254">
     <span class='ocr_line' id='line_1_77' title="bbox 215 2218 997 2254; baseline -0.004 -7"><span class='ocrx_word' id='word_1_573' title='bbox 215 2220 293 2254; x_wconf 87' lang='lat' dir='ltr'><strong>hujus</strong></span> <span class='ocrx_word' id='word_1_574' title='bbox 309 2223 382 2253; x_wconf 91' lang='lat' dir='ltr'><strong>pater</strong></span> <span class='ocrx_word' id='word_1_575' title='bbox 397 2219 441 2253; x_wconf 93' lang='lat' dir='ltr'><strong>qui</strong></span> <span class='ocrx_word' id='word_1_576' title='bbox 460 2219 528 2244; x_wconf 85' lang='lat' dir='ltr'><strong>alios</strong></span> <span class='ocrx_word' id='word_1_577' title='bbox 541 2222 627 2250; x_wconf 87' lang='lat' dir='ltr'><strong>sanat,</strong></span> <span class='ocrx_word' id='word_1_578' title='bbox 641 2218 717 2252; x_wconf 87' lang='lat' dir='ltr'><strong>hujus</strong></span> <span class='ocrx_word' id='word_1_579' title='bbox 733 2218 856 2244; x_wconf 86' lang='lat' dir='ltr'><strong>misertus</strong></span> <span class='ocrx_word' id='word_1_580' title='bbox 879 2225 931 2244; x_wconf 90' lang='lat' dir='ltr'><strong>non</strong></span> <span class='ocrx_word' id='word_1_581' title='bbox 946 2222 997 2250; x_wconf 74' lang='lat' dir='ltr'><strong>est,</strong></span> 
     </span>
    </p>
   </div>
   <div class='ocr_carea' id='block_1_78' title="bbox 1050 1630 1835 1666">
    <p class='ocr_par' dir='ltr' id='par_1_78' title="bbox 1050 1630 1835 1666">
     <span class='ocr_line' id='line_1_78' title="bbox 1050 1630 1835 1666; baseline 0.003 -9"><span class='ocrx_word' id='word_1_582' title='bbox 1050 1630 1115 1658; x_wconf 79' lang='lat' dir='ltr'><strong>sima</strong></span> <span class='ocrx_word' id='word_1_583' title='bbox 1128 1631 1199 1658; x_wconf 89' lang='lat' dir='ltr'><strong>enim</strong></span> <span class='ocrx_word' id='word_1_584' title='bbox 1214 1631 1370 1659; x_wconf 87' lang='lat' dir='ltr'><strong>comedebat</strong></span> <span class='ocrx_word' id='word_1_585' title='bbox 1384 1636 1444 1666; x_wconf 90' lang='lat' dir='ltr'><strong>post</strong></span> <span class='ocrx_word' id='word_1_586' title='bbox 1457 1632 1576 1666; x_wconf 85' lang='lat' dir='ltr'><strong>quinque</strong></span> <span class='ocrx_word' id='word_1_587' title='bbox 1590 1632 1664 1665; x_wconf 90' lang='lat' dir='ltr'><strong>dies,</strong></span> <span class='ocrx_word' id='word_1_588' title='bbox 1676 1636 1732 1659; x_wconf 87' lang='lat' dir='ltr'><strong>toto</strong></span> <span class='ocrx_word' id='word_1_589' title='bbox 1746 1639 1835 1660; x_wconf 85' lang='lat' dir='ltr'><strong>autem</strong></span> 
     </span>
    </p>
   </div>
   <div class='ocr_carea' id='block_1_79' title="bbox 1049 1677 1835 1713">
    <p class='ocr_par' dir='ltr' id='par_1_79' title="bbox 1049 1677 1835 1713">
     <span class='ocr_line' id='line_1_79' title="bbox 1049 1677 1835 1713; baseline 0.004 -11"><span class='ocrx_word' id='word_1_590' title='bbox 1049 1677 1101 1704; x_wconf 91' lang='lat' dir='ltr'><strong>alio</strong></span> <span class='ocrx_word' id='word_1_591' title='bbox 1114 1681 1243 1711; x_wconf 88' lang='lat' dir='ltr'><strong>tempore,</strong></span> <span class='ocrx_word' id='word_1_592' title='bbox 1258 1684 1311 1704; x_wconf 88' lang='lat' dir='ltr'><strong>uno</strong></span> <span class='ocrx_word' id='word_1_593' title='bbox 1325 1677 1368 1704; x_wconf 88' lang='lat' dir='ltr'><strong>die</strong></span> <span class='ocrx_word' id='word_1_594' title='bbox 1383 1677 1533 1711; x_wconf 86' lang='lat' dir='ltr'><strong>interjecto.</strong></span> <span class='ocrx_word' id='word_1_595' title='bbox 1551 1678 1607 1705; x_wconf 85' lang='lat' dir='ltr'><strong>Hoc</strong></span> <span class='ocrx_word' id='word_1_596' title='bbox 1619 1684 1704 1705; x_wconf 86' lang='lat' dir='ltr'><strong>autem</strong></span> <span class='ocrx_word' id='word_1_597' title='bbox 1719 1679 1766 1705; x_wconf 84' lang='lat' dir='ltr'><strong>fuit</strong></span> <span class='ocrx_word' id='word_1_598' title='bbox 1777 1679 1835 1713; x_wconf 84' lang='lat' dir='ltr'><strong>ejus</strong></span> 
     </span>
    </p>
   </div>
   <div class='ocr_carea' id='block_1_80' title="bbox 1049 1723 1832 1759">
    <p class='ocr_par' dir='ltr' id='par_1_80' title="bbox 1049 1723 1832 1759">
     <span class='ocr_line' id='line_1_80' title="bbox 1049 1723 1832 1759; baseline 0.004 -10"><span class='ocrx_word' id='word_1_599' title='bbox 1049 1723 1153 1750; x_wconf 90' lang='lat' dir='ltr'><strong>virtutis</strong></span> <span class='ocrx_word' id='word_1_600' title='bbox 1168 1731 1290 1758; x_wconf 79' lang='lat' dir='ltr'><strong>magnum</strong></span> <span class='ocrx_word' id='word_1_601' title='bbox 1312 1723 1423 1750; x_wconf 87' lang='lat' dir='ltr'><strong>facinus.</strong></span> <span class='ocrx_word' id='word_1_602' title='bbox 1440 1726 1462 1750; x_wconf 83' lang='lat' dir='ltr'><strong>A</strong></span> <span class='ocrx_word' id='word_1_603' title='bbox 1489 1731 1597 1758; x_wconf 87' lang='lat' dir='ltr'><strong>vespera</strong></span> <span class='ocrx_word' id='word_1_604' title='bbox 1618 1732 1701 1759; x_wconf 87' lang='lat' dir='ltr'><strong>usque</strong></span> <span class='ocrx_word' id='word_1_605' title='bbox 1721 1724 1753 1752; x_wconf 82' lang='lat' dir='ltr'><strong>ad</strong></span> <span class='ocrx_word' id='word_1_606' title='bbox 1770 1725 1832 1752; x_wconf 79' lang='lat' dir='ltr'><strong>illud</strong></span> 
     </span>
    </p>
   </div>
   <div class='ocr_carea' id='block_1_81' title="bbox 1050 1768 1834 1804">
    <p class='ocr_par' dir='ltr' id='par_1_81' title="bbox 1050 1768 1834 1804">
     <span class='ocr_line' id='line_1_81' title="bbox 1050 1768 1834 1804; baseline 0.001 -10"><span class='ocrx_word' id='word_1_607' title='bbox 1050 1772 1153 1802; x_wconf 86' lang='lat' dir='ltr'><strong>tempus</strong></span> <span class='ocrx_word' id='word_1_608' title='bbox 1177 1776 1230 1803; x_wconf 90' lang='lat' dir='ltr'><strong>quo</strong></span> <span class='ocrx_word' id='word_1_609' title='bbox 1244 1769 1457 1804; x_wconf 76' lang='lat' dir='ltr'><strong>congregabatur</strong></span> <span class='ocrx_word' id='word_1_610' title='bbox 1478 1768 1630 1796; x_wconf 88' lang='lat' dir='ltr'><strong>fraternitas</strong></span> <span class='ocrx_word' id='word_1_611' title='bbox 1645 1770 1670 1796; x_wconf 93' lang='lat' dir='ltr'><strong>in</strong></span> <span class='ocrx_word' id='word_1_612' title='bbox 1692 1770 1834 1803; x_wconf 72' lang='lat' dir='ltr'><strong>oratoriis,</strong></span> 
     </span>
    </p>
   </div>
   <div class='ocr_carea' id='block_1_82' title="bbox 1049 1813 1835 1848">
    <p class='ocr_par' dir='ltr' id='par_1_82' title="bbox 1049 1813 1835 1848">
     <span class='ocr_line' id='line_1_82' title="bbox 1049 1813 1835 1848; baseline 0.005 -9"><span class='ocrx_word' id='word_1_613' title='bbox 1049 1813 1075 1840; x_wconf 92' lang='lat' dir='ltr'><strong>in</strong></span> <span class='ocrx_word' id='word_1_614' title='bbox 1088 1813 1206 1847; x_wconf 84' lang='lat' dir='ltr'><strong>Oliveto,</strong></span> <span class='ocrx_word' id='word_1_615' title='bbox 1222 1814 1249 1840; x_wconf 92' lang='lat' dir='ltr'><strong>in</strong></span> <span class='ocrx_word' id='word_1_616' title='bbox 1263 1814 1332 1841; x_wconf 92' lang='lat' dir='ltr'><strong>colle</strong></span> <span class='ocrx_word' id='word_1_617' title='bbox 1345 1815 1540 1848; x_wconf 81' lang='lat' dir='ltr'><strong>Assumptionis</strong></span> <span class='ocrx_word' id='word_1_618' title='bbox 1563 1817 1634 1842; x_wconf 84' lang='lat' dir='ltr'><strong>unde</strong></span> <span class='ocrx_word' id='word_1_619' title='bbox 1649 1816 1768 1843; x_wconf 88' lang='lat' dir='ltr'><strong>ascendit</strong></span> <span class='ocrx_word' id='word_1_620' title='bbox 1790 1817 1835 1844; x_wconf 83' lang='lat' dir='ltr'><strong>Jo-</strong></span> 
     </span>
    </p>
   </div>
   <div class='ocr_carea' id='block_1_83' title="bbox 1049 1859 1834 1894">
    <p class='ocr_par' dir='ltr' id='par_1_83' title="bbox 1049 1859 1834 1894">
     <span class='ocr_line' id='line_1_83' title="bbox 1049 1859 1834 1894; baseline 0.003 -8"><span class='ocrx_word' id='word_1_621' title='bbox 1049 1865 1105 1892; x_wconf 90' lang='lat' dir='ltr'><strong>sus,</strong></span> <span class='ocrx_word' id='word_1_622' title='bbox 1119 1863 1248 1894; x_wconf 90' lang='lat' dir='ltr'><strong>perpetuo</strong></span> <span class='ocrx_word' id='word_1_623' title='bbox 1261 1859 1348 1886; x_wconf 86' lang='lat' dir='ltr'><strong>stabat</strong></span> <span class='ocrx_word' id='word_1_624' title='bbox 1359 1860 1486 1893; x_wconf 85' lang='lat' dir='ltr'><strong>psallens,</strong></span> <span class='ocrx_word' id='word_1_625' title='bbox 1498 1866 1524 1887; x_wconf 89' lang='lat' dir='ltr'><strong>et</strong></span> <span class='ocrx_word' id='word_1_626' title='bbox 1536 1868 1626 1893; x_wconf 84' lang='lat' dir='ltr'><strong>orans,</strong></span> <span class='ocrx_word' id='word_1_627' title='bbox 1639 1866 1665 1888; x_wconf 90' lang='lat' dir='ltr'><strong>et</strong></span> <span class='ocrx_word' id='word_1_628' title='bbox 1676 1860 1834 1894; x_wconf 83' lang='lat' dir='ltr'><strong>jejuuabat;</strong></span> 
     </span>
    </p>
   </div>
   <div class='ocr_carea' id='block_1_84' title="bbox 1049 1905 1834 1940">
    <p class='ocr_par' dir='ltr' id='par_1_84' title="bbox 1049 1905 1834 1940">
     <span class='ocr_line' id='line_1_84' title="bbox 1049 1905 1834 1940; baseline 0.001 -7"><span class='ocrx_word' id='word_1_629' title='bbox 1049 1909 1077 1933; x_wconf 89' lang='lat' dir='ltr'><strong>et</strong></span> <span class='ocrx_word' id='word_1_630' title='bbox 1089 1906 1145 1932; x_wconf 83' lang='lat' dir='ltr'><strong>sive</strong></span> <span class='ocrx_word' id='word_1_631' title='bbox 1166 1905 1283 1939; x_wconf 88' lang='lat' dir='ltr'><strong>pluebat,</strong></span> <span class='ocrx_word' id='word_1_632' title='bbox 1298 1905 1353 1932; x_wconf 92' lang='lat' dir='ltr'><strong>sive</strong></span> <span class='ocrx_word' id='word_1_633' title='bbox 1368 1906 1552 1940; x_wconf 87' lang='lat' dir='ltr'><strong>grandinabat,</strong></span> <span class='ocrx_word' id='word_1_634' title='bbox 1569 1907 1693 1934; x_wconf 89' lang='lat' dir='ltr'><strong>manebat</strong></span> <span class='ocrx_word' id='word_1_635' title='bbox 1708 1907 1834 1934; x_wconf 89' lang='lat' dir='ltr'><strong>immobi-</strong></span> 
     </span>
    </p>
   </div>
   <div class='ocr_carea' id='block_1_85' title="bbox 1050 1950 1834 1986">
    <p class='ocr_par' dir='ltr' id='par_1_85' title="bbox 1050 1950 1834 1986">
     <span class='ocr_line' id='line_1_85' title="bbox 1050 1950 1834 1986; baseline 0.003 -9"><span class='ocrx_word' id='word_1_636' title='bbox 1050 1950 1093 1978; x_wconf 88' lang='lat' dir='ltr'><strong>lis.</strong></span> <span class='ocrx_word' id='word_1_637' title='bbox 1120 1951 1232 1985; x_wconf 89' lang='lat' dir='ltr'><strong>impleto</strong></span> <span class='ocrx_word' id='word_1_638' title='bbox 1256 1955 1343 1978; x_wconf 83' lang='lat' dir='ltr'><strong>autem</strong></span> <span class='ocrx_word' id='word_1_639' title='bbox 1368 1957 1486 1986; x_wconf 89' lang='lat' dir='ltr'><strong>tempore</strong></span> <span class='ocrx_word' id='word_1_640' title='bbox 1513 1958 1652 1984; x_wconf 88' lang='lat' dir='ltr'><strong>consueto,</strong></span> <span class='ocrx_word' id='word_1_641' title='bbox 1677 1953 1834 1980; x_wconf 85' lang='lat' dir='ltr'><strong>excitatorio</strong></span> 
     </span>
    </p>
   </div>
   <div class='ocr_carea' id='block_1_86' title="bbox 1052 1995 1833 2032">
    <p class='ocr_par' dir='ltr' id='par_1_86' title="bbox 1052 1995 1833 2032">
     <span class='ocr_line' id='line_1_86' title="bbox 1052 1995 1833 2032; baseline 0.003 -10"><span class='ocrx_word' id='word_1_642' title='bbox 1052 1996 1148 2023; x_wconf 89' lang='lat' dir='ltr'><strong>malleo</strong></span> <span class='ocrx_word' id='word_1_643' title='bbox 1162 1996 1283 2030; x_wconf 83' lang='lat' dir='ltr'><strong>pulsabat</strong></span> <span class='ocrx_word' id='word_1_644' title='bbox 1303 1995 1386 2023; x_wconf 87' lang='lat' dir='ltr'><strong>cellas</strong></span> <span class='ocrx_word' id='word_1_645' title='bbox 1402 1997 1519 2024; x_wconf 87' lang='lat' dir='ltr'><strong>omnium</strong></span> <span class='ocrx_word' id='word_1_646' title='bbox 1529 2017 1538 2031; x_wconf 91' lang='lat'><strong>,</strong></span> <span class='ocrx_word' id='word_1_647' title='bbox 1554 2004 1600 2025; x_wconf 89' lang='lat' dir='ltr'><strong>eos</strong></span> <span class='ocrx_word' id='word_1_648' title='bbox 1615 2005 1776 2032; x_wconf 73' lang='lat' dir='ltr'><strong>congregans</strong></span> <span class='ocrx_word' id='word_1_649' title='bbox 1800 1997 1833 2024; x_wconf 86' lang='lat' dir='ltr'><strong>ad</strong></span> 
     </span>
    </p>
   </div>
   <div class='ocr_carea' id='block_1_87' title="bbox 1052 2042 1832 2078">
    <p class='ocr_par' dir='ltr' id='par_1_87' title="bbox 1052 2042 1832 2078">
     <span class='ocr_line' id='line_1_87' title="bbox 1052 2042 1832 2078; baseline 0.001 -10"><span class='ocrx_word' id='word_1_650' title='bbox 1052 2042 1186 2075; x_wconf 89' lang='lat' dir='ltr'><strong>oratoria,</strong></span> <span class='ocrx_word' id='word_1_651' title='bbox 1209 2045 1238 2069; x_wconf 93' lang='lat' dir='ltr'><strong>et</strong></span> <span class='ocrx_word' id='word_1_652' title='bbox 1264 2043 1292 2068; x_wconf 92' lang='lat' dir='ltr'><strong>in</strong></span> <span class='ocrx_word' id='word_1_653' title='bbox 1318 2049 1477 2078; x_wconf 91' lang='lat' dir='ltr'><strong>unoquoque</strong></span> <span class='ocrx_word' id='word_1_654' title='bbox 1500 2044 1617 2071; x_wconf 87' lang='lat' dir='ltr'><strong>oratorio</strong></span> <span class='ocrx_word' id='word_1_655' title='bbox 1644 2051 1695 2070; x_wconf 90' lang='lat' dir='ltr'><strong>una</strong></span> <span class='ocrx_word' id='word_1_656' title='bbox 1713 2051 1772 2070; x_wconf 92' lang='lat' dir='ltr'><strong>cum</strong></span> <span class='ocrx_word' id='word_1_657' title='bbox 1792 2043 1832 2070; x_wconf 83' lang='lat' dir='ltr'><strong>eis</strong></span> 
     </span>
    </p>
   </div>
   <div class='ocr_carea' id='block_1_88' title="bbox 1056 2087 1833 2123">
    <p class='ocr_par' dir='ltr' id='par_1_88' title="bbox 1056 2087 1833 2123">
     <span class='ocr_line' id='line_1_88' title="bbox 1056 2087 1833 2123; baseline 0.004 -11"><span class='ocrx_word' id='word_1_658' title='bbox 1056 2087 1170 2121; x_wconf 80' lang='lat' dir='ltr'><strong>pSallens</strong></span> <span class='ocrx_word' id='word_1_659' title='bbox 1189 2094 1268 2113; x_wconf 88' lang='lat' dir='ltr'><strong>unam</strong></span> <span class='ocrx_word' id='word_1_660' title='bbox 1290 2092 1335 2114; x_wconf 92' lang='lat' dir='ltr'><strong>aut</strong></span> <span class='ocrx_word' id='word_1_661' title='bbox 1348 2087 1415 2114; x_wconf 88' lang='lat' dir='ltr'><strong>duas</strong></span> <span class='ocrx_word' id='word_1_662' title='bbox 1429 2087 1597 2123; x_wconf 87' lang='lat' dir='ltr'><strong>antipltonas,</strong></span> <span class='ocrx_word' id='word_1_663' title='bbox 1608 2094 1635 2116; x_wconf 90' lang='lat' dir='ltr'><strong>et</strong></span> <span class='ocrx_word' id='word_1_664' title='bbox 1653 2096 1703 2116; x_wconf 90' lang='lat' dir='ltr'><strong>una</strong></span> <span class='ocrx_word' id='word_1_665' title='bbox 1719 2096 1779 2115; x_wconf 89' lang='lat' dir='ltr'><strong>cum</strong></span> <span class='ocrx_word' id='word_1_666' title='bbox 1793 2089 1833 2117; x_wconf 89' lang='lat' dir='ltr'><strong>eis</strong></span> 
     </span>
    </p>
   </div>
   <div class='ocr_carea' id='block_1_89' title="bbox 1055 2132 1833 2168">
    <p class='ocr_par' dir='ltr' id='par_1_89' title="bbox 1055 2132 1833 2168">
     <span class='ocr_line' id='line_1_89' title="bbox 1055 2132 1833 2168; baseline 0.004 -10"><span class='ocrx_word' id='word_1_667' title='bbox 1055 2140 1152 2164; x_wconf 86' lang='lat' dir='ltr'><strong>orans;</strong></span> <span class='ocrx_word' id='word_1_668' title='bbox 1165 2136 1193 2159; x_wconf 89' lang='lat' dir='ltr'><strong>et</strong></span> <span class='ocrx_word' id='word_1_669' title='bbox 1203 2132 1244 2160; x_wconf 85' lang='lat' dir='ltr'><strong>sic</strong></span> <span class='ocrx_word' id='word_1_670' title='bbox 1257 2132 1300 2160; x_wconf 90' lang='lat' dir='ltr'><strong>die</strong></span> <span class='ocrx_word' id='word_1_671' title='bbox 1309 2135 1537 2168; x_wconf 85' lang='lat' dir='ltr'><strong>appropinquante</strong></span> <span class='ocrx_word' id='word_1_672' title='bbox 1549 2134 1602 2162; x_wconf 85' lang='lat' dir='ltr'><strong>ibat</strong></span> <span class='ocrx_word' id='word_1_673' title='bbox 1618 2135 1644 2161; x_wconf 95' lang='lat' dir='ltr'><strong>in</strong></span> <span class='ocrx_word' id='word_1_674' title='bbox 1656 2134 1778 2162; x_wconf 87' lang='lat' dir='ltr'><strong>cellulam</strong></span> <span class='ocrx_word' id='word_1_675' title='bbox 1786 2155 1794 2167; x_wconf 90' lang='lat'><strong>,</strong></span> <span class='ocrx_word' id='word_1_676' title='bbox 1805 2140 1833 2161; x_wconf 92' lang='lat' dir='ltr'><strong>et</strong></span> 
     </span>
    </p>
   </div>
   <div class='ocr_carea' id='block_1_90' title="bbox 1052 2178 1833 2214">
    <p class='ocr_par' dir='ltr' id='par_1_90' title="bbox 1052 2178 1833 2214">
     <span class='ocr_line' id='line_1_90' title="bbox 1052 2178 1833 2214; baseline 0.003 -9"><span class='ocrx_word' id='word_1_677' title='bbox 1052 2185 1148 2206; x_wconf 88' lang='lat' dir='ltr'><strong>revera</strong></span> <span class='ocrx_word' id='word_1_678' title='bbox 1159 2178 1284 2206; x_wconf 88' lang='lat' dir='ltr'><strong>fratribus</strong></span> <span class='ocrx_word' id='word_1_679' title='bbox 1298 2186 1358 2206; x_wconf 88' lang='lat' dir='ltr'><strong>eum</strong></span> <span class='ocrx_word' id='word_1_680' title='bbox 1369 2180 1536 2212; x_wconf 81' lang='lat' dir='ltr'><strong>exuentibus,</strong></span> <span class='ocrx_word' id='word_1_681' title='bbox 1550 2185 1576 2208; x_wconf 90' lang='lat' dir='ltr'><strong>et</strong></span> <span class='ocrx_word' id='word_1_682' title='bbox 1587 2185 1675 2208; x_wconf 83' lang='lat' dir='ltr'><strong>vestes</strong></span> <span class='ocrx_word' id='word_1_683' title='bbox 1685 2180 1833 2214; x_wconf 90' lang='lat' dir='ltr'><strong>exprimen-</strong></span> 
     </span>
    </p>
   </div>
   <div class='ocr_carea' id='block_1_91' title="bbox 1051 2223 1831 2260">
    <p class='ocr_par' dir='ltr' id='par_1_91' title="bbox 1051 2223 1831 2260">
     <span class='ocr_line' id='line_1_91' title="bbox 1051 2223 1831 2260; baseline 0.003 -9"><span class='ocrx_word' id='word_1_684' title='bbox 1051 2223 1121 2252; x_wconf 87' lang='lat' dir='ltr'><strong>tibus</strong></span> <span class='ocrx_word' id='word_1_685' title='bbox 1135 2223 1246 2259; x_wconf 88' lang='lat' dir='ltr'><strong>perinde</strong></span> <span class='ocrx_word' id='word_1_686' title='bbox 1258 2225 1331 2258; x_wconf 89' lang='lat' dir='ltr'><strong>quasi</strong></span> <span class='ocrx_word' id='word_1_687' title='bbox 1346 2226 1407 2252; x_wconf 68' lang='lat' dir='ltr'><strong>lota:</strong></span> <span class='ocrx_word' id='word_1_688' title='bbox 1417 2225 1528 2252; x_wconf 81' lang='lat' dir='ltr'><strong>fuissent</strong></span> <span class='ocrx_word' id='word_1_689' title='bbox 1539 2226 1573 2253; x_wconf 91' lang='lat' dir='ltr'><strong>ita</strong></span> <span class='ocrx_word' id='word_1_690' title='bbox 1585 2225 1757 2260; x_wconf 86' lang='lat' dir='ltr'><strong>distillantes,</strong></span> <span class='ocrx_word' id='word_1_691' title='bbox 1770 2233 1831 2253; x_wconf 89' lang='lat' dir='ltr'><strong>euttt</strong></span> 
     </span>
    </p>
   </div>
   <div class='ocr_carea' id='block_1_92' title="bbox 213 2262 998 2309">
    <p class='ocr_par' dir='ltr' id='par_1_92' title="bbox 213 2262 998 2301">
     <span class='ocr_line' id='line_1_92' title="bbox 213 2262 998 2301; baseline -0.004 -9"><span class='ocrx_word' id='word_1_692' title='bbox 213 2267 258 2301; x_wconf 92' lang='lat' dir='ltr'><strong>qui</strong></span> <span class='ocrx_word' id='word_1_693' title='bbox 270 2269 343 2292; x_wconf 89' lang='lat' dir='ltr'><strong>tanto</strong></span> <span class='ocrx_word' id='word_1_694' title='bbox 355 2268 474 2298; x_wconf 90' lang='lat' dir='ltr'><strong>tempore</strong></span> <span class='ocrx_word' id='word_1_695' title='bbox 485 2271 499 2289; x_wconf 94' lang='lat' dir='ltr'><strong>a</strong></span> <span class='ocrx_word' id='word_1_696' title='bbox 513 2264 634 2290; x_wconf 75' lang='lat' dir='ltr'><strong>daemone</strong></span> <span class='ocrx_word' id='word_1_697' title='bbox 646 2267 792 2297; x_wconf 82' lang='lat' dir='ltr'><strong>torquetur.</strong></span> <span class='ocrx_word' id='word_1_698' title='bbox 808 2262 855 2289; x_wconf 90' lang='lat' dir='ltr'><strong>llic</strong></span> <span class='ocrx_word' id='word_1_699' title='bbox 869 2262 998 2289; x_wconf 88' lang='lat' dir='ltr'><strong>Innocen-</strong></span> 
     </span>
    </p>
   </div>
   <div class='ocr_carea' id='block_1_93' title="bbox 1049 2262 1830 2309">
    <p class='ocr_par' dir='ltr' id='par_1_93' title="bbox 1050 2271 1830 2307">
     <span class='ocr_line' id='line_1_93' title="bbox 1050 2271 1830 2307; baseline 0.003 -10"><span class='ocrx_word' id='word_1_700' title='bbox 1050 2271 1109 2298; x_wconf 91' lang='lat' dir='ltr'><strong>aliis</strong></span> <span class='ocrx_word' id='word_1_701' title='bbox 1122 2271 1274 2298; x_wconf 89' lang='lat' dir='ltr'><strong>induebant.</strong></span> <span class='ocrx_word' id='word_1_702' title='bbox 1291 2271 1323 2298; x_wconf 87' lang='lat' dir='ltr'><strong>Et</strong></span> <span class='ocrx_word' id='word_1_703' title='bbox 1333 2278 1393 2298; x_wconf 91' lang='lat' dir='ltr'><strong>cum</strong></span> <span class='ocrx_word' id='word_1_704' title='bbox 1406 2272 1552 2306; x_wconf 84' lang='lat' dir='ltr'><strong>quievisset</strong></span> <span class='ocrx_word' id='word_1_705' title='bbox 1573 2280 1656 2307; x_wconf 89' lang='lat' dir='ltr'><strong>usque</strong></span> <span class='ocrx_word' id='word_1_706' title='bbox 1679 2273 1713 2300; x_wconf 88' lang='lat' dir='ltr'><strong>ad</strong></span> <span class='ocrx_word' id='word_1_707' title='bbox 1739 2274 1830 2299; x_wconf 91' lang='lat' dir='ltr'><strong>horam</strong></span> 
     </span>
    </p>
   </div>
   <div class='ocr_carea' id='block_1_94' title="bbox 215 2308 999 2344">
    <p class='ocr_par' dir='ltr' id='par_1_94' title="bbox 215 2308 999 2344">
     <span class='ocr_line' id='line_1_94' title="bbox 215 2308 999 2344; baseline -0.006 -4"><span class='ocrx_word' id='word_1_708' title='bbox 215 2313 269 2340; x_wconf 83' lang='lat' dir='ltr'><strong>tius</strong></span> <span class='ocrx_word' id='word_1_709' title='bbox 292 2311 359 2338; x_wconf 83' lang='lat' dir='ltr'><strong>adeo</strong></span> <span class='ocrx_word' id='word_1_710' title='bbox 376 2309 424 2337; x_wconf 90' lang='lat' dir='ltr'><strong>fuit</strong></span> <span class='ocrx_word' id='word_1_711' title='bbox 443 2309 594 2336; x_wconf 89' lang='lat' dir='ltr'><strong>misericors</strong></span> <span class='ocrx_word' id='word_1_712' title='bbox 620 2308 749 2344; x_wconf 88' lang='lat' dir='ltr'><strong>(fortasse</strong></span> <span class='ocrx_word' id='word_1_713' title='bbox 772 2313 859 2335; x_wconf 88' lang='lat' dir='ltr'><strong>autem</strong></span> <span class='ocrx_word' id='word_1_714' title='bbox 889 2308 999 2335; x_wconf 86' lang='lat' dir='ltr'><strong>videbor</strong></span> 
     </span>
    </p>
   </div>
   <div class='ocr_carea' id='block_1_95' title="bbox 213 2354 998 2391">
    <p class='ocr_par' dir='ltr' id='par_1_95' title="bbox 213 2354 998 2391">
     <span class='ocr_line' id='line_1_95' title="bbox 213 2354 998 2391; baseline -0.005 -7"><span class='ocrx_word' id='word_1_715' title='bbox 213 2359 294 2386; x_wconf 87' lang='lat' dir='ltr'><strong>etiam</strong></span> <span class='ocrx_word' id='word_1_716' title='bbox 309 2356 401 2391; x_wconf 81' lang='lat' dir='ltr'><strong>nugari</strong></span> <span class='ocrx_word' id='word_1_717' title='bbox 415 2355 476 2382; x_wconf 88' lang='lat' dir='ltr'><strong>dum</strong></span> <span class='ocrx_word' id='word_1_718' title='bbox 490 2362 553 2382; x_wconf 88' lang='lat' dir='ltr'><strong>vera</strong></span> <span class='ocrx_word' id='word_1_719' title='bbox 564 2355 666 2389; x_wconf 89' lang='lat' dir='ltr'><strong>narro),</strong></span> <span class='ocrx_word' id='word_1_720' title='bbox 677 2359 705 2381; x_wconf 93' lang='lat' dir='ltr'><strong>ut</strong></span> <span class='ocrx_word' id='word_1_721' title='bbox 715 2362 786 2389; x_wconf 74' lang='lat' dir='ltr'><strong>smpe</strong></span> <span class='ocrx_word' id='word_1_722' title='bbox 795 2354 971 2382; x_wconf 82' lang='lat' dir='ltr'><strong>suti&#39;uraretur</strong></span> <span class='ocrx_word' id='word_1_723' title='bbox 983 2361 998 2380; x_wconf 89' lang='lat' dir='ltr'><strong>a</strong></span> 
     </span>
    </p>
   </div>
   <div class='ocr_carea' id='block_1_96' title="bbox 213 2400 998 2434">
    <p class='ocr_par' dir='ltr' id='par_1_96' title="bbox 213 2400 998 2434">
     <span class='ocr_line' id='line_1_96' title="bbox 213 2400 998 2434; baseline -0.005 -4"><span class='ocrx_word' id='word_1_724' title='bbox 213 2401 354 2434; x_wconf 85' lang='lat' dir='ltr'><strong>fratribus,</strong></span> <span class='ocrx_word' id='word_1_725' title='bbox 378 2405 405 2428; x_wconf 90' lang='lat' dir='ltr'><strong>et</strong></span> <span class='ocrx_word' id='word_1_726' title='bbox 427 2401 502 2428; x_wconf 89' lang='lat' dir='ltr'><strong>daret</strong></span> <span class='ocrx_word' id='word_1_727' title='bbox 525 2400 675 2434; x_wconf 78' lang='lat' dir='ltr'><strong>egentibus.</strong></span> <span class='ocrx_word' id='word_1_728' title='bbox 698 2400 758 2426; x_wconf 87' lang='lat' dir='ltr'><strong>Fuit</strong></span> <span class='ocrx_word' id='word_1_729' title='bbox 780 2403 868 2426; x_wconf 89' lang='lat' dir='ltr'><strong>autem</strong></span> <span class='ocrx_word' id='word_1_730' title='bbox 893 2406 998 2426; x_wconf 89' lang='lat' dir='ltr'><strong>summe</strong></span> 
     </span>
    </p>
   </div>
   <div class='ocr_carea' id='block_1_97' title="bbox 214 2446 998 2484">
    <p class='ocr_par' dir='ltr' id='par_1_97' title="bbox 214 2446 998 2484">
     <span class='ocr_line' id='line_1_97' title="bbox 214 2446 998 2484; baseline -0.008 -6"><span class='ocrx_word' id='word_1_731' title='bbox 214 2451 327 2484; x_wconf 83' lang='lat' dir='ltr'><strong>simplex</strong></span> <span class='ocrx_word' id='word_1_732' title='bbox 342 2454 369 2476; x_wconf 89' lang='lat' dir='ltr'><strong>et</strong></span> <span class='ocrx_word' id='word_1_733' title='bbox 383 2450 522 2476; x_wconf 87' lang='lat' dir='ltr'><strong>innocens.</strong></span> <span class='ocrx_word' id='word_1_734' title='bbox 538 2447 562 2475; x_wconf 92' lang='lat' dir='ltr'><strong>is</strong></span> <span class='ocrx_word' id='word_1_735' title='bbox 577 2447 671 2481; x_wconf 89' lang='lat' dir='ltr'><strong>dignus</strong></span> <span class='ocrx_word' id='word_1_736' title='bbox 684 2451 725 2474; x_wconf 90' lang='lat' dir='ltr'><strong>est</strong></span> <span class='ocrx_word' id='word_1_737' title='bbox 747 2447 853 2473; x_wconf 85' lang='lat' dir='ltr'><strong>habitus</strong></span> <span class='ocrx_word' id='word_1_738' title='bbox 867 2446 937 2473; x_wconf 89' lang='lat' dir='ltr'><strong>dono</strong></span> <span class='ocrx_word' id='word_1_739' title='bbox 951 2446 998 2473; x_wconf 94' lang='lat' dir='ltr'><strong>ad-</strong></span> 
     </span>
    </p>
   </div>
   <div class='ocr_carea' id='block_1_98' title="bbox 213 2491 997 2527">
    <p class='ocr_par' dir='ltr' id='par_1_98' title="bbox 213 2491 997 2527">
     <span class='ocr_line' id='line_1_98' title="bbox 213 2491 997 2527; baseline -0.008 -3"><span class='ocrx_word' id='word_1_740' title='bbox 213 2504 307 2524; x_wconf 88' lang='lat' dir='ltr'><strong>versus</strong></span> <span class='ocrx_word' id='word_1_741' title='bbox 322 2496 458 2523; x_wconf 66' lang='lat' dir='ltr'><strong>daemones</strong></span> <span class='ocrx_word' id='word_1_742' title='bbox 476 2503 482 2520; x_wconf 91' lang='lat'><strong>:</strong></span> <span class='ocrx_word' id='word_1_743' title='bbox 499 2499 525 2521; x_wconf 90' lang='lat' dir='ltr'><strong>et</strong></span> <span class='ocrx_word' id='word_1_744' title='bbox 537 2494 570 2520; x_wconf 89' lang='lat' dir='ltr'><strong>ad</strong></span> <span class='ocrx_word' id='word_1_745' title='bbox 581 2501 641 2520; x_wconf 90' lang='lat' dir='ltr'><strong>eum</strong></span> <span class='ocrx_word' id='word_1_746' title='bbox 656 2491 796 2527; x_wconf 85' lang='lat' dir='ltr'><strong>aliquando</strong></span> <span class='ocrx_word' id='word_1_747' title='bbox 805 2491 934 2519; x_wconf 86' lang='lat' dir='ltr'><strong>adductus</strong></span> <span class='ocrx_word' id='word_1_748' title='bbox 956 2497 997 2519; x_wconf 92' lang='lat' dir='ltr'><strong>est</strong></span> 
     </span>
    </p>
   </div>
   <div class='ocr_carea' id='block_1_99' title="bbox 214 2537 993 2572">
    <p class='ocr_par' dir='ltr' id='par_1_99' title="bbox 214 2537 993 2572">
     <span class='ocr_line' id='line_1_99' title="bbox 214 2537 993 2572; baseline -0.008 -2"><span class='ocrx_word' id='word_1_749' title='bbox 214 2543 290 2570; x_wconf 88' lang='lat' dir='ltr'><strong>ttobis</strong></span> <span class='ocrx_word' id='word_1_750' title='bbox 303 2541 452 2568; x_wconf 90' lang='lat' dir='ltr'><strong>videntibus</strong></span> <span class='ocrx_word' id='word_1_751' title='bbox 466 2540 622 2566; x_wconf 84' lang='lat' dir='ltr'><strong>adolescens</strong></span> <span class='ocrx_word' id='word_1_752' title='bbox 645 2545 723 2572; x_wconf 89' lang='lat' dir='ltr'><strong>quem</strong></span> <span class='ocrx_word' id='word_1_753' title='bbox 738 2537 870 2564; x_wconf 81' lang='lat' dir='ltr'><strong>invaserat</strong></span> <span class='ocrx_word' id='word_1_754' title='bbox 884 2538 993 2572; x_wconf 86' lang='lat' dir='ltr'><strong>spiritus</strong></span> 
     </span>
    </p>
   </div>
   <div class='ocr_carea' id='block_1_100' title="bbox 213 2582 996 2622">
    <p class='ocr_par' dir='ltr' id='par_1_100' title="bbox 213 2582 996 2622">
     <span class='ocr_line' id='line_1_100' title="bbox 213 2582 996 2622; baseline -0.008 -8"><span class='ocrx_word' id='word_1_755' title='bbox 213 2593 239 2615; x_wconf 81' lang='lat' dir='ltr'><strong>et</strong></span> <span class='ocrx_word' id='word_1_756' title='bbox 255 2586 395 2622; x_wconf 88' lang='lat' dir='ltr'><strong>paralysis,</strong></span> <span class='ocrx_word' id='word_1_757' title='bbox 411 2589 439 2611; x_wconf 91' lang='lat' dir='ltr'><strong>ut</strong></span> <span class='ocrx_word' id='word_1_758' title='bbox 459 2592 508 2619; x_wconf 82' lang='lat' dir='ltr'><strong>ego</strong></span> <span class='ocrx_word' id='word_1_759' title='bbox 522 2591 581 2610; x_wconf 85' lang='lat' dir='ltr'><strong>cum</strong></span> <span class='ocrx_word' id='word_1_760' title='bbox 603 2582 727 2610; x_wconf 83' lang='lat' dir='ltr'><strong>vidissem</strong></span> <span class='ocrx_word' id='word_1_761' title='bbox 737 2603 744 2615; x_wconf 90' lang='lat'><strong>,</strong></span> <span class='ocrx_word' id='word_1_762' title='bbox 762 2582 889 2610; x_wconf 91' lang='lat' dir='ltr'><strong>voluerim</strong></span> <span class='ocrx_word' id='word_1_763' title='bbox 904 2586 996 2616; x_wconf 84' lang='lat' dir='ltr'><strong>aperte</strong></span> 
     </span>
    </p>
   </div>
   <div class='ocr_carea' id='block_1_101' title="bbox 214 2628 994 2666">
    <p class='ocr_par' dir='ltr' id='par_1_101' title="bbox 214 2628 994 2666">
     <span class='ocr_line' id='line_1_101' title="bbox 214 2628 994 2666; baseline -0.005 -7"><span class='ocrx_word' id='word_1_764' title='bbox 214 2637 325 2659; x_wconf 87' lang='lat' dir='ltr'><strong>tttatrem</strong></span> <span class='ocrx_word' id='word_1_765' title='bbox 339 2631 476 2666; x_wconf 77' lang='lat' dir='ltr'><strong>expellere</strong></span> <span class='ocrx_word' id='word_1_766' title='bbox 488 2637 548 2656; x_wconf 90' lang='lat' dir='ltr'><strong>cum</strong></span> <span class='ocrx_word' id='word_1_767' title='bbox 564 2629 597 2656; x_wconf 90' lang='lat' dir='ltr'><strong>iis</strong></span> <span class='ocrx_word' id='word_1_768' title='bbox 610 2636 624 2655; x_wconf 91' lang='lat' dir='ltr'><strong>a</strong></span> <span class='ocrx_word' id='word_1_769' title='bbox 643 2629 739 2664; x_wconf 85' lang='lat' dir='ltr'><strong>quibus</strong></span> <span class='ocrx_word' id='word_1_770' title='bbox 757 2629 842 2656; x_wconf 86' lang='lat' dir='ltr'><strong>fuerat</strong></span> <span class='ocrx_word' id='word_1_771' title='bbox 855 2628 994 2660; x_wconf 86' lang='lat' dir='ltr'><strong>adductus,</strong></span> 
     </span>
    </p>
   </div>
   <div class='ocr_carea' id='block_1_102' title="bbox 213 2675 994 2712">
    <p class='ocr_par' dir='ltr' id='par_1_102' title="bbox 213 2675 994 2712">
     <span class='ocr_line' id='line_1_102' title="bbox 213 2675 994 2712; baseline -0.001 -8"><span class='ocrx_word' id='word_1_772' title='bbox 213 2679 358 2712; x_wconf 74' lang='lat' dir='ltr'><strong>desperans</strong></span> <span class='ocrx_word' id='word_1_773' title='bbox 372 2685 431 2704; x_wconf 89' lang='lat' dir='ltr'><strong>eum</strong></span> <span class='ocrx_word' id='word_1_774' title='bbox 447 2683 525 2710; x_wconf 84' lang='lat' dir='ltr'><strong>posse</strong></span> <span class='ocrx_word' id='word_1_775' title='bbox 537 2676 634 2703; x_wconf 91' lang='lat' dir='ltr'><strong>curari.</strong></span> <span class='ocrx_word' id='word_1_776' title='bbox 655 2675 758 2702; x_wconf 84' lang='lat' dir='ltr'><strong>Accidit</strong></span> <span class='ocrx_word' id='word_1_777' title='bbox 771 2679 858 2702; x_wconf 89' lang='lat' dir='ltr'><strong>autem</strong></span> <span class='ocrx_word' id='word_1_778' title='bbox 874 2681 901 2701; x_wconf 90' lang='lat' dir='ltr'><strong>ut</strong></span> <span class='ocrx_word' id='word_1_779' title='bbox 923 2675 994 2703; x_wconf 92' lang='lat' dir='ltr'><strong>inte-</strong></span> 
     </span>
    </p>
   </div>
   <div class='ocr_carea' id='block_1_103' title="bbox 214 2720 995 2752">
    <p class='ocr_par' dir='ltr' id='par_1_103' title="bbox 214 2720 995 2752">
     <span class='ocr_line' id='line_1_103' title="bbox 214 2720 995 2752; baseline -0.004 -2"><span class='ocrx_word' id='word_1_780' title='bbox 214 2725 265 2751; x_wconf 90' lang='lat' dir='ltr'><strong>rim</strong></span> <span class='ocrx_word' id='word_1_781' title='bbox 280 2723 389 2750; x_wconf 88' lang='lat' dir='ltr'><strong>veniens</strong></span> <span class='ocrx_word' id='word_1_782' title='bbox 406 2729 486 2749; x_wconf 86' lang='lat' dir='ltr'><strong>senex</strong></span> <span class='ocrx_word' id='word_1_783' title='bbox 509 2721 577 2749; x_wconf 84' lang='lat' dir='ltr'><strong>hanc</strong></span> <span class='ocrx_word' id='word_1_784' title='bbox 601 2720 702 2747; x_wconf 84' lang='lat' dir='ltr'><strong>videret</strong></span> <span class='ocrx_word' id='word_1_785' title='bbox 723 2724 871 2752; x_wconf 82' lang='lat' dir='ltr'><strong>astantem,</strong></span> <span class='ocrx_word' id='word_1_786' title='bbox 894 2720 995 2748; x_wconf 86' lang='lat' dir='ltr'><strong>deflen-</strong></span> 
     </span>
    </p>
   </div>
   <div class='ocr_carea' id='block_1_104' title="bbox 217 2765 996 2804">
    <p class='ocr_par' dir='ltr' id='par_1_104' title="bbox 217 2765 996 2804">
     <span class='ocr_line' id='line_1_104' title="bbox 217 2765 996 2804; baseline -0.005 -8"><span class='ocrx_word' id='word_1_787' title='bbox 217 2774 335 2804; x_wconf 85' lang='lat' dir='ltr'><strong>tcmque,</strong></span> <span class='ocrx_word' id='word_1_788' title='bbox 348 2774 374 2795; x_wconf 89' lang='lat' dir='ltr'><strong>et</strong></span> <span class='ocrx_word' id='word_1_789' title='bbox 387 2767 528 2803; x_wconf 73' lang='lat' dir='ltr'><strong>eiulantem</strong></span> <span class='ocrx_word' id='word_1_790' title='bbox 542 2771 648 2801; x_wconf 90' lang='lat' dir='ltr'><strong>propter</strong></span> <span class='ocrx_word' id='word_1_791' title='bbox 659 2765 862 2792; x_wconf 84' lang='lat' dir='ltr'><strong>inenarrabilem</strong></span> <span class='ocrx_word' id='word_1_792' title='bbox 887 2766 996 2792; x_wconf 75' lang='lat' dir='ltr'><strong>calami—</strong></span> 
     </span>
    </p>
   </div>
   <div class='ocr_carea' id='block_1_105' title="bbox 217 2813 996 2848">
    <p class='ocr_par' dir='ltr' id='par_1_105' title="bbox 217 2813 996 2848">
     <span class='ocr_line' id='line_1_105' title="bbox 217 2813 996 2848; baseline -0.004 -7"><span class='ocrx_word' id='word_1_793' title='bbox 217 2819 297 2841; x_wconf 81' lang='lat' dir='ltr'><strong>tatem</strong></span> <span class='ocrx_word' id='word_1_794' title='bbox 308 2814 365 2841; x_wconf 81' lang='lat' dir='ltr'><strong>tilii.</strong></span> <span class='ocrx_word' id='word_1_795' title='bbox 377 2814 546 2848; x_wconf 86' lang='lat' dir='ltr'><strong>Lacrymatus</strong></span> <span class='ocrx_word' id='word_1_796' title='bbox 556 2820 619 2847; x_wconf 86' lang='lat' dir='ltr'><strong>ergo</strong></span> <span class='ocrx_word' id='word_1_797' title='bbox 632 2813 774 2846; x_wconf 72' lang='lat' dir='ltr'><strong>prteciarus</strong></span> <span class='ocrx_word' id='word_1_798' title='bbox 787 2818 869 2838; x_wconf 79' lang='lat' dir='ltr'><strong>senex</strong></span> <span class='ocrx_word' id='word_1_799' title='bbox 883 2817 910 2839; x_wconf 87' lang='lat' dir='ltr'><strong>et</strong></span> <span class='ocrx_word' id='word_1_800' title='bbox 923 2820 996 2839; x_wconf 87' lang='lat' dir='ltr'><strong>com-</strong></span> 
     </span>
    </p>
   </div>
   <div class='ocr_carea' id='block_1_106' title="bbox 217 2855 993 2893">
    <p class='ocr_par' dir='ltr' id='par_1_106' title="bbox 217 2855 993 2893">
     <span class='ocr_line' id='line_1_106' title="bbox 217 2855 993 2893; baseline -0.001 -7"><span class='ocrx_word' id='word_1_801' title='bbox 217 2863 303 2887; x_wconf 71' lang='lat' dir='ltr'><strong>motus</strong></span> <span class='ocrx_word' id='word_1_802' title='bbox 317 2859 478 2886; x_wconf 84' lang='lat' dir='ltr'><strong>visceribus.</strong></span> <span class='ocrx_word' id='word_1_803' title='bbox 493 2863 601 2893; x_wconf 88' lang='lat' dir='ltr'><strong>accepto</strong></span> <span class='ocrx_word' id='word_1_804' title='bbox 613 2857 783 2885; x_wconf 86' lang='lat' dir='ltr'><strong>adolescente</strong></span> <span class='ocrx_word' id='word_1_805' title='bbox 797 2855 934 2892; x_wconf 85' lang='lat' dir='ltr'><strong>ingressus</strong></span> <span class='ocrx_word' id='word_1_806' title='bbox 954 2863 993 2885; x_wconf 73' lang='lat' dir='ltr'><strong>cst</strong></span> 
     </span>
    </p>
   </div>
   <div class='ocr_carea' id='block_1_107' title="bbox 1051 2316 1832 2354">
    <p class='ocr_par' dir='ltr' id='par_1_107' title="bbox 1051 2316 1832 2354">
     <span class='ocr_line' id='line_1_107' title="bbox 1051 2316 1832 2354; baseline 0.005 -12"><span class='ocrx_word' id='word_1_807' title='bbox 1051 2317 1166 2349; x_wconf 84' lang='lat' dir='ltr'><strong>tertiam,</strong></span> <span class='ocrx_word' id='word_1_808' title='bbox 1184 2316 1328 2350; x_wconf 86' lang='lat' dir='ltr'><strong>psalmodia</strong></span> <span class='ocrx_word' id='word_1_809' title='bbox 1345 2317 1477 2344; x_wconf 89' lang='lat' dir='ltr'><strong>excitatus</strong></span> <span class='ocrx_word' id='word_1_810' title='bbox 1489 2337 1496 2349; x_wconf 87' lang='lat'><strong>,</strong></span> <span class='ocrx_word' id='word_1_811' title='bbox 1506 2322 1564 2345; x_wconf 89' lang='lat' dir='ltr'><strong>erat</strong></span> <span class='ocrx_word' id='word_1_812' title='bbox 1578 2319 1600 2345; x_wconf 90' lang='lat' dir='ltr'><strong>ei</strong></span> <span class='ocrx_word' id='word_1_813' title='bbox 1615 2319 1731 2346; x_wconf 90' lang='lat' dir='ltr'><strong>intentus</strong></span> <span class='ocrx_word' id='word_1_814' title='bbox 1748 2327 1832 2354; x_wconf 76' lang='lat' dir='ltr'><strong>usque</strong></span> 
     </span>
    </p>
   </div>
   <div class='ocr_carea' id='block_1_108' title="bbox 1050 2361 1830 2396">
    <p class='ocr_par' dir='ltr' id='par_1_108' title="bbox 1050 2361 1830 2396">
     <span class='ocr_line' id='line_1_108' title="bbox 1050 2361 1830 2396; baseline 0.004 -8"><span class='ocrx_word' id='word_1_815' title='bbox 1050 2361 1082 2388; x_wconf 87' lang='lat' dir='ltr'><strong>ad</strong></span> <span class='ocrx_word' id='word_1_816' title='bbox 1097 2368 1244 2395; x_wconf 81' lang='lat' dir='ltr'><strong>vesperam.</strong></span> <span class='ocrx_word' id='word_1_817' title='bbox 1259 2361 1320 2388; x_wconf 60' lang='lat' dir='ltr'><strong>llaec</strong></span> <span class='ocrx_word' id='word_1_818' title='bbox 1333 2366 1374 2388; x_wconf 75' lang='lat' dir='ltr'><strong>est.</strong></span> <span class='ocrx_word' id='word_1_819' title='bbox 1387 2369 1450 2396; x_wconf 92' lang='lat' dir='ltr'><strong>ergo</strong></span> <span class='ocrx_word' id='word_1_820' title='bbox 1465 2363 1549 2392; x_wconf 83' lang='lat' dir='ltr'><strong>virtus</strong></span> <span class='ocrx_word' id='word_1_821' title='bbox 1569 2363 1655 2390; x_wconf 85' lang='lat' dir='ltr'><strong>Adolii</strong></span> <span class='ocrx_word' id='word_1_822' title='bbox 1678 2364 1830 2396; x_wconf 54' lang='lat' dir='ltr'><strong>Tarsensis,</strong></span> 
     </span>
    </p>
   </div>
   <div class='ocr_carea' id='block_1_109' title="bbox 1049 2406 1832 2443">
    <p class='ocr_par' dir='ltr' id='par_1_109' title="bbox 1049 2406 1832 2443">
     <span class='ocr_line' id='line_1_109' title="bbox 1049 2406 1832 2443; baseline 0.006 -11"><span class='ocrx_word' id='word_1_823' title='bbox 1049 2407 1093 2440; x_wconf 90' lang='lat' dir='ltr'><strong>qui</strong></span> <span class='ocrx_word' id='word_1_824' title='bbox 1104 2410 1302 2433; x_wconf 89' lang='lat' dir='ltr'><strong>consummatus</strong></span> <span class='ocrx_word' id='word_1_825' title='bbox 1314 2406 1501 2443; x_wconf 79' lang='lat' dir='ltr'><strong>Jerosolymis.</strong></span> <span class='ocrx_word' id='word_1_826' title='bbox 1517 2414 1544 2436; x_wconf 91' lang='lat' dir='ltr'><strong>et</strong></span> <span class='ocrx_word' id='word_1_827' title='bbox 1565 2409 1602 2436; x_wconf 90' lang='lat' dir='ltr'><strong>ibi</strong></span> <span class='ocrx_word' id='word_1_828' title='bbox 1615 2414 1743 2437; x_wconf 74' lang='lat' dir='ltr'><strong>aeternum</strong></span> <span class='ocrx_word' id='word_1_829' title='bbox 1757 2418 1832 2437; x_wconf 85' lang='lat' dir='ltr'><strong>sout-</strong></span> 
     </span>
    </p>
   </div>
   <div class='ocr_carea' id='block_1_110' title="bbox 1049 2452 1484 2486">
    <p class='ocr_par' dir='ltr' id='par_1_110' title="bbox 1049 2452 1484 2486">
     <span class='ocr_line' id='line_1_110' title="bbox 1049 2452 1484 2486; baseline 0.005 -8"><span class='ocrx_word' id='word_1_830' title='bbox 1049 2459 1110 2478; x_wconf 91' lang='lat' dir='ltr'><strong>num</strong></span> <span class='ocrx_word' id='word_1_831' title='bbox 1126 2452 1244 2485; x_wconf 91' lang='lat' dir='ltr'><strong>dormiit,</strong></span> <span class='ocrx_word' id='word_1_832' title='bbox 1259 2456 1287 2479; x_wconf 90' lang='lat' dir='ltr'><strong>et</strong></span> <span class='ocrx_word' id='word_1_833' title='bbox 1300 2453 1418 2486; x_wconf 87' lang='lat' dir='ltr'><strong>sepultus</strong></span> <span class='ocrx_word' id='word_1_834' title='bbox 1433 2459 1484 2481; x_wconf 83' lang='lat' dir='ltr'><strong>est.</strong></span> 
     </span>
    </p>
   </div>
   <div class='ocr_carea' id='block_1_111' title="bbox 1342 2498 1521 2526">
    <p class='ocr_par' dir='ltr' id='par_1_111' title="bbox 1342 2498 1521 2526">
     <span class='ocr_line' id='line_1_111' title="bbox 1342 2498 1521 2526; baseline 0.011 -2"><span class='ocrx_word' id='word_1_835' title='bbox 1342 2498 1455 2525; x_wconf 74' lang='lat' dir='ltr'><strong>CAPUT</strong></span> <span class='ocrx_word' id='word_1_836' title='bbox 1470 2498 1521 2526; x_wconf 84' lang='lat' dir='ltr'><strong>CV.</strong></span> 
     </span>
    </p>
   </div>
   <div class='ocr_carea' id='block_1_112' title="bbox 1306 2542 1574 2579">
    <p class='ocr_par' dir='ltr' id='par_1_112' title="bbox 1306 2542 1574 2579">
     <span class='ocr_line' id='line_1_112' title="bbox 1306 2542 1574 2579; baseline 0.007 -10"><span class='ocrx_word' id='word_1_837' title='bbox 1306 2542 1344 2570; x_wconf 86' lang='lat' dir='ltr'><strong>De</strong></span> <span class='ocrx_word' id='word_1_838' title='bbox 1357 2543 1476 2570; x_wconf 79' lang='lat' dir='ltr'><strong>Abramio</strong></span> <span class='ocrx_word' id='word_1_839' title='bbox 1489 2544 1574 2579; x_wconf 75' lang='lat'><strong>(155).</strong></span> 
     </span>
    </p>
   </div>
   <div class='ocr_carea' id='block_1_113' title="bbox 1085 2587 1831 2625">
    <p class='ocr_par' dir='ltr' id='par_1_113' title="bbox 1085 2587 1831 2625">
     <span class='ocr_line' id='line_1_113' title="bbox 1085 2587 1831 2625; baseline 0.003 -10"><span class='ocrx_word' id='word_1_840' title='bbox 1085 2588 1146 2615; x_wconf 81' lang='lat' dir='ltr'><strong>Fuit</strong></span> <span class='ocrx_word' id='word_1_841' title='bbox 1165 2588 1271 2622; x_wconf 90' lang='lat' dir='ltr'><strong>quidam</strong></span> <span class='ocrx_word' id='word_1_842' title='bbox 1286 2587 1435 2621; x_wconf 82' lang='lat' dir='ltr'><strong>Abramius,</strong></span> <span class='ocrx_word' id='word_1_843' title='bbox 1451 2596 1549 2624; x_wconf 88' lang='lat' dir='ltr'><strong>genere</strong></span> <span class='ocrx_word' id='word_1_844' title='bbox 1563 2588 1712 2624; x_wconf 66' lang='lat' dir='ltr'><strong>Egyptius,</strong></span> <span class='ocrx_word' id='word_1_845' title='bbox 1732 2591 1775 2625; x_wconf 88' lang='lat' dir='ltr'><strong>qui</strong></span> <span class='ocrx_word' id='word_1_846' title='bbox 1791 2591 1831 2617; x_wconf 90' lang='lat' dir='ltr'><strong>vi-</strong></span> 
     </span>
    </p>
   </div>
   <div class='ocr_carea' id='block_1_114' title="bbox 1050 2633 1828 2669">
    <p class='ocr_par' dir='ltr' id='par_1_114' title="bbox 1050 2633 1828 2669">
     <span class='ocr_line' id='line_1_114' title="bbox 1050 2633 1828 2669; baseline 0.005 -10"><span class='ocrx_word' id='word_1_847' title='bbox 1050 2639 1101 2660; x_wconf 89' lang='lat' dir='ltr'><strong>tam</strong></span> <span class='ocrx_word' id='word_1_848' title='bbox 1118 2633 1289 2668; x_wconf 89' lang='lat' dir='ltr'><strong>asperrimam</strong></span> <span class='ocrx_word' id='word_1_849' title='bbox 1310 2637 1336 2660; x_wconf 90' lang='lat' dir='ltr'><strong>et</strong></span> <span class='ocrx_word' id='word_1_850' title='bbox 1350 2634 1465 2661; x_wconf 88' lang='lat' dir='ltr'><strong>maxime</strong></span> <span class='ocrx_word' id='word_1_851' title='bbox 1478 2640 1608 2668; x_wconf 81' lang='lat' dir='ltr'><strong>agrestem</strong></span> <span class='ocrx_word' id='word_1_852' title='bbox 1622 2635 1675 2669; x_wconf 80' lang='lat' dir='ltr'><strong>egit</strong></span> <span class='ocrx_word' id='word_1_853' title='bbox 1689 2636 1714 2662; x_wconf 91' lang='lat' dir='ltr'><strong>in</strong></span> <span class='ocrx_word' id='word_1_854' title='bbox 1733 2637 1828 2663; x_wconf 88' lang='lat' dir='ltr'><strong>solitu-</strong></span> 
     </span>
    </p>
   </div>
   <div class='ocr_carea' id='block_1_115' title="bbox 1049 2678 1830 2718">
    <p class='ocr_par' dir='ltr' id='par_1_115' title="bbox 1049 2678 1830 2718">
     <span class='ocr_line' id='line_1_115' title="bbox 1049 2678 1830 2718; baseline 0.005 -12"><span class='ocrx_word' id='word_1_855' title='bbox 1049 2679 1120 2707; x_wconf 89' lang='lat' dir='ltr'><strong>dine.</strong></span> <span class='ocrx_word' id='word_1_856' title='bbox 1133 2679 1156 2706; x_wconf 88' lang='lat' dir='ltr'><strong>is</strong></span> <span class='ocrx_word' id='word_1_857' title='bbox 1166 2678 1253 2706; x_wconf 89' lang='lat' dir='ltr'><strong>animo</strong></span> <span class='ocrx_word' id='word_1_858' title='bbox 1263 2679 1395 2706; x_wconf 85' lang='lat' dir='ltr'><strong>sauciatus</strong></span> <span class='ocrx_word' id='word_1_859' title='bbox 1407 2680 1440 2707; x_wconf 89' lang='lat' dir='ltr'><strong>ab</strong></span> <span class='ocrx_word' id='word_1_860' title='bbox 1450 2681 1633 2714; x_wconf 77' lang='lat' dir='ltr'><strong>intempestiva</strong></span> <span class='ocrx_word' id='word_1_861' title='bbox 1647 2683 1830 2718; x_wconf 81' lang='lat' dir='ltr'><strong>persuasione,</strong></span> 
     </span>
    </p>
   </div>
   <div class='ocr_carea' id='block_1_116' title="bbox 1050 2724 1830 2761">
    <p class='ocr_par' dir='ltr' id='par_1_116' title="bbox 1050 2724 1830 2761">
     <span class='ocr_line' id='line_1_116' title="bbox 1050 2724 1830 2761; baseline 0.005 -9"><span class='ocrx_word' id='word_1_862' title='bbox 1050 2725 1158 2752; x_wconf 80' lang='lat' dir='ltr'><strong>Veniens</strong></span> <span class='ocrx_word' id='word_1_863' title='bbox 1173 2725 1202 2751; x_wconf 87' lang='lat' dir='ltr'><strong>in</strong></span> <span class='ocrx_word' id='word_1_864' title='bbox 1210 2724 1360 2757; x_wconf 85' lang='lat' dir='ltr'><strong>ecclesiam,</strong></span> <span class='ocrx_word' id='word_1_865' title='bbox 1375 2725 1511 2752; x_wconf 85' lang='lat' dir='ltr'><strong>contendit</strong></span> <span class='ocrx_word' id='word_1_866' title='bbox 1525 2734 1584 2755; x_wconf 87' lang='lat' dir='ltr'><strong>cum</strong></span> <span class='ocrx_word' id='word_1_867' title='bbox 1599 2728 1771 2761; x_wconf 83' lang='lat' dir='ltr'><strong>presbyteris,</strong></span> <span class='ocrx_word' id='word_1_868' title='bbox 1785 2729 1830 2756; x_wconf 81' lang='lat' dir='ltr'><strong>tli-</strong></span> 
     </span>
    </p>
   </div>
   <div class='ocr_carea' id='block_1_117' title="bbox 1045 2770 1830 2808">
    <p class='ocr_par' dir='ltr' id='par_1_117' title="bbox 1045 2770 1830 2808">
     <span class='ocr_line' id='line_1_117' title="bbox 1045 2770 1830 2808; baseline 0.005 -11"><span class='ocrx_word' id='word_1_869' title='bbox 1045 2778 1108 2798; x_wconf 88' lang='lat' dir='ltr'><strong>cens</strong></span> <span class='ocrx_word' id='word_1_870' title='bbox 1122 2778 1129 2798; x_wconf 97' lang='lat'>:</span> <span class='ocrx_word' id='word_1_871' title='bbox 1144 2770 1227 2797; x_wconf 85' lang='lat' dir='ltr'><strong>Noctu</strong></span> <span class='ocrx_word' id='word_1_872' title='bbox 1242 2777 1257 2796; x_wconf 95' lang='lat' dir='ltr'><strong>a</strong></span> <span class='ocrx_word' id='word_1_873' title='bbox 1267 2770 1374 2797; x_wconf 81' lang='lat' dir='ltr'><strong>Christo</strong></span> <span class='ocrx_word' id='word_1_874' title='bbox 1388 2770 1524 2798; x_wconf 84' lang='lat' dir='ltr'><strong>ordinatus</strong></span> <span class='ocrx_word' id='word_1_875' title='bbox 1537 2779 1594 2799; x_wconf 91' lang='lat' dir='ltr'><strong>sum</strong></span> <span class='ocrx_word' id='word_1_876' title='bbox 1607 2773 1754 2808; x_wconf 79' lang='lat' dir='ltr'><strong>presbyter,</strong></span> <span class='ocrx_word' id='word_1_877' title='bbox 1768 2781 1830 2801; x_wconf 84' lang='lat' dir='ltr'><strong>sus-</strong></span> 
     </span>
    </p>
   </div>
   <div class='ocr_carea' id='block_1_118' title="bbox 1045 2815 1831 2850">
    <p class='ocr_par' dir='ltr' id='par_1_118' title="bbox 1045 2815 1831 2850">
     <span class='ocr_line' id='line_1_118' title="bbox 1045 2815 1831 2850; baseline 0.005 -8"><span class='ocrx_word' id='word_1_878' title='bbox 1045 2816 1124 2850; x_wconf 88' lang='lat' dir='ltr'><strong>cipite</strong></span> <span class='ocrx_word' id='word_1_879' title='bbox 1146 2822 1189 2842; x_wconf 92' lang='lat' dir='ltr'><strong>me</strong></span> <span class='ocrx_word' id='word_1_880' title='bbox 1205 2818 1235 2842; x_wconf 89' lang='lat' dir='ltr'><strong>ut</strong></span> <span class='ocrx_word' id='word_1_881' title='bbox 1253 2815 1432 2842; x_wconf 84' lang='lat' dir='ltr'><strong>sacerdotem.</strong></span> <span class='ocrx_word' id='word_1_882' title='bbox 1460 2816 1552 2844; x_wconf 84' lang='lat' dir='ltr'><strong>Patres</strong></span> <span class='ocrx_word' id='word_1_883' title='bbox 1573 2825 1633 2844; x_wconf 89' lang='lat' dir='ltr'><strong>cum</strong></span> <span class='ocrx_word' id='word_1_884' title='bbox 1658 2818 1831 2847; x_wconf 70' lang='lat' dir='ltr'><strong>abduxissent</strong></span> 
     </span>
    </p>
   </div>
   <div class='ocr_carea' id='block_1_119' title="bbox 1045 2861 1829 2893">
    <p class='ocr_par' dir='ltr' id='par_1_119' title="bbox 1045 2861 1829 2893">
     <span class='ocr_line' id='line_1_119' title="bbox 1045 2861 1829 2893; baseline 0.005 -4"><span class='ocrx_word' id='word_1_885' title='bbox 1045 2870 1104 2889; x_wconf 88' lang='lat' dir='ltr'><strong>cum</strong></span> <span class='ocrx_word' id='word_1_886' title='bbox 1119 2870 1133 2888; x_wconf 88' lang='lat' dir='ltr'><strong>a</strong></span> <span class='ocrx_word' id='word_1_887' title='bbox 1144 2861 1296 2893; x_wconf 88' lang='lat' dir='ltr'><strong>solitudine,</strong></span> <span class='ocrx_word' id='word_1_888' title='bbox 1313 2865 1340 2889; x_wconf 89' lang='lat' dir='ltr'><strong>ct</strong></span> <span class='ocrx_word' id='word_1_889' title='bbox 1350 2861 1383 2889; x_wconf 89' lang='lat' dir='ltr'><strong>ad</strong></span> <span class='ocrx_word' id='word_1_890' title='bbox 1395 2862 1474 2889; x_wconf 81' lang='lat' dir='ltr'><strong>vitam</strong></span> <span class='ocrx_word' id='word_1_891' title='bbox 1486 2862 1657 2892; x_wconf 82' lang='lat' dir='ltr'><strong>deduxissent</strong></span> <span class='ocrx_word' id='word_1_892' title='bbox 1668 2864 1829 2893; x_wconf 84' lang='lat' dir='ltr'><strong>crassiorem</strong></span> 
     </span>
    </p>
   </div>
  </div>
