2067 3155
246 167 314 201 1209

859 175 996 205 HISTOR
1003 175 1041 204 IA
1060 174 1171 206 LAUSI
1177 175 1254 204 ΔΕΑ.

1807 172 1876 206 1210

245 223 432 260 λιμπάνοντας
458 224 579 258 θάπτων,
595 227 657 258 τοὺς
678 227 706 253 δὲ
734 227 830 255 ἐλπίδα
855 229 928 264 ζωῆς
958 229 1033 264 έχον-
1049 231 1070 260 Α
1085 228 1199 264 λείψανα
1227 228 1275 255 τοῦ
1304 227 1375 255 θείου
1408 229 1529 256 Ἰωάννου
1551 228 1599 255 τοῦ
1622 229 1785 256 Βαπτιστοῦ.
1819 231 1876 259 Καὶ

245 273 294 296 τας
308 264 460 300 διατρέφων
474 266 521 293 καὶ
534 266 702 300 νοσοκομῶν,
718 268 765 294 καὶ.
778 268 947 301 ἁπαξαπλῶς
967 269 1034 294 πᾶσι

244 306 301 336 τοῖς
329 306 558 340 ὲπιχωριάζουσιν
572 305 645 340 αὐτῷ
662 306 708 332 τοῦ
724 306 804 340 λιμοῦ
824 307 917 334 ἕνεκεν
930 308 1035 341 ξενοδο-

245 344 322 377 χείαν
336 345 383 371 καὶ
398 344 549 380 ὑπηρεσίαν
564 347 699 380 παρεῖχεν
727 346 788 373 καθ’
802 347 910 383 ἡμέραν
921 349 966 374 -ὲκ
980 347 1034 373 τῶν

246 383 442 418 παρεχομένων
460 384 544 419 αὐτῷ.
572 385 769 420 Πληρωθέντος
791 386 820 413 δὲ
833 387 880 413 τοῦ
897 386 1033 419 ἐνιαυτοῦ,

252 422 300 448 καὶ
322 423 515 460 διαδεξαμένης
532 425 582 460 τῆς
609 425 738 461 εὐθηνίας
761 426 808 453 καὶ
834 427 943 454 πάντων
965 427 1034 454 οἴκοι

246 464 449 499 πορευομένων,
490 465 504 492 ό
541 465 662 500 ἀοίδιμος
698 464 776 497 οὗτος
805 467 904 502 μηκέτι
926 467 994 501 ἔχων
1020 466 1034 493 ὃ

247 502 337 539 πράξῃ
366 503 445 535 αὖθις
474 504 649 540 ὑποστρέψας
676 508 716 538 εἰς
743 506 792 540 τὴν
815 506 911 533 ἑαυτοῦ
936 505 1033 532 κέλλαν

245 542 326 568 πάλιν
347 543 480 577 εἰσῆλθεν,
503 545 549 571 καὶ
573 546 702 581 κοιμᾶται
727 546 798 581 μετά
829 547 917 581 μῆνα,
935 545 1034 580 κληρο-

245 583 367 616 νομήσας
392 583 442 618 τὴν
480 584 616 619 μακαρίαν
642 585 695 620 γῆν
719 586 773 613 τῶν
810 586 940 621 πραέων,
965 585 1034 618 πρὸς

245 622 301 652 τοῖς
319 621 410 653 ἄλλοις
432 623 515 649 αὑτοῦ
546 624 751 660 κατορθώμασι.
783 626 838 652 Καὶ
864 625 966 660 ταύτην
985 625 1033 660 τὴν

244 661 382 688 διακονίαν
395 664 581 698 παρασχόντος
595 665 669 700 αὐτῷ
680 666 727 692 τοῦ
739 665 806 692 Θεοῦ
826 666 866 697 εἰς
882 665 917 692 τὰ
933 665 1034 699 ἔσχατα

245 702 314 736 πρὸς
328 701 456 728 ὑπόθεσιν
477 702 675 739 λαμπροτέρων
694 706 834 738 στεφάνων
861 705 904 731 διά
926 705 1033 739 τρόπων

245 741 397 776 πραότητα.
413 742 617 780 Καταλέλοιπεν
634 744 662 770 δὲ
689 745 736 771 καὶ
753 745 930 780 συντάγματα
955 740 1034 776 οὗτος

244 781 259 807 ὀ
271 781 467 815 δοκιμώτατος.
483 779 520 809 ὧν
545 782 583 809 τὰ
596 782 708 810 πλεῖστα
732 785 850 820 σπουδῆς
872 786 945 811 ἐστιν
960 784 1032 817 ἄξια,

246 820 346 856 πολλὴν
361 821 461 856 ἀρετὴν
473 821 514 858 τῷ
529 822 607 857 ἀνδρὶ
625 824 827 859 μαρτυροῦντα.

533 862 660 890 ΚΕΦΑΛ.
682 863 740 891 PB'.

497 901 568 937 Περί
600 902 777 931 Ἰουλιανοῦ.

287 941 407 976 ’Δκήκοα
437 942 503 976 περὶ
538 941 683 969 Ἰουλιανοῦ
705 951 778 974 τινος
795 943 825 968 ὲν
855 943 910 974 τοῖς
939 942 1033 977 μέρεσι

247 980 302 1006 τῶν
321 981 503 1016 Ἐδεσσηνῶν.
531 981 627 1017 ἀνδρὸς
654 981 877 1017 ἀσκητικωτάτου
897 989 904 996 ·
917 981 947 1013 ὃς
973 981 1033 1008 καθ’

249 1020 402 1055 δπερϐολὴν
418 1020 516 1047 ἑαυτοῦ
539 1021 694 1056 κατατήξας
711 1022 741 1047 τὸ
757 1022 869 1057 σαρκίον
891 1021 972 1047 ὀστέα
988 1021 1035 1047 καὶ

246 1060 334 1094 δέρμα
349 1060 512 1095 περιέφερεν
530 1061 620 1094 μόνον.
639 1057 724 1092 οὗτος
753 1061 793 1092 εἰς
809 1061 843 1087 τὰ
863 1061 964 1095 ἔσχατα
987 1063 1034 1089 τοῦ

245 1099 337 1131 τέλους
349 1098 506 1135 κατηξιώθη
515 1101 598 1134 τιμῆς
613 1099 706 1126 ἕνεκεν
717 1099 885 1135 χαρίσματος
901 1099 1033 1136 ἰαμάτων.

528 1139 655 1166 ΚΕΦᾹΛ.
683 1140 744 1165 PI".

485 1178 555 1212 Περί
582 1178 792 1205 Ἰννοκεντιου.

281 1217 322 1244 Τὰ
339 1217 410 1245 κατά
427 1218 472 1245 τὸν
493 1218 630 1253 μακάριον
652 1218 824 1247 Ἰννοκέντιον
842 1218 889 1244 τὸν
915 1218 1035 1254 πρεσϐύ-

245 1265 326 1292 τερον
342 1257 389 1284 τοῦ
411 1257 555 1289 Ἐλαιῶνος
569 1257 645 1292 παρά
657 1256 762 1284 πολλῶν
782 1257 832 1292 μὲν
847 1258 893 1284 καλ⁸
909 1257 1036 1292 μεγάλων

247 1297 371 1331 ἀκήκοας
385 1305 391 1313 ⁸
412 1297 488 1324 οὐδὲν
505 1297 533 1324 δὲ
558 1295 650 1333 ἦττον,
666 1298 690 1323 εἰ
710 1298 757 1323 καὶ
784 1297 848 1332 παρ’
877 1298 955 1332 ἡμῶν
983 1298 1036 1324 τῶν

245 1337 384 1364 ταπεινῶν
406 1336 503 1372 μάθοις
525 1337 561 1364 τὰ
578 1337 643 1373 περὶ
670 1337 753 1364 αὑτοῦ
779 1338 834 1364 τῶν
863 1334 1037 1373 συζησάντων

247 1377 322 1412 αὐτῷ
335 1377 430 1413 τριετῆ
446 1377 552 1413 χρόνον.
571 1377 604 1404 Ἀ
623 1377 678 1411 γὰρ
693 1378 814 1410 ἐκείνους
827 1378 956 1410 πολλάκις
976 1380 1038 1407 έλα-

247 1418 293 1445 θεν
317 1417 372 1444 τῶν
397 1418 502 1451 ἀρετῶν
530 1417 578 1444 τοῦ
604 1417 710 1453 ἀνδρος,
740 1418 806 1452 ἡμῖν
833 1419 1036 1454 πεφανέρωται.

247 1458 285 1483 υύ
298 1457 353 1492 γὰρ
362 1456 453 1492 ῥᾴδιον
468 1456 589 1483 τοιούτου
603 1457 699 1491 ἀνδρὸς
715 1457 816 1491 ἀρετάς
827 1457 1037 1492 ἐξεργάσασθαι,

246 1498 295 1524 ἕνα
312 1497 360 1523 καὶ
381 1496 518 1531 δεύτερον,
533 1496 591 1523 ἀλλ’
606 1495 668 1522 οὔτε
690 1497 813 1524 δέκατον.
836 1495 921 1531 Οὗτος
949 1498 1038 1526 τοίνυν

247 1539 262 1565 ὁ
271 1537 381 1573 ἀριστος
395 1536 450 1562 τῶν
459 1535 587 1570 ἀσκητῶν
601 1536 789 1567 ἀπλούστατος
797 1535 832 1572 ἦν
847 1537 908 1564 καθ’
920 1538 1038 1574 ὑπερϐο-

247 1578 307 1612 λήν.
325 1577 472 1610 Γενόμενος
490 1575 544 1602 τῶν
557 1575 687 1608 ἐπιδόξων
704 1576 759 1602 τῶν
773 1577 801 1603 ὲν
810 1576 848 1612 τῷ
867 1577 991 1612 παλατίῳ
1008 1579 1036 1605 ὲν

247 1619 307 1649 ταῖς
332 1618 429 1653 ἀρχαῖς
443 1616 633 1643 Κωνσταντίου
661 1616 708 1642 τοῦ
724 1616 865 1651 βασιλέως,
882 1618 1036 1652 ἀπετάξατο

247 1657 407 1693 ὁρμώμενος
415 1655 564 1690 ἀπδγάμου
572 1665 579 1671 ·
592 1657 620 1682 ἐν
631 1653 671 1688 οἷς
680 1657 726 1683 καὶ
741 1655 814 1691 εἶχεν
829 1658 874 1683 καὶ
889 1658 954 1690 υἱὸν,
964 1660 1037 1687 Παῦ-

247 1697 292 1724 λον
305 1697 349 1724 όνό
353 1705 428 1731 ματι,
435 1696 594 1730 δομέστικον
608 1696 831 1731 στρατευόμενον.
839 1697 938 1724 Τοῦτον
945 1699 962 1724 ά
966 1708 1004 1733 μα
1008 1708 1037 1734 ρ-

248 1738 371 1771 τὴσαντα
391 1736 459 1770 προς
479 1735 618 1769 θυγατέρα
634 1735 819 1770 πρεσϐυτέρου
845 1736 1003 1770 ἐπαράσατο
1023 1739 1037 1765 ό

249 1779 326 1810 ἅγιος
352 1774 523 1807 ’Ῑννοκέντιος
549 1776 587 1809 τῷ
616 1776 672 1810 ἰδίῳ
694 1776 745 1810 υίῷ
771 1777 966 1811 παρακαλέσας
992 1780 1038 1807 τὸν

249 1817 327 1848 Θεὸν,
344 1816 391 1843 καὶ
405 1815 490 1842 εἰπὼν
506 1815 590 1849 αὐτῷ.
604 1815 645 1841 ὅτι
660 1814 757 1850 Κύριε,
771 1815 816 1846 δὸς
833 1816 906 1851 αὐτῷ
918 1813 1038 1845 τοιοῦτον

251 1856 376 1890 Πνεῦμα,
389 1855 432 1881 ἴνα
452 1854 550 1889 μηκέτι
572 1853 647 1889 εὖροι
670 1853 766 1888 καιρὸν
782 1854 829 1881 τοῦ
848 1855 1038 1892 ἐξαμαρτῆσαι

251 1895 291 1930 τῷ
316 1894 430 1929 σαρκίῳ.
447 1892 574 1927 Ἀμεινόν
604 1894 687 1924 ἐστιν,
700 1893 796 1925 εἰπὼν,
812 1894 920 1930 δαίμονι
945 1896 1039 1924 τοῦτον

252 1934 409 1965 πυκτεύειν,
426 1933 442 1969 ἢ
460 1933 591 1973 ἀκολασίᾳ
605 1932 751 1961 δουλεύειν.
768 1935 801 1960 Ὃ
814 1934 846 1969 δὴ
865 1936 911 1961 καὶ
925 1936 1039 1973 γεγένη-

251 1984 307 2007 ται⁸
322 1974 369 2004 Ὃς
384 1973 424 1999 ἔτι
438 1972 485 1999 καὶ
497 1972 545 1999 νῦν
557 1973 630 2013 ἐστιν
642 1973 683 2013 εἰς
695 1972 756 2007 ὄρος
767 1973 822 2013 τῶν
841 1973 954 2002 Ἐλαιῶν
964 1972 1039 2013 σιδη-

254 2013 389 2051 ροφορῶν,
406 2013 453 2039 καὶ
464 2012 661 2047 παιδευόμενος
671 2012 723 2039 ὑπὸ
739 2012 786 2039 τοῦ
806 2014 970 2049 πνεύματος.
985 2017 1039 2044 Καὶ

253 2055 284 2081 τὸ
296 2053 453 2087 θαυμαστὸν
478 2053 492 2078 ό
515 2051 611 2078 τούτου
643 2052 738 2087 Πατὴρ
772 2053 882 2089 ἐτέρους
913 2055 1038 2089 ἰώμενος,

253 2093 347 2120 τοῦτον
367 2092 418 2117 οὐκ
432 2091 532 2126 ἠλέησε
549 2091 683 2130 *τοσοῦτον
710 2092 806 2127 χρόνον
834 2093 1040 2130 τιμωρούμενον

254 2131 360 2160 ὑπὸτοῦ
376 2131 513 2166 δαίμονος.
526 2127 611 2160 Οὗτος
631 2131 645 2156 ό
659 2130 780 2166 ἀοίδιμος
797 2127 966 2164 Ἰννςκέντιος
985 2131 1041 2165 οἷος

257 2174 305 2210 μὲν
318 2173 429 2207 γέγονεν
441 2171 586 2210 νὲλεήμων,
603 2168 658 2203 οἷος
681 2171 710 2198 δὲ
728 2172 808 2199 πάλιν
831 2174 943 2207 ἁπλοῦς,
957 2174 1041 2210 λῆρος

253 2209 409 2248 ὀφθήσομαι
423 2209 447 2236 τ’
467 2210 554 2245 ἀληθῆ
578 2211 641 2245 περί
655 2210 737 2238 αὐτοῦ
762 2212 949 2247 διηγούμενος·
964 2209 1040 2246 οὗτος

255 2252 385 2282 πολλάκις
410 2249 535 2276 κλέπτων
554 2250 631 2285 παρὰ
658 2249 713 2276 τῶν
731 2251 865 2285 ἀδελφῶν,
881 2253 908 2278 εἴ
919 2261 945 2279 τι
967 2253 1042 2289 αὐτῷ

255 2293 396 2321 ἰνέπεσεν,
409 2289 494 2316 ἐδίδου
516 2291 572 2321 τοῖς
590 2290 740 2324 δεομένοις.
758 2292 826 2317 Καθ’
847 2292 999 2328 ὑπερϐολὴν
1014 2294 1043 2320 δὲ

254 2330 373 2367 γεγονὼς
390 2330 511 2369 ἄκακος,
524 2330 571 2369 καὶ
583 2330 628 2356 τὸν
641 2330 740 2365 τρόπον
756 2330 870 2363 ἁπλοῦς,
885 2332 1042 2369 κατηξιώθη

255 2371 424 2408 χαρίσματος
448 2368 519 2409 κατά
537 2368 682 2409 δαιμόνων.
708 2369 753 2396 Ἐν
779 2369 820 2402 οίς
849 2380 915 2398 ποτε
940 2368 1043 2409 ἠνέχθη

254 2406 328 2446 αὐτῷ
342 2409 483 2439 νεανίσκος
500 2406 628 2442 ὁρώντων
640 2408 784 2444 ἡμετέρων
796 2410 848 2437 ὑπὸ
858 2410 906 2437 τοῦ
919 2406 1044 2447 πνεύμαξ

255 2459 301 2482 της
320 2448 434 2483 ληφθεὶς
466 2448 514 2474 καὶ
537 2448 679 2482 παρέσεως
697 2456 705 2464 ⁸
729 2449 768 2480 ὡς
796 2450 847 2484 ἐμὲ
877 2450 1045 2487 θεασάμενον

256 2491 386 2525 ἄντικρὺς
414 2488 599 2522 ἀπευδοκῆσαι
622 2488 672 2524 τῆς
699 2489 782 2516 αὑτοῦ
811 2490 971 2526 θεραπείας,
997 2493 1045 2519 καὶ

257 2530 371 2565 θελῆσαι
408 2526 502 2559 διῶξαι
528 2526 634 2567 ἐκεῖθεν
672 2529 722 2564 τὴν
751 2529 856 2565 μητέρα
881 2530 928 2557 τοῦ
948 2531 1044 2567 δαιμο-

255 2570 367 2600 νιῶντος
391 2567 441 2594 σὺν
462 2567 521 2598 τοῖς
546 2566 628 2593 αὑτὸν
652 2567 819 2602 ὲνεγκοῦσιν.
833 2570 937 2605 Συνέϐη
955 2566 1002 2597 οὖν
1014 2571 1044 2598 ὲν

256 2609 297 2645 τῷ
325 2606 428 2644 μεταξὺ
461 2605 636 2641 θεωρούντων
647 2607 726 2643 ήμῶν
752 2609 783 2636 τὸ
798 2609 935 2645 ἀφόρητον
949 2610 1042 2645 ἄλγος,

258 2648 348 2676 ἐλθεῖν
371 2646 418 2673 τδν
445 2645 485 2680 τῷ
514 2645 650 2686 πνεύματι
678 2649 882 2684 νεανιευόμενον
908 2650 1042 2686 γέροντα”

255 2689 306 2716 καὶ
328 2687 498 2721 θεασάμενον
524 2685 569 2712 τὸν
594 2686 793 2722 δαιμονιῶντα,
818 2690 866 2716 καὶ
890 2685 1043 2725 περιεστῶ-

258 2737 308 2755 σαν
338 2727 387 2761 τὴν
415 2725 515 2765 τούτου
537 2725 644 2760 μητέρα
667 2727 824 2761 κλαίουσαν,
844 2729 892 2756 καί
913 2730 1044 2765 ὀδυρομέ-

260 2777 310 2803 νην
319 2768 365 2794 sm
384 2767 418 2801 τῇ
436 2764 630 2805 ἀνεκδιηγήτῳ
653 2769 781 2803 συμφορᾷ
797 2767 843 2794 τοῦ
865 2769 924 2796 υἱοῦ
947 2764 1043 2805 αὐτῆς.

261 2808 404 2842 Δαχρύσας
419 2804 465 2832 οὖν
480 2805 494 2831 ὸ
521 2804 684 2841 καλόγηρος,
699 2809 746 2834 καὶ
772 2809 981 2845 σπλαγχνισθεὶς
1001 2804 1045 2836 ἐπ’

258 2848 367 2881 αὐτοὺς,
381 2847 471 2874 λαϐὼν
494 2847 541 2874 τὸν
563 2849 703 2876 νεανίσκον
722 2848 847 2884 εἰσῆλθεν
869 2850 910 2882 εἰς
925 2850 955 2877 τὸ
978 2859 1047 2886 μαρ-

259 2887 348 2920 τύριον
365 2887 470 2920 ἑαυτοῦ,
487 2887 501 2914 δ
516 2887 686 2924 ᾡκοδομήκει
699 2889 790 2922 αὐτὸς,
817 2889 846 2915 ὲν
863 2887 883 2925 ᾧ
899 2890 1040 2917 κατέκειτο

1091 269 1276 304 ἐπευξάμενος
1302 268 1375 304 αὐτῷ
1393 269 1447 295 ἀπὸ
1469 269 1566 304 τρίτης
1582 269 1657 303 ὥρας
1672 269 1768 304 μέχρις
1796 270 1875 297 ὲννά-

1085 316 1146 343 της,
1158 308 1222 343 ὑγιῆ
1234 308 1375 335 ἀπέδωκεν
1391 308 1438 334 τὸν
1450 308 1592 335 νεανίσκον
1616 310 1648 343 τῇ
1664 309 1746 335 αὑτοῦ
1765 310 1849 345 μητρί
1865 319 1874 328 ⁸

1085 349 1132 375 καὶ
1156 348 1201 376 τὺν
1215 349 1330 384 δαίμονα
1361 349 1489 381 ἐξελάσας
1501 348 1548 376 ἀπ’
1565 349 1662 382 αὐτοῦ,
1679 350 1726 376 καὶ
1742 351 1792 386 τὴν
1806 352 1876 386 πάρ-

1085 396 1142 414 εσιν
1180 388 1335 423 ἰασάμενος.
1366 389 1484 423 Τοιαύτη
1521 389 1550 416 δὲ
1579 388 1614 426 ἦν
1641 391 1657 424 ή
1688 389 1815 424 πάρεσις,
1838 391 1875 423 ὡς

1084 427 1203 454 πτύοντα
1218 429 1265 455 τὸν
1282 428 1363 455 παῖδα
1389 429 1436 456 ἐπὶ
1464 428 1509 455 τὸν
1532 429 1617 456 νῶτον
1646 429 1743 456 ἑαυτοῦ
1768 430 1873 458 πτύειν.

1085 465 1179 498 Οὕτως
1208 465 1241 503 ἦν
1263 467 1447 503 ἐκστραφείςο
1464 468 1511 495 καὶ
1539 470 1553 495 ό
1585 469 1671 500 οὕτως
1700 469 1815 501 ἐλεεινὸς
1841 471 1875 506 τῇ

1085 506 1151 541 εὐχῇ
1171 506 1217 534 τοῦ
1233 507 1339 534 δικαίου
1357 509 1528 544 παραχρῆμα
1542 509 1614 544 ἰάθη.
1633 510 1682 540 Εἰς
1696 510 1759 541 τοὺς
1771 510 1835 545 περί
1846 512 1876 536 τὸ

1083 545 1222 581 Λαζάριον
1238 549 1339 579 τόπους
1354 547 1474 582 νέμουσα
1488 549 1613 584 πρόϐατα
1629 549 1718 582 γραῦς
1733 548 1875 576 ἀπώλεσεν

1084 584 1124 617 ἓν,
1141 585 1283 622 νεωτέρων
1303 587 1356 614 τῶν
1372 587 1443 614 κατά
1458 587 1504 614 τὸν
1517 589 1599 615 τόπον
1613 588 1690 615 τοῦτο
1705 589 1874 623 κλεψάντων.

1084 625 1222 653 Κλαίουσα
1240 626 1286 653 οὖν
1304 628 1320 662 ἡ
1346 626 1432 663 γραῦς
1457 627 1611 663 προσῆλθεν
1632 628 1719 664 τούτῳ
1735 629 1774 663 τῷ
1791 628 1876 663 ὲνθέῳ

1084 664 1170 704 ἀνδρί.
1190 665 1220 691 '0
1231 665 1346 701 δὲ’λέγει
1361 668 1442 703 αὐτῇ·
1458 667 1549 702 Δεῖξόν
1567 677 1613 704 μοι
1635 669 1680 695 τὸν
1703 668 1786 695 τόπον
1807 668 1873 694 ἔνθα

1083 703 1162 730 τοῦτο
1177 703 1332 737 ἀπώλεσας.
1356 707 1503 742 Ἀπιούσης
1517 707 1563 734 οὖν
1582 708 1669 742 αὐτῆς
1693 709 1740 734 επὶ
1769 708 1799 734 τὸ
1818 708 1875 734 Λα-

1085 743 1190 779 ζάριον,
1220 745 1364 780 ἠκολούθει
1383 746 1398 772 ό
1419 747 1515 782 μέγας.
1543 748 1599 774 Καὶ
1622 747 1768 781 γενόμενος
1804 747 1875 774 κατά

1084 785 1130 810 τὸν
1153 785 1234 811 τόπον
1251 805 1257 817 ,
1288 785 1354 817 στὰς
1385 786 1570 821 προσηύξατο.
1600 787 1632 813 Οἱ
1660 784 1706 813 οὖν
1727 786 1875 820 κλέψαντες

1085 823 1165 850 τοῦτο
1197 824 1344 859 πρόϐατον,
1361 825 1491 859 ἔσφαξαν,
1508 827 1555 853 καὶ
1572 825 1607 853 τὰ
1630 826 1700 857 κρέα
1725 827 1755 852 ὲν
1772 828 1805 861 τῇ
1819 828 1876 860 άμ-

1086 863 1160 898 πέλῳ
1175 864 1361 900 κατέκρυψαν.
1384 865 1429 891 Ἐν
1441 865 1479 901 τῷ
1492 863 1539 892 οὗν
1553 865 1598 892 τὸν
1608 866 1682 893 ὅσιον
1690 866 1773 901 ἀνδρα
1791 874 1874 900 προσ-

1051 903 1072 931 Β
1087 903 1215 938 εύχεσθαι
1246 904 1360 939 μηδενὸς
1388 904 1443 932 τῶν
1475 905 1570 932 αἰτίων
1592 905 1806 940 ὁμολογούντων,
1826 904 1876 939 τῆς

1085 943 1197 978 χάριτος
1210 943 1386 979 ἐνεργούσης,
1401 944 1487 979 κόραξ
1499 945 1579 971 ποθὲν
1590 944 1686 975 ἐλθὼν,
1701 945 1751 971 καὶ
1762 944 1876 975 ἐπιστὰς

1088 988 1122 1022 τῇ
1136 986 1235 1021 κλοπῇ,
1248 986 1338 1013 λαϐὼν
1354 987 1484 1014 κοπάδιον
1494 987 1542 1014 ἀπ’
1555 987 1639 1014 αὑτοῦ
1657 987 1739 1014 πάλιν
1753 988 1874 1021 ἀπέπτη.

1086 1024 1287 1060 Προσεσχηκὼς
1309 1024 1356 1052 οὖν
1377 1026 1456 1052 τοῦτο
1481 1026 1495 1052 ὁ
1515 1027 1650 1062 μακάριος
1673 1024 1760 1058 οὗτος,
1777 1026 1877 1061 μικρὸν

1086 1065 1226 1100 προελθὼν
1239 1062 1318 1100 εὗρεν
1332 1066 1362 1092 τὺ
1378 1065 1467 1100 θῦμα,
1480 1066 1603 1097 καὶτοὺς
1619 1066 1770 1101 κλέψαντας
1786 1066 1876 1094 τοῦτο.

1085 1103 1143 1131 Εἶθ’
1158 1104 1245 1136 οὕτως
1266 1105 1467 1141 προσπεσόντες
1482 1106 1557 1141 αὐτῷ
1581 1107 1606 1132 οἰ
1625 1105 1775 1140 κλέψαντες
1798 1106 1878 1133 τοῦτο

1086 1145 1224 1180 νεώτεροι.
1243 1145 1290 1172 καὶ
1303 1145 1353 1180 τὴν
1377 1145 1467 1173 αἰτίαν
1481 1146 1710 1181 ὁμολογήσαντες,
1732 1146 1877 1181 ἁπῃτήθη-

1087 1193 1138 1211 σαν
1157 1185 1187 1211 τὸ
1206 1184 1280 1216 ἀξιον
1301 1185 1421 1220 τίμημα,
1436 1185 1484 1212 καὶ
1510 1185 1597 1217 οὕτως
1624 1185 1876 1221 ὲσωφρονίσθησαν,

1086 1224 1133 1251 τοῦ
1147 1225 1246 1260 μηκέτι
1258 1224 1292 1251 τὰ
1302 1226 1413 1252 τοιαῦτα
1424 1225 1536 1261 τολμᾷν.

1368 1264 1459 1291 ΚΕΦΛ
1468 1265 1501 1292 Δ.
1531 1265 1590 1291 ΡΔ’.

1366 1303 1435 1338 Περὶ
1454 1303 1601 1331 Ἀδολίου.

1127 1343 1234 1376 Ἔγνων
1258 1342 1338 1369 πάλιν
1361 1344 1423 1370 τινὰ
1440 1344 1480 1375 εἰς
1496 1345 1530 1371 τὰ
1550 1343 1736 1379 Ἰεροσόλυμα,
1763 1343 1877 1379 όνόματι

1096 1382 1223 1417 Ἀδόλιον,
1241 1385 1352 1420 Ταρσέα
1365 1384 1398 1420 το
1408 1384 1498 1418 γένος.
1512 1382 1598 1416 Οὗτος
1609 1385 1833 1420 παραγενόμενος
1848 1385 1878 1410 ὲν

1087 1424 1144 1451 τοῖς
1173 1419 1369 1454 Ἰεροσολύμοις
1392 1419 1452 1446 λίαν
1476 1420 1526 1455 τὴν
1544 1419 1675 1455 ἀτριπτον
1702 1420 1752 1454 τῆς
1779 1420 1879 1454 ἀρετῆς

1089 1458 1206 1485 ὧδευσεν
1221 1458 1295 1490 ὁδὸν,
1314 1458 1363 1493 οὐχ
1381 1459 1508 1494 ἡνήμεῖς
1537 1460 1562 1485 οἰ
1590 1459 1683 1486 πολλοί
1706 1458 1877 1493 ὼδεύσαμεν,

1090 1498 1158 1525 ἀλλὰ
1170 1497 1248 1532 ξένην
1261 1498 1321 1524 τινὰ
1345 1498 1394 1524 καὶ
1414 1499 1511 1534 καινὴν
1530 1498 1620 1534 ἑαυτῷ
1638 1498 1782 1533 ἁνατεμὼν
1809 1498 1879 1533 ὑπὲρ

1090 1537 1233 1572 ἄνθρωπον
1249 1537 1389 1564 πολιτείαν
1404 1538 1525 1573 ἤσκησεν
1543 1539 1572 1564 ἐν
1602 1538 1670 1572 αὐτῇ
1683 1545 1692 1553 ”
1705 1537 1743 1569 ὡς
1759 1538 1807 1564 καὶ
1830 1538 1880 1563 αὐ-

1091 1579 1155 1609 τοὺς
1169 1578 1232 1610 τοὺς
1253 1577 1383 1612 δαίμονας
1409 1578 1546 1612 πονηροὺς
1573 1577 1723 1613 φρίξαντας
1749 1577 1831 1604 αὑτοῦ
1850 1577 1881 1603 τδ

1092 1617 1227 1652 αὐστηρὸν
1252 1617 1301 1651 τῆς
1328 1616 1442 1652 ἀρίστης
1465 1616 1601 1648 πολιτείας
1620 1617 1657 1652 μὴ
1686 1616 1788 1652 τολμᾷν
1805 1616 1881 1651 αὺτῷ

1093 1657 1286 1694 προσεγγίσαι.
1319 1656 1359 1683 Δι’
1388 1656 1543 1691 ὑπερϐολὴν
1565 1656 1618 1692 γὰρ
1642 1656 1806 1691 ἐγκρατείας
1834 1656 1881 1682 καὶ⁴

1092 1697 1246 1733 ἀγρυπνίας
1270 1696 1417 1730 φάντασμα
1436 1695 1505 1723 εἶναι
1533 1696 1679 1731 ὑπενοήθη.
1699 1696 1744 1722 Ἐν
1762 1695 1811 1730 μὲν
1827 1695 1881 1730 γὰρ

1094 1738 1169 1772 πάσῃ
1181 1738 1213 1771 τῇ
1229 1737 1434 1770 τεσσαρακοστῇ
1451 1735 1546 1771 ’ήσθιεν
1570 1735 1614 1762 διά
1636 1736 1728 1767 πέντε,
1743 1735 1791 1762 καὶ
1801 1734 1882 1762 τοῦτο

1093 1777 1122 1803 ὲν
1144 1776 1252 1810 μέτρῳ’
1270 1775 1316 1801 τὸν
1333 1775 1362 1801 δὲ
1379 1775 1459 1802 ἀλλον
1469 1776 1566 1810 χρόνον
1578 1775 1671 1810 ἢσθιεν
1685 1776 1786 1810 τρίτον.
1801 1775 1838 1801 Τὸ
1852 1774 1882 1801 δὲ

1095 1816 1166 1849 μέγα
1190 1815 1238 1841 καὶ
1265 1814 1414 1849 παράδοξον
1429 1814 1510 1841 τοῦτο
1535 1812 1570 1850 ἦν
1596 1814 1679 1841 αὑτοῦ
1691 1815 1741 1849 τῆς
1760 1813 1860 1848 ἀρετῆς
1873 1821 1880 1829 ’

1094 1852 1172 1885 οὗτος
1185 1854 1354 1888 τρεφόμενος
1369 1853 1416 1886 ἀφ’
1432 1854 1552 1889 ἑσπέρας
1569 1854 1664 1889 μέχρις
1680 1854 1725 1880 ὅτε
1737 1855 1770 1889 τῇ
1783 1853 1880 1888 ὲωθινῇ

1094 1893 1155 1928 ὥρᾳ
1166 1893 1248 1920 πάλιν
1263 1893 1279 1927 ἡ
1296 1892 1446 1927 ἀδελφότης
1461 1893 1490 1919 ἐν
1501 1894 1557 1924 τοῖς
1568 1893 1724 1927 εὺκτηρίοις
1738 1894 1881 1927 συνήγετο.

1095 1931 1179 1964 Οὗτος
1203 1933 1217 1958 ὁ
1241 1931 1359 1966 ἀθλητὴς
1380 1932 1465 1963 ἑστὼς
1481 1933 1510 1959 ἐν
1524 1932 1564 1967 τῷ
1583 1932 1690 1959 ὲλαιῶνι
1711 1933 1749 1964 εἰς
1763 1932 1810 1958 τὸν
1832 1931 1883 1966 τῆς

1096 1971 1259 2006 ἀναλήψεως
1278 1970 1382 2005 βουνὸν,
1393 1970 1455 1997 ὅθεν
1472 1971 1610 2006 ἀνελήφθη
1624 1971 1639 1997 ό
1657 1970 1772 2006 Ἰησοῦς,
1786 1969 1882 2001 ἑστὼς,

1096 2012 1144 2039 καὶ
1157 2011 1334 2046 ψάλλων,καὶ
1355 2010 1574 2046 προσευχόμενος
1592 2010 1716 2037 διετέλει.
1733 2010 1788 2036 Kal
1804 2009 1884 2036 τοῦτο

1096 2052 1182 2078 ἐποίει
1198 2052 1227 2077 ὲν
1239 2050 1321 2077 παντὶ
1333 2049 1432 2084 καιρῷ,
1442 2049 1495 2076 εἴτε
1511 2050 1612 2084 ἔνιψεν,
1626 2050 1680 2076 εῐτε
1692 2049 1815 2085 ἕὸρεχεν,
1828 2048 1883 2075 εἴτε

1096 2090 1252 2126 ὲπάχνιζεν,
1263 2089 1411 2121 ἀσάλευτος
1418 2090 1522 2124 ἔμενεν.
1535 2090 1589 2116 Καὶ
1600 2088 1747 2124 πληρώσας
1759 2089 1806 2115 τὸν
1819 2096 1883 2114 συν-

1097 2131 1150 2166 ήθη
1171 2131 1226 2157 τῶν
1245 2130 1334 2164 εὐχῶν
1352 2130 1463 2161 κανόνα,
1485 2129 1516 2156 τὸ
1537 2129 1688 2165 τηνικαῦτα
1701 2128 1741 2164 τῷ
1755 2128 1884 2161 ὲξυπνια-

1101 2169 1186 2205 στικῷ
1201 2171 1307 2204 σφυρίῳ
1320 2169 1369 2200 τὰς
1385 2169 1494 2195 πάντων
1510 2168 1622 2202 ἐκρουεν
1633 2168 1741 2201 κέλλας,
1758 2167 1884 2202 συνάγων

1097 2210 1196 2242 αὐτοὺς
1222 2210 1262 2241 εἰς
1291 2209 1352 2240 τοὺς
1384 2209 1547 2243 εὐκτηρίους
1566 2209 1655 2240 οῐκους
1675 2208 1741 2242 πρὸς
1756 2207 1885 2242 ὁρθρινὴν

1059 2245 1081 2273 Ι)
1096 2249 1262 2284 δοξολογίαν,
1281 2249 1341 2275 καθ’
1360 2249 1480 2283 ἑκάστην
1502 2248 1599 2275 κέλλαν
1614 2248 1778 2283 συμψάλλων
1792 2247 1885 2278 αὐτοῖς

1098 2289 1127 2315 ἓν
1142 2290 1158 2320 ἢ
1175 2289 1302 2324 δεύτερον
1328 2289 1488 2322 ἀντίφωνον,
1503 2289 1550 2315 καὶ
1578 2289 1772 2323 συνευχόμενος
1797 2286 1884 2318 οὕτως

1097 2329 1180 2365 ἀπῄει
1193 2329 1247 2363 πρὸ
1259 2328 1365 2364 ἡμέρας
1379 2329 1417 2359 εἰς
1431 2328 1461 2354 τὸ
1473 2328 1588 2355 κελλίον.
1606 2328 1650 2359 Ὧς
1659 2328 1687 2354 δὲ
1700 2328 1746 2354 ἐπὶ
1759 2326 1809 2361 τῆς
1820 2326 1885 2361 ἀλη-

1099 2369 1176 2400 θείας
1193 2368 1343 2403 ὲπίσταμαι
1358 2367 1440 2399 αὐτὸς
1454 2367 1584 2399 πολλάκις
1598 2366 1653 2394 τῶν
1666 2366 1788 2401 ἀδελφῶν
1802 2365 1885 2393 αὑτὸν

1098 2408 1271 2435 ἀποδυὸντων
1285 2408 1314 2434 ὲν
1330 2407 1422 2442 καιρῷ
1448 2406 1544 2442 θέρους
1559 2406 1605 2433 καὶ
1617 2404 1818 2437 ἀποπιιζόντων
1831 2404 1885 2431 τῶν

1100 2448 1217 2484 ἱματίων
1244 2447 1327 2473 αὐτοῦ
1342 2446 1388 2473 τὸν
1407 2445 1517 2481 ἰόρῶτα,
1537 2445 1575 2477 ὡς
1596 2445 1651 2471 ἀπὸ
1667 2443 1779 2484 λουτροῦ
1800 2443 1886 2474 οὕτως

1099 2481 1265 2522 ἀπέσταζον,
1285 2487 1354 2515 ἄλλα
1376 2487 1404 2514 δὲ
1426 2487 1652 2522 περιϐαλλόμενοι
1674 2486 1726 2518 ἓως
1749 2481 1779 2512 οὗ
1800 2485 1886 2511 ταῦτα

1099 2529 1240 2565 ὲψύχοντο.
1257 2529 1312 2555 Καὶ
1324 2528 1407 2564 μέχρι
1425 2527 1521 2562 τρίτης
1536 2527 1609 2562 ὥρας
1620 2526 1885 2565 διαναπαυσάμενος,

1098 2564 1170 2596 οὕτω
1187 2569 1269 2596 πάλιν
1281 2568 1331 2600 τὰς
1347 2567 1445 2599 λοιπὰς
1460 2564 1534 2603 ὥρας
1549 2567 1601 2598 ἕως
1613 2566 1732 2601 ἑσπέρας
1747 2566 1780 2600 τῇ
1793 2564 1886 2599 ψαλμα

1099 2609 1167 2645 ῳδίᾳ
1183 2609 1230 2635 καὶ
1245 2609 1306 2640 ταῖς
1331 2608 1496 2643 προσευχαῖς
1513 2607 1669 2642 προσεῖχεν.
1683 2604 1755 2645 Αὕτη
1767 2604 1884 2645 τοίνυνᾷὴ

1097 2643 1182 2683 ἀρετὴ
1193 2648 1243 2683 τῆς
1267 2647 1355 2682 ἀκρας
1378 2646 1516 2682 ὑπομονῆς
1525 2646 1641 2673 Ἀδολίου
1658 2645 1708 2678 τῆς
1718 2644 1821 2679 πέτρας
1833 2643 1886 2683 τῆς

1099 2689 1223 2724 στερεᾶς,
1243 2687 1272 2718 ὃς
1282 2687 1390 2721 ἐγένετο
1408 2686 1438 2712 τὸ
1453 2686 1530 2720 γένος
1544 2682 1887 2724 Ταρσεύς.¹Εντελειωθεὶς

1099 2727 1127 2754 δὲ
1144 2721 1224 2762 μέχρι
1238 2727 1331 2758 τέλους
1353 2727 1410 2758 τοῖς
1425 2726 1518 2757 ἄθλοις
1538 2725 1684 2760 καρτερίας
1707 2723 1755 2750 τὸν
1778 2721 1886 2750 αἰώνιον

1100 2767 1183 2795 ὕπνον
1192 2767 1321 2802 κοιμᾶται
1337 2767 1367 2792 ἐν
1382 2767 1438 2798 τοῖς
1457 2764 1666 2800 Ἰεροσολύμοις,
1680 2763 1728 2790 καὶ
1741 2762 1884 2790 θάπτεται.

1382 2809 1510 2836 ΚΕΦᾹΛ.
1536 2807 1597 2836 PE’.

1356 2849 1426 2883 Περί
1447 2849 1629 2883 Ὰόρααμίου.

1141 2889 1305 2926 Ἀϐραάμιός
1317 2898 1359 2921 τις
1377 2889 1489 2923 γέγονεν
1505 2887 1631 2924 μοναχὸς¹
1641 2885 1768 2922 ἀκριϐὴς,
1784 2884 1823 2920 τῷ
1833 2883 1882 2919 γέ-
