2067 3155
233 189 301 216 1215

229 292 389 318 deducentes
404 297 464 316 eum
483 290 515 315 ad
527 289 703 323 cognitionem
726 295 781 315 sue
808 286 1007 320 imbecillitatis,

230 337 334 363 illusum
348 345 362 363 a
377 337 498 362 daemone
512 335 652 368 superbire,
667 340 692 362 et
708 334 806 361 sanctis
823 335 944 368 precibus
956 335 1010 362 suis

230 382 256 408 iii
271 381 409 415 pristinam
421 381 481 407 vita:
494 380 661 407 sanctitatem
677 380 857 406 restituerunt.

526 435 637 461 CAPUT
651 435 715 460 CVI.

477 492 532 519 Vim
547 492 641 518 abbatis
657 491 763 525 Elpidii.

265 548 292 575 In
308 547 521 574 Amorrhmornui
544 547 678 580 speluncis
693 553 752 580 qua:
775 550 837 572 sunt
851 546 877 572 in
893 545 1010 579 Jericlio,

230 600 295 626 quas
310 593 373 618 olim
390 595 595 617 construxerant
610 591 739 624 fugientes
763 590 853 617 Jesutn
869 590 949 623 Nave,
968 592 1012 625 qui

230 644 292 663 tunc
315 636 488 671 populabatur
511 637 682 670 a‘ienigenas,
706 637 731 663 in
757 641 846 663 monte
870 637 940 663 Luca
965 636 1014 663 fuit

229 684 335 717 quidam
357 684 485 717 Elpitlius,
512 683 654 717 Cappadox
674 691 782 718 genere,
808 689 897 717 postea
925 691 1013 712 autem

230 726 351 762 dignatus
374 729 558 763 presbyteratu
576 729 731 755 monasterii
746 729 815 763 quod
835 729 888 756 illic
903 735 958 760 est,
975 729 1014 756 fa-

230 778 288 800 ctus
304 782 318 800 a
334 774 471 800 Timotheo
487 774 676 806 chorepiscopo
689 774 871 806 Cappadociie,
888 775 946 800 viro
959 775 1014 800 sitf-

230 819 420 846 ficientissiiuo.
445 819 467 846 Is
492 819 620 846 habitavit
643 820 668 845 iii
692 820 805 853 quadam
829 819 963 852 spelunca,
984 823 1012 845 et

232 870 330 892 tantam
358 866 383 892 in
406 866 596 892 exercitatione
619 865 735 891 ostendit
761 864 962 895 continentiam,
985 868 1014 890 ut

870 188 1028 216 HISTORIA
1050 187 1229 216 LAUSIACA.

229 252 254 273 ct
270 245 352 279 magis
368 244 573 276 indifferentem,
599 248 725 270 curarunt
751 250 811 270 eum
836 251 850 269 a
872 243 1007 276 superbia,
1024 244 1048 271 Α

1774 193 1842 220 1214

1354 244 1465 273 CAPUT
1483 245 1550 273 CIX.

1298 289 1357 315 Vita
1370 290 1466 317 abbatis
1480 291 1597 319 Sisinnii’.

1099 332 1181 367 llujus
1193 333 1337 367 discipulus
1351 335 1480 362 Sisinnius
1493 337 1608 368 nomine,
1620 337 1662 372 qui
1677 338 1772 370 prodiit
1786 339 1845 373 qni-

1062 377 1121 404 dem
1132 386 1165 405 ex
1180 379 1272 406 servili
1286 380 1402 412 fortuna;
1416 381 1466 407 fide
1482 386 1569 409 autem
1583 382 1658 414 liber,
1668 391 1764 417 genere
1777 385 1844 418 Cap-

1063 423 1158 457 padox.
1181 424 1290 458 Oportet
1311 426 1380 452 enim
1403 434 1499 460 genera
1516 435 1621 461 quoque
1641 429 1789 461 significare
1811 430 1844 456 ad

1062 470 1171 502 gloriam
1187 470 1284 497 (llitisti
1298 472 1341 505 qui
1357 479 1405 498 nos
1418 472 1503 499 reddit
1517 473 1602 500 claros
1618 481 1725 507 genere,
1742 483 1843 509 nosque

1064 514 1169 541 dediitit
1181 516 1213 542 ad
1232 517 1333 542 beatum
1349 522 1375 544 et
1395 525 1484 544 veram
1500 519 1676 552 nobilitatem,
1693 528 1786 555 nempe
1800 529 1844 549 re-

1063 568 1142 593 gnum
1154 562 1292 589 C(BIUrlllll.
1308 563 1355 590 Hic
1369 571 1429 590 cum
1447 565 1538 591 fuisset
1552 566 1628 599 longo
1643 571 1762 599 tempore
1774 568 1843 601 apud

1063 605 1169 632 beatum
1186 607 1315 640 Elpitlinm
1331 609 1398 634 acris
1413 609 1510 635 athleta
1528 611 1654 637 virtuimn
1673 613 1842 639 exercitatio-

1064 650 1115 681 nis,
1131 657 1157 676 ut
1173 652 1217 684 qui
1232 658 1277 677 Sex
1290 652 1331 678 vel
1344 657 1444 685 septem
1461 654 1537 680 annis
1548 654 1682 682 didicisset
1696 657 1743 682 viri
1759 657 1842 684 virtus

1064 698 1113 723 tes.
1125 700 1152 721 et
1167 695 1345 722 fortitudinem
1356 697 1474 724 laborum
1489 698 1514 724 in
1529 699 1727 730 exercitatione,
1739 700 1761 727 is
1773 706 1844 734 post-

1063 747 1093 765 ea
1112 740 1227 773 seipstun
1241 742 1344 768 inclusit
1357 744 1529 770 monimento.
1548 745 1574 770 lii
1591 752 1623 771 eo
1643 750 1730 772 autent
1746 748 1845 774 eonsti~

1065 787 1135 811 tutus
1162 787 1217 812 tres
1252 791 1356 815 annos,
1395 787 1579 819 perseveravit
1605 787 1632 815 in
1665 792 1844 826 orationibus,

1065 835 1115 854 non
1130 834 1220 861 noctu,
1233 838 1284 856 non
1303 831 1415 858 interdiu
1427 833 1532 865 sedens,
1546 841 1597 861 non
1608 836 1776 869 accumbens,
1792 847 1844 865 non

1065 871 1133 898 foras
1151 874 1301 907 egrediens.
1329 876 1352 902 Is
1372 882 1507 904 assecutus
1529 885 1570 905 est
1589 881 1700 914 gratiam
1717 883 1845 911 adversus

232 919 324 938 omnes
335 912 498 938 obscuraret.
516 911 586 938 Vixit
596 911 667 938 enim
684 911 773 944 viginti
789 912 904 944 quinque
917 917 1009 940 annos,
1027 924 1050 953 Β
1064 918 1206 946 (immanes.
1224 920 1299 947 Nunc
1313 927 1400 948 amem
1423 930 1544 951 reversus
1563 911 1729 960 in‘palrimn’
1751 929 1847 963 dignus

231 963 340 983 vescens
362 956 446 982 solum
469 954 592 983 Sabbatis
612 959 639 981 et
661 955 819 986 Dominicis;
835 960 909 981 stans
923 961 1010 980 autem

231 1007 301 1028 tutas
313 1007 403 1028 noctes
417 1002 551 1028 cantabat.
567 1001 651 1033 Quem
667 1001 735 1027 sicut
748 1008 810 1034 apes
822 1007 910 1033 regem
924 1008 1012 1030 suum,

230 1048 266 1074 ita
287 1048 422 1073 iniiumeia
440 1046 579 1073 multitudo
600 1046 708 1072 fratrum
722 1050 824 1077 secuta,
842 1045 916 1071 illum
937 1052 1013 1071 mon-

231 1098 284 1120 tem
305 1092 444 1119 a-dilic.ivit
461 1100 467 1117 :
485 1091 632 1124 licebatque
657 1091 709 1116 illic
731 1091 823 1118 videre
837 1090 904 1124 apud
921 1097 1015 1116 unum-

232 1146 364 1173 queinque
384 1139 504 1165 divetsos
525 1137 618 1164 modos
634 1138 694 1163 vita:
716 1135 927 1163 exercitationis.
942 1136 1014 1162 llunc

232 1185 374 1220 aliquando
396 1185 540 1218 Elpidium,
566 1189 592 1210 et
617 1191 679 1210 vere
693 1183 836 1216 Elpitlium,
853 1183 896 1216 qui
922 1189 1014 1208 revera

233 1238 280 1264 spe
298 1230 438 1265 gaudebat,
458 1235 484 1256 et
506 1233 615 1263 propter
635 1228 770 1255 Christum
790 1227 935 1254 sustinebat
948 1226 1015 1252 afﬂi-

235 1277 361 1307 ctionem,
377 1281 455 1302 noctu
468 1275 623 1309 psallentem
636 1274 711 1301 nobis
722 1281 773 1300 una
785 1281 843 1299 cum
858 1280 890 1298 co
902 1272 1014 1305 psallen-

233 1324 314 1352 tibns,
331 1322 439 1356 ptipugit
451 1320 572 1353 scorpius
587 1328 594 1346 :
613 1327 691 1354 quem
711 1326 771 1345 cum
787 1319 914 1346 calcasset
930 1322 1014 1349 stans,

234 1376 286 1396 non
301 1367 410 1394 mutavit
426 1366 542 1393 habitum
558 1365 676 1400 corporis
693 1373 700 1397 ;
716 1369 786 1390 tanta
801 1364 937 1390 tolerantia
954 1362 1014 1389 nul-

235 1414 286 1444 bm
308 1414 382 1439 duxit
405 1413 533 1439 rationem
558 1411 657 1438 doloris
680 1419 758 1444 quem
775 1410 867 1436 inussit
883 1408 1012 1440 scorpius.

237 1463 318 1490 Porro
330 1465 417 1488 cuicui
433 1465 491 1487 cum
511 1458 625 1495 quodam
639 1456 682 1486 die
696 1456 804 1494 quidam
819 1456 900 1486 frater
913 1462 1016 1484 teneret

235 1509 347 1535 frustum
363 1507 488 1534 sarmenti
507 1506 593 1542 (154),
607 1506 632 1532 id
656 1506 757 1538 accepit
774 1511 880 1531 sanctus
899 1505 960 1530 dum
974 1511 1016 1531 se-

235 1555 310 1581 deret
321 1556 345 1580 in
356 1553 472 1587 margine
484 1553 591 1582 montis.
604 1557 628 1579 et
640 1551 732 1578 infodii
745 1555 867 1584 tanquam
880 1550 1014 1584 plantans,

1063 969 1103 990 est
1119 964 1222 991 habitus
1239 967 1436 1001 presbyteratu;
1453 968 1485 994 ab
1498 976 1530 995 eo
1551 970 1660 997 collecta
1682 971 1844 1001 fraternitate

1067 1010 1186 1036 virorum
1201 1015 1227 1036 et
1242 1011 1392 1043 mulierum,
1408 1012 1469 1039 dato
1482 1009 1633 1040 testimonio
1646 1015 1846 1049 inipatibilitatis

1066 1063 1112 1088 per
1127 1055 1266 1083 honestam
1282 1059 1342 1084 vitae
1357 1059 1558 1092 institutionem,
1571 1065 1597 1086 ct
1609 1063 1722 1090 mascula
1736 1064 1845 1096 eitptilsa

1064 1107 1076 1126 s
1088 1101 1272 1135 iacupiditatc,
1287 1106 1313 1129 et
1327 1102 1482 1130 feminarum
1499 1105 1609 1132 mollitie
1625 1107 1767 1134 constricta
1783 1116 1847 1135 con-

1065 1147 1190 1178 tini-mia,
1215 1148 1283 1174 adeo
1304 1152 1330 1174 nt
1348 1148 1489 1182 impleatur
1507 1150 1577 1184 quod
1597 1150 1724 1184 scriptum
1739 1158 1800 1180 est:
1818 1155 1846 1182 Ιιι

1065 1190 1171 1217 Christo
1183 1191 1245 1218 .Iesn
1258 1199 1309 1218 non
1321 1195 1503 1220 estiiiasculus
1514 1199 1541 1220 et
1550 1197 1661 1228 leniiiia;
1678 1205 1728 1223 non
1740 1203 1781 1225 est
1791 1206 1847 1225 ser-

1065 1243 1124 1268 vus,
1137 1245 1185 1264 nec
1200 1237 1263 1264 liber
1279 1237 1376 1271 (Galat.
1389 1239 1439 1272 ll).
1454 1240 1498 1266 ESt
1513 1245 1598 1268 autem
1615 1243 1693 1269 etiam
1709 1243 1846 1277 insigniter

1066 1279 1213 1314 hospitalis,
1229 1283 1279 1309 etsi
1302 1289 1389 1309 careat
1405 1285 1626 1319 possessionibus,
1643 1287 1669 1314 in
1685 1289 1844 1322 vituperiuin

1065 1323 1174 1352 divitum
1189 1326 1232 1360 qui
1248 1327 1355 1354 minime
1369 1329 1563 1362 impertiuntur.

1365 1371 1477 1400 CAPUT
1496 1374 1552 1401 CX.

1256 1416 1315 1443 Vita
1330 1417 1426 1444 abbatis
1438 1419 1562 1447 Gaditana
1577 1421 1661 1456 (157).

1100 1460 1167 1489 Novi
1188 1468 1237 1497 ego
1259 1469 1349 1491 senem
1373 1464 1513 1498 quemdam
1542 1465 1709 1494 Palmstinum
1738 1476 1848 1504 genere,

1067 1508 1220 1535 Gaddanani
1237 1511 1354 1542 nomine,
1377 1512 1421 1544 qui
1438 1516 1492 1537 toto
1506 1512 1565 1538 vita:
1581 1519 1635 1539 suae
1650 1517 1769 1547 tempore
1784 1516 1848 1542 vixit

1067 1556 1255 1588 alisquetecto,
1269 1556 1333 1582 vixit
1344 1561 1432 1583 autem
1447 1558 1516 1584 circa
1527 1557 1680 1586 Jordaiicm.
1697 1559 1770 1586 Hunc
1786 1561 1848 1587 bea-

235 1600 283 1627 etsi
303 1607 355 1626 non
376 1602 448 1626 esset
475 1602 595 1631 tempus;
620 1604 703 1631 usque
721 1596 786 1623 adeo
812 1602 897 1621 autem
919 1595 1012 1625 erevit,
1027 1600 1049 1630 (ζ
1067 1605 1121 1625 tum
1137 1600 1284 1632 cremiiain,
1303 1608 1362 1627 cuin
1374 1601 1457 1628 Judaei
1474 1603 1537 1628 moti
1552 1603 1730 1636 aemulatione,
1745 1604 1770 1630 iu
1786 1604 1850 1632 locis

235 1650 262 1672 et
277 1651 329 1672 tam
348 1644 435 1679 ampla
458 1645 518 1671 vitis
537 1645 630 1676 evasit,
653 1647 681 1670 ut
705 1646 805 1677 tegeret
826 1646 906 1669 totam
931 1642 1016 1668 cccle-

235 1691 312 1718 siam.

528 1722 642 1750 CAPUT
661 1723 737 1749 CVII.

503 1777 561 1804 Vita
580 1778 676 1804 abbatis
691 1777 805 1804 Αῗηινειὶ.

270 1834 336 1860 Cum
356 1833 406 1859 hoc
424 1837 516 1859 sancto
535 1832 580 1859 Dei
598 1832 695 1858 athleta
717 1840 766 1858 una
787 1833 865 1858 etiam
889 1832 936 1858 fuit
955 1839 1018 1859 con-

236 1884 382 1906 Snmniatus
407 1878 519 1913 inclytus
545 1877 591 1905 Dei
610 1885 702 1904 servus
721 1876 864 1909 Enesins,
895 1878 934 1903 vir
961 1885 1017 1904 nia-

237 1934 294 1959 gna:
307 1924 524 1956 existimationis,
545 1929 571 1950 et
584 1925 628 1958 qni
650 1923 697 1950 fuit
716 1923 826 1957 insignis
842 1923 867 1949 iii
887 1923 1018 1949 exercita-

237 1976 317 1998 “oue'
515 2003 627 2032 CAPUT
646 2003 733 2031 cvnt.

415 2060 474 2088 Vita
493 2060 590 2087 abbatis
608 2059 738 2086 Eustatltit'
756 2059 841 2095 (I555).

274 2117 307 2144 Et
330 2115 388 2150 ejus
414 2115 494 2142 frater
523 2114 676 2142 Eustathius
708 2115 732 2141 ei
761 2114 862 2141 honore
891 2113 1016 2148 :rqualis,

236 2166 411 2197 pruinptoque
428 2166 455 2188 et
474 2161 554 2187 alacri
579 2161 668 2187 animo
691 2166 822 2187 exercens
851 2160 913 2186 vitae
931 2163 1018 2186 certa-

1069 1652 1127 1678 qme
1147 1650 1208 1671 sunt
1227 1646 1296 1672 circa
1313 1654 1387 1673 mare
1408 1647 1537 1673 Mortuuiu
1549 1647 1642 1679 adciti,
1657 1649 1751 1676 stricto
1763 1649 1851 1683 gladio

1068 1690 1239 1721 invasissent,
1260 1691 1356 1718 accidit
1378 1696 1405 1718 ut
1423 1692 1474 1718 tale
1498 1692 1572 1719 ﬁeret
1590 1693 1755 1721 miraculum.
1782 1694 1849 1721 Dum

1067 1744 1159 1762 ensem
1170 1737 1319 1768 extolleret,
1330 1743 1356 1763 ei
1366 1738 1446 1764 vellet
1457 1737 1591 1765 Gaddanae
1600 1738 1693 1766 afferre
1704 1740 1848 1772 interitum,

1068 1781 1198 1808 exsiccata
1214 1787 1254 1808 est
1269 1789 1361 1808 manus
1375 1782 1433 1816 ejus
1453 1783 1497 1816 qui
1513 1791 1604 1810 ensem
1629 1785 1753 1819 tenebat,
1777 1786 1851 1819 isque

1067 1825 1105 1852 illi
1119 1826 1153 1852 ita
1169 1826 1264 1853 cecidit
1286 1831 1314 1853 ut
1329 1835 1381 1853 non
1396 1828 1518 1854 sentiret.
1534 1828 1588 1855 Hoc
1611 1830 1736 1856 auxilium
1761 1837 1776 1856 a
1797 1831 1852 1858 Deo

1069 1871 1149 1897 latum
1160 1876 1201 1897 est
1212 1871 1289 1898 beato
1301 1872 1438 1905 Gaddana,
1455 1877 1482 1900 et
1497 1874 1553 1900 hazc
1565 1875 1647 1901 victus
1662 1874 1731 1902 beati
1746 1875 1795 1902 viri
1807 1883 1852 1904 us-

1068 1924 1120 1951 que
1133 1917 1164 1943 ad
1177 1917 1256 1944 finem
1272 1919 1342 1945 vitae.

1361 1964 1474 1993 CAPUT
1493 1965 1562 1992 CXI.

1327 2020 1388 2047 Vita
1400 2022 1498 2049 abbutt‘s
1515 2021 1588 2048 Elite.

1103 2075 1204 2103 Rursus
1218 2077 1324 2111 quidam
1347 2078 1416 2104 Elias
1431 2078 1577 2105 monachus
1592 2078 1804 2111 probatissimus,
1820 2079 1848 2107 in

1068 2120 1161 2148 iisdem
1174 2121 1237 2148 locis
1251 2122 1383 2148 habitabat
1398 2123 1422 2149 in
1437 2123 1563 2156 spelunca
1575 2131 1582 2156 ;
1595 2127 1621 2150 et
1633 2130 1693 2150 cum
1706 2128 1777 2150 esset
1791 2124 1852 2151 vita;

1069 2165 1263 2194 honestissimae
1275 2171 1302 2194 et
1325 2167 1350 2194 in
1366 2168 1458 2201 primis
1481 2168 1623 2203 religiosa’,
1646 2170 1755 2196 vacabat
1769 2169 1854 2197 conti-

1070 2211 1167 2238 nentiac
1181 2215 1208 2238 et
1221 2212 1345 2245 orationi,
1359 2220 1451 2239 omnes
1470 2213 1640 2240 advenientes
1655 2214 1765 2249 benigne
1779 2215 1852 2242 exci-

273 2254 309 2279 E"
323 2257 410 2279 amem
424 2251 553 2286 βτοεθεείι
572 2251 664 2297 δεδιξιε
685 2250 804 2297 βῙΡῘᾷίῑη
818 2249 1017 2297 μίιηβδῑίῦίιίιθιθ
1034 2268 1058 2297 D
1073 2257 1156 2290 piens.
1173 2257 1291 2289 Quodam
1312 2265 1375 2293 ergo
1397 2259 1440 2286 die
1465 2267 1523 2286 cum
1539 2260 1689 2293 complures
1711 2262 1804 2288 fratres
1820 2261 1853 2288 ad

235 2305 332 2332 corpus
346 2304 493 2329 macerans,
507 2301 534 2323 ut
547 2300 599 2323 tota
612 2295 671 2330 ejus
683 2295 758 2330 ([56)
773 2294 871 2321 ossium
885 2299 1016 2322 structura

236 2344 375 2379 perspicue
389 2348 501 2377 pateret.
522 2342 618 2370 Fertur
632 2347 719 2368 autem
742 2342 790 2368 lioc
805 2349 908 2375 quoque
921 2340 947 2367 in
959 2341 1018 2374 ejus

237 2388 342 2416 virtutis
356 2388 550 2415 narrationibus
562 2395 576 2414 a
588 2387 712 2414 studiosis
723 2387 933 2420 eiusdiscipulis,
947 2386 1019 2420 quod

239 2435 301 2460 totis
316 2433 408 2468 viginti
419 2434 538 2473 quinque
549 2433 626 2459 annis
641 2440 692 2459 non
707 2433 755 2459 fuit
767 2439 909 2459 conversus
921 2432 953 2458 ad
967 2431 1018 2459 Uc-

236 2478 389 2511 cidenteni;
412 2478 461 2505 eisi
484 2479 618 2512 spelunca:
643 2478 740 2504 ostium
764 2483 834 2504 esset
856 2478 969 2511 positum
991 2479 1017 2504 in

238 2525 334 2551 montis
353 2525 498 2550 cacumine.
521 2524 611 2558 Neque
633 2528 692 2557 post
712 2524 801 2550 horam
816 2528 916 2550 sextam
932 2524 1015 2550 solem

238 2571 284 2605 qui
300 2570 453 2596 imminebat
475 2570 564 2602 capiti,
580 2568 646 2595 vidit
668 2576 781 2602 unquam
802 2568 971 2595 inclinantem
985 2568 1017 2595 ad

237 2616 422 2646 Occidentem;
446 2623 531 2649 neque
556 2615 645 2641 stellas
665 2622 723 2648 quae
740 2615 764 2640 in
782 2621 877 2640 occasu
896 2615 1018 2640 oriuntur

237 2665 302 2692 vidit
321 2664 409 2698 viginti
424 2664 509 2690 annis.
526 2663 574 2689 llic
592 2669 700 2696 magnus
713 2661 810 2687 athleta
827 2661 967 2694 patientiae,
984 2668 1016 2688 ex

237 2718 291 2745 quo
302 2711 435 2744 ingressus
446 2715 486 2736 est
499 2708 662 2742 speluncam,
675 2715 725 2734 non
737 2707 874 2734 descendit
886 2706 918 2733 de
930 2711 1020 2733 monte

238 2757 321 2782 donec
341 2754 391 2782 fuit
405 2754 533 2787 sepultus.
558 2753 618 2780 Haec
638 2758 698 2779 sunt
713 2753 828 2780 ctelestia
844 2752 959 2779 facinora
973 2759 1019 2779 co-

239 2801 324 2826 ronati
339 2805 364 2826 et
378 2799 469 2826 invicti
484 2798 589 2825 athleta:
602 2797 706 2832 Elpidii,
722 2797 765 2832 qui
781 2805 849 2825 nunc
859 2805 918 2824 cum
930 2797 968 2824 sui
984 2798 1019 2824 si-

239 2843 347 2870 milibus
358 2844 426 2878 degit
444 2846 469 2871 in
486 2845 617 2877 paradiso.

1070 2310 1130 2329 eum
1156 2304 1340 2336 accessissent,
1357 2309 1413 2331 erat
1427 2305 1497 2332 enim
1519 2305 1580 2332 illac
1594 2306 1633 2333 eis
1649 2307 1851 2341 transeundum,

1070 2348 1094 2374 ei
1115 2355 1196 2381 panes
1210 2347 1362 2376 defecerunt
1374 2357 1381 2381 ;
1391 2349 1538 2384 juransque
1555 2350 1631 2377 nobis
1652 2351 1802 2378 afﬁrmabat
1814 2352 1854 2379 di-

1071 2400 1134 2419 cens
1151 2401 1156 2419 :
1179 2393 1370 2427 Propemodum
1396 2402 1453 2421 sum
1467 2395 1632 2423 exanimatus
1649 2396 1684 2422 ob
1703 2396 1753 2422 cibi
1772 2404 1854 2430 penu-

1071 2438 1148 2464 riatn.
1178 2438 1313 2470 Ingressus
1328 2448 1392 2475 ergo
1411 2441 1505 2467 cellain
1534 2449 1648 2468 tnuirore
1667 2442 1746 2468 animi
1765 2443 1854 2470 confe-

1070 2487 1138 2514 ctus,
1155 2485 1224 2518 quod
1241 2486 1370 2512 nescirem
1391 2487 1612 2520 quemadmodum
1637 2488 1662 2514 iii
1684 2495 1730 2515 eos
1744 2490 1788 2522 qni
1804 2490 1852 2514 atl-

1071 2534 1218 2561 ventaraut,
1237 2530 1373 2563 implerem
1389 2539 1435 2564 pro
1453 2531 1551 2558 viribus
1565 2539 1714 2559 mensuram
1736 2534 1853 2560 churita-

1072 2574 1114 2606 lis,
1139 2574 1226 2601 inveni
1252 2579 1304 2601 tres
1323 2583 1443 2603 recentes
1467 2584 1548 2610 panes
1572 2576 1625 2604 illic
1648 2578 1762 2611 positos,
1787 2586 1854 2610 quos

1071 2619 1148 2646 laetus
1161 2620 1249 2654 accepi
1265 2626 1290 2647 et
1305 2622 1425 2654 apposui.
1448 2621 1514 2648 Cum
1529 2627 1615 2649 autem
1631 2623 1721 2656 viginti
1740 2624 1786 2649 viri
1804 2631 1850 2651 co-

1072 2664 1216 2691 medissent
1230 2665 1262 2692 ad
1278 2666 1437 2698 satietatem,
1454 2667 1585 2701 superfuit
1600 2676 1665 2694 unus
1682 2669 1767 2701 panis.
1785 2669 1851 2696 Eum

1071 2713 1158 2735 autem
1177 2716 1235 2735 cuin
1250 2710 1427 2743 sustulissem,
1444 2719 1505 2738 usus
1516 2720 1573 2739 sum
1588 2720 1620 2740 eo
1633 2713 1723 2747 viginti
1738 2713 1854 2747 quinque

1069 2754 1172 2780 diebus.
1197 2754 1258 2781 Haec
1273 2755 1372 2782 domini
1393 2757 1476 2791 gratia
1496 2756 1565 2784 facta
1589 2763 1630 2784 est
1655 2765 1713 2784 cum
1730 2758 1853 2792 hospitali

1070 2799 1141 2829 Elia,
1167 2800 1243 2831 cujus
1269 2800 1389 2826 laborum
1416 2802 1646 2830 remunerationes
1667 2808 1764 2838 paratte
1792 2805 1854 2832 διιιιῐ

1069 2846 1137 2879 apud
1150 2846 1292 2879 benignum
1306 2846 1457 2873 Dominum.
