2072 3153
214 181 283 209 1215

498 241 611 271 CAPUT
629 239 711 268 CXII.

513 287 549 313 Dr.
563 286 694 314 Snbbatio.

249 337 361 370 Quidam
373 333 506 362 saecularis
518 331 660 360 Sabbatius
672 329 788 361 nomine,
799 325 999 355 Jericbuntinus

214 390 323 418 genere,
347 388 406 407 cutn
423 380 531 406 haberet
545 384 666 408 uxorem,
684 379 791 409 propter
804 373 851 400 Dei
877 372 998 399 timorem

214 429 282 456 adeo
296 427 393 454 amavit
415 423 568 454 monachos,
586 426 615 448 ut
635 421 692 455 ipse
706 420 792 445 obiret
811 418 894 445 cellas
907 422 1001 444 ctom-

216 481 275 500 ncm
288 471 457 500 solitudinem
471 468 602 498 noctibus,
618 471 645 492 et
660 466 685 491 itt
699 470 856 498 unoquoque
867 466 1001 488 monaste-

216 521 256 546 rio
271 518 336 544 foris
351 520 461 551 poneret
474 521 556 541 unum
572 511 688 539 modium
710 510 887 544 dactylorum,
902 512 929 534 et
944 507 1000 532 ole-

216 571 273 591 rum
288 563 357 596 quod
373 561 438 588 satis
452 563 531 590 esset,
545 561 684 590 propterea
705 554 775 588 quod
792 559 859 586 pane
877 559 928 578 non
944 557 1004 576 vrs-

218 595 310 634 cantur
321 606 364 640 qtti
379 606 404 631 in
418 605 534 632 Jordane
547 606 606 627 sunt
618 600 819 627 exercitatores.
834 596 899 623 Huic
913 595 1004 622 Μοντι-

217 654 327 680 chorum
344 649 479 683 excepturi
505 646 596 682 (158),
623 650 649 671 et
674 642 820 671 commodas
845 648 943 668 mensa!
959 647 1006 673 pro

220 695 418 724 continentibus
443 693 578 724 structori,
605 697 665 718 cum
681 689 703 715 is
717 689 830 722 quodatn
846 686 889 713 die
904 685 1008 712 tulisset

219 743 319 770 sanctis
343 748 402 774 qua:
418 736 603 766 exercitationi
627 739 702 762 erant
722 732 880 763 necessaria,
899 729 1007 764 maligni

222 786 391 814 a'mulatione
406 785 447 811 leo
462 782 589 814 occurrit,
611 779 718 807 inimico
731 778 921 806 monachorum
935 775 1008 802 exci-

224 835 296 858 tante
309 831 450 858 immanem
467 827 548 854 feram
560 826 687 852 adversus
703 823 852 851 miniSIrum
869 820 1010 848 monacho-

224 884 293 909 tutu,
309 875 430 901 studente
440 877 468 900 et
483 873 543 899 illos
555 871 659 905 privare
670 868 825 900 refectione,
838 872 866 894 et
877 867 947 892 hunc
961 872 1010 892 suo

943 166 1100 196 PALLADII

1011 234 1034 262 Α
1049 232 1091 266 qui
1103 230 1189 257 adhuc
1199 228 1225 255 iu
1240 227 1397 254 hodieruttm
1412 225 1483 252 diem
1495 230 1510 250 a
1520 221 1624 250 calamo
1637 225 1665 248 et
1676 219 1768 247 charta
1781 227 1833 246 nou

1767 155 1834 183 1⁵216

1049 263 1168 306 recessu,
1185 281 1244 300 cum
1270 273 1305 299 sit
1325 275 1401 298 natus
1422 276 1520 296 annum
1535 266 1739 302 octogesimum.
1767 263 1836 292 Dixit

1050 322 1094 349 ltic
1109 322 1201 348 beatus
1216 327 1221 345 :
1240 319 1277 346 Ex
1296 325 1348 353 quo
1360 323 1418 344 sum
1434 316 1551 343 initiatus
1573 317 1602 340 et
1614 316 1786 347 regeneratus
1803 316 1836 336 ex

1050 369 1151 402 Spiritu
1169 373 1195 394 et
1210 373 1287 400 aqua,
1303 370 1386 398 usque
1408 363 1435 389 in
1456 361 1613 388 ltodieruum
1627 359 1706 390 diem,
1719 357 1837 384 alienum

1053 421 1145 448 panem
1156 412 1239 447 gratis
1250 418 1302 437 non
1313 408 1427 440 comedi,
1439 407 1484 434 sed
1493 413 1553 433 eum
1569 405 1614 439 qui
1625 413 1658 431 ex
1674 403 1786 438 propriis
1801 402 1838 428 la-

1053 459 1162 487 boribus
1178 462 1284 491 paratur
1299 465 1304 482 :
1321 459 1348 482 et
1368 461 1457 481 coram
1473 453 1527 479 Deo
1542 451 1653 486 loquens
1669 449 1744 484 (162)
1764 448 1839 475 nobis

1054 504 1234 540 persuadebat
1257 508 1287 528 se
1312 500 1441 526 ducentos
1465 496 1655 531 quinquaginta
1681 493 1781 520 Soltdos
1808 499 1840 519 ex

1055 538 1136 584 opere
1151 554 1275 575 manuum
1291 552 1398 572 suarum
1413 542 1519 570 dedisse
1542 541 1574 568 iis
1588 540 1632 575 qui
1654 543 1732 565 erant
1755 538 1841 564 manci

1055 594 1189 626 acmutili,
1207 599 1292 626 neque
1308 591 1353 617 ulli
1369 596 1484 624 unquam
1502 588 1595 615 fecisse
1611 585 1745 620 iniuriam.
1759 584 1782 611 Is
1797 591 1843 618 pe-

1056 639 1138 668 destri
1155 639 1250 665 itinere
1274 637 1346 663 venit
1366 635 1477 662 Romam
1499 640 1582 667 usque
1604 632 1636 658 ad
1662 631 1790 658 orattdntn
1817 630 1844 656 itt

1061 684 1190 720 martyrio
1208 688 1359 710 sanctorum
1381 680 1452 708 Petri
1467 684 1494 706 et
1514 678 1586 706 Pauli
1602 686 1608 704 :
1626 677 1743 711 pervenit
1758 680 1845 703 autem

1059 731 1138 758 etiatn
1154 736 1238 763 usque
1253 728 1284 754 ad
1301 726 1501 758 Alexandriam,
1517 731 1576 751 cum
1593 724 1720 756 vovisset,
1735 723 1760 748 in
1773 728 1843 748 mar-

1062 778 1157 812 tyrium
1180 774 1323 803 venerandi
1348 773 1454 800 athleta:
1470 771 1562 799 Marci.
1578 770 1676 804 Dignus
1691 773 1790 800 autent,
1807 768 1847 794 in-

1061 823 1128 856 quit.
1145 829 1203 848 sum
1219 821 1335 851 habitus,
1357 818 1402 853 qui
1422 816 1476 844 voti
1491 816 1574 851 gratia
1590 815 1630 842 bis
1646 814 1759 849 propriis
1773 813 1848 848 pedi-

1063 867 1112 893 bus
1127 866 1246 893 venirem
1269 864 1434 899 .lcrosolyma
1449 862 1482 889 ad
1496 860 1650 889 honoranda
1674 860 1731 887 lora
1746 863 1847 890 sancta,

224 905 370 956 proposito.
386 920 418 946 Et
427 926 486 944 cum
499 917 551 943 fera
563 924 623 942 eum
635 913 881 947 comprehendisset
895 920 908 936 ει
923 910 1010 944 lapide
1025 914 1048 944 Β
1061 917 1088 939 et
1110 912 1166 945 ipse
1185 910 1248 937 mihi
1276 909 1440 943 suppeditavi
1468 907 1610 940 impensas.
1629 905 1740 932 Dicebat
1762 908 1850 931 autem

223 968 302 993 unius
325 973 355 992 ex
378 963 526 994 monachis,
541 961 596 988 suis
610 960 741 994 unguibus
753 965 814 985 eum
833 957 959 992 protrusit
985 959 1012 981 et

224 1012 328 1039 evertit.
354 1010 406 1038 Sed
424 1004 469 1043 qui
491 1008 580 1035 docuit
604 1008 631 1033 in
648 1007 754 1032 Daniele
769 1005 859 1032 leones
878 1003 1011 1038 jejunare,

227 1055 364 1089 prohibuit
379 1062 412 1081 ne
435 1061 495 1080 cum
516 1052 560 1086 qui
583 1051 706 1078 servabat
729 1055 859 1084 praecepta
874 1049 1014 1076 devoraret

224 1101 277 1134 leo,
293 1101 341 1128 etsi
370 1099 447 1126 valde
469 1098 594 1126 esuriret.
615 1098 674 1130 Quo
688 1096 784 1122 factum
798 1100 840 1122 est
854 1100 883 1121 ut
901 1098 1014 1128 accepto

226 1148 298 1174 senis
311 1146 386 1173 asino
400 1144 555 1176 recederet;
569 1143 612 1177 qui
627 1143 697 1169 enim
712 1141 773 1168 huic
794 1141 874 1168 vitam
896 1140 1015 1167 danave-

227 1197 278 1226 rat,
295 1192 356 1219 fera:
372 1197 477 1225 quoque
491 1189 587 1216 fatnctn
600 1187 712 1215 sedavit.

514 1242 628 1270 CAPUT
642 1241 732 1269 CXlll.

392 1290 430 1317 De
446 1289 595 1316 Philoromo
611 1288 686 1324 (l59)
701 1287 856 1322 presbytero.

266 1337 503 1372 Religiosissimum
527 1335 711 1369 presbyterum
739 1333 837 1367 Deique
864 1331 1019 1359 amantissi-

232 1390 305 1410 ntutu
320 1382 499 1408 Philoromum
516 1381 542 1406 in
558 1379 659 1406 Galatia
672 1379 857 1408 convenimus,
874 1382 901 1405 et
916 1384 976 1404 cum
987 1383 1021 1403 eo

231 1427 311 1462 longo
321 1431 440 1460 tempore
454 1425 551 1452 versati
566 1432 668 1456 sumus,
684 1424 728 1458 qui
744 1424 793 1450 fuit
805 1424 845 1450 vir
856 1422 1020 1450 exercitatis-

231 1474 324 1499 simus.
356 1470 380 1498 ls
403 1476 477 1497 ortus
500 1470 606 1504 quidem
630 1473 672 1496 est
693 1476 726 1495 ex
749 1472 833 1495 matre
845 1475 932 1499 serva,
950 1472 1023 1501 patre

232 1523 298 1543 vero
319 1515 414 1542 libero.
443 1514 554 1541 Tantam
582 1518 668 1540 autem
695 1513 823 1539 virtutum
855 1512 1021 1539 nobilitatem

233 1560 350 1588 ostendit
362 1561 387 1587 in
403 1560 465 1586 vita:
477 1559 636 1586 Christianae
648 1559 821 1590 institutione,
838 1564 866 1584 ut
878 1558 957 1585 etiatn
972 1559 1021 1591 ipsi

235 1606 281 1640 qui
297 1611 357 1632 sttut
369 1605 395 1632 in
417 1611 515 1639 genere
538 1603 741 1636 insuperabiles,
756 1603 814 1638 ejus
827 1604 907 1630 vitam
922 1604 1022 1637 angelis
1037 1590 1059 1621 C

237 1650 365 1684 aequalem
379 1653 576 1679 revererentur,
593 1652 620 1674 et
633 1647 767 1675 eiﬁt-acem
783 1647 906 1674 virtutem
920 1648 1022 1674 exerci-

238 1695 356 1722 tationis.
373 1694 398 1721 ls
413 1693 512 1720 tnundo
525 1692 683 1720 renuntiavit
697 1693 722 1718 in
735 1691 829 1719 diebus
844 1692 941 1719 Juliani
952 1699 1024 1719 exse-

238 1741 331 1768 crandi
350 1740 528 1774 imperatoris.
541 1744 568 1766 et
583 1739 665 1766 libere
680 1746 740 1765 cuin
760 1739 810 1766 hoc
830 1739 911 1772 impio
924 1744 965 1766 est
984 1739 1024 1765 Io-

239 1790 316 1813 cutus
331 1792 476 1821 generosus
498 1784 596 1812 Citriin
615 1784 714 1812 athleta
738 1784 924 1817 Philoromus,
946 1793 1024 1818 quem

238 1831 319 1867 jussit
344 1831 410 1863 radi,
433 1836 460 1858 et
479 1838 493 1857 a
508 1831 597 1865 pueris
613 1829 773 1857 validissime
787 1830 922 1857 verberati
938 1830 1025 1865 (lh‘D).

240 1878 264 1904 Is
280 1885 343 1905 vero
363 1885 419 1904 rem
434 1877 537 1904 fortiter
548 1881 575 1904 et
588 1877 732 1906 toleranter
742 1877 810 1909 tulit,
826 1881 853 1903 et
866 1877 889 1903 ei
900 1876 954 1911 egit
968 1884 1027 1911 gra-

241 1925 303 1955 tias,
326 1929 353 1951 ut
367 1924 422 1957 ipse
438 1924 514 1951 nobis
529 1924 659 1950 narravit.
676 1923 752 1950 Hunc
769 1924 925 1958 pratclarutn
941 1924 1027 1951 virum

242 1971 268 1995 in
282 1970 412 2004 principio
419 1970 541 1996 adortum
553 1975 594 1996 est
606 1970 705 1996 bellum
717 1969 901 1997 fornicationis
911 1974 938 1996 et
948 1970 1027 2005 gulae,

242 2021 272 2043 ut
282 2017 395 2049 dicebat,
410 2024 489 2050 quem
505 2017 626 2043 morbum
643 2017 808 2051 tyrannidem
819 2016 893 2051 (l6l)
908 2023 1032 2043 exercen-

243 2065 295 2089 tem
311 2063 347 2088 ita
361 2062 507 2095 superavit,
523 2069 554 2088 ac
568 2062 590 2088 si
605 2062 763 2088 immensum
780 2061 931 2089 incendium
947 2062 1029 2088 multa

243 2115 310 2141 aqua
326 2108 508 2141 exstingueret
525 2115 531 2133 :
547 2114 651 2133 summa
665 2114 729 2133 cura
745 2107 917 2134 ccutiuentire
933 2107 1031 2134 ferrum

245 2153 387 2188 gestando,
399 2158 427 2180 et
440 2160 470 2180 se
480 2152 674 2182 concludendo.
684 2158 711 2179 et
726 2153 885 2180 abstinendo
899 2161 913 2180 a
928 2154 993 2181 cibis
1006 2158 1033 2181 et

248 2205 315 2231 pane
334 2198 448 2230 triticeo,
460 2203 486 2224 et
501 2201 529 2224 ut
546 2198 629 2224 semel
641 2198 739 2230 dicam,
754 2198 787 2225 ah
801 2199 925 2225 omnibus
939 2200 1030 2233 cnctis,

245 2247 273 2270 ct
288 2243 313 2270 in
326 2242 367 2269 his
379 2249 407 2269 se
423 2241 527 2269 fortiter
540 2243 657 2277 gerendo
671 2250 702 2269 ac
716 2243 853 2270 tolerando
868 2244 945 2271 annis
958 2249 1034 2271 octo-

247 2288 344 2315 decim.
369 2288 418 2321 Qui
434 2295 493 2314 ctnn
514 2288 539 2314 id
553 2288 655 2320 vicerit,
672 2288 756 2322 potuit
772 2289 898 2323 hymnum
914 2289 1033 2315 victoriae
1049 2273 1074 2304 Β

249 2342 357 2367 canere,
384 2335 423 2362 sic
445 2334 536 2362 dicens
552 2343 559 2361 :
577 2335 707 2362 Exaltabo
721 2341 756 2367 te,
772 2335 894 2369 Domine,
911 2337 1034 2370 quoniam

250 2379 390 2413 suscepisti
401 2387 454 2412 me,
471 2385 498 2406 et
513 2387 564 2406 non
577 2379 715 2406 lactificasti
731 2380 852 2407 inimicos
868 2387 940 2407 meos
955 2387 1035 2414 supra

251 2432 293 2451 tne
308 2424 392 2460 (Psal.
417 2426 500 2459 xxix).
528 2425 576 2451 llic
596 2432 610 2451 a
638 2425 732 2459 spiritu
754 2424 935 2453 fornicationis
964 2424 1037 2452 varie

252 2476 429 2505 oppugnatus,
445 2473 626 2505 perseveravit
640 2471 812 2505 quadraginta
831 2478 917 2498 annos
936 2471 962 2498 in
980 2478 1037 2498 mo-

252 2518 378 2544 nasterio.
403 2516 429 2544 Is
452 2521 539 2544 autem
568 2518 713 2550 narrabat,
736 2517 829 2545 dicens
847 2525 853 2544 :
870 2517 989 2552 Triginta
1009 2522 1037 2544 et

252 2562 410 2588 duosanttos
421 2561 520 2587 nullum
533 2561 645 2588 fructum
658 2561 742 2595 tetigi.
761 2561 830 2590 Cum
857 2566 948 2589 autem
961 2584 969 2595 ,
999 2564 1041 2591 in-

250 2606 324 2640 quit,
348 2606 473 2633 timiditas
488 2613 530 2633 me
544 2614 650 2633 summe
665 2610 856 2641 oppuguaSSet,
872 2607 939 2633 adeo
955 2611 982 2633 ut
996 2607 1037 2633 vel

251 2651 366 2679 interdiu
380 2651 608 2686 pertintescercm,
623 2659 665 2678 me
676 2651 771 2678 inclusi
781 2659 828 2678 sex
844 2659 928 2678 annus
941 2651 966 2677 in
981 2659 1036 2678 mo-

254 2699 372 2724 ttintento
384 2705 392 2730 ς
408 2702 435 2724 et
449 2705 480 2724 ea
494 2698 597 2724 ratione
607 2697 678 2724 evasi
692 2697 825 2731 superior,
841 2703 873 2723 ex
889 2695 1040 2730 impatibili-

255 2748 310 2770 tate
324 2743 422 2770 bellum
437 2750 532 2776 gerens
545 2750 604 2769 cum
616 2742 722 2776 spiritu,
735 2742 779 2775 qui
794 2741 859 2768 mihi
874 2741 943 2768 hanc
957 2742 1040 2775 impo-

255 2788 335 2814 nebat
345 2789 510 2815 servitutem.
529 2787 612 2822 llujus
625 2787 673 2814 viri
688 2787 798 2822 insignis
813 2794 933 2821 magnam
949 2793 1039 2814 curam

255 2831 364 2864 gerebat
381 2832 473 2860 beatus
496 2834 606 2860 Basilius
629 2834 785 2868 episcopus,
802 2832 846 2866 qui
861 2832 1042 2859 delectabatur

256 2874 315 2908 ejus
329 2877 492 2912 austeritate,
516 2879 674 2913 constantia,
697 2884 723 2906 ct
750 2879 774 2906 iu
797 2886 877 2913 opcrc
893 2878 1039 2913 diligentia,

1064 958 1150 989 nobis,
1166 961 1196 984 ut
1216 956 1357 984 utilitatem
1378 962 1412 981 ex
1432 961 1464 981 eo
1478 959 1634 987 caperemus
1650 960 1657 978 :
1672 950 1728 978 Non
1744 949 1851 977 memini

1065 1011 1108 1031 me
1117 1010 1232 1037 unquam
1248 1002 1336 1028 animo
1348 1008 1362 1027 a
1376 1000 1430 1026 Deo
1439 1006 1499 1026 meo
1514 997 1668 1025 recessisse.
1685 995 1768 1029 Hujus
1783 993 1852 1021 beati

1065 1048 1210 1076 Philoromi
1226 1048 1287 1074 talia
1303 1050 1365 1072 sunt
1378 1044 1538 1075 certamina,
1553 1047 1580 1070 et
1600 1042 1627 1068 in
1643 1041 1684 1067 his
1697 1044 1738 1067 est
1752 1039 1851 1066 Invicta

1065 1094 1189 1126 victoria,
1205 1097 1232 1120 et
1249 1093 1384 1119 beatorum
1399 1090 1518 1116 laborum
1541 1087 1566 1115 ei
1581 1087 1701 1115 redditur
1724 1085 1794 1117 ﬁnis,
1807 1091 1853 1112 co-

1066 1146 1131 1167 rona
1147 1138 1238 1174 gloria:
1255 1135 1493 1164 immarcescihilis.

1344 1192 1456 1219 CAPUT
1478 1189 1568 1218 CXIV.

1172 1239 1232 1267 Vita
1244 1239 1309 1266 beali
1321 1238 1451 1265 Seueriani
1461 1236 1536 1272 (165)
1551 1240 1575 1262 et
1589 1236 1644 1270 ejus
1656 1233 1752 1261 uxoris.

1104 1287 1132 1314 ltt
1147 1287 1250 1320 Ancyra
1267 1284 1388 1315 Galatiae,
1402 1284 1428 1310 in
1443 1283 1502 1315 ipso
1517 1283 1574 1308 loco
1587 1280 1697 1315 contigit
1708 1279 1771 1307 mihi
1788 1279 1855 1306 allo-

1070 1333 1112 1366 qui
1127 1331 1268 1366 quemdam
1282 1329 1454 1356 Severianum
1465 1335 1497 1355 ex
1509 1326 1651 1354 comitibus
1664 1333 1714 1352 una
1726 1332 1786 1351 cum
1799 1323 1858 1358 ejus

1071 1377 1184 1411 conjuge
1197 1375 1355 1409 Dosphoria,
1372 1380 1420 1400 nec
1435 1380 1528 1400 eorum
1544 1378 1666 1406 magnam
1682 1370 1760 1396 habui
1775 1375 1858 1401 erpe-

1072 1422 1205 1449 rieutiatn.
1222 1420 1241 1446 li
1256 1420 1362 1454 quidem
1378 1418 1464 1445 multa
1479 1425 1527 1451 spe
1550 1417 1618 1444 bona
1638 1415 1730 1449 repleti
1745 1419 1816 1447 sunt,
1832 1418 1859 1441 ct

1072 1474 1136 1493 suos
1161 1467 1320 1492 frustrantur
1341 1464 1421 1496 ﬁlios,
1443 1469 1537 1490 revera
1561 1461 1587 1489 in
1604 1461 1690 1488 futura
1715 1460 1858 1487 intuentes.

1073 1513 1186 1541 Suorum
1207 1511 1278 1538 ettim
1295 1510 1452 1545 prmdiorum
1468 1509 1568 1536 reditus
1583 1509 1743 1534 consumunt
1757 1506 1783 1533 in
1798 1512 1858 1539 ege-

1075 1566 1135 1591 nos,
1152 1558 1279 1585 habentes
1293 1561 1405 1591 quatuor
1421 1556 1498 1587 ﬁlios,
1524 1559 1552 1581 et
1569 1553 1634 1581 duas
1656 1552 1734 1585 ﬁlias,
1758 1551 1860 1586 quibus

1077 1605 1174 1632 nullam
1201 1603 1394 1637 possessionem
1418 1600 1493 1636 (161)
1515 1600 1656 1632 dederunt,
1683 1603 1862 1633 prmterqtsam

1076 1649 1108 1676 iis
1120 1657 1178 1684 qua;
1193 1653 1347 1683 nupserant.
1367 1647 1497 1674 Dicebant
1519 1651 1607 1673 autem
1632 1645 1741 1678 reliquis
1754 1643 1809 1671 suis
1829 1643 1862 1670 ﬁ-

1077 1695 1138 1722 liis:
1155 1695 1217 1722 Post
1246 1699 1365 1721 nostrum
1394 1693 1533 1719 decessum
1561 1691 1648 1717 omnia
1669 1694 1730 1716 sunt
1753 1692 1863 1721 vestra;

1080 1741 1197 1776 qttandiu
1212 1746 1301 1768 autem
1316 1746 1407 1767 sumus
1420 1738 1587 1772 superstites,
1604 1743 1652 1764 nos
1668 1735 1865 1770 possessionum

1081 1792 1230 1815 nostrarum
1253 1787 1353 1813 fructus
1361 1784 1530 1819 colligemus,
1545 1791 1593 1810 eos
1612 1782 1801 1809 distribuentes
1818 1787 1866 1806 ec-

1078 1831 1177 1863 clesiis,
1192 1838 1219 1858 et
1241 1830 1419 1862 monasteriis,
1442 1834 1468 1856 et
1490 1827 1679 1857 xenodochiis.
1696 1831 1723 1853 et
1743 1826 1866 1853 omnibus

1078 1877 1232 1912 egentibus,
1253 1882 1364 1910 quorum
1381 1881 1473 1908 preces
1486 1878 1514 1900 et
1529 1872 1603 1900 vobis
1623 1877 1648 1900 et
1664 1871 1741 1898 nobis
1756 1876 1782 1897 et
1805 1870 1868 1897 ﬁliis

1081 1930 1129 1957 pro
1142 1922 1191 1948 ltac
1206 1921 1364 1954 temporaria
1379 1925 1406 1947 et
1419 1919 1549 1946 laboriosa
1562 1919 1640 1944 vitam
1653 1922 1780 1944 mternam
1792 1923 1867 1942 com.

1081 1967 1210 2002 parabunt
1227 1966 1321 2002 (Eccli.
1343 1973 1397 1998 xxt,
1412 1964 1453 1999 6).
1470 1965 1497 1991 In
1512 1964 1608 1998 quibus
1628 1963 1678 1990 hoc
1699 1969 1805 1997 quoque
1827 1966 1869 1987 est

1081 2020 1173 2040 eorum
1188 2011 1291 2038 virtutis
1307 2009 1431 2045 egregia.
1448 2009 1513 2037 Cum
1528 2013 1600 2037 esset
1617 2016 1713 2043 magna
1734 2007 1827 2038 fames,
1841 2011 1869 2033 et

1082 2066 1141 2092 quae
1155 2056 1272 2083 omuiutu
1293 2055 1430 2082 hominum
1446 2055 1604 2090 pervadel-st
1616 2054 1731 2086 viscera,
1756 2052 1792 2079 illi
1808 2057 1869 2079 tunc

1083 2111 1129 2131 eas
1142 2110 1200 2137 qua:
1220 2108 1282 2129 tunc
1293 2106 1370 2128 erant
1388 2101 1505 2128 hereses
1519 2100 1694 2127 traduxerunt
1707 2098 1741 2126 ad
1767 2102 1867 2125 rectam

1084 2149 1246 2183 opinionem.
1271 2146 1335 2174 Nam
1352 2153 1414 2173 cum
1437 2145 1463 2172 in
1488 2145 1579 2172 multis
1594 2145 1699 2179 praediis
1713 2143 1806 2170 horrea
1821 2148 1869 2168 sua

1087 2194 1265 2228 aperuissent.
1279 2200 1309 2219 ea
1326 2192 1480 2226 praebebant
1491 2191 1517 2217 itt
1538 2190 1693 2217 alimentum
1709 2194 1870 2222 pauperum;

1085 2240 1153 2266 adeo
1172 2245 1199 2266 ut
1222 2246 1254 2265 ex
1271 2237 1321 2264 hac
1345 2237 1523 2270 inexplicabili
1544 2244 1636 2263 eorum
1658 2235 1818 2269 benignitate
1843 2233 1870 2260 in

1089 2291 1167 2311 unam
1196 2288 1275 2311 rectm
1303 2281 1363 2309 ﬁdei
1391 2282 1593 2309 consonantiam
1625 2277 1799 2307 convenerint
1825 2278 1871 2313 qtti

1087 2334 1165 2358 erant
1192 2329 1325 2356 haeretica:
1348 2328 1493 2362 opinionis,
1513 2328 1567 2355 Deo
1588 2327 1687 2363 gratias
1711 2330 1819 2361 agentes
1837 2326 1873 2353 ob

1088 2377 1234 2412 simplicem
1260 2383 1354 2403 eorum
1378 2371 1468 2408 ﬁdem,
1498 2380 1524 2402 et
1548 2376 1702 2402 immensam
1724 2374 1875 2401 beneﬂCen-

1090 2423 1163 2449 tiam.
1179 2423 1236 2449 Alia
1247 2428 1336 2449 autem
1348 2420 1507 2449 exercitatio
1519 2428 1612 2448 eorum
1624 2423 1682 2447 erat
1691 2419 1858 2446 admirabilis

1091 2469 1173 2496 vestis
1197 2475 1290 2495 eorum
1315 2467 1420 2494 habitus
1440 2471 1498 2493 erat
1517 2465 1632 2492 maxime
1659 2464 1826 2492 venerandus
1848 2468 1875 2491 et

1091 2521 1200 2549 parcus;
1214 2518 1324 2548 eratque
1338 2513 1364 2539 in
1378 2513 1418 2539 eis
1440 2518 1532 2544 magna
1548 2517 1573 2537 et
1588 2517 1647 2545 qua:
1662 2510 1714 2537 dici
1731 2509 1822 2544 nequit
1832 2509 1871 2536 vi-

1089 2565 1148 2586 ctus
1159 2560 1287 2590 tenuitas;
1300 2560 1376 2584 erant
1391 2556 1467 2583 valde
1477 2555 1574 2582 modici
1584 2560 1717 2588 sumptus,
1732 2554 1873 2581 alimento-

1091 2612 1149 2632 rum
1171 2604 1321 2639 frugalitate
1342 2602 1459 2629 contenti
1483 2606 1608 2634 quantam
1630 2601 1682 2627 vita
1703 2600 1875 2634 requirebat;

1091 2652 1215 2685 pietatem
1232 2650 1258 2675 in
1273 2649 1354 2675 Deum
1370 2647 1518 2674 Intrandum
1530 2647 1555 2673 in
1574 2646 1681 2673 modum
1698 2650 1874 2678 exercentes;

1092 2696 1118 2723 in
1132 2695 1202 2730 agris
1217 2694 1344 2728 degentes
1359 2693 1472 2727 plurimo
1487 2696 1617 2725 tetnpore,
1630 2698 1736 2725 semper
1746 2690 1877 2725 fugientes

1093 2742 1224 2773 civitates,
1241 2743 1268 2766 et
1278 2739 1340 2766 vitia
1352 2746 1410 2773 qua:
1422 2746 1455 2765 cx
1465 2738 1505 2764 eis
1520 2738 1652 2769 criuntur,
1669 2744 1702 2762 nc
1715 2743 1748 2763 ex
1761 2736 1877 2770 jucunda

1094 2795 1154 2814 cum
1175 2786 1249 2813 turba
1265 2785 1469 2812 conversatione
1492 2783 1621 2810 tumultus
1644 2782 1735 2809 civiles
1757 2781 1878 2808 attrahe-

1095 2837 1163 2866 rent,
1183 2837 1210 2859 et
1230 2831 1383 2858 exciderent
1405 2838 1420 2856 a
1444 2829 1490 2857 Dei
1517 2829 1662 2863 proposito.
1689 2827 1801 2861 Propter
1821 2826 1879 2854 haec

1095 2878 1183 2906 omnia
1193 2877 1287 2904 horum
1301 2876 1436 2904 beatorum
1449 2879 1529 2903 recta:
1543 2874 1602 2902 vita:
1613 2874 1740 2907 facinora,
1751 2873 1812 2901 hittc
1821 2880 1880 2907 tam
