2067 3155
285 184 352 217 1219

1003 177 1177 208 PALLADII

1840 171 1916 212 1220

283 239 406 276 θορύϐων
429 239 483 265 τῶν
509 236 672 270 πολιτικῶν,
690 236 870 287 ἐκπίπτοντες
896 235 950 287 ξῇς
980 233 1072 283 EVM?”
1089 235 1111 262 Α
1125 241 1268 277 Βησαρίων
1285 242 1406 277 ὀνόματι.
1419 239 1503 274 οὗτος
1521 242 1658 270 κατελθὼν
1673 244 1712 272 εἰς
1729 243 1823 280 κώμην
1838 247 1913 287 τενά,

283 283 449 318 προθέσεως.
463 282 512 310 Διά
520 290 561 309 τοι
573 282 662 309 ταῦτα
670 281 758 309 πάντα
767 280 801 308 τὰ
809 278 1011 315 κατορθώματα
1024 276 1073 311 τῆς

283 328 412 364 ἐναρέτου
434 328 574 360 πολιτείας
593 327 696 354 τούτων
716 326 770 353 τῶν
786 325 929 361 μακαρίων
947 321 1073 350 ἐντεῦθεν

284 372 333 407 ήδη
349 372 477 406 βλέπουσι
488 373 544 403 τοῖς
554 373 660 407 νοητοῖς
676 371 825 407 ὀφθαλμοῖς
837 372 871 398 τὰ
882 367 1072 406 ήτοιμασμένα

283 415 374 447 αὐτοῖς
388 416 463 451 παρὰ
479 416 530 450 τῆς
540 415 618 451 δόξης
632 415 679 442 τοῦ
696 415 764 442 Θεοῦ
774 415 808 442 τὰ
821 415 919 443 αίώνια
933 416 1034 450 ἀγαθά.

561 469 686 496 ΚΕΦΛΛ.
707 468 778 495 ΡΙΕ’.

431 511 501 545 Περὶ
514 511 567 539 τοῦ
579 512 746 546 ἐλεήμονος
766 512 913 547 μοναχοῦ.

323 554 440 590 Ὁμοίως
456 556 486 583 ἐν
502 556 588 592 ταύτῃ
603 557 636 592 τῇ
652 556 726 582 πόλει
741 555 899 591 εὑρήκαμεν
909 555 1068 590 μονάζοντα.

281 600 447 634 χειροτονίαν
476 600 525 635 μὲν
555 600 756 635 πρεσϐυτερίου
793 600 831 634 μὴ
860 599 1069 634 καταδεξαμένῳ

280 642 418 675 δέξασθαι,
431 644 485 670 ἀπὸ
503 644 646 678 στρατείας
657 643 776 678 ἠγμένον
792 643 883 677 ὀλίγου
897 642 1003 678 χρόνον.
1021 643 1068 674 Ὃς

281 686 403 712 εἰκοστὸν
418 686 478 718 ἔτος
491 687 566 720 ἄγων
586 688 615 714 ἐν
632 687 749 721 ἀσκήσει
766 686 868 722 ταύτην
885 685 941 721 εἶχε
957 685 1005 722 τὴν
1018 694 1068 712 πο-

280 729 399 757 λιτείαν·
413 731 567 765 παραμένει
584 731 634 765 μὲν
657 730 696 766 τῷ
720 730 862 766 ἐπισκόπῳ
889 731 937 765 τῆς
966 730 1068 762 πόλεως

280 774 358 810 ἀνδρὶ
374 775 527 809 ἁγιωτάτῳ.
544 775 677 801 Τοσοῦτον
691 774 720 800 δέ
734 775 793 800 ἐστι
814 774 1005 809 φιλάνθρωπος
1021 774 1068 801 καὶ

280 817 416 854 ἐλεήμων,
441 818 479 850 ὡς
495 819 542 845 καὶ
560 819 610 850 τὰς
637 818 728 850 πόλεις
751 818 899 854 περιιέναι,
921 819 968 844 καὶ
983 817 1068 845 ἐλεεῖν

279 863 342 893 τοὺς
366 862 519 896 δεομένους.
537 860 622 894 Οὗτος
639 863 688 888 οὐκ
717 862 813 897 ἀμελεί
831 862 862 889 οὐ
884 861 1020 897 φυλακῆς,
1036 862 1065 888 οὐ

1127 285 1182 313 ῐδεν
1200 286 1303 322 γυμνὸν
1319 287 1424 322 πτωχὸν
1436 289 1465 314 ἐν
1485 289 1519 323 τῇ
1540 288 1627 324 ἀγορᾷ
1650 288 1811 324 τεθνηκότα.
1825 285 1916 324 Alﬁ-rb;

1124 330 1152 358 δὲ
1169 331 1218 358 ἐνα
1231 331 1332 366 χιτῶνα
1347 333 1449 366 φορῶν,
1470 332 1541 359 κατά
1560 332 1610 368 τήν
1630 333 1809 370 εὐαγγελικήν
1821 336 1915 370 παρά-

1123 376 1215 408 δοσιν,
1235 377 1281 403 καὶ
1307 377 1404 412 μικρὸν
1427 377 1576 412 μαφόριον’
1600 377 1677 405 οὑδὶν
1702 379 1756 414 γὰρ
1780 380 1916 414 ἐκέκτητο

1123 420 1193 456 πλὴν
1211 421 1307 447 τούτου
1323 421 1370 448 τοῦ
1392 421 1540 455 ἀναγκαίου
1559 422 1763 457 σκεπάσματος.
1785 420 1866 458 Εἴχεν
1883 424 1915 450 δὲ

1122 465 1168 490 καὶ
1181 465 1280 500 μικρδιν
1290 465 1458 499 Εὑαγγέλιον
1470 466 1521 501 ὑπὸ
1533 465 1582 501 τὴν
1594 465 1682 501 μάλην
1693 467 1746 500 ἀεὶ,
1754 467 1822 502 πρὸς
1833 467 1914 501 ἐλεγ-

1122 517 1168 543 χον
1192 508 1289 536 ἑαυτοῦ
1312 509 1360 536 τοῦ
1381 509 1525 542 διαπαντὸς
1539 510 1687 537 ὑπακούειν
1703 512 1736 546 τῇ
1754 512 1908 548 Δεσποτικῇ

1121 554 1208 587 φωνῇ,
1219 553 1236 588 ἢ
1247 552 1346 587 μᾶλλον
1357 553 1430 589 ἔργῳ
1445 553 1652 589 κατορθωθέντα
1665 554 1710 581 τὸν
1723 555 1801 589 λόγον
1811 556 1911 589 ἐπιφε-

1121 595 1246 630 ρόμενος.
1264 595 1383 632 Τοιαύτῃ
1396 597 1451 632 γὰρ
1465 597 1479 623 ό
1491 597 1560 633 ἀνὴρ
1578 598 1718 634 ὑπερϐολῇ
1734 598 1792 634 βίου
1805 600 1912 634 χρησά-

1122 648 1212 675 μενος,
1220 641 1446 676 ἀνεπαισχύντως
1456 641 1493 673 ὥς
1507 642 1627 676 ἐπίγειος
1640 642 1756 677 ἄγγελος
1766 643 1816 679 τὴν
1825 645 1911 671 ἐπου-

1121 685 1213 720 ράνιον
1226 686 1255 712 ἐν
1265 685 1340 721 νόμῳ
1352 685 1478 720 διήνυσεν
1487 686 1610 721 πορείαν,
1623 682 1707 718 οὗτος
1717 687 1763 714 οὖν
1776 688 1910 723 ἑωρακὼς

1119 730 1150 756 τὸ
1163 729 1298 764 λείψανον,
1312 730 1419 763 εὐφυῶς
1434 730 1464 756 τδ
1481 730 1614 766 μαφόριον
1627 731 1907 766 ἀποφορτωσάμενος,

1119 773 1266 800 ἐναπέθετο
1284 774 1324 808 τῷ
1337 774 1489 809 τεθνηκότι.
1505 775 1560 801 Καὶ
1580 774 1660 801 πάλιν
1680 775 1769 809 ὀλίγον
1784 775 1907 811 βαδίσας,

1118 817 1238 853 δεομένῳ
1254 817 1350 852 γυμνῷ
1366 818 1530 853 συνήντησεν
1540 825 1547 833 ·
1561 817 1608 845 καὶ
1622 819 1825 854 διακρινόμενος
1839 820 1908 855 ἐστη

1120 861 1182 887 καθ’
1196 862 1292 888 ἑαυτὸν
1309 861 1483 897 λογιζόμενος
1495 861 1580 894 οὕτως
1590 869 1596 875 '
1611 863 1673 894 Πῶς
1688 862 1744 896 ἐγὼ
1759 863 1816 898 μὲν,
1829 865 1843 889 ὀ
1857 864 1908 898 δῆ-

279 906 466 940 νοσοκομείου,
495 907 526 932 ού
540 906 684 941 πτωχείου,
698 907 728 932 ού
743 906 881 938 πλουσίου,
895 906 926 932 ού
942 897 1073 941 πένητος,
1084 902 1107 931 Β
1122 904 1167 931 θεν
1182 904 1387 939 ἀποταξάμενος
1403 904 1442 941 τῷ
1458 905 1563 941 κόσμῳ,
1586 906 1692 940 ἱμάτιον
1708 897 1909 942 περίκειμαι,γὸ

279 949 348 976 ἀλλά
368 950 452 976 πᾶσιν
474 951 632 984 ἐπικουρεῖ’
660 951 716 982 τοῖς
741 951 791 984 μὲν
809 949 948 980 πλουσίοις
973 949 1069 983 λόγους

279 993 480 1028 εὐσπλαγχνίας
494 993 622 1028 παρέχων
639 993 686 1020 καὶ
699 993 802 1025 ἐλέους,
819 993 857 1024 ὡς
884 993 1070 1028 ἀσπλάγχνοις

280 1036 327 1063 καὶ
346 1037 540 1072 ἀνελεήμοσιν·
553 1038 606 1064 τῶν
625 1037 654 1064 δὲ
668 1037 765 1064 ἐνδεῶν
786 1038 933 1072 φροντίζων
953 1038 1068 1064 ἑκάστου

279 1081 314 1107 τὰ
328 1081 396 1116 πρὸς
418 1081 468 1113 τὰς
492 1082 607 1117 χρείαςθ
633 1082 695 1113 τοὺς
719 1081 888 1116 μαχομένους
909 1081 1067 1117 εἰρηνεύων,

278 1124 336 1156 τοῖς
350 1126 465 1159 γυμνοῖς
486 1125 615 1161 χορηγῶν
631 1124 780 1160 ἐνδύματα,
799 1125 856 1156 τοῖς
876 1124 1018 1151 ἀσθενοῦσι
1034 1124 1069 1150 τά

278 1167 439 1204 ἀλεξιτήρια
457 1169 525 1204 πρὸς
539 1168 700 1204 θεράπειαν.
713 1166 765 1194 οἵα
778 1169 805 1195 δέ
822 1169 895 1204 φιλεῖ
906 1167 1028 1202 γίνεσθαι
1039 1169 1068 1194 ἐν

278 1212 380 1245 πάσαις
395 1214 455 1244 ταῖς
466 1212 560 1239 πόλεσι
575 1214 635 1244 ταῖς
647 1213 791 1247 μεγάλαις,
805 1213 862 1240 ἐστι
881 1212 928 1240 καὶ
941 1214 969 1239 ἐν
986 1213 1065 1248 αὐτῇ.

284 1256 329 1283 Ἐν
349 1256 402 1292 γὰρ
417 1257 449 1292 τῇ
469 1256 599 1292 στοᾷντῆς
614 1257 762 1292 ἐκκλησίας
780 1256 881 1292 πλῆθος
904 1257 959 1283 τῶν
974 1257 1067 1283 λωϐῶν

277 1301 336 1328 ἐστι
363 1301 571 1337 κατακείμενον,
596 1302 790 1338 ἑρανιζόμενον
814 1302 863 1338 τὴν
888 1302 992 1337 τροφὴν
1017 1302 1067 1336 τὴν

276 1345 426 1381 ἐφήμερον,
440 1345 495 1373 τῶν
518 1346 567 1381 μὲν
589 1347 715 1381 ἀγάμων,
732 1346 786 1373 τῶν
807 1346 835 1372 δὲ
856 1347 1065 1381 γεγαμηκότων.

277 1389 381 1424 Συνέϐη
407 1387 453 1416 οὖν
469 1391 520 1425 μιᾷ
536 1389 591 1416 τῶν
606 1390 720 1426 ἡμερῶν
741 1391 770 1416 ἐν
785 1389 863 1416 νυκτὶ
883 1389 986 1416 τίκτειν
1008 1389 1067 1421 ἐνὸς

275 1433 380 1460 τούτων
397 1435 446 1468 τὴν
466 1436 584 1468 γυναῖκα
601 1435 630 1461 ἐν
654 1436 687 1470 τῇ
714 1435 790 1470 στοᾷ,
809 1435 856 1462 καὶ
870 1434 949 1460 τοῦτο
964 1435 992 1460 ἐν
1008 1442 1066 1469 χει-

277 1477 358 1512 μῶνι.
376 1477 487 1512 Βοώσης
501 1476 547 1504 οὖν
562 1478 658 1513 αὐτῆς,
676 1479 723 1505 καὶ
737 1479 920 1513 κεντουμένης
938 1477 990 1504 ὑπὸ
1016 1478 1067 1512 τῆς.

275 1521 414 1555 ἀφορήτου
431 1522 538 1556 ἐκείνης
558 1516 664 1556 ὀδύνης,
689 1523 842 1557 ἐπήκουσεν
863 1522 913 1556 τῆς
933 1521 1065 1556 όλολυγῆς

1119 947 1148 974 δὲ
1160 947 1226 983 ἐμὸς
1239 948 1352 982 ἀδελφὸς
1359 948 1440 983 ψύχει
1451 949 1674 984 καταπήγνυται;
1688 950 1719 976 Εἰ
1732 951 1821 977 τοίνυν
1831 952 1908 978 ἐάσω

1118 990 1213 1017 τοῦτον
1254 991 1456 1027 λιποψυχήσαι,
1485 992 1600 1019 θανάτου
1626 993 1733 1025 πάντως
1756 994 1841 1026 αῖτιος
1866 995 1908 1030 τῷ

1119 1034 1232 1069 πλησίον
1244 1035 1406 1071 γενήσομαι.
1427 1036 1460 1063 Τί
1481 1035 1543 1069 οὗνς
1566 1037 1770 1072 ἀποδυσάμενος
1788 1039 1906 1074 μερίσω,

1117 1079 1163 1106 τδν
1179 1079 1279 1115 χιτῶνα
1300 1080 1396 1114 κόψας,
1420 1081 1436 1117 ἢ
1457 1080 1486 1108 τὸ
1511 1083 1564 1109 πᾶν
1589 1082 1628 1117 τῷ
1644 1082 1704 1108 κατ’
1728 1082 1819 1108 εἰκόνα
1834 1082 1907 1108 Θεοῦ

1117 1122 1212 1156 δώσω;
1237 1124 1318 1150 Ἀλλά
1331 1125 1357 1151 τί
1370 1125 1502 1160 χρήσιμον
1517 1125 1617 1160 ὲμοίτε
1629 1126 1748 1161 κάκείνῳ
1771 1125 1800 1152 τὺ
1813 1127 1908 1161 σχιζό-

1119 1175 1198 1201 μενον
1223 1168 1323 1203 μέρος;
1344 1169 1399 1196 Καὶ
1422 1169 1572 1204 διακριθεὶς
1592 1170 1660 1205 ἔφη’
1688 1171 1734 1206 Μή
1752 1170 1835 1205 βλάϐη
1862 1180 1907 1202 τις

1117 1211 1198 1246 ἡμῖν,
1213 1212 1237 1238 εί
1252 1212 1335 1239 πλέον
1353 1214 1509 1249 ποιήσωμεν
1525 1214 1574 1248 τῆς
1586 1214 1711 1249 ἐντολῆςς
1728 1214 1906 1249 Τοιγαροῦνό

1118 1257 1227 1289 γεναίος
1242 1253 1320 1288 οὗτος
1335 1257 1468 1292 ἀθλήσας,
1484 1257 1631 1293 προθύμως
1647 1258 1724 1284 καλεί
1735 1258 1780 1285 τὸν
1794 1259 1905 1294 πτωχόν

1117 1300 1157 1331 είς
1176 1299 1222 1326 τὸν
1237 1300 1358 1334 πυλῶνα,
1387 1303 1432 1328 καὶ
1457 1302 1551 1328 τοῦτον
1569 1302 1742 1337 ἐνδεδυμένον
1752 1302 1902 1335 ἀπολύσας,

1117 1343 1182 1378 ἔστη
1197 1344 1311 1379 γυμνὸς.
1322 1345 1419 1372 ἐαυτὸν
1428 1346 1486 1376 ταῖς
1497 1347 1575 1381 χερσὶ
1584 1345 1768 1380 περισκέπων,
1783 1345 1906 1377 ὀκλάσας

1116 1387 1166 1413 καὶ
1190 1387 1414 1424 ὑποκαθήμενος,
1444 1389 1524 1424 μόνον
1546 1389 1614 1424 ἔχων
1637 1389 1682 1416 τὸν
1714 1389 1905 1417 πλουσιοποιδν

1116 1431 1195 1465 λόγον
1208 1431 1317 1467 ὑπὸ-τὴν
1331 1433 1432 1468 μάλην.
1441 1433 1509 1459 Κατ’
1518 1433 1672 1468 οίκονομίαν
1685 1433 1714 1459 δὲ
1725 1432 1818 1460 τούτου
1830 1441 1905 1468 παρ-

1108 1473 1203 1512 ςιόντος
1221 1476 1234 1502 ό
1249 1476 1295 1502 ἐπὶ
1321 1477 1370 1512 τῆς
1393 1477 1504 1512 είρήνης
1518 1477 1624 1510 ἐπέγνω
1646 1476 1692 1503 τδν
1706 1477 1832 1512 γέροντα,
1853 1476 1904 1503 καὶ

1118 1521 1187 1555 πρὸς
1200 1521 1245 1547 τὸν
1261 1521 1388 1556 ἐχόμενον
1405 1522 1548 1556 σύμμαχον
1567 1520 1644 1548 εἶπε’
1667 1521 1753 1547 Βλέπε
1775 1521 1833 1547 ἐκεῖ
1851 1521 1904 1548 οὐκ

274 1564 290 1590 ό
310 1564 443 1599 μακάριος
471 1560 549 1595 οὗτος
573 1565 791 1600 προσευχόμενος
817 1567 846 1591 ἐν
872 1567 904 1601 τῇ
920 1566 1063 1601 ἐκκλησίᾳ,
1078 1573 1100 1604 c
1118 1563 1191 1591 ἐστιν
1207 1565 1220 1591 ό
1242 1565 1331 1600 γέρων
1346 1565 1419 1592 ἁϐϐἄ
1439 1565 1602 1600 Βησαρίων;
1622 1565 1669 1592 τοῦ
1690 1565 1719 1592 δέ
1753 1566 1902 1600 φήσαντος,

274 1607 322 1633 καὶ
332 1607 499 1642 καταλείψας
512 1608 561 1639 τάς
571 1608 698 1643 συνήθεις
713 1608 795 1635 αὑτοῦ
810 1610 973 1644 προσευχὰς,
990 1610 1064 1642 ἐξελ-

275 1650 331 1676 θὼν
346 1650 432 1683 ἐπίδε,
446 1652 492 1678 καὶ
513 1651 616 1687 μηδένα
626 1651 714 1687 εὑρὼν
730 1652 776 1679 τὸν
790 1653 878 1689 ταύτῃ
891 1653 1069 1689 παραστησό-¹

275 1702 358 1730 μενον
373 1696 401 1721 ἐν
414 1696 447 1731 τῇ
471 1696 578 1731 ἀνάγκη
602 1696 705 1732 ἐκείνῃ,
729 1697 811 1729 αὑτὸς
836 1698 958 1733 ἰατρίνης
981 1699 1064 1726 τόπον

273 1737 405 1772 ἐπέσχεν,
421 1739 452 1765 οὑ
475 1738 672 1775 βδελυξάμενος
689 1741 719 1767 τὺ
736 1741 820 1776 μῦσος
840 1742 871 1767 τὸ
891 1743 1063 1778 παρακολου-

273 1781 338 1808 θοῦν
364 1783 425 1814 ταῖς
449 1783 604 1815 τικτούσαις
630 1785 685 1810 τῶν
709 1786 865 1819 γυναικῶν,
885 1786 1064 1822 ἀναισθησίαν

272 1826 347 1861 αὐτῷ
362 1827 549 1863 χαρισαμένης
561 1829 609 1864 τῆς
621 1828 775 1865 βαθυτάτης
791 1830 894 1865 ταύτης
914 1831 1064 1866 ἐλεημοσύ-

271 1878 321 1906 νης
332 1870 383 1905 τῆς
407 1871 473 1907 παρ’
490 1872 573 1899 αὐτοῦ
599 1875 798 1910 γεγενημένης.
823 1875 926 1902 Τούτου
941 1877 989 1910 μὲν
1015 1874 1070 1903 τού

272 1914 446 1949 φιλοχρίστου
460 1915 489 1942 τὸ
506 1913 575 1947 εἶδος
588 1917 642 1944 τῶν
656 1918 784 1951 ἱματίων,
800 1915 837 1946 ὧν
852 1919 1061 1956 περιϐέϐληται,

271 1959 321 1986 οὐκ
337 1959 411 1987 ἐστιν
428 1960 502 1992 ἄξιον
517 1961 624 1989 ὀϐολοῦ.
648 1962 685 1989 Ίό
705 1963 733 1990 δὲ
749 1963 848 1998 βρῶμα
870 1964 924 1991 τῶν
946 1966 1065 1999 ίματίων

270 2003 460 2039 ἀμφήριστον·
476 2005 581 2040 πυκτίῳ
592 2005 711 2040 ἐγκύψαι
730 2007 760 2032 οὺ
778 2009 924 2043 καρτερεῖ,
939 2009 990 2043 τῆς
1003 2010 1062 2044 φιλ-

268 2046 430 2082 ανθρωπίας
454 2048 536 2075 αὐτὴν
557 2049 762 2086 ὰπελαυνούσης
785 2052 840 2079 τῶν
873 2053 1059 2089 ἀναγνωσμά-

270 2099 334 2118 των.
353 2090 458 2117 Βιϐλίον
477 2091 524 2118 ἐάν
541 2101 583 2124 τις
600 2094 674 2129 αὐτῷ
687 2096 834 2131 χαρίσηται
855 2096 909 2123 τῶν
924 2097 1058 2132 ἀδελφῶν,

269 2135 444 2170 παραχρῆμα
459 2136 538 2163 τοῦτο
551 2138 713 2173 πιπράσκει,
731 2141 789 2172 τοῖς
810 2140 978 2176 ἐνδεομένοις
990 2142 1019 2168 δὲ
1030 2142 1060 2169 τὸ

268 2178 376 2212 τίμημα
386 2178 532 2214 διανέμων,
545 2181 678 2216 ἐπιλέγων
687 2182 764 2210 τοῦτο
777 2185 833 2216 τοῖς
846 2185 1057 2220 ἐπισκήπτουσι,

268 2221 312 2248 διὰ
329 2222 356 2248 τί
371 2223 458 2250 ταῦτα
480 2225 574 2256 πωλεῖ,
593 2226 634 2252 ὅτι
652 2227 736 2254 Πόθεν
758 2228 812 2264 ἐχω
832 2237 883 2264 μου
902 2231 995 2257 πεῖσαι
1012 2231 1058 2258 τὺν
1072 2249 1099 2274 υ

267 2268 438 2301 διδάσκαλον,
451 2269 493 2297 ὅτι
508 2271 558 2304 τὴν
579 2272 676 2307 τέχνην
694 2272 777 2300 αὑτοῦ
802 2275 953 2311 μεμάθηκα
976 2276 1056 2311 ἀκρι-

268 2311 339 2345 ίίῶς,
361 2312 408 2339 ἐὰν
422 2313 459 2348 μὴ
473 2314 546 2349 αὺτῷ
561 2315 657 2350 ἐκείνῳ
673 2319 895 2354 καταχρήσωμαι
910 2321 950 2352 είς
965 2320 995 2347 τὺ
1009 2321 1058 2357 τῆς

266 2357 365 2392 τέχνης
383 2357 564 2394 κατόρθωμα;
586 2360 615 2386 '0
628 2361 761 2394 ἀθάνατος
775 2359 851 2395 οὗτος
863 2364 892 2390 ἐν
900 2363 985 2400 ταύτῃ
1004 2358 1060 2391 παέ

269 2401 401 2436 ραμείνας
414 2404 447 2438 τῇ
463 2403 562 2438 πράξει
575 2404 639 2439 άχρι
652 2405 702 2440 τῆς
713 2406 793 2443 δεῦρο
805 2407 931 2439 ἀειθαλὲς
947 2409 1058 2445 μνήμης

267 2445 353 2480 ὄνομα
372 2446 448 2481 πάσῃ
464 2448 497 2482 τῇ
525 2448 655 2484 περιοίκῳ
673 2450 770 2488 ,ἐκείνῃ
793 2452 949 2485 κατέλιπεν,
977 2453 1058 2486 αὐτὸς
1087 2474 1091 2485 -η

267 2490 317 2522 τὴν
332 2489 441 2516 αἰώνιον
452 2491 540 2526 χαρὰν
549 2492 578 2517 ἐν
591 2493 624 2527 τῇ
640 2493 695 2519 τῶν
709 2494 832 2529 οὐρανῶν
850 2495 974 2532 βασιλείᾳ
987 2505 1057 2533 καρ-

268 2532 420 2566 πούμενος·
444 2534 647 2570 ἀπολαμϐάνων
667 2537 722 2564 τῶν
744 2539 896 2574 μακαρίων,
918 2541 1008 2567 πόνων
1025 2542 1058 2568 τὰ

267 2575 333 2607 ἄξια
352 2575 455 2603 ἐπαθλα
467 2587 475 2595 ·
494 2579 646 2612 πεινῶντας
674 2581 780 2616 θρέψας
802 2583 914 2616 ἐνθάδε,
936 2585 984 2612 καὶ
1007 2593 1057 2619 γυ-

270 2620 347 2653 μνοῖς
359 2621 521 2655 περιϐόλαια
547 2624 732 2660 χαρισάμενος
743 2647 750 2658 ,
764 2627 823 2653 νυνὶ
833 2628 908 2664 παρά
924 2628 963 2664 τῷ
979 2629 1058 2664 μισθ-

268 2664 389 2733 ἰποδότῃ
407 2666 461 2693 τῶν
475 2667 565 2695 καλῶν
576 2669 664 2704 ἔργων
676 2672 852 2707 παντοδαπῆς
863 2673 971 2709 τρυφῆς
986 2675 1054 2702 ἀπο-

288 2716 372 2737 ανων.

563 2768 689 2797 ΚΕΦΛΛ.
704 2770 785 2804 qu'.

435 2821 508 2854 Βίος
523 2821 577 2849 τοῦ
591 2823 667 2850 ἀϐϐᾶ
682 2806 884 2860 Βησαρίωνος.

316 2873 439 2908 Ἐγένετό
455 2884 498 2907 τις
513 2877 602 2912 γέρων
619 2879 749 2915 ἀκτήμων
769 2882 817 2909 καὶ
831 2882 964 2919 ἐλεήμων,
985 2885 1057 2913 ἀϐἦᾶ

1116 1609 1189 1636 Ναί·
1207 1609 1330 1641 καταϐὰς
1352 1610 1383 1635 ἐκ
1398 1609 1445 1635 τοῦ
1466 1608 1536 1641 ζώου
1558 1609 1671 1644 ταχέως,
1692 1609 1832 1644 ἠρώτησεν
1855 1609 1905 1635 τὸν

1114 1653 1202 1687 άγιον,
1213 1654 1253 1680 ὅτι
1268 1653 1314 1685 Τίς
1329 1661 1358 1679 σε
1367 1653 1507 1687 ἐξέδυσεν;
1529 1654 1557 1679 ’0
1572 1653 1600 1679 δὲ
1613 1655 1646 1688 τῇ
1662 1653 1738 1688 δεξιᾷ
1753 1661 1905 1688 προσενεγ-

1115 1697 1172 1724 κὼν
1187 1697 1218 1723 τὸ
1231 1696 1414 1731 Εὑαγγέλιον,
1433 1697 1529 1729 Τοῦτο,
1545 1698 1637 1732 φησὶν,
1647 1697 1771 1730 ἐξέδυσέν
1787 1706 1830 1731 με.
1847 1697 1906 1723 Πα-

1117 1741 1246 1777 ραχρῆμα
1263 1741 1291 1768 δὲ
1314 1742 1346 1768 τὺ
1370 1741 1468 1768 ἑαυτοῦ
1484 1741 1590 1776 ἱμάτιον
1612 1742 1626 1768 ό
1650 1741 1696 1767 ἐπὶ
1716 1741 1766 1775 τῆς
1788 1741 1905 1775 εἰρήνης

1114 1785 1330 1820 ἀποδυσάμενος,
1342 1786 1388 1812 τὸν
1403 1785 1506 1812 τέλειον
1520 1784 1690 1820 στρατιώτην
1701 1785 1835 1813 ἐνέδυσεν,
1846 1785 1905 1811 Καὶ

1113 1829 1227 1861 ἀπαθῶς
1242 1829 1360 1864 φορέσας
1371 1829 1421 1864 τὴν
1432 1829 1469 1861 ὡς
1484 1829 1585 1864 μικρὰν
1595 1828 1697 1863 ἐσθῆτα
1711 1829 1764 1855 τῶν
1775 1828 1904 1863 μοναχῶν

1112 1873 1160 1899 τοῦ
1175 1874 1278 1908 κόσμου
1287 1873 1461 1909 ἀνεχώρησεν
1469 1873 1586 1908 ἀφανὴς,
1595 1872 1691 1900 τούτου
1700 1872 1748 1908 τήν
1763 1872 1904 1899 πολιτείαν

1114 1917 1283 1952 ἑωρακότος,
1310 1917 1442 1944 ἐκκλίνων
1463 1917 1510 1944 τὸν
1534 1917 1656 1950 ἔπαινον,
1678 1917 1728 1952 τὴν
1756 1917 1830 1951 παρά
1851 1916 1902 1942 τοῦ

1109 1961 1236 1996 ,κρυπτοῦ
1249 1961 1333 1997 τιμὴν
1349 1962 1364 1988 ὁ
1384 1962 1572 1997 κρυπτόμενος
1589 1961 1743 1996 ἀναμένων.
1770 1962 1800 1987 '0
1817 1960 1903 1992 αὐτὸς

1112 2003 1189 2036 οὗτος
1217 2006 1286 2039 μετά
1315 2005 1345 2032 τδ
1365 2006 1578 2041 κατωρθωκέναι
1603 2007 1694 2033 πᾶσαν
1718 2005 1903 2040 εὐαγγελικήν

1112 2050 1232 2085 ἐντολὴν,
1254 2050 1322 2085 μηδέ
1338 2050 1408 2085 ἔχων
1417 2050 1465 2077 τοῦ
1481 2051 1585 2085 κόσμου
1592 2051 1689 2077 τούτου
1704 2049 1744 2076 ἐτι
1757 2049 1827 2076 κατὰ
1838 2050 1902 2076 διά-

1111 2102 1197 2127 νοιαν,
1211 2094 1279 2128 πρὸς
1290 2094 1482 2129 ἐντελεστέραν
1495 2094 1543 2129 τῆς
1554 2094 1631 2126 θείας
1642 2094 1804 2128 ἀποφάσεως
1814 2094 1903 2128 ἐργα-

1112 2138 1183 2170 σίαν,
1194 2139 1224 2164 ἐν
1240 2139 1350 2173 παρόδῳ
1367 2139 1474 2174 πτωχὸν
1491 2138 1633 2173 ἑωρακὼς,
1647 2138 1785 2173 ὂρομαίως
1797 2138 1838 2169 είς
1849 2137 1903 2172 τὴν

1104 2181 1214 2216 ,ἀγορὰν
1227 2182 1358 2217 ἀπῆλθεν,
1372 2181 1435 2208 ἔνθα
1452 2183 1516 2214 στὰς
1527 2182 1628 2216 ὀλίγον,
1639 2182 1723 2216 τόμον
1733 2180 1901 2214 Εὑαγγελίου

1111 2225 1311 2262 διαπέπρακεν.
1326 2226 1394 2253 Μεθ’
1411 2226 1518 2262 ἡμέρας
1528 2226 1574 2253 οὖν
1586 2227 1600 2252 ὁ
1614 2226 1661 2252 σὺν
1676 2224 1900 2259 αὐτῷ’μαθητὴς,

1112 2270 1185 2297 ὰδϐᾶ
1215 2270 1317 2302 Δουλᾶς
1344 2269 1512 2306 λεγόμενος,
1535 2270 1678 2305 ἠρώτησεν
1706 2269 1752 2295 τὸν
1772 2268 1901 2303 γέροντα,

1104 2314 1217 2348 ζλέγων,
1241 2315 1281 2340 ὅτι
1307 2314 1339 2340 Τί
1363 2315 1475 2349 γέγονεν
1497 2315 1528 2341 τὺ
1546 2315 1646 2350 μικρὸν
1668 2313 1780 2349 βιϐλίον,
1810 2312 1901 2345 ἀϐϐᾶς

1106 2358 1181 2393 ¹πρὸς
1197 2357 1227 2384 ὅν
1253 2357 1364 2394 ἡσύχως
1387 2359 1401 2385 ὸ
1421 2359 1512 2395 γέρων
1535 2358 1635 2393 σεμνὸν
1659 2358 1707 2385 καὶ
1721 2357 1902 2392 χαριέστατον

1113 2403 1189 2438 ῥῆμα
1211 2402 1272 2429 λίαν
1291 2402 1454 2437 ἐφθέγξατο,
1481 2403 1592 2437 φάσκων
1613 2403 1714 2434 οὕτως·
1740 2402 1786 2436 Μὴ
1800 2399 1901 2432 λυποῦ,

1111 2447 1208 2481 ἀδελφέ
1220 2455 1228 2462 ³
1244 2447 1287 2473 ἵνα
1302 2446 1356 2482 γὰρ
1375 2447 1434 2473 ἐκεῖ
1453 2448 1608 2482 παρρησίαν
1623 2446 1740 2481 ἔχωμεν,
1759 2445 1840 2472 αὑτὸν
1854 2444 1903 2471 τὸν

1111 2491 1191 2525 λόγον
1206 2491 1334 2526 ἐπώλησα
1345 2491 1389 2518 διὰ
1400 2491 1449 2526 τὴν
1461 2491 1585 2526 ὑπακοὴν
1599 2491 1645 2517 τὸν
1659 2491 1702 2517 ἀεὶ
1716 2489 1830 2523 λέγοντά
1841 2496 1900 2523 μοι·

1113 2534 1242 2570 Πώλησόν
1261 2543 1307 2561 σου
1327 2535 1362 2561 τὰ
1373 2535 1541 2570 ὑπάρχοντα,
1561 2535 1608 2561 καὶ
1622 2533 1666 2565 δὸς
1682 2535 1809 2568 πτωχοῖς.
1823 2532 1903 2559 Εἰσὶν

1113 2578 1142 2605 δέ
1158 2579 1204 2606 καὶ
1218 2578 1297 2611 ᾅλλαι
1315 2579 1429 2615 πράξεις
1440 2579 1598 2614 πάμπολλαι
1612 2579 1738 2613 ὲνάρεται
1751 2577 1798 2604 τοῦ
1813 2577 1903 2612 μεγά-

1112 2623 1158 2650 λου
1171 2623 1266 2650 τούτου
1286 2623 1393 2659 Πατρός
1405 2631 1412 2639 ·
1439 2622 1498 2658 μεθ’
1514 2619 1544 2649 οὒ
1566 2623 1613 2649 καὶ
1637 2623 1717 2657 ἡμεῖς
1734 2622 1816 2658 μέρος
1826 2621 1903 2656 ἔχειν

1102 2668 1340 2703 ·καταξιωθῶμεν,
1357 2668 1451 2704 χάριτι
1465 2667 1512 2694 τοῦ
1528 2666 1658 2703 Χριστοῦ.
1683 2667 1778 2702 Ἀμήν.

1393 2745 1521 2773 ΚΕΦΔΛ.
1547 2745 1621 2771 PIZ'.

1383 2820 1453 2855 Περὶ
1469 2819 1621 2854 Μελάνης.

1154 2886 1317 2920 ’Δναγκαίον
1339 2885 1366 2912 δὲ
1386 2885 1534 2922 ἡγησάμην
1551 2886 1596 2913 καὶ
1617 2885 1754 2919 γυναικῶν
1769 2884 1901 2921 ἀνδρείων
