2072 3153
212 179 277 207 liii

849 176 1006 205 tIlSTURlA
1030 177 1209 206 LAUSIACA.

1768 180 1836 212 l222

207 235 417 271 Intelligenttbus
431 235 516 262 oculis
530 235 664 270 aspiciunt
677 240 775 263 aeterna
790 235 857 262 bona
873 243 934 270 qua:
950 242 996 268 pa-
1011 238 1034 264 A
1049 238 1179 262 mentum.
1209 235 1328 264 Habebat
1351 241 1438 264 autem
1464 245 1570 273 semper
1593 245 1698 274 quoque
1725 231 1836 274 parvuin

207 290 267 312 rata
278 287 341 311 sunt
353 289 369 310 a
383 282 430 310 Dei
440 282 533 316 gloria.

496 325 608 354 CAPUT
627 325 706 353 CXV.

413 371 475 399 Vita
489 372 634 399 Elcemonia
645 373 772 399 monachi.

247 419 370 446 Vidimus
390 419 417 445 in
433 418 482 445 hac
497 418 604 446 civitate
620 419 791 451 monachum,
817 419 860 453 qtti
877 420 996 446 ordinem

211 465 410 500 presbyteratus
424 464 560 496 suscipere
574 465 715 492 recusavit.
732 465 848 492 Venerat
866 469 952 492 autem
964 465 997 492 ad

209 512 263 536 tale
288 511 454 544 proposttum
478 514 538 544 post.
557 509 678 536 militiam
701 510 789 544 exigui
815 511 951 543 temporis.
975 510 999 537 Is

208 555 366 587 vigesimum
379 562 478 581 anuttm
488 561 570 588 agens
584 554 609 581 in
624 554 827 584 exercitatione.
840 555 891 581 ltoc
904 555 997 582 habuit

213 601 275 626 vitae
289 599 437 626 institutunt
451 603 480 626 ut
494 604 662 634 permaneret
673 599 743 633 apud
763 599 877 627 civitatis
892 601 998 634 episco-

212 651 275 679 pum
289 645 373 671 virutn
389 645 596 672 sanctissimum.
620 645 665 671 Est
680 648 768 671 autem
783 645 849 672 adeo
865 645 998 680 benignus

213 694 242 716 et
254 689 418 720 misericors,
434 693 463 716 ut
474 689 553 716 etiam
570 689 649 716 urbes
662 688 818 720 circumeat.
834 694 861 716 et
875 690 999 717 miserea-

215 739 258 761 tur
277 742 368 761 eorunt
388 734 432 768 qui
448 733 574 768 indigent.
596 733 620 760 Is
634 740 686 759 tton
711 733 817 767 negligit
839 734 997 767 custodiam,

213 787 266 806 ttou
283 779 478 812 nosocomium,
496 786 548 806 nou
567 779 714 812 ptochium,
731 786 783 806 non
808 780 928 812 divitem.
946 788 998 808 non

210 832 370 860 pauperem;
397 824 443 851 sed
466 826 517 851 l'ert
540 831 617 858 opem
643 824 769 851 ontnibus
786 826 875 859 :apud
904 826 1000 853 divites

211 871 328 904 quidem,
345 875 373 897 ut
385 870 501 897 immites
512 874 540 896 et
554 869 789 901 immisericordes,
805 871 884 897 verba
900 871 1000 899 lat-iens

1050 280 1224 314 Evangeliutn
1241 281 1291 308 sub
1301 281 1390 313 axilla,
1403 286 1450 309 aut
1463 282 1496 310 ad
1510 284 1550 309 sui
1563 282 1712 310 iaciendum
1728 284 1834 317 pericu-

1049 324 1114 357 lum,
1133 333 1195 353 ttuttt
1211 327 1340 360 perpetuo
1353 327 1410 354 voci
1427 327 1532 354 llomini
1545 328 1675 360 obediret,
1690 333 1734 356 aut
1748 330 1836 363 potius

1047 375 1157 405 gestans
1171 379 1322 400 sermonem
1335 380 1413 407 quem
1434 378 1492 400 erat
1512 381 1593 408 opere
1615 379 1753 402 executus.
1770 376 1835 402 Tam

1051 416 1202 444 admirabili
1218 417 1289 445 enim
1305 419 1357 446 vita
1373 426 1436 446 usus
1450 424 1492 447 est
1509 420 1550 447 hic
1565 421 1615 453 vir,
1630 425 1657 448 et
1674 422 1739 448 citra
1753 423 1835 449 ullum

1044 461 1176 495 dedecus,
1188 467 1218 490 ut
1230 464 1339 497 perinde
1351 472 1382 492 ac
1393 466 1525 492 terrestris
1539 466 1647 500 angelus
1664 468 1774 495 caeleste
1787 468 1837 495 iter

1050 506 1169 541 legitime
1185 509 1326 543 peregerit.
1343 509 1390 536 llic
1413 517 1477 544 ergo
1491 517 1551 537 curn
1568 511 1678 538 vidisset
1700 512 1836 546 reliquias,

1051 560 1080 580 sc
1096 553 1218 588 protinus
1241 562 1341 582 exuens
1359 558 1580 590 superhnmerali,
1603 566 1636 585 eo
1659 559 1745 586 induit
1766 567 1838 586 mor-

1051 602 1136 625 tuum.
1165 600 1195 625 l'lt
1228 608 1318 627 rursus
1343 609 1402 628 cum
1435 610 1527 636 parum
1555 605 1738 638 processisset,
1766 606 1837 632 nudo

1050 645 1140 678 egenti
1156 646 1284 676 occurrit.
1304 650 1330 673 ct
1353 647 1427 674 stetit
1443 649 1511 682 apud
1535 656 1564 675 se
1579 649 1740 683 disceptans,
1757 656 1784 678 et
1798 651 1837 683 sic

1052 689 1215 717 ratiocinatts
1229 699 1234 716 :
1247 691 1386 724 Quomodo
1411 700 1460 727 ego
1474 693 1593 727 quidem,
1608 696 1654 727 qui
1677 697 1776 723 mundo
1795 704 1837 724 re-

1051 734 1180 767 nuntiavi,
1206 739 1280 762 veste
1303 736 1409 769 induor,
1427 737 1508 765 frater
1532 743 1619 765 autent
1645 747 1720 767 meus
1745 741 1837 776 algore

1051 779 1216 806 concrescit?
1236 780 1258 807 si
1273 788 1336 816 ergo
1357 789 1405 817 ego
1432 790 1492 810 eum
1516 783 1604 811 sivero
1618 787 1774 819 exanimari,
1790 794 1838 815 ero

1052 827 1161 853 omnino
1174 834 1252 854 causa
1273 829 1368 856 mortis
1383 829 1512 863 proximo.
1529 830 1597 864 Quid
1611 838 1685 867 ergo,
1701 839 1838 862 exuensne

1052 872 1185 905 srindatn,
1197 877 1222 900 et
1236 878 1337 907 partem
1351 874 1519 908 distribuam,
1535 883 1567 902 an
1581 880 1664 903 totum
1677 876 1744 904 dabo
1757 878 1782 906 ei
1793 879 1838 913 qui

209 916 244 943 de
265 916 458 946 misericordia,
481 915 624 948 unicuique
646 920 733 942 autem
761 922 793 942 ex
823 915 1002 949 indigentibus
1018 919 1041 950 Β
1055 923 1097 945 est
1113 918 1198 946 factus
1223 920 1255 945 ad
1271 919 1317 946 Dei
1338 920 1499 955 imaginem?
1523 921 1574 948 Sed
1587 922 1650 956 quid
1673 922 1737 950 mihi
1754 928 1780 950 et
1800 923 1840 952 illi

211 962 353 995 providens
363 968 422 995 quat
439 967 503 988 sunt
517 962 679 994 necessaria,
701 969 748 989 eos
761 963 805 996 qui
822 967 940 996 pugnant
954 969 1000 995 pa-

210 1005 330 1039 ciﬁcans,
345 1005 422 1032 nudis
442 1006 616 1040 suppeditans
636 1006 801 1039 indumenta,
821 1007 929 1041 trgrotis
944 1014 1001 1033 me-

210 1052 358 1079 dicamenta
373 1051 487 1078 all‘erens
501 1052 534 1078 ad
549 1052 725 1080 curationem.
737 1052 813 1085 Quod
827 1059 915 1080 autem
930 1053 998 1079 solet

211 1098 268 1125 lieri
288 1097 318 1125 'in
343 1099 467 1125 omnibus
492 1098 594 1132 magnis
613 1099 774 1131 civitatibus,
796 1098 822 1125 itt
842 1105 873 1124 ea
895 1105 1000 1132 quoque

211 1143 295 1175 tium;
311 1143 337 1168 in
349 1144 450 1176 porticu
463 1143 536 1170 euint
551 1143 672 1170 ecclesia:
684 1143 755 1178 jacet
770 1143 912 1170 multitudo
926 1150 1002 1169 man-

214 1196 307 1215 corqu
331 1195 362 1214 ac
381 1189 545 1221 mutilorutn,
560 1188 743 1222 quotidianum
765 1190 863 1216 victttm
879 1188 998 1216 emendi-

213 1233 346 1267 cautium;
362 1234 407 1268 qui
429 1235 524 1268 partim
547 1235 653 1268 quidem
674 1242 770 1262 uxores
789 1243 842 1261 non
857 1235 1000 1267 duxerunt,

213 1280 309 1313 partim
320 1287 385 1307 vero
398 1280 477 1307 etiam
505 1282 647 1307 duxerunt.
661 1280 782 1319 Quodam
798 1287 861 1314 ergo
874 1279 917 1308 die
931 1281 1002 1307 acci-

214 1325 254 1353 dit
269 1329 297 1352 ut
319 1327 397 1352 unius
413 1325 507 1352 horum
530 1333 596 1352 uxor
612 1330 717 1359 pareret
740 1326 767 1352 in
793 1325 906 1359 porticu,
926 1331 954 1352 et
977 1326 1003 1352 in

215 1373 271 1405 ipsa
283 1371 390 1404 hieme;
402 1379 433 1399 ea
444 1379 508 1405 ergo
524 1374 656 1398 clamante
665 1378 725 1398 cutn
742 1371 775 1398 ab
786 1371 832 1398 illo
845 1370 1004 1399 intolerabili

215 1418 308 1445 dolore
333 1422 509 1452 puugeretur,
531 1417 632 1444 audivit
661 1417 704 1444 hic
733 1417 827 1444 beatus
856 1417 1003 1450 ululatum,

215 1470 295 1489 urans
310 1463 337 1489 itt
351 1462 482 1494 ecclesia;
495 1467 522 1489 et
536 1463 637 1489 relictis
648 1463 700 1490 sibi
717 1462 854 1489 consuetis
869 1462 1003 1496 precibus,

219 1515 343 1542 egressus
358 1508 491 1541 respexit;
512 1514 539 1535 et
559 1515 619 1534 cum
641 1508 775 1534 neminem
801 1507 948 1534 invenisset
961 1506 1006 1540 qui

219 1553 257 1580 illi
273 1553 379 1580 adesset
398 1553 424 1580 in
440 1553 490 1580 hac
504 1553 677 1585 uetessitate,
697 1553 755 1587 ipse
770 1554 874 1580 iunctus
893 1557 934 1579 est
948 1553 1006 1579 vice

1052 965 1103 991 erit
1117 965 1192 992 utilis
1209 973 1271 1000 pars
1286 973 1345 1000 quae
1360 966 1512 994 scinditur?
1534 967 1569 994 Et
1584 975 1644 994 cum
1668 968 1737 1003 apud
1758 975 1788 996 se
1802 969 1839 997 di-

1055 1015 1217 1045 sceptasset,
1231 1011 1315 1038 dixit:
1333 1012 1463 1039 Damuine
1477 1012 1575 1047 aliquid
1591 1014 1731 1047 patiemur,
1743 1014 1766 1042 si
1782 1015 1841 1049 plus

1055 1064 1134 1090 quam
1151 1057 1185 1083 sit
1197 1061 1358 1091 praeceptum
1375 1057 1521 1085 faciamus?
1536 1057 1685 1086 Generosus
1695 1058 1783 1093 itaque
1797 1059 1841 1088 hic

1052 1102 1151 1129 athleta
1169 1107 1292 1137 prompto
1306 1106 1334 1130 et
1357 1102 1438 1129 alacri
1454 1104 1542 1130 animo
1558 1109 1635 1130 vocat
1650 1111 1791 1138 pauperem
1814 1105 1842 1133 in

1053 1147 1228 1180 vestibulum;
1254 1152 1354 1175 etcum
1370 1155 1430 1175 eum
1452 1148 1600 1176 dimisisset
1623 1149 1755 1184 indututtt,
1769 1150 1842 1178 stetit

1054 1193 1151 1225 nudus,
1165 1199 1195 1220 se
1210 1192 1333 1227 operiens
1346 1193 1479 1227 manibus,
1491 1201 1575 1228 genua
1591 1193 1702 1221 ﬂectens
1715 1198 1742 1222 et
1755 1195 1842 1222 subsi-

1053 1237 1139 1270 dens;
1155 1237 1242 1264 soluut
1268 1237 1370 1265 habens
1393 1238 1444 1265 sub
1468 1239 1548 1265 axilla
1565 1239 1673 1266 verbum
1689 1240 1758 1274 quod
1779 1239 1842 1268 facit

1054 1284 1158 1311 divites.
1175 1283 1237 1318 Ejus
1253 1288 1341 1311 autem
1357 1285 1468 1311 consilio
1482 1289 1509 1311 et
1524 1284 1689 1318 providentia
1705 1285 1840 1313 transiens

1055 1329 1162 1363 quidam
1188 1329 1326 1356 irenarcha
1348 1329 1436 1365 (l66),
1459 1331 1565 1365 agnovit
1589 1337 1696 1362 senem;
1725 1335 1751 1357 et
1775 1331 1842 1358 dixit

1057 1376 1177 1408 proxittio
1192 1383 1240 1402 suo
1255 1375 1328 1403 socio
1342 1383 1348 1401 :
1363 1376 1474 1410 Respice
1490 1375 1565 1408 illuc;
1583 1383 1634 1402 non
1650 1380 1691 1402 est
1704 1375 1747 1402 hic
1757 1383 1840 1403 senex

1056 1423 1137 1449 abbas
1152 1421 1366 1450 Bisarion?Cunt
1383 1423 1404 1449 is
1416 1428 1503 1450 autem
1518 1422 1629 1449 dixisset
1642 1431 1647 1448 :
1665 1422 1778 1450 Maxime
1790 1431 1796 1454 ;
1808 1422 1843 1449 de

1058 1475 1126 1502 equo
1149 1468 1315 1495 descendens
1337 1469 1439 1504 rogavit
1459 1473 1591 1499 sanctum,
1614 1467 1722 1495 dicens:
1739 1467 1802 1501 Quis
1818 1473 1844 1496 te

1057 1513 1147 1539 exuit?
1171 1513 1216 1540 Ille
1243 1519 1308 1540 vero
1333 1514 1446 1540 dextera
1472 1512 1633 1546 protendens
1660 1512 1845 1547 Evangelium,

1060 1558 1124 1592 lluc,
1139 1558 1232 1593 inquit,
1253 1565 1295 1585 me
1318 1559 1404 1585 exuit.
1420 1557 1514 1585 Statim
1537 1562 1626 1585 autem
1648 1564 1677 1584 se
1699 1565 1746 1584 sua
1770 1561 1846 1586 veste

216 1597 380 1629 ουδιεινίοίε,
396 1606 448 1625 IIUII
463 1598 610 1626 abhorrens
628 1598 764 1626 fastidium
780 1599 850 1633 quod
863 1598 1004 1632 consequi-
1018 1601 1041 1632 C
1058 1612 1159 1631 εχυεηδ
1173 1604 1323 1635 “enm-clla,
1343 1603 1487 1638 pel-fectum
1504 1604 1615 1631 munem
1631 1603 1725 1638 induit,
1739 1608 1766 1631 el
1782 1611 1844 1638 pro-

218 1650 261 1672 tur
274 1644 400 1673 mulieres
413 1645 560 1679 parientes,
579 1645 720 1672 mulierum
737 1645 967 1672 ittsettslbililalem
979 1643 1004 1671 ei

219 1694 346 1729 largiente
358 1693 406 1720 hac
418 1693 624 1727 profundissima
680 1690 864 1726 eleemosyna.
915 1689 1005 1725 Atque

219 1740 331 1766 vestium
345 1739 451 1773 quidem
466 1739 562 1772 quibus
576 1743 616 1764 est
633 1737 742 1764 indutus
762 1737 876 1770 pretium
897 1743 950 1762 nott
965 1740 1007 1762 cst

218 1786 298 1811 unius
314 1783 400 1814 ubuli;
416 1783 492 1810 cibus
517 1788 606 1809 autem
629 1782 766 1808 contendit
782 1789 842 1808 cuin
867 1781 985 1808 vestibus
999 1789 1005 1807 :

220 1830 309 1856 Lbello
324 1836 416 1855 autent
438 1836 490 1855 non
504 1828 623 1855 sustinet
640 1827 807 1859 incumbere,
821 1835 835 1853 a
849 1827 1007 1854 lectionibus

221 1884 282 1902 ι-υιιι
300 1875 450 1902 αιεᾱυεριιιθ
464 1874 616 1902 clementia.
636 1874 664 1900 Si
679 1874 738 1907 quis
752 1880 785 1900 ex
803 1873 927 1900 fratribus
939 1875 961 1900 ei
977 1873 1007 1899 li-

221 1921 298 1950 Iit-um
320 1921 470 1953 donaverit,
494 1927 555 1948 eum
585 1920 673 1947 statim
695 1919 796 1952 vendit,
820 1923 848 1946 et
873 1918 1009 1946 dislrihttit

221 1968 391 2002 pauperibus.
416 1967 450 1994 lis
463 1971 551 1994 autettt
567 1967 610 2001 qui
633 1966 856 1993 sciscitabantur':
870 1965 925 1991 Cur
951 1965 1008 1992 lucc

221 2013 331 2040 vendis?
347 2012 452 2040 dicebat
465 2022 470 2039 :
483 2012 533 2046 Qui
549 2019 659 2047 possunt
672 2018 732 2038 meo
748 2010 909 2046 persuadere
925 2010 1008 2044 magi-

204 2068 210 2074 -
220 2064 276 2085 stro
287 2066 329 2085 nte
341 2058 398 2090 ejus
410 2063 496 2085 artem
520 2064 644 2085 accurate
664 2056 800 2088 didicisse,
825 2056 874 2083 nisi
890 2056 937 2082 illo
949 2055 1008 2089 ipso

221 2112 284 2130 usus
306 2104 380 2130 luero
402 2103 433 2130 ad
453 2109 537 2130 artem
559 2107 634 2130 recte
655 2102 871 2129 exercendam‘?
888 2101 935 2127 llic
959 2101 1007 2127 int-

220 2149 343 2177 mortalis
359 2157 418 2177 cttm
431 2150 457 2176 in
474 2150 522 2176 hac
536 2150 640 2176 actione
655 2148 792 2182 hucusque
806 2147 1005 2181 permunisset,

222 2201 349 2230 perpetuo
360 2197 511 2230 germinans
523 2195 659 2222 memoria:
669 2202 766 2221 nomen
782 2195 888 2228 reliquit
901 2194 939 2221 illi
948 2202 1008 2228 qua:

220 2247 261 2269 est
276 2242 447 2269 circumcirca
472 2241 583 2276 regioni.
611 2242 667 2276 Ipse
683 2241 774 2268 lruens
795 2245 898 2267 aeterno
912 2240 1008 2275 gaudio

1059 1657 1128 1677 tnus
1143 1655 1248 1683 gestans
1263 1649 1342 1677 veluti
1357 1649 1497 1684 quamdam
1511 1656 1617 1684 parvam
1638 1653 1738 1676 vestem
1753 1657 1846 1676 mona-

1058 1694 1180 1726 chorum,
1196 1701 1210 1720 a
1225 1694 1325 1721 muttdo
1340 1693 1425 1721 latens
1440 1694 1569 1726 recessit;
1584 1693 1720 1721 declinans
1739 1694 1845 1721 laudem

1058 1739 1117 1773 rjus
1131 1739 1174 1773 qui
1189 1747 1264 1765 suum
1281 1739 1390 1766 vidisset
1404 1740 1464 1766 vitat
1484 1739 1645 1771 institutum,
1660 1747 1721 1767 eum
1737 1740 1781 1774 qui
1803 1744 1846 1768 est

1059 1785 1092 1810 ab
1107 1785 1213 1811 occulto
1239 1785 1367 1812 honorem
1393 1785 1506 1812 celando
1528 1789 1698 1820 exspectans.
1719 1787 1766 1813 Hic
1787 1787 1845 1819 ipse

1060 1835 1198 1864 postquam
1211 1838 1290 1857 ontne
1310 1836 1472 1864 prmceptutn
1488 1831 1672 1866 evangelicum
1688 1837 1760 1858 recte
1774 1836 1846 1860 esset

1059 1878 1210 1906 exsecutus,
1226 1881 1285 1901 cum
1302 1874 1368 1901 nihil
1388 1875 1467 1909 hujus
1492 1876 1582 1902 tttundi
1598 1875 1711 1909 amplius
1734 1875 1845 1904 haberet

1059 1920 1084 1947 in
1099 1920 1199 1952 animo,
1214 1919 1245 1946 ad
1260 1919 1409 1946 divinorum
1424 1920 1554 1946 dictorum
1569 1920 1752 1954 periectiorem
1768 1928 1846 1949 exse<

1058 1965 1200 1996 cutiouent,
1217 1971 1276 1991 cum
1293 1964 1317 1991 in
1332 1965 1445 1991 transitu
1462 1965 1570 1995 vidisset
1585 1973 1739 1999 pauperem,
1763 1974 1843 1995 cursu

1060 2013 1084 2037 iu
1103 2010 1189 2037 forum
1205 2010 1343 2037 contendit
1357 2018 1364 2036 :
1378 2009 1421 2036 ubi
1445 2017 1505 2037 cum
1524 2011 1658 2045 paulisper
1671 2012 1845 2045 constitisset,

1059 2056 1178 2082 vendidit
1198 2055 1383 2089 Evangelium.
1401 2055 1496 2082 Paucis
1512 2056 1590 2090 igitur
1605 2060 1663 2090 post
1674 2057 1777 2090 diebus,
1800 2059 1846 2092 qui

1058 2112 1116 2130 cum
1133 2111 1163 2130 eo
1175 2107 1232 2130 erat
1245 2102 1346 2129 abbatis
1359 2102 1516 2136 discipulus,
1535 2102 1613 2129 [)nlas
1630 2104 1748 2137 nomine,
1765 2111 1845 2138 rogu-

1060 2150 1094 2175 rlt
1114 2156 1215 2180 senem,
1232 2148 1341 2174 dieens:
1358 2147 1425 2180 Quid
1441 2155 1522 2181 parvo
1538 2147 1628 2175 libello
1643 2150 1740 2174 lactmn
1758 2153 1810 2180 est,
1830 2158 1846 2173 υ

1059 2195 1145 2221 abba?
1159 2194 1206 2221 Cui
1219 2201 1299 2220 senex
1315 2193 1417 2227 placide
1429 2193 1537 2220 verbum
1551 2194 1687 2226 pulchrum
1702 2193 1846 2220 admodum

1059 2244 1085 2267 et
1099 2239 1176 2266 valde
1188 2239 1283 2266 scitum
1298 2243 1338 2265 est
1361 2239 1474 2270 locutus,
1502 2238 1540 2264 sic
1563 2239 1654 2265 dicens
1667 2247 1673 2264 :
1686 2239 1724 2265 Ne
1740 2239 1845 2266 tristitia

220 2287 246 2313 in
269 2295 351 2321 regno
375 2288 514 2320 cmlorunt,
538 2286 671 2320 recipiens
695 2286 774 2320 digna
789 2286 896 2320 prmmia
921 2286 1006 2314 beatis
1021 2291 1046 2319 ι)
1059 2285 1193 2316 alliciaris,
1208 2292 1225 2311 ο
1239 2284 1336 2315 frater;
1353 2291 1412 2310 llum
1432 2289 1460 2309 ut
1476 2284 1532 2311 illic
1547 2284 1692 2310 habeamus
1710 2284 1844 2317 ﬁduciam,

220 2334 357 2360 laboribus
371 2342 378 2360 :
391 2339 416 2360 et
426 2333 471 2368 qui
482 2333 631 2360 esurientes
645 2332 688 2360 hic
707 2333 810 2365 nutrlit,
824 2337 851 2360 et
866 2333 944 2360 nudis
959 2333 1007 2360 de-

218 2379 258 2404 dit
269 2379 438 2409 vestimenta,
453 2385 523 2405 ttunc
533 2378 603 2412 apud
618 2378 748 2405 bonorum
763 2384 874 2413 operum
887 2385 1007 2406 remune-

217 2431 334 2452 ratorem
347 2423 443 2451 fruitur
454 2430 534 2451 omne
549 2430 632 2457 genus
648 2423 761 2450 deliciis.

497 2468 610 2495 CAPUT
628 2467 720 2495 CXVI.

397 2514 457 2541 Vita
471 2514 567 2541 abbatis
581 2513 722 2541 Bituriom's
737 2514 825 2548 (165).

253 2559 313 2587 Fuit
326 2560 432 2594 quidam
451 2567 542 2591 senex,
558 2560 770 2594 possessionibus
785 2568 892 2593 carens,
909 2567 936 2588 et
951 2561 1004 2588 nti-

217 2606 344 2637 Iericors,
361 2605 468 2632 nomine
481 2606 611 2632 Ilisarion.
627 2605 651 2632 Is
666 2613 725 2632 cum
737 2605 853 2633 venisset
868 2605 895 2632 itt
908 2613 1003 2639 quem-

217 2653 277 2678 dam
302 2653 401 2684 vicum,
426 2652 491 2678 vidit
512 2651 662 2679 mendicum
688 2651 787 2678 nudum
813 2651 839 2678 in
854 2653 911 2678 l'oro
932 2659 1004 2679 mor-

218 2700 303 2729 tuum.
324 2705 403 2724 unam
428 2698 535 2732 quidem
561 2700 649 2727 ferens
676 2697 792 2724 tunicam
814 2691 1023 2725 convenienter'

217 2742 378 2777 evangelica
397 2741 549 2774 traditioni,
573 2747 600 2768 et
623 2749 734 2776 parvum
764 2743 1002 2776 superltumerale;

218 2787 284 2812 IIIIIII
298 2788 367 2814 enim
384 2788 538 2823 possidebat
552 2792 648 2822 prater
663 2787 713 2815 hoc
730 2788 910 2815 necessarium
930 2793 1004 2823 legu-

1061 2336 1170 2365 propter
1192 2329 1369 2357 obedientiam
1393 2329 1497 2356 vendidi
1515 2329 1598 2362 ipsum
1623 2336 1784 2361 sermonem,
1800 2330 1844 2364 qui

1059 2376 1124 2403 mihi
1139 2382 1245 2408 semper
1258 2374 1382 2401 dicebat:
1399 2373 1488 2401 Vende
1503 2381 1561 2408 quae
1579 2375 1670 2408 habes,
1687 2379 1713 2401 et
1727 2375 1759 2401 da
1779 2383 1844 2410 pau-

1059 2422 1167 2457 peribus
1179 2421 1274 2456 (Marc.
1289 2427 1319 2452 tt;
1335 2419 1412 2446 Luca:
1427 2421 1514 2455 xvnt).
1526 2420 1593 2447 Sunt
1604 2425 1690 2447 autem
1701 2421 1762 2448 alia:
1776 2430 1844 2456 quo-

1057 2475 1110 2503 que
1125 2475 1167 2495 res
1181 2467 1301 2501 plurima:
1312 2473 1344 2493 ex
1356 2465 1451 2493 virtute
1464 2470 1545 2500 gestat
1557 2465 1634 2500 hujus
1646 2468 1734 2501 magni
1747 2467 1843 2499 Patria

1058 2522 1119 2542 cum
1134 2521 1187 2549 quo
1203 2520 1250 2540 nos
1263 2519 1368 2547 quoque
1377 2511 1449 2547 digni
1460 2512 1606 2539 habeantur
1616 2511 1714 2540 habere
1728 2518 1843 2550 partem,

1058 2561 1142 2597 gratia
1156 2560 1266 2588 Christi.
1285 2561 1380 2587 Amen.

1331 2603 1445 2631 CAPUT
1464 2602 1565 2631 CXVII.

1259 2649 1315 2676 Vim
1329 2650 1407 2677 beatae
1426 2649 1546 2676 Melania:
1559 2649 1644 2685 (167).

1093 2698 1274 2725 Necessarium
1287 2701 1374 2724 autem
1390 2696 1549 2729 existiutavi,
1567 2697 1682 2724 virilium
1697 2703 1804 2732 quoque
1813 2703 1842 2725 et

1059 2744 1231 2770 honestarum
1250 2742 1391 2768 mulierum
1407 2740 1560 2768 meminisse
1585 2741 1610 2767 in
1627 2741 1676 2768 hoc
1691 2741 1768 2774 libro,
1783 2742 1842 2776 qui-

1057 2788 1107 2815 bus
1123 2788 1192 2815 Deus
1214 2786 1325 2821 aequalia
1348 2785 1456 2812 donavit
1472 2785 1580 2820 prmmia
1597 2786 1661 2812 viris
1683 2787 1728 2822 qui
1742 2794 1774 2814 ex
1791 2788 1842 2816 vir-

255 2851 367 2891 ‘Sitnile
379 2854 478 2883 dictum
502 2862 561 2890 Cap.
587 2861 662 2889 scq.;
677 2859 702 2883 et
726 2862 797 2890 sup..
814 2853 883 2890 apud
899 2855 1008 2891 Pelag,
1032 2855 1103 2884 tiltcl.
1123 2862 1163 2889 vt,
1191 2861 1263 2882 num.
1289 2853 1325 2887 5;
1341 2851 1427 2889 Rulli,
1454 2852 1472 2880 l.
1489 2859 1534 2887 ut,
1560 2860 1634 2881 nam.
1661 2852 1710 2888 70,
1736 2853 1842 2882 nomine

219 2885 376 2922 Serapionis.
