2072 3153
255 188 323 215 1225

274 188 323 216 225
988 183 1147 212 PALLADII

1805 180 1875 208 1931

250 252 307 277 tute
328 248 409 275 vitam
425 232 514 281 egere,
533 250 562 273 et
575 244 641 280 ipsis
665 243 781 272 reddidit
801 249 928 270 coronam
942 248 1035 268 eorum
1051 242 1073 270 A
1088 246 1129 269 est
1144 241 1171 268 in
1186 240 1347 273 Jerusalem,
1359 239 1461 268 habens
1474 238 1636 268 conventum
1653 239 1783 276 virginum
1797 248 1876 275 qum-

251 293 297 330 qui
311 293 361 328 ipsi
382 293 546 327 placuerunt,
560 297 596 328 ne
611 289 704 316 molles
719 293 871 322 teneraeque
891 286 1036 314 reddantur

251 347 312 373 qute
334 342 397 365 sunt
410 335 590 367 socordiures,
605 339 632 362 et
645 338 802 368 prmtextum
818 335 937 367 quaerant
951 335 977 358 ct
990 338 1036 358 ex-

250 384 427 413 cusationem,
442 385 565 414 tanquam
580 387 639 414 qua:
652 379 707 405 sint
724 376 912 405 imbecilliores
925 376 958 402 ad
974 383 1035 402 cer-

251 429 349 455 Limina
366 425 481 456 virtutis,
497 428 523 451 et
538 423 569 451 ad
582 423 721 450 honestam
737 423 815 449 vitam
829 421 969 456 agendam.
986 420 1036 447 At-

250 481 302 508 que
315 473 413 500 multas
427 470 534 506 quidem
549 469 600 496 vidi
617 470 673 504 pias
688 475 719 495 ac
740 467 887 502 religiosas,
909 470 936 493 et
950 464 1035 500 pluri-

250 528 307 548 mas
319 519 424 546 virtutis
438 525 501 552 ergo
514 515 626 543 conveni
638 519 665 542 et
680 514 794 548 virgines
802 517 828 540 et
839 512 932 540 viduas
945 520 952 544 ;
967 511 1036 538 inter

250 573 316 601 quas
338 570 395 592 erat
408 564 489 591 etiam
518 560 668 589 beatissima
683 559 794 586 Melania
818 555 1034 592 Romana(168),

251 619 310 646 qur,
326 610 374 637 fuit
389 608 494 644 quidem
513 606 565 633 ﬁlia
581 605 697 633 Marcelli
711 603 857 631 consularis
868 601 954 637 (l69),
968 608 1036 627 uxor

251 655 388 691 cujusdam
402 653 451 680 viri
466 653 510 687 qui
525 656 582 679 erat
605 651 631 678 in
658 656 752 683 magna
770 649 937 681 auctoritate,
960 646 1036 680 cujus

251 700 367 728 nontinis
382 706 433 725 non
458 702 529 724 recte
552 695 672 723 memini.
694 693 758 721 Haec
771 701 831 720 cum
854 697 925 720 esset
946 691 1034 725 vidua,

251 754 334 783 agens
359 752 457 773 annum
483 743 639 777 vigesimum
665 739 811 767 secundum
833 737 919 774 (170),
945 737 1036 765 divino

253 800 344 821 amore
358 792 436 826 digna
452 790 498 817 [nit
512 789 599 816 habita
612 796 620 820 ;
635 791 662 814 et
677 786 775 814 nemini
787 785 930 820 quidquam
944 783 1036 810 dicens

251 839 453 875 (prohibebatur
466 836 537 863 enim
562 835 593 862 iis
609 833 783 867 temporibus.
806 831 918 858 Valente
932 835 1036 858 tenente

252 883 407 920 ἰπὶιιθιιὲυω)
425 888 484 908 cum
499 883 617 906 curasset
638 883 665 905 ut
681 877 727 904 lilii
747 877 790 904 sui
803 876 983 920 nominaretur
994 879 1037 901 tu-

250 935 304 964 tor,
319 931 375 965 ipsa
390 928 504 962 acceptis
519 925 575 953 suis
591 922 744 955 mobilibus,

249 977 357 1013 injectis
371 983 430 1003 cum
445 974 546 1008 aliquot
560 969 666 998 famulis
685 974 712 995 et
725 967 840 998 ancillis,
855 973 937 1013 cursu
950 965 1036 1013 “navi-

249 1010 322 1060 gavit
335 1019 524 1050 Alexandriam
537 1022 582 1049 ;et
591 1024 651 1043 cum
666 1015 720 1042 illic
733 1020 776 1041 res
789 1019 851 1039 suas
860 1010 1037 1058 vendidisset,

252 1074 281 1096 et
305 1069 331 1095 in
352 1073 444 1094 aurum
459 1064 589 1091 minutum
614 1059 800 1091 convertisset,
816 1060 935 1092 ingressa
959 1060 999 1083 est
1014 1062 1040 1082 m

253 1118 372 1141 montem
384 1111 487 1141 Nitl‘im,
504 1111 610 1134 sanctos
626 1104 716 1132 Patres
732 1102 906 1134 conveniens,
928 1100 1039 1134 Patubo,

253 1164 281 1185 et
295 1155 424 1184 Arsisium
438 1153 525 1188 (171),
548 1155 575 1178 et
597 1149 771 1183 Serapionem
788 1153 924 1182 magnum,
947 1149 974 1171 et
989 1144 1038 1188 Pa-

254 1202 394 1236 phnutium
416 1198 572 1227 Scetiotem,
589 1197 617 1220 et
639 1194 766 1220 lsidorum
780 1191 962 1219 confessorem
985 1187 1041 1222 epi-

254 1253 364 1281 scopum
382 1243 552 1278 llermipolis,
578 1247 606 1269 et
632 1241 805 1282 Dioscurum;
830 1242 856 1264 et
871 1238 977 1282 versata
1001 1237 1042 1282 est

255 1278 325 1326 apud
338 1297 386 1318 eos
398 1288 504 1316 circiter
519 1295 617 1314 almum
630 1278 779 1315 dimidium,
804 1281 899 1309 obiens
920 1278 1041 1307 solitudi-

257 1344 330 1367 nem,
345 1340 373 1362 et
386 1334 476 1361 videns
490 1339 584 1360 omnes
598 1336 716 1360 sanctos.
726 1329 792 1356 Post
807 1328 863 1354 hac
878 1330 966 1354 autem
980 1331 1041 1352 cum

257 1380 411 1416 Augustalis
424 1378 591 1406 Alexandria:
605 1377 750 1410 relegasset
765 1373 905 1404 lsidorum,
919 1375 947 1398 et
962 1369 1043 1397 Pissi—

257 1428 352 1459 mium,
362 1431 388 1453 et
397 1424 556 1459 Adelphium
567 1422 654 1458 (172)¹
662 1427 688 1449 et
700 1420 920 1454 Paphnutium,et
931 1417 1040 1449 Pambo,

259 1476 288 1499 et
300 1472 369 1498 inter
381 1477 428 1497 eos
452 1470 531 1496 etiam
547 1467 714 1495 Ammonium
732 1464 866 1492 Parotium
890 1470 938 1491 seu
962 1470 1041 1490 unam

261 1516 403 1543 habentem
412 1514 566 1545 auriculam,
580 1518 607 1539 et
621 1511 760 1539 duodecim
771 1510 920 1544 episcopos,
930 1512 957 1535 et
970 1514 1044 1542 pres-

261 1560 371 1595 byteros
391 1564 416 1586 et
431 1558 561 1589 clericos,
582 1562 609 1584 et
623 1556 809 1588 anachoretas,
825 1559 855 1581 ut
875 1557 966 1581 essent
986 1560 1044 1580 om-

1087 286 1226 322 quaginta.

1121 331 1187 358 Cum
1207 339 1258 366 qua
1277 331 1343 358 vixit
1365 332 1446 359 etiam
1468 330 1648 358 nobilissimus
1660 336 1688 358 et
1703 330 1820 360 muribus
1833 333 1875 361 si-

1087 377 1213 404 millimus
1234 381 1260 404 et
1274 376 1439 403 fortissimus
1452 375 1573 402 Rufﬁnus
1587 383 1619 403 ea
1633 376 1751 410 Aquileia
1767 377 1876 404 civitate

1087 423 1179 455 italia,
1194 423 1238 457 qui
1263 427 1356 457 postea
1377 422 1473 457 dignus
1491 427 1532 450 est
1552 421 1657 449 habitus
1678 422 1875 456 presbyterum,

1086 475 1139 502 quo
1153 475 1206 494 non
1222 471 1264 494 est
1275 468 1401 494 iuventus
1423 469 1493 494 inter
1513 466 1633 493 homines
1648 474 1699 493 nec
1712 467 1782 493 docti
1801 474 1815 493 r
1828 474 1877 494 nec

1087 513 1186 540 mitior.
1211 512 1310 547 Viginti
1330 517 1419 538 autem
1437 516 1464 538 et
1480 517 1581 546 septem
1607 511 1684 538 annis
1707 511 1877 545 excipiebant

1087 567 1134 587 eos
1146 560 1191 594 qui
1206 559 1351 586 veniebant
1364 558 1530 592 Jerosolyma
1546 558 1600 584 voti
1623 565 1714 590 causa,
1728 562 1754 584 et
1773 557 1875 591 episco-

1088 613 1146 640 pos,
1159 611 1186 632 et
1199 605 1357 635 monachus,
1366 609 1392 630 et
1407 604 1522 637 virgines
1535 607 1562 630 et
1577 602 1874 637 matrimoniojunctos,

1086 655 1114 677 et
1126 650 1244 677 illustres
1259 655 1285 676 et
1302 649 1410 682 privatas
1433 647 1600 680 conditionis,
1618 651 1645 674 et
1661 652 1754 674 omnes
1768 647 1812 682 qui
1828 647 1876 674 ad-

1087 695 1242 728 ventabant,
1257 695 1312 722 suis
1329 694 1452 721 fovebant
1471 693 1608 727 expensis.
1623 692 1753 720 Juverunt
1768 701 1876 727 quoque

1087 741 1203 768 schisma
1232 740 1308 774 (176)
1331 739 1401 773 quod
1427 739 1565 766 Paulinum
1586 739 1753 773 sectabatur,
1770 740 1877 766 circiter

1087 788 1339 822 quadringentorum
1362 785 1480 811 virorum
1501 786 1581 811 vitam
1607 785 1781 812 monasticam
1796 791 1878 819 agen-

1088 833 1170 865 tium;
1185 836 1211 858 et
1221 838 1328 859 onmem
1339 830 1492 857 hareticum
1506 837 1539 857 ex
1557 829 1815 863 Pneumatomachis,
1827 830 1878 857 hoc

1087 882 1130 906 est
1143 885 1176 905 ex
1190 877 1224 904 iis
1247 877 1292 910 qui
1312 875 1412 903 bellum
1428 879 1524 910 gerunt
1543 875 1671 902 adversus
1685 880 1803 902 sanetum
1819 876 1879 911 Spi-

801 925 829 948 et
864 918 892 945 in
938 924 1035 945 navem
1051 921 1075 952 B
1089 923 1179 955 ritum,
1206 929 1363 957 persuasum
1386 921 1594 948 introduxerunt
1615 922 1641 948 in
1668 922 1835 954 Ecclesiam;
1852 927 1879 950 et

1089 968 1190 996 clerum
1206 968 1251 1003 qui
1265 972 1324 996 erat
1338 968 1365 994 in
1381 975 1412 995 eo
1427 967 1496 1000 loco,
1512 973 1538 995 et
1553 967 1630 995 donis
1645 973 1673 996 et
1685 969 1816 996 alimentis
1832 969 1879 995 ιω-

1091 1019 1227 1047 noranles,
1239 1014 1279 1042 sic
1291 1008 1373 1041 vitam
1388 1018 1586 1049 transegerunt,
1597 1015 1729 1041 neminem
1743 1014 1879 1041 oﬁ‘endeu-

1091 1063 1142 1092 tes,
1159 1059 1204 1087 sed
1227 1067 1333 1087 omnem
1351 1060 1543 1094 propemodum
1568 1061 1661 1088 orbem
1685 1064 1764 1088 teme
1785 1067 1880 1094 juvan-

1093 1107 1157 1134 tes.’

1127 1153 1214 1186 Atque
1236 1151 1270 1179 de
1295 1151 1445 1179 admirabili
1471 1151 1579 1186 quidem
1606 1155 1634 1179 et
1657 1155 1748 1179 sancta
1769 1151 1882 1180 muliere

1093 1197 1206 1224 Melania
1221 1197 1344 1230 superius
1358 1197 1466 1232 quidem
1482 1197 1589 1224 narravi
1601 1196 1755 1231 attingendo
1770 1196 1880 1229 leviter;

1094 1242 1179 1269 nihilo
1192 1242 1279 1269 secius
1295 1246 1384 1269 autem
1400 1242 1512 1277 reliqua.
1527 1242 1570 1270 vel
1585 1241 1672 1276 potius
1685 1247 1716 1269 ea
1731 1246 1789 1275 quae.
1804 1246 1882 1268 teneo

1093 1288 1219 1315 memoria
1231 1287 1264 1314 de
1275 1287 1333 1322 ejus
1346 1287 1500 1317 virtutibus.
1509 1287 1632 1314 adtexam
1643 1285 1774 1319 oratione,
1786 1287 1882 1320 ne'mpe

1093 1332 1299 1359 inenarrabilem
1315 1332 1523 1367 religiosissima:
1535 1332 1655 1359 mulieris
1665 1332 1880 1365 beneﬁcentiam,

1094 1384 1141 1411 per
1160 1385 1237 1412 quam
1259 1384 1320 1404 cum
1345 1377 1451 1404 beatum
1476 1377 1682 1412 incorruptionis
1696 1377 1881 1405 indumentum

1093 1422 1150 1450 suis
1164 1421 1292 1449 texuiSset
1316 1421 1466 1454 laboribus,
1481 1426 1581 1456 etquae
1595 1429 1647 1449 non
1664 1425 1753 1456 potest
1766 1429 1882 1449 marces-

1094 1474 1156 1494 cere
1172 1467 1265 1501 gloriae
1278 1474 1417 1500 coronam,
1431 1467 1486 1494 suis
1501 1467 1631 1501 pecuniis,
1648 1468 1755 1501 proprio
1774 1475 1823 1494 suo
1835 1474 1882 1494 ea-

1094 1509 1142 1545 piti
1156 1510 1282 1538 fabricata
1305 1516 1379 1539 esset
1406 1515 1432 1538 et
1448 1510 1588 1544 induisset,
1604 1518 1664 1538 cum
1689 1512 1770 1538 multa
1786 1511 1881 1538 ﬁducia

1075 1555 1159 1584 .hinc
1183 1557 1299 1584 excessit
1323 1558 1356 1584 ad
1383 1557 1534 1586 Dominum.
1559 1557 1599 1584 Me
1622 1564 1687 1592 ergo
1712 1557 1881 1591 incipientem

261 1613 309 1632 nes
324 1611 435 1632 numero
448 1606 555 1630 centum
571 1601 664 1637 viginti
679 1609 736 1633 sex,
752 1600 779 1627 in
793 1599 961 1627 Palaestinam
973 1599 1044 1626 circa
1059 1602 1081 1633 C
1097 1609 1207 1629 narrare
1220 1603 1347 1636 pra-clara
1363 1602 1444 1638 hujus
1457 1603 1540 1629 beatae
1552 1602 1680 1635 facinora,
1689 1603 1712 1629 si
1724 1602 1786 1629 volo
1796 1602 1884 1630 dicere

261 1650 466 1680 Diacmsaream,
482 1647 539 1682 ipsa
563 1654 609 1674 eos
632 1651 673 1674 est
688 1649 789 1678 secuta,
805 1645 843 1672 ris
857 1652 889 1672 ex
914 1645 969 1672 suis
984 1652 1046 1679 pro-

262 1695 329 1729 priis
342 1694 461 1729 pecuniis
476 1693 695 1725 subministratis,
709 1691 736 1719 in
748 1691 951 1719 necessitatibus
975 1698 1048 1718 sunt-

266 1744 358 1774 ptuum
373 1744 452 1773 atque
465 1737 587 1765 omnibus
602 1736 784 1771 suppeditans.
802 1735 867 1762 Cum
882 1739 970 1762 autem
986 1742 1049 1769 pro-

263 1784 420 1812 hiberentur
433 1782 557 1816 ministri,
573 1786 602 1809 ut
616 1782 759 1809 narrabant
774 1781 962 1815 (conveneram
977 1781 1048 1807 enim

263 1834 384 1858 sanctum
410 1829 571 1861 Pissimium,
597 1828 738 1861 lsidorum,
761 1832 788 1854 et
811 1826 1000 1861 Paphnutium,
1023 1830 1050 1853 et

263 1875 459 1910 Ammonium),
477 1875 533 1902 hinc
549 1875 624 1902 fortis
637 1874 731 1901 mulier
746 1874 837 1901 induta
860 1873 950 1901 servili
975 1880 1050 1900 cara-

263 1922 332 1949 calla
346 1922 434 1956 (175),
449 1928 559 1955 vespere
572 1921 612 1948 eis
627 1920 728 1947 terebat
741 1928 799 1955 qua:
812 1924 888 1948 erant
911 1919 944 1947 ad
970 1927 1047 1947 usum

264 1968 426 1995 necessaria.
452 1967 519 1994 Cum
544 1972 634 1994 autem
658 1967 684 1994 id
709 1967 878 2002 cognovisset
902 1967 1051 1995 consularis

264 2013 425 2047 Palrestinze,
447 2017 474 2040 et
488 2013 568 2041 vellet
583 2013 670 2040 sinum
698 2019 775 2040 suum
797 2012 919 2047 implere,
935 2013 1052 2048 speravit

264 2060 322 2086 fore
336 2063 362 2086 ut
377 2066 435 2086 eam
451 2062 564 2086 terreret
578 2056 672 2093 (lu);
687 2065 799 2091 eamque
814 2062 944 2084 retentam
960 2058 1052 2092 conje-

264 2104 301 2130 cit
324 2103 350 2130 in
363 2110 510 2135 carcerem,
525 2103 652 2138 ignorans
665 2101 723 2136 ejus
743 2102 902 2130 libertatem.
918 2102 981 2130 Hmc
1003 2110 1051 2130 au-

264 2153 318 2175 tem
333 2148 464 2183 signiﬁcat
474 2147 510 2180 ei,
526 2147 617 2174 dico-ns
631 2155 637 2174 :
652 2146 708 2182 Ego
723 2147 794 2173 illius
813 2147 919 2182 quidem
931 2147 969 2175 fui
985 2148 1050 2181 lilia,

264 2193 344 2228 hujus
357 2201 420 2221 vero
435 2201 501 2220 uxor
514 2193 559 2227 qui
574 2193 600 2220 in
612 2197 681 2220 terra
698 2193 745 2220 fuit
758 2200 856 2228 genere
870 2194 967 2228 clarus,
981 2200 1051 2223 nunc

264 2244 353 2266 autem
365 2247 424 2267 sum
437 2238 537 2266 Christi
551 2239 657 2266 ancilla.
672 2238 764 2273 Neque
777 2246 863 2267 meum
878 2240 955 2267 vilem
973 2242 1049 2268 habi-

265 2290 320 2312 tum
336 2285 504 2320 despexeris,
527 2291 633 2319 possum
655 2285 725 2312 enim
740 2293 793 2317 me,
815 2286 836 2312 si
857 2286 947 2319 Velim,
963 2288 1049 2314 exlol-
1065 2279 1088 2309 θ

265 2331 338 2364 lere;
354 2339 404 2358 nec
420 2336 494 2365 potes
517 2337 561 2357 me
581 2334 694 2364 terrere,
721 2337 808 2365 neque
822 2338 857 2358 ea
883 2332 962 2359 rebus
982 2334 1049 2360 meis

261 2377 364 2413 aliquid
384 2379 519 2412 accipere;
535 2385 568 2404 tte
584 2384 648 2412 ergo
662 2377 730 2404 forte
752 2378 877 2412 ignorans
899 2378 925 2405 in
941 2378 1049 2412 aliquod

261 2424 366 2451 crimen
381 2423 493 2454 incidas,
509 2431 630 2458 quaenam
645 2424 695 2451 sim
717 2424 764 2451 tibi
784 2424 926 2452 declaravi.
939 2425 1051 2460 Oportet

265 2469 336 2496 enim
357 2469 486 2496 adversus
506 2469 628 2501 stolidos,
645 2474 769 2503 tanquam
792 2477 860 2497 caue
881 2474 909 2497 et
922 2471 1049 2504 accipitre

264 2514 393 2542 nlianimi
410 2515 534 2547 elatione,
550 2518 576 2542 et
590 2514 615 2541 in
631 2519 751 2549 tempore
764 2523 857 2543 eorum
877 2517 1009 2551 superbize
1024 2518 1049 2545 in

264 2560 502 2594 ipsosimmittere.
515 2559 588 2586 Tunc
598 2565 672 2587 certe
686 2560 766 2594 judex
785 2568 844 2588 cum
861 2561 918 2588 haec
932 2563 1050 2596 accepis-

265 2609 317 2637 set,
331 2612 361 2633 se
375 2606 521 2637 excusavit,
533 2610 561 2632 et
573 2613 632 2632 eam
650 2606 778 2638 adoravit,
791 2606 903 2641 etjussit
914 2614 973 2634 eam
987 2609 1048 2635 abs-

265 2658 317 2686 que
331 2650 385 2679 ullo
399 2650 588 2686 impedimento
602 2659 662 2678 cum
675 2651 774 2679 sanctis
789 2652 852 2680 viris
866 2652 978 2680 versari.

529 2718 642 2746 CAPUT
665 2718 779 2746 CXVIII.

441 2771 497 2800 Vita
519 2772 612 2807 litt/[ini
635 2772 644 2803 (
650 2772 708 2806 175)
723 2773 870 2807 presbyteri.

296 2826 372 2860 llmc,
392 2833 532 2862 postquam
553 2828 580 2855 hi
602 2828 709 2856 luerunt
727 2829 864 2863 revocati,
885 2831 1047 2859 monasterio

265 2871 393 2898 aditicato
415 2873 586 2908 Jerosolymis
596 2893 603 2906 ,
619 2875 709 2910 viginti
723 2880 826 2909 septem
842 2883 925 2903 annos
941 2882 1045 2905 vrrsata

1099 1655 1158 1682 qua:
1173 1649 1238 1678 scio.
1255 1653 1359 1681 tempus
1376 1648 1511 1676 deﬁcient.
1536 1648 1666 1682 Quantam
1685 1648 1791 1683 quidem
1804 1656 1885 1682 opum

1098 1693 1238 1720 materiam
1250 1701 1280 1720 ea
1291 1694 1455 1728 consumpsit
1470 1693 1497 1721 in
1511 1698 1631 1728 egentes,
1643 1694 1746 1721 cmlesti
1761 1700 1886 1729 carrepla

1098 1739 1242 1772 desiderio,
1258 1747 1308 1767 non
1331 1740 1447 1767 arbitror
1461 1740 1595 1768 ﬂammam
1613 1741 1696 1775 ignis,
1711 1741 1734 1768 si
1750 1742 1776 1768 in
1790 1742 1885 1776 copio-

1099 1793 1155 1813 sam
1172 1786 1294 1814 inciderit
1310 1786 1450 1814 materiam
1461 1807 1468 1818 ,
1485 1791 1586 1813 tantam
1601 1794 1679 1821 posse
1693 1794 1814 1814 exurere.
1831 1787 1887 1814 Iloc

1099 1839 1188 1862 autem
1203 1843 1255 1862 non
1270 1839 1312 1862 est
1334 1842 1422 1861 meutn
1444 1834 1529 1861 solum
1547 1841 1670 1868 narrare,
1684 1835 1730 1862 sed
1745 1835 1825 1862 etiam
1840 1841 1886 1861 eo-

1101 1887 1158 1907 rum
1171 1880 1214 1915 qni
1231 1879 1367 1907 Persidem
1382 1885 1409 1907 et
1424 1879 1597 1912 Britanniam,
1614 1884 1641 1906 et
1655 1886 1750 1906 omnes
1764 1878 1886 1907 habitant

1101 1924 1211 1952 insulas.
1226 1924 1417 1952 Beneﬁciorum
1437 1925 1508 1952 enim
1522 1929 1547 1951 et
1562 1924 1731 1959 largitionum
1747 1923 1825 1958 hujus
1838 1924 1887 1951 im-

1101 1969 1222 1997 mortalis
1247 1969 1354 1997 l'eminze
1377 1976 1430 1997 non
1457 1969 1605 2002 Occidens,
1623 1976 1673 1996 non
1701 1969 1816 2001 Oriens,
1833 1976 1885 1996 non

1103 2016 1256 2050 Septentrio
1280 2015 1330 2042 l'uit
1353 2022 1458 2048 expers,
1473 2023 1522 2042 nec
1535 2015 1666 2042 Meridies.
1683 2015 1799 2049 Triginta
1815 2015 1886 2042 enim

1102 2065 1130 2088 ct
1153 2066 1255 2095 septem
1280 2068 1365 2088 annos
1389 2061 1507 2094 hospites
1531 2060 1678 2095 excipiens.
1695 2061 1746 2086 illis
1770 2067 1801 2086 ea
1827 2068 1887 2094 qua:

1103 2111 1180 2134 erant
1204 2106 1262 2133 usui
1286 2106 1342 2133 suis
1364 2106 1477 2140 praebuit
1498 2106 1658 2140 sumptibus,
1673 2106 1848 2140 ecclesiisque
1860 2111 1888 2133 et

1104 2151 1272 2179 monasteriis
1296 2155 1323 2178 et
1347 2151 1467 2185 hospitiis
1491 2155 1518 2178 et
1534 2151 1702 2181 carceribus;
1718 2156 1744 2178 et
1759 2155 1787 2178 ut
1803 2151 1887 2178 semel

1103 2195 1199 2229 dicam,
1219 2196 1307 2223 nullus
1322 2203 1354 2223 es
1370 2196 1401 2223 iis
1415 2196 1459 2231 qui
1474 2203 1532 2223 eam
1556 2196 1680 2223 convenit
1698 2204 1750 2224 uun
1777 2202 1817 2224 est
1839 2197 1888 2223 ali-

1104 2249 1183 2276 quam
1200 2247 1300 2277 partem
1314 2242 1372 2277 ejus
1381 2250 1460 2276 opum
1474 2248 1643 2277 consecutus,
1656 2243 1888 2276 suppeditantibus

1102 2285 1126 2312 ei
1147 2287 1369 2321 consanguineis,
1395 2291 1422 2313 et
1444 2287 1502 2321 ipso
1525 2286 1600 2320 lilio,
1623 2292 1650 2315 et
1672 2288 1889 2321 procuratoribus

1102 2333 1242 2366 quotannis
1266 2340 1390 2367 pecunias
1413 2337 1440 2359 et
1464 2336 1589 2367 tanquam
1614 2333 1754 2360 luculentas
1772 2333 1889 2361 lucerna:

1101 2379 1189 2405 oleutn
1218 2378 1437 2409 ministrantibus,
1461 2382 1490 2405 ut
1511 2378 1610 2413 lulgido
1634 2379 1733 2406 lumine
1754 2379 1888 2406 ﬂammam

1101 2424 1249 2451 accendens
1256 2424 1433 2458 eleemosynat
1445 2423 1584 2458 largitione
1593 2429 1703 2452 cunctos
1715 2425 1888 2452 illuminaret.

1102 2469 1138 2497 Ea
1155 2474 1244 2496 autem
1259 2476 1321 2496 cum
1345 2469 1370 2496 in
1386 2468 1565 2504 haspitalitate
1580 2469 1647 2497 adeo
1663 2469 1888 2504 perseveraverit,

1105 2521 1138 2541 ne
1153 2515 1266 2549 palmtuu
1282 2514 1390 2548 quidem
1403 2520 1480 2541 terrae
1494 2515 1622 2548 possedit,
1636 2523 1687 2542 non
1700 2516 1834 2543 abstracta
1847 2508 1890 2543 est

1104 2566 1119 2585 a
1133 2559 1277 2592 cupiditate
1292 2559 1338 2586 lilii
1350 2559 1384 2586 ab
1398 2566 1490 2586 antore
1503 2559 1666 2593 solitudinis,
1683 2568 1735 2588 non
1751 2568 1810 2588 eam
1821 2561 1890 2588 divi-

1103 2604 1138 2631 sit
1150 2612 1165 2631 a
1180 2604 1309 2632 charitate
1332 2605 1356 2631 in
1377 2604 1512 2632 Christum
1528 2605 1655 2639 unigeniti
1671 2605 1746 2640 (177)
1762 2606 1808 2632 ﬁlii
1818 2606 1891 2634 desi-

1103 2649 1217 2677 derium.
1229 2649 1280 2676 Sed
1292 2649 1349 2683 ejus
1362 2649 1483 2684 precibus
1497 2650 1655 2678 adolescens
1669 2656 1695 2678 et
1709 2651 1741 2678 ad
1756 2659 1888 2679 summam

1103 2696 1224 2730 pervenit
1247 2695 1405 2728 doctrinam,
1422 2695 1593 2730 moribusque
1615 2695 1663 2724 luit
1687 2697 1887 2731 ornatissimus,

1098 2741 1223 2775 claroque
1240 2746 1268 2768 et
1286 2739 1384 2768 illustri
1407 2739 1456 2767 fuit
1481 2741 1650 2769 matrimonio
1673 2741 1843 2776 conjuncta,
1859 2747 1888 2770 tt

1099 2785 1248 2812 mundanus
1262 2789 1303 2813 est
1318 2785 1432 2813 honores
1446 2790 1621 2819 consecutus;
1637 2787 1681 2821 qui
1695 2787 1764 2814 duos
1778 2795 1888 2823 quoque

1098 2831 1191 2859 habuit
1206 2833 1274 2860 lilios
1288 2830 1375 2867 (I78),
1391 2832 1434 2866 qui
1461 2836 1623 2861 testarentur
1633 2834 1734 2869 justum
1749 2833 1888 2862 matrimo-

1098 2885 1181 2905 Ιιιυιη.
