2072 3153
246 181 317 217 ,Ιῖἲῖ

967 181 1011 211 PA
1016 181 1084 210 LLA
1089 180 1142 211 ΒΗ

1812 179 1880 211 1928

284 236 362 265 Μετὰ
378 236 493 267 πολλοὺς
506 232 553 262 οὖν
571 235 635 267 τοὺς
653 235 765 271 χρόνους
780 235 923 262 ἀκούσασα
939 234 1011 268 αὓτη
1024 234 1040 268 ἡ
1056 235 1079 262 Δ
1093 241 1185 260 τευτον
1204 233 1378 269 ηταλείψαι,
1400 232 1517 268 γραῒδων
1544 233 1615 268 τάχα
1632 233 1737 261 πολλῶν
1761 236 1881 262 συνετῶν

250 279 402 316 σεμνοτάτη
421 279 485 313 περὶ
499 278 548 313 τῆς
566 278 762 310 καταστάσεως
779 279 828 313 τῆς
853 277 980 312 ὲκγόνης,
996 277 1038 303 ὅτι

249 321 363 356 ιγημεν,
380 320 426 346 καὶ
439 319 592 355 προῄρηται
608 318 808 352 ἀποτάξασθαι.
829 318 978 353 φοὸηθεῖσα
999 318 1037 353 μή

249 371 314 390 ποτε
332 361 521 397 περιρῤαγώσι
536 360 780 396 κακοδιδασκαλίᾳ,
795 360 811 395 ἢ
826 360 940 394 αἱρέσει,
959 360 976 395 ἢ
987 367 1038 386 κα-

249 404 361 439 κοζωῖᾳ,
386 403 517 438 ἐξήκοντα
540 403 609 429 ἐτών
640 402 790 438 πρεσϐύτις
817 400 884 429 οὖσα
912 402 1038 429 ἐνέϐαλεν

248 445 348 480 ἑαυτὴν
362 446 402 475 είς
414 444 507 470 πλοῖον
520 452 527 459 ο
537 445 585 470 καὶ
597 443 651 470 ἀπὸ
663 444 713 481 τῆς
728 443 891 479 Καισαρέων
902 443 1039 473 ἀποπλεύ-

235 489 319 515 ’σασα
335 487 369 514 δι’
382 487 468 514 εῐκοσι
482 487 594 522 ἡμερῶν
607 487 775 522 παρεγένετο
794 487 834 516 είς
855 486 975 522 Ῥώμην,
992 487 1039 513 καὶ

247 531 305 562 τοῖς
325 530 383 556 ἐκεῖ
399 528 579 564 συντυχοῦσα,
596 528 642 555 τὸν
659 529 708 564 μὲν
729 528 939 564 μακαριώτατον
955 528 1040 564 ἄνδρα

248 574 297 599 καὶ
322 572 548 605 ἀξιολογώτατον,
571 570 763 606 λαμπρότατον
785 569 961 606 ’Λπρονιανὸν
974 570 1040 597 Ἕλ-

249 614 318 648 ληνα
342 613 407 640 ὸντα
426 613 617 648 κατηχήσασα,
632 611 796 648 Χριστιανὸν
818 611 962 648 ἐποίησεν-
979 612 1040 638 πεί-

251 663 322 682 σασα
341 655 421 681 αὑτὸν
445 655 493 681 καὶ
516 654 732 689 ἐγκρατεύεσθαι
755 653 825 688 μετά
847 654 897 689 τῆς
911 654 1040 688 γυναικὸς

250 697 361 728 ἑαυτοῦ,
387 696 530 730 ἀδελφιδῆς
548 695 577 722 δὲ
593 696 694 730 ταύτης
717 697 766 730 τῆς
784 696 922 731 μακαρίας
940 696 1039 722 καλου-

253 739 336 773 μένης
353 738 480 769 Ἀὗίττας
492 746 498 753 ·
514 737 664 773 στηρίξασα
679 737 707 764 δὲ
718 738 764 764 καὶ
774 737 823 773 τὴν
841 737 908 764 ίδίαν
923 738 1040 773 ὲκγόνην

251 780 389 807 Μελανίαν
406 780 455 815 τὴν
468 780 603 815 νεωτέραν
616 779 663 806 σὺν
675 779 712 814 τῷ
723 780 808 814 αὐτῆς
818 779 896 813 ἀνδρὶ
910 779 1039 814 Πινιανῷ.

252 823 416 857 Κατήχησεν
434 821 462 848 δὲ
482 821 529 848 καὶ
545 821 670 847 ’Λλῦίναν
681 821 730 851 τὴν
745 821 845 856 ἑαυτῆς
861 821 982 855 νύμφην,
994 829 1041 854 γυ-

252 865 333 890 ναῖκα
344 863 372 889 δὲ
387 862 434 889 τοῦ
447 863 505 890 υἱοῦ
518 863 602 898 αὐτῆς
613 870 619 878 ’
629 863 677 890 καὶ
688 863 923 897 παρασκευάσασα
937 864 1041 894 πάντας

1092 275 1139 301 καὶ
1165 275 1319 302 σπουδαίων
1340 275 1443 311 ταύτην
1467 275 1534 302 πολὺ
1561 275 1662 311 μᾶλλον
1687 275 1880 311 διαφέρουσαν.

1091 316 1147 351 Τὴν
1160 316 1224 343 νέαν
1239 316 1330 343 τοίνυν
1343 317 1377 351 τῇ
1394 315 1496 352 ἡλικία,
1520 317 1671 352 πρεσϐύτιν
1686 317 1715 344 δὲ
1735 319 1768 353 τῇ
1784 318 1881 354 γνώμῃ

1089 357 1140 393 τῆς
1159 357 1316 390 εὐσεϐείας·
1329 357 1432 392 ταύτην
1447 358 1497 394 μὲν
1515 358 1561 395 βίᾳ
1576 359 1601 384 οἱ
1615 360 1795 393 γεννήσαντες
1810 359 1881 395 ἢγα-

1090 411 1139 437 γον
1153 403 1223 439 πρὸς
1247 403 1347 439 γάμον,
1372 402 1517 436 ζεύξαντες
1541 403 1626 439 αὐτὴν
1648 402 1688 438 τῷ
1714 403 1816 438 πρώτῳ
1832 403 1882 439 τῆς

1095 445 1218 481 Ῥώμης.
1235 446 1316 477 Ἥτις
1330 445 1375 472 ἀεὶ⁵
1387 447 1444 477 τοῖς
1456 446 1610 481 διηγήμασι
1626 445 1677 480 τῆς
1694 445 1795 480 ἑαυτῆς
1807 445 1883 481 μάμ-

1091 495 1146 522 μης
1161 487 1312 522 νυττομένη
1339 487 1385 514 ἐπὶ
1409 486 1529 514 τοιοῦτον
1554 487 1722 523 ἑκεντρώθη,
1750 487 1788 519 ὡς
1813 487 1883 522 μηδὲ

1089 528 1236 564 δυνηθῆναι
1263 528 1521 564 ὲξυπηρετήσασθαι
1546 529 1585 564 τῷ
1601 529 1693 564 γάμῳ.
1720 529 1882 564 Γενομένων

1090 562 1229 606 γάρ-αύτῇ
1249 570 1296 597 δύο
1313 562 1428 597 παιδίων
1444 562 1578 606 ἀρρένων,
1595 562 1646 598 καί
1656 562 1711 597 τῶν
1725 570 1772 598 δύο
1789 562 1883 597 τελευ-

1090 612 1243 646 τησάντων,
1264 613 1304 643 είς
1312 612 1440 638 τοσοῦτον
1455 614 1533 647 μῖσος
1543 611 1591 638 τοῦ
1608 612 1699 646 γάμου
1715 612 1829 647 ἤλασεν,
1843 611 1883 642 ὡς

1091 654 1177 680 εἰπεῖν
1194 653 1232 688 τῷ
1252 653 1352 688 ἑαυτῆς
1378 654 1456 688 ἀνδρὶ
1476 653 1605 688 Πινιανῴ,
1620 653 1660 687 τῷ
1684 653 1734 688 υἱῷ
1759 654 1881 688 Σευήρου

1091 694 1138 721 τοῦ
1154 695 1209 721 ἀπὸ
1229 695 1369 730 ἐπάρχων,
1389 695 1431 721 ὅτι
1457 695 1489 721 Εἰ
1508 695 1558 729 μὲν
1571 695 1700 730 αἱρήσαις
1722 693 1882 728 συνοικῆσαί

1093 744 1138 772 μοι
1150 736 1219 763 κατά
1233 736 1278 763 τὸν
1289 737 1337 771 τῆς
1350 736 1528 772 σωφροσύνης
1541 737 1630 771 λόγον,
1645 737 1692 764 καὶ
1705 737 1839 772 δεσπότην
1852 746 1883 764 σε

1091 776 1161 810 οῖδα,
1181 778 1227 805 καὶ
1248 779 1342 813 κύριον
1358 779 1408 813 τῆς
1430 778 1500 813 ἐμῆς
1518 778 1591 813 ζωῆς
1613 778 1773 813 ὁμολογήσω
1796 787 1842 805 σε·
1858 779 1883 806 εἰ

1091 819 1120 846 δὲ
1136 819 1218 854 βάρος
1236 827 1277 846 σοι
1292 819 1372 846 τοῦτο
1385 819 1422 851 ὡς
1439 820 1565 855 νεωτέρῳ
1579 820 1714 854 φαίνεται,
1726 821 1815 846 πάντα
1832 829 1883 855 μου

1092 861 1159 888 λάὸε
1171 861 1205 888 τὰ
1221 862 1383 896 πράγματα,
1401 861 1448 888 καὶ
1469 862 1549 896 μόνον
1568 862 1598 887 τὸ
1611 861 1690 896 σῶμά
1708 870 1759 896 μου
1777 861 1884 888 ἐλευθέ-

252 903 364 936 τούτους
386 904 556 939 διαπωλῆσαι
582 904 617 930 τὰ
648 903 825 939 ὑπάρχοντα,
852 904 901 938 τῆς
933 903 1042 939 Ῥώμης
1058 910 1079 938 Β
1095 911 1192 938 ρωσον,
1206 903 1250 930 ἵνα
1264 903 1468 938 πληροφορήσω
1487 911 1537 938 μου
1552 902 1623 929 κατὰ
1640 903 1706 929 Θεὸν
1722 903 1886 938 ἐπιθυμίαν,

252 945 399 980 ἐξήγαγεν,
410 945 458 972 καὶ
473 946 520 972 ἐπὶ
532 945 578 980 τὸν
591 945 689 980 σεμνὸν
701 945 748 971 καὶ
759 944 931 978 γαληνιῶντα
944 944 1041 979 λιμένα

251 987 299 1013 τοῦ
315 987 375 1022 βίου
389 988 504 1022 ἢγαγεν.
517 987 571 1013 Καὶ
585 986 673 1019 οὕτως
687 987 756 1022 πρὸς
768 986 873 1018 πάντας
883 987 951 1018 ’τοὺς
965 988 993 1013 ἐν
1008 988 1041 1022 τῇ

258 1028 356 1065 Ῥώμῃ
381 1029 579 1065 συγκλητικοὺς
595 1028 825 1064 ἐθηριομάχησεν,
842 1030 889 1056 καὶ
906 1029 974 1064 πρὸς
993 1030 1042 1061 τὰς

252 1071 357 1097 τούτων
373 1070 531 1104 ἐλευθέρας,
547 1070 703 1097 κωλυόντων
721 1071 789 1106 αὐτῇ
806 1071 852 1096 ἐπὶ
868 1071 900 1105 τῇ
916 1071 1042 1105 ἀποταγῇ

252 1112 306 1140 τῶν
323 1111 552 1138 λοιπῶνοίκείων.
574 1111 606 1138 'H
619 1111 648 1138 δὲ
659 1111 706 1138 τοῦ
722 1111 842 1147 Χριστοῦ
855 1111 934 1146 δούλη
951 1111 1043 1146 ἔλεγεν

253 1154 363 1185 αὐτοῖς·
380 1153 488 1186 Παιδία,
510 1153 565 1188 πρὸ
585 1153 770 1188 τετρακοσίων
794 1153 862 1180 ἐτῶν
883 1154 991 1188 ἐγράφη
1002 1154 1043 1179 ὅτι

254 1195 356 1231 ἐσχάτη
371 1195 430 1230 ὥρα
444 1195 519 1222 ἐστίν
532 1203 538 1209 ·
550 1194 576 1221 τί
592 1193 638 1221 οὖν
649 1195 864 1230 ἐμφιλοχωρεῖτε
877 1197 910 1231 τῇ
929 1195 1044 1230 ματαιό-

253 1246 316 1272 τητι
340 1236 398 1264 τού
413 1236 482 1271 βίον,
505 1237 542 1271 μή
561 1239 627 1263 ποτε
653 1237 793 1269 φθάσωσιν
820 1237 849 1263 αἱ
877 1238 980 1272 ἡμέραι
997 1236 1043 1263 τοῦ

261 1279 457 1314 Ἀντιχρίστου,
473 1279 520 1305 καὶ
535 1278 573 1314 μὴ
585 1278 717 1314 δυνηθῆτε
731 1278 885 1305 ἀπολαῦσαι
903 1278 980 1314 ὑμῶν
997 1277 1044 1304 τοῦ

255 1321 372 1348 πλούτου
387 1322 436 1348 καὶ
448 1321 503 1347 τῶν
516 1320 687 1356 προγονικῶν
699 1320 776 1355 ὑμῶν
791 1321 972 1356 πραγμάτων.
988 1321 1045 1348 Καὶ

254 1364 299 1390 διὰ
317 1363 421 1390 τούτων
432 1362 486 1389 τῶν
499 1362 587 1396 λόγων
602 1363 707 1394 πάντας
719 1362 928 1398 ἐλευθερώσασα
941 1363 1045 1398 ἢγαγεν

255 1407 301 1433 ἐπὶ
319 1404 364 1430 τὸν
373 1404 479 1440 μονήρη
493 1404 560 1439 βίον.
570 1404 624 1430 Καὶ
634 1404 679 1430 τὸν
693 1401 849 1431 Ποπλικόλα
860 1404 889 1430 δὲ
902 1404 960 1431 υἱὸν
976 1413 1043 1431 κατ-

254 1449 382 1484 ηχήσασα
415 1447 461 1473 τὸν
483 1446 627 1482 νεώτερον,
646 1446 751 1481 ἢγαγεν
776 1447 824 1472 ἐπὶ
842 1447 891 1482 τήν
908 1447 1043 1479 Σικελίαν,

255 1490 289 1515 τὰ
310 1489 409 1523 ἑαυτῆς
432 1487 633 1522 ὑπολειφθέντα
657 1488 746 1515 πάντα
764 1487 978 1523 διαπωλήσασα·
997 1489 1045 1515 καὶ

255 1531 305 1563 τὰς
321 1531 403 1566 τιμὰς
419 1529 609 1565 ὑποδεξαμένη
622 1528 704 1565 ἦλθεν
721 1529 802 1557 πάλιν
814 1530 861 1556 ἐπὶ
879 1532 913 1557 τὰ
934 1530 1046 1566 Ἱεροσό-

257 1572 340 1607 λυμα,
359 1572 407 1599 καὶ
421 1571 586 1607 διανείμασα
600 1571 649 1603 τάς
665 1571 731 1603 ὕλας
749 1572 824 1604 ὲντὺς
840 1572 1046 1607 τεσσαράκοντα
1061 1583 1083 1612 C

257 1615 368 1650 ἡμερῶν
385 1613 521 1650 ἐκοιμήθη
546 1615 574 1640 ὲν
592 1615 671 1649 γήρει
687 1614 763 1650 καλῷ
785 1615 832 1641 καὶ
854 1615 932 1650 τιμία
952 1616 1051 1653 μνήμῃ

258 1658 306 1684 καὶ
321 1656 461 1692 βαθυτάτῃ
481 1655 619 1691 πραΰτητι
635 1656 749 1691 κομῶσα
765 1658 824 1689 ταῖς
837 1657 1046 1692 ὲλεημοσύναις,

257 1699 305 1726 καὶ
320 1699 358 1734 τῷ
374 1698 473 1734 καρπῷ
487 1699 542 1725 τών
556 1699 665 1733 ἀγαθῶν
682 1699 770 1734 ἔργων
783 1699 930 1735 βριθομένη
940 1708 946 1715 ·
962 1709 1048 1728 κατα-

258 1740 376 1775 λείψασα
399 1740 447 1779 καλ
464 1741 647 1778 μοναστήριον
677 1742 707 1768 έν
729 1740 938 1777 Ἱεροσολύμοις,
952 1742 1048 1770 καὶτὰ

258 1783 306 1818 τῆς
321 1782 407 1818 μονῆς
421 1782 598 1818 ἀναλώματα.

301 1835 346 1866 Ὠς
359 1835 387 1861 δὲ
404 1835 503 1866 πάντες
511 1831 584 1862 οὗτοι
597 1835 621 1861 οι
635 1834 688 1862 ὑπὸ
707 1835 758 1870 τῆς
774 1836 911 1871 μακαρίας
921 1835 1049 1872 Μελάνης

259 1877 462 1912 κατηχηθέντες
485 1879 534 1912 τῆς
555 1876 666 1912 Ῥώμης
684 1877 875 1913 ἀνεχώρησαν,
890 1878 990 1906 θύελλά
1006 1887 1048 1910 τις

260 1919 458 1959 βαρϐαρικὴ,ή
484 1920 531 1946 καὶ
553 1921 583 1946 ὲν
609 1920 790 1955 προφητείαις
813 1921 898 1947 πάλαι
922 1921 1048 1956 κειμένη,

260 1963 362 1998 ἐπέστη
382 1964 414 1998 τῇ
443 1962 548 1998 Ῥώμῃ,
566 1964 613 1989 καὶ
635 1963 686 1989 οὐκ
709 1963 801 1989 εἴασεν
835 1963 898 1990 οὐδὲ
921 1964 985 1995 τοὺς
1004 1963 1049 1990 ἐπ’

259 2006 348 2042 ἀγορᾷ
364 2005 525 2041 ἀνδριάντας
541 2005 669 2040 χαλκοῦς,
685 2005 764 2034 ἀλλὰ.
775 2005 865 2033 πάντα
887 2006 1050 2042 πορθήσασα

262 2048 417 2083 βαρϐαρικῇ
435 2047 560 2082 ἀπονοίᾳ,
581 2047 740 2082 παρέδωκεν
763 2048 896 2084 ἀπωλείᾳ,
921 2049 960 2081 ὡς
973 2049 1050 2083 γενέ-

261 2089 323 2116 σθαι
339 2090 389 2123 τὴν
411 2088 532 2123 Ἐώμην,
553 2089 603 2124 τὴν
622 2090 651 2116 ἐν
669 2089 766 2125 χιλίοις
791 2090 939 2122 διακοσίοις
961 2091 1050 2118 ἐτεσιν

261 2130 502 2165 φιλοκαληθείσαν,
515 2131 586 2157 κατά
615 2131 663 2165 τὴν
680 2132 731 2165 τῆς
751 2132 886 2167 Σιδύλλης
900 2133 991 2168 ῥῆσιν,
1005 2133 1050 2168 ρύ-

263 2181 327 2210 μην.
347 2173 415 2199 Τότε
433 2174 456 2199 οί
469 2172 670 2208 κατηχηθέντες
685 2173 794 2208 ἔχαιρον
813 2174 850 2209 μὴ
866 2183 1049 2210 συμπαραπε-

262 2215 353 2246 σόντες
381 2215 437 2246 τοῖς
463 2214 658 2249 ἀνηκεστάτοις
683 2217 779 2247 κακοῖς
804 2216 852 2250 τῆς
875 2217 1048 2253 πορθήσεως,

260 2257 420 2290 δοξάζοντες
442 2257 488 2283 τὸν
514 2256 581 2283 Θεὸν
596 2257 642 2283 ἐπὶ
658 2259 691 2292 τῇ
708 2257 807 2294 ἀρίστῃ
835 2260 969 2295 μεταεολῇ
994 2260 1048 2286 τῶν
1065 2253 1089 2282 Ῑ)

262 2299 444 2334 πραγμάτων,
457 2298 503 2325 καὶ
521 2300 555 2334 τῇ
580 2298 724 2334 παραδόξῳ
749 2300 839 2328 αὐτῶν
855 2302 988 2337 σωτηρίᾳ,
1004 2302 1050 2328 τὸν

261 2341 354 2373 αὐτοῖς
367 2341 460 2377 ἔργοις
471 2341 605 2368 πείσαντα
617 2341 680 2372 τοὺς
691 2341 833 2373 ἀπίστους,
845 2343 950 2370 ὅτιτῶν
961 2343 1051 2371 ἄλλων.⁶

262 2384 371 2410 πάντων
395 2383 672 2418 αἰχμαλωτισθέντων
685 2381 758 2410 οὗτοι
781 2384 856 2420 μόνοι
881 2385 1050 2420 διεσώθησαν

260 2426 286 2451 οί
311 2423 380 2452 οἶκοι
399 2424 580 2459 ὁλοκαύτωμα
599 2425 741 2460 γενόμενοι
764 2425 803 2461 τῷ
825 2426 920 2462 Κυρίῳ
945 2427 1048 2462 σπουδῇ

261 2467 387 2502 Μελάνης
403 2467 453 2502 τῆς
466 2467 589 2502 ἀοιδίμου
609 2467 656 2494 καὶ
678 2467 825 2499 ἀθανάτου,
846 2468 900 2494 τῶν
914 2470 1051 2496 ἐναντιουσ

262 2509 351 2543 μένων
386 2508 510 2544 σωτηρίᾳ.
537 2508 666 2544 ἄπρακτα
697 2509 899 2545 μετανοούντων
931 2511 980 2545 ὀψὲ
1004 2513 1050 2540 τοῦ

261 2559 305 2578 και
311 2559 357 2587 ρου
362 2570 369 2578 .

547 2611 674 2638 ΚΕΦΛΛ.
691 2611 765 2638 ΡΙΘ’.

420 2701 490 2737 Περὶ
512 2701 651 2735 Μελάνης
671 2700 727 2736 τῆς
744 2704 901 2737 νεωτέρας.

303 2759 413 2794 Ἐπειδὴ
435 2759 479 2786 δεῖ
492 2759 705 2794 προῦπεσχόμην
717 2759 846 2795 ἀνωτέρω
868 2762 1051 2797 διηγήσασθαι

263 2801 327 2834 περὶ
343 2801 390 2827 τοῦ
405 2801 513 2828 παιδίου
529 2801 669 2836 Μελάνης,
686 2802 835 2835 ἀναγκαῖον
849 2803 879 2829 τὸ
891 2805 972 2839 χρέος
983 2805 1052 2832 ἀπο-

262 2841 355 2882 δούναί
371 2851 405 2877 με
419 2843 480 2882 νῦν.
546 2843 601 2879 γὰρ
611 2843 717 2870 δίκαιον
735 2844 914 2879 ὑπεριδόντας
929 2848 1003 2881 ἡμᾶς
1021 2849 1051 2875 τὸ

263 2879 364 2918 ταύτης
378 2881 509 2921 νεώτερον
519 2879 554 2910 ’ἐν
571 2883 813 2924 σαρκὶ,ν,τοσαύτην
825 2885 925 2920 ἀρετήν
939 2879 1051 2923 ἀστηλὶ-

1093 944 1260 980 κληρονόμος
1276 944 1410 979 γενομένη
1431 943 1481 978 τῆς
1511 944 1581 971 κατὰ
1613 944 1680 971 Θεὸν
1706 945 1807 980 ἀρετῆς
1833 945 1885 979 τῆς

1092 985 1164 1020 ὲμῆς
1185 986 1315 1020 μάμμης,
1331 983 1366 1022 ἧς
1379 986 1426 1012 καὶ
1438 985 1468 1011 τὸ
1481 985 1566 1020 ὗνομα
1578 985 1642 1020 ἔχω.
1654 986 1684 1012 El
1693 986 1749 1021 γὰρ
1758 985 1889 1015 ἐϐούλετο,

1093 1027 1167 1062 ἡμᾶς
1178 1027 1192 1053 ὸ
1207 1027 1272 1058 Θεὸς
1283 1027 1311 1052 ἐν
1325 1026 1364 1062 τῷ
1379 1026 1475 1062 κόσμῳ
1491 1026 1579 1061 τούτῳ
1591 1027 1708 1061 διάγειν,
1722 1029 1770 1054 καὶ
1787 1027 1843 1054 τῶν
1855 1027 1886 1061 ἐξ

1093 1068 1175 1095 αὑτοῦ
1191 1068 1350 1101 ἀπολαύειν,
1370 1068 1421 1106 ούκ
1436 1067 1469 1095 ἄν
1488 1077 1538 1102 μου
1558 1067 1654 1095 ἐλαϐεν
1682 1068 1759 1104 ἀωρα
1781 1070 1816 1095 τά
1839 1077 1886 1095 τε-

1093 1110 1193 1145 χθέντα
1209 1110 1315 1137 παιδία.
1337 1109 1399 1136 Ἐπὶ
1417 1109 1502 1136 πολὺν
1519 1109 1547 1136 δὲ
1563 1111 1658 1145 χρόνον
1671 1110 1885 1146 ξυγομαχησάν-

1093 1161 1148 1179 των
1166 1151 1254 1179 αὐτῶν
1271 1152 1311 1184 είς
1330 1151 1443 1186 ὕστερον
1468 1153 1482 1178 ό
1500 1152 1566 1183 Θεὸς
1591 1154 1820 1188 κατοικτειρήσας
1839 1152 1886 1184 τὸν

1094 1193 1164 1226 νέον,
1181 1193 1312 1228 ἐνέθηκεν
1329 1194 1376 1220 καὶ
1392 1194 1480 1227 τούτῳ
1495 1193 1575 1228 ζῆλον
1587 1194 1751 1226 θεοσεϐείας,
1767 1195 1805 1226 ὡς
1819 1196 1887 1221 ἀπο-

1094 1235 1228 1268 τάξασθαι
1244 1236 1319 1272 πάσῃ
1335 1237 1368 1272 τῇ
1384 1236 1435 1272 ὖλῃ
1454 1235 1502 1263 τοῦ
1518 1236 1635 1272 κόσμου,
1654 1237 1691 1268 ὡς
1708 1237 1886 1272 πληρωθῆναι

1095 1278 1126 1304 τὸ
1136 1278 1330 1312 γεγραμμένον
1342 1277 1390 1304 τοῦ
1405 1277 1568 1304 Ἀποστόλου
1582 1278 1665 1314 ῥητόν
1678 1288 1683 1294 ·
1696 1278 1728 1305 Τί
1739 1278 1887 1313 γὰροῖδας,

1095 1320 1186 1354 γύναι,
1203 1321 1228 1346 εί
1242 1320 1286 1346 τὸν
1301 1319 1387 1353 ἄνδρα
1400 1319 1518 1353 σώσεις;
1537 1321 1553 1356 ἢ
1570 1321 1596 1347 τί
1608 1319 1693 1354 οἶδας,
1707 1321 1782 1356 ἄνερ1
1799 1322 1824 1348 ει
1838 1321 1887 1357 τὴν

1095 1363 1214 1396 γυναῖκα
1228 1361 1326 1393 σώσεις
1339 1370 1345 1393 ;
1361 1362 1512 1397 Γημαμένη
1525 1362 1572 1389 οὖν
1582 1363 1734 1397 δεκατριῶν
1750 1363 1828 1396 ὲτών,
1841 1369 1889 1390 καὶ

1098 1403 1243 1438 συζήσασα
1259 1403 1299 1438 τῷ
1311 1403 1388 1439 ἀνδρὶ
1405 1404 1475 1430 ἑπτὰ
1487 1404 1548 1439 ἐτη,
1568 1403 1607 1439 τῷ
1623 1404 1739 1439 εἰκοστῷ
1752 1404 1806 1431 ἔτει
1833 1406 1889 1432 ἀπ-

1096 1444 1276 1477 ετάξατοΚαὶ
1283 1445 1391 1481 πρῶτον
1399 1446 1447 1481 μὲν
1457 1446 1544 1473 πάντα
1552 1447 1637 1482 αὐτῆς
1644 1447 1677 1473 τὰ
1684 1448 1784 1482 σηρικὰ
1790 1449 1805 1483 ἡ
1811 1448 1891 1482 μιφό-

1099 1487 1325 1523 ριαᾍκαλύμματα
1340 1489 1397 1519 τοῖς
1411 1488 1616 1524 θυσιαστηρίοις
1627 1489 1792 1525 ἐδωρήσατο.
1804 1489 1893 1517 Τοῦτο

1097 1528 1290 1565 δὲξπεποίηκεν
1307 1530 1354 1556 καὶ
1372 1530 1611 1566 ήσεόασμιωτάτη
1634 1531 1848 1566 Ὀλυμπιάς.Τά
1861 1532 1891 1560 δὲ

1099 1570 1181 1598 λοιπά
1190 1572 1292 1607 σηρικά
1303 1572 1441 1608 ἐνδύματα
1454 1572 1626 1608 συγκόψασα,
1635 1573 1753 1609 διάφορα
1763 1574 1892 1609 ἐποίησεν

1099 1613 1315 1646 ὲκκλησιαστικά
1331 1613 1444 1640 ἔπιπλα.
1459 1614 1512 1641 Τὸν
1526 1615 1555 1641 δὲ
1570 1615 1693 1650 ἄργυρον
1707 1615 1754 1643 καὶ
1766 1616 1811 1643 τὸν
1825 1625 1891 1652 χρυσ

1100 1654 1146 1681 σὺν
1164 1654 1372 1689 ἐμπιστεύσασα
1390 1655 1489 1691 Παύλῳ
1507 1656 1560 1683 τινὶ
1572 1657 1763 1693 πρεσϐυτέρῳ,
1781 1659 1893 1695 μοναχῷ

1099 1695 1293 1731 Δαλματησίῳ,
1310 1696 1355 1722 διὰ
1379 1695 1518 1732 θαλάσσης
1532 1698 1694 1724 ἀπέστειλεν
1711 1700 1741 1725 ὲν
1758 1701 1791 1735 τῇ
1814 1700 1893 1726 Ἀνα-

1099 1737 1176 1773 τολῇ,
1190 1737 1332 1772 Αἰγύπτῳ,
1351 1738 1398 1765 καὶ
1411 1739 1525 1774 Θηὸαἲδι
1538 1740 1694 1776 νομίσματα
1712 1741 1807 1777 μύρια·
1831 1743 1892 1769 ’Δν-

1099 1780 1205 1815 τιοχείᾳ.
1221 1780 1268 1806 καὶ
1295 1780 1351 1812 τοῖς
1379 1780 1492 1817 μέρεσιν
1516 1782 1600 1817 αὐτῆς
1619 1783 1773 1818 νομίσματα
1793 1784 1891 1819 μύρτω

1100 1821 1270 1858 Παλαιστίνῃ
1283 1823 1442 1857 νομίσματα
1453 1823 1538 1859 μύρια
1554 1825 1772 1860 πεντακισχίλια·
1788 1829 1850 1858 ταῖς
1862 1828 1892 1854 ἐν

1099 1864 1160 1895 ταῖς
1180 1863 1274 1899 νήσοις
1288 1863 1464 1900 ἐκκλησίαις,
1491 1865 1540 1892 καὶ
1562 1868 1619 1898 τοῖς
1633 1867 1662 1894 ὲν
1684 1869 1745 1899 ταῖς
1760 1867 1891 1904 ἐξορξαις,

1100 1905 1257 1941 νομίσματα
1276 1905 1373 1941 μύρια’
1390 1908 1451 1939 ταῖς
1466 1908 1537 1934 κατά
1555 1908 1605 1943 τὴν
1621 1909 1703 1936 Δύσιν
1718 1910 1891 1945 ἐκκλησίαις,

1100 1948 1148 1975 καὶ
1171 1948 1374 1983 μοναστηρίοις,
1397 1948 1443 1976 καὶ
1467 1949 1652 1985 ξενοδοχείοις,
1678 1951 1726 1978 καὶ
1753 1953 1820 1979 πᾶσι
1834 1954 1892 1984 τοῖς

1100 1990 1256 2025 δεομένοις,
1273 1990 1307 2016 δι’
1330 1990 1432 2025 ἑαυτῆς
1454 1993 1635 2027 χορηγήσασα
1659 1994 1706 2020 καὶ
1735 1993 1892 2029 χορηγοῦσα

1100 2031 1203 2058 τούτων
1218 2032 1438 2067 τετραπλασίονα
1448 2041 1455 2048 ·
1472 2033 1509 2065 ὡς
1524 2035 1570 2060 ἐπὶ
1586 2034 1653 2061 Θεοῦ
1668 2035 1848 2070 ἐξαρπάσασα
1859 2037 1893 2063 ὲκ

1100 2072 1147 2099 τοῦ
1168 2073 1302 2108 στόματος
1317 2074 1364 2100 τοῦ
1378 2073 1484 2106 λέοντος
1511 2075 1655 2111 ’Δλαρίχου
1676 2078 1710 2112 τῇ
1729 2077 1828 2112 ἑαυτῆς
1843 2078 1892 2104 πί-

1101 2123 1170 2141 στει.
1201 2114 1404 2150 Ἠλευθέρωσεν
1422 2116 1451 2142 δὲ
1473 2116 1508 2142 τὰ
1533 2116 1698 2153 βουληθέντα
1723 2119 1890 2153 ἀνδράποδα,

1100 2155 1158 2196 ἀλλ’
1176 2156 1314 2192 ᾑρήσαντο
1330 2157 1431 2192 μᾶλλον
1447 2157 1591 2185 δουλεῦσαι
1615 2159 1654 2194 τῷ
1671 2160 1778 2195 ἀδελφῷ
1794 2161 1891 2196 αὐτῆς,

1099 2193 1126 2230 ᾧ
1148 2197 1360 2233 παρεχώρησεν.
1389 2198 1459 2225 Ἀλλ’
1483 2199 1500 2234 ή
1524 2200 1579 2226 ἀπὸ
1604 2193 1687 2236 τριῶν
1703 2193 1891 2236 νομισμάτων,

1101 2240 1191 2266 πάντα
1204 2240 1238 2266 τά
1255 2241 1384 2274 κτήματα
1402 2241 1436 2267 τὰ
1452 2241 1480 2267 έν
1497 2243 1557 2273 ταῖς
1581 2242 1724 2275 Σπανίαις,
1743 2244 1790 2270 καὶ
1812 2244 1893 2271 Ἀκυ-

1101 2281 1190 2317 τανίᾳ,
1201 2281 1248 2308 καὶ
1264 2281 1303 2307 Ta
1308 2281 1477 2318 ρακωνησία,
1492 2283 1540 2309 καὶ
1550 2283 1676 2316 Γαλλίαις
1683 2285 1804 2321 διαπωλή
1809 2295 1890 2319 σασα,

1101 2323 1135 2349 τὰ
1150 2323 1179 2364 ἐν
1198 2322 1318 2364 Σικελίᾳ,
1337 2323 1383 2349 καὶ
1403 2323 1567 2360 Καμπανίᾳ,
1586 2326 1634 2352 καὶ
1656 2326 1784 2362 Ἀφρικῇ,
1807 2328 1891 2364 ἑαυτῇ

1102 2363 1297 2390 καταλέλοιπεν
1308 2365 1347 2395 είς
1360 2364 1494 2399 χορηγίαν
1506 2368 1708 2402 μοναστηρίων,
1721 2369 1767 2395 καὶ
1783 2370 1893 2397 πάντων

1102 2405 1156 2432 τῶν
1171 2405 1320 2441 δεομένων.
1334 2405 1409 2440 Αὕτη
1421 2407 1437 2440 ἡ
1452 2407 1533 2441 σοφία
1547 2409 1596 2442 τῆς
1609 2408 1829 2445 θεοφιλεστάτης,
1845 2412 1893 2438 καὶ

1102 2447 1285 2483 πρεσϐυτικὸν
1302 2447 1364 2474 νοῦν
1380 2447 1471 2475 ἔνθεον
1483 2448 1672 2484 ἀνειληφυίας,
1686 2452 1750 2485 περὶ
1761 2453 1811 2487 τῆς
1827 2452 1894 2484 ὕλης

1100 2487 1148 2516 τοῦ
1165 2488 1278 2524 φορτίου
1292 2489 1345 2516 τῶν
1359 2489 1520 2524 χρημάτων,
1534 2490 1671 2526 Μελανίης
1683 2493 1732 2527 τῆς
1744 2493 1818 2526 νέας.

1142 2547 1175 2574 Ἢ
1189 2547 1218 2574 δὲ
1240 2546 1358 2582 ἄσκησις
1374 2548 1461 2583 αὐτῆς
1475 2549 1534 2576 ἐστὶ
1557 2549 1687 2585 τοιαύτη·
1707 2552 1810 2579 ἐσθίειν
1827 2554 1894 2588 μίαν

1105 2588 1182 2624 παρὰ
1199 2589 1264 2624 μίαν
1284 2597 1291 2605 ·
1310 2591 1338 2616 ἐν
1355 2590 1384 2616 δὲ
1405 2591 1464 2622 ταῖς
1481 2591 1579 2626 ἀρχαῖς
1599 2592 1647 2618 καὶ
1664 2593 1734 2629 ὑπὲρ
1755 2595 1835 2621 πέντε
1852 2597 1894 2627 εἰς

1102 2628 1258 2664 ἐφημερίαν
1272 2629 1372 2665 ἑαυτὴν
1387 2631 1492 2663 τάξασα
1505 2630 1559 2657 τῶν
1575 2632 1676 2667 ἑαυτῆς
1700 2633 1838 2667 δουλίδων,
1856 2635 1892 2667 ἃς

1103 2670 1305 2706 συνασκητρίας
1314 2671 1471 2707 εἰργάσατο.

1139 2765 1194 2807 Καὶ
1217 2765 1288 2800 αὕτη
1312 2766 1340 2793 δὲ
1355 2767 1470 2800 πολλοὺς
1489 2769 1542 2796 τῶν
1558 2770 1659 2805 ἑαυτῆς
1678 2773 1827 2807 συγγενῶν,
1853 2775 1895 2807 είς

1103 2806 1185 2852 ζῆλον
1198 2807 1430 2852 θεῖονιὸδηγοῦσα,
1452 2810 1589 2838 θεοσεσεῑν
1605 2812 1670 2844 ἴσως
1685 2814 1785 2845 αὐτοὺς
1799 2806 1896 2852 ἑποίηέ

1104 2857 1160 2894 σευ,
1176 2846 1261 2894 Ού-τος
1274 2849 1289 2894 ό
1376 2850 1427 2894 τῆς
1441 2851 1504 2884 νέας
1517 2853 1654 2890 Μελανίης
1667 2855 1711 2883 διὰ
1726 2855 1773 2883 τοῦ
1788 2846 1893 2894 Κυρίου

1103 2890 1180 2925 ἡμῶν
1201 2890 1288 2926 Ἰησοῦ
1308 2891 1442 2929 Χριστοῦ..
