2067 3155
199 199 268 227 1229

846 197 1005 227 HISTORIA
1025 196 1067 224 Li
1073 197 1204 226 USIACA.

1761 199 1829 228 1250

237 257 325 286 Multis
340 258 430 292 itaque
441 261 499 292 post
512 257 589 284 anuis
616 263 677 282 cum
724 255 756 282 de
801 255 889 291 neptis
917 257 988 281 statu
1002 252 1029 282 Α
1042 251 1151 280 invitam
1168 258 1277 288 nuptttm
1297 254 1407 289 dedere,
1425 262 1485 284 eam
1497 257 1639 293 jungentes
1657 258 1828 287 matrimonio

202 303 330 335 audisset,
345 310 406 330 eam
432 308 459 330 et
483 302 606 337 nupsisse
619 323 626 335 ,
642 307 670 328 et
691 301 758 328 velle
779 301 875 328 saeculo
889 308 988 327 renun-

201 350 285 381 tiare;
299 351 382 376 verita
398 355 431 376 ne
446 348 514 376 forte
536 347 564 375 in
586 348 702 382 aliquam
719 346 816 373 malam
833 346 989 380 abriperen-

203 399 245 421 Iur
256 394 413 423 doctrinam.
428 394 469 422 vel
484 393 621 425 haeresim,
637 392 680 420 vel
702 392 797 418 malam
813 391 906 425 vitam,
922 398 989 419 anus

201 440 334 474 sexaginta
359 447 443 467 annos
465 442 525 465 nata
548 445 641 465 navem
666 436 805 469 ascendit,
821 442 849 464 et
867 437 987 463 Caesarea

201 486 328 519 navigans
343 485 434 519 viginti
455 485 558 511 dierum
575 483 662 517 spatib
681 482 793 510 Romam
807 483 888 510 venit.
905 484 989 516 Atque

202 532 255 559 illic
270 532 376 566 quidem
391 539 450 558 cum
464 534 551 562 esset,
565 530 749 557 beatissimum
764 529 850 556 virum
866 528 990 555 maximae

200 577 403 604 existimationis
427 576 605 603 clarissimum
631 575 811 609 Apronianum
834 573 928 609 (179),
945 574 991 608 qui

201 628 259 650 erat
270 623 385 657 gentilis,
397 622 531 650 eatechesi
544 622 670 652 instituit,
683 624 710 647 et
720 619 902 648 Christianum
916 619 989 653 fecit,

202 669 386 702 persuasitque
398 673 426 695 ut
439 668 588 694 contineret
598 667 680 693 etiam
692 673 752 693 cum
766 674 814 693 sua
827 673 921 699 uxore,
933 665 992 699 ejus

202 721 288 742 autem
304 716 404 743 sororis
418 715 481 744 lilia,
498 714 577 742 Avita
591 713 708 741 nomine.
725 712 792 740 Cum
809 717 898 739 autem
913 719 990 739 suam

202 768 306 794 quoqtte
321 765 427 794 neptem
442 759 629 787 conﬁrmasset
643 758 782 787 Melanium
797 766 848 785 una
860 766 919 785 cum
932 757 991 792 ejus

202 808 297 835 marito
312 808 421 835 Piniano
435 807 523 843 (180),
541 812 569 834 et
585 807 720 834 eatechesi
736 806 898 834 instituisset
912 805 988 832 Albi-

202 861 262 879 nam
286 860 381 880 nurum
399 860 491 887 suam,
505 860 615 880 uxorem
631 857 719 879 autem
735 852 775 880 sui
792 852 838 880 lilii
859 852 945 887 (181),
961 856 989 879 et

202 899 378 933 persuasi-set
401 899 443 925 his
467 898 591 925 omnibus
617 897 734 926 vendere
756 905 816 933 quae
842 897 986 930 habebant,

202 945 285 972 Roma
307 952 353 972 eos
376 944 484 976 eduxit,
501 948 527 970 et
551 943 582 970 ad
608 943 750 970 honestum
773 950 804 970 ac
819 942 990 976 tranquillum

201 989 262 1016 vitae
285 993 389 1023 portum
414 989 535 1015 deduxit.
566 988 597 1015 Et
621 988 660 1015 sic
680 987 842 1022 depugnavit
863 987 991 1015 adversus

202 1035 314 1069 bestias,
331 1043 427 1070 nempe
451 1042 497 1062 eos
522 1036 565 1069 qui
590 1038 667 1062 erant
687 1034 788 1061 ordinis
811 1034 950 1068 senatorii,
964 1037 992 1061 et

200 1088 292 1108 eorum
308 1089 419 1114 uxores;
435 1081 610 1116 prohibentes
632 1087 691 1107 eam
713 1080 866 1107 rettuntiare
880 1080 991 1113 reliquis

202 1127 258 1155 suis
273 1127 385 1154 :cdihus.
401 1127 500 1154 Christi
515 1132 604 1154 autem
619 1126 714 1153 ancilla
729 1127 768 1154 eis
783 1125 887 1153 dicebat
900 1133 906 1152 :
918 1125 990 1158 Filii,

201 1173 341 1206 plusquam
356 1173 558 1207 quadringentis
573 1171 670 1198 abhinc
685 1172 763 1198 annis
789 1171 916 1205 scriptum
930 1175 989 1197 est:

202 1218 299 1246 Ultima
317 1218 380 1245 hora
406 1222 447 1244 est
461 1217 487 1252 (I
501 1217 580 1244 Joan.
598 1216 640 1250 tt).
657 1217 725 1250 Quid
741 1224 804 1251 ergo
827 1216 948 1244 iubentes
961 1224 992 1244 ac

202 1264 322 1291 volentes
338 1261 516 1291 immoramiui
536 1263 560 1290 in
585 1264 702 1290 vanitate
717 1263 797 1290 vitaz?
812 1270 846 1289 ne
865 1262 932 1290 forte
947 1270 992 1289 ve-

202 1312 276 1342 niant
298 1311 355 1338 dies
380 1310 548 1344 Antichristi,
564 1315 590 1338 et
610 1318 662 1338 non
688 1311 794 1344 possitis
817 1309 869 1338 frui
896 1311 991 1338 vestris

202 1357 306 1390 opibus,
321 1362 347 1384 et
361 1357 440 1384 rebus
462 1358 593 1391 majorum
610 1357 780 1384 vestrorum?
796 1356 916 1391 Cumque
931 1366 991 1384 om—

203 1411 250 1430 nes
264 1404 303 1430 ltis
318 1403 407 1430 verbis
421 1403 562 1431 liberasset
575 1403 661 1438 (182),
674 1403 705 1431 ad
721 1403 896 1430 monasticam
911 1405 990 1430 vitam

203 1450 329 1482 traduxit,
339 1454 365 1476 et
374 1450 454 1477 ﬁlium
465 1450 598 1483 juniorem
609 1450 771 1477 Publicolam
784 1458 844 1477 cum
856 1450 991 1478 instruxis-

203 1501 253 1526 set,
268 1496 343 1522 duxit
366 1496 390 1522 in
414 1496 547 1529 Siciliam;
564 1504 677 1530 cumque
702 1497 802 1531 reliqua
829 1497 917 1524 omnia
944 1505 990 1526 sua

203 1541 377 1575 vendidisset,
388 1547 415 1569 et
427 1543 540 1576 pretium
553 1543 713 1576 accepissat,
728 1541 801 1569 duxit
814 1542 990 1578 Jerosolyma;

203 1592 303 1614 etcum
329 1588 467 1615 facultates
487 1588 633 1620 divisisset,
651 1588 719 1615 intra
744 1588 918 1622 quadraginta
933 1588 990 1615 dies

203 1631 311 1660 dormiit
333 1633 358 1660 in
377 1633 446 1660 bona
461 1638 599 1661 senectute
614 1637 641 1661 et
655 1640 759 1661 summa
776 1633 989 1667 mansuetudine,

203 1681 231 1704 et
245 1677 395 1704 veneranda
416 1678 545 1705 memoria
570 1678 750 1712 eleemosynis
766 1677 930 1710 redundans,
948 1685 991 1705 re-

204 1721 268 1750 licto
293 1723 374 1750 etiam
401 1724 566 1751 monasterio
589 1723 765 1758 Jerosolymis
789 1728 818 1751 et
839 1723 991 1758 sumptibus

204 1769 370 1796 monasterii.

239 1815 381 1849 Postquam
407 1820 496 1842 autem
521 1814 547 1841 hi
570 1822 664 1841 omnes
689 1815 772 1841 Roma
799 1814 992 1841 abscessissent

205 1860 250 1894 qui
266 1860 399 1886 eatechesi
415 1859 527 1886 instituti
548 1859 650 1886 fuerant
668 1866 682 1885 a
698 1859 774 1886 beata
790 1859 912 1891 Melania,
928 1858 991 1886 har-

205 1904 294 1932 batica
318 1904 438 1939 quaedam
468 1904 600 1938 procella,
616 1911 676 1938 qua:
700 1904 780 1930 etiam
805 1904 831 1930 in
857 1903 993 1938 prophetis

205 1949 257 1984 jam
270 1951 331 1977 olim
345 1950 429 1983 posita
443 1949 537 1982 fuerat,
552 1949 577 1975 in
591 1949 700 1976 Romam
712 1949 798 1980 irruit,
811 1953 837 1975 et
848 1956 895 1976 nec
906 1956 994 1976 teneas

205 1996 309 2030 quidem
326 2001 425 2022 statuas
441 1996 547 2030 reliquit
562 1995 588 2021 in
605 1995 672 2027 foro,
688 1995 734 2021 sed
750 1995 838 2022 omnia
854 1995 993 2022 barbarica

205 2041 334 2074 diripiens
357 2040 509 2071 insidentia,
531 2040 664 2073 corrttpit;
689 2039 755 2066 adeo
775 2043 804 2066 ut
828 2039 911 2066 Roma
937 2046 995 2072 qua).

206 2086 279 2113 mille
289 2089 317 2113 et
326 2086 446 2112 ducentis
457 2085 533 2112 annis
548 2084 726 2119 pulcherritna
741 2083 828 2112 fuerat
839 2089 865 2111 et
876 2084 996 2118 frequent-

207 2132 316 2163 tissima,
333 2131 493 2163 dirueretur,
509 2131 637 2165 ﬁeretque
658 2130 774 2163 deserta,
796 2134 823 2157 et
843 2134 872 2157 ut
894 2131 932 2157 ait
953 2130 996 2158 Si-

207 2179 292 2214 bylla,
315 2179 398 2215 ῥύμη,
414 2179 464 2204 hoc
486 2182 528 2204 est
549 2177 639 2209 vicus,
656 2184 708 2204 non
736 2176 830 2204 Roma.
855 2176 929 2204 Tunc
951 2176 996 2211 qui

206 2224 339 2251 eatechesi
357 2223 463 2250 fuerant
485 2222 613 2256 instituti,
627 2226 654 2250 et
675 2223 698 2250 ei
720 2223 829 2249 minime
852 2223 994 2256 adversati,

206 2269 290 2295 Deum
307 2268 483 2295 laudaverunt
500 2268 544 2302 qui
561 2276 647 2295 rerum
661 2267 806 2295 mutatione
819 2268 997 2302 persuasisset

207 2314 358 2346 incredulis,
371 2314 441 2348 quod
456 2314 514 2341 aliis
529 2315 651 2341 omnibus
665 2314 779 2342 redactis
791 2314 816 2341 in
827 2315 994 2348 servitutem,

206 2368 244 2387 ea:
260 2361 322 2387 so‘aa
337 2360 417 2387 salva:
432 2359 529 2386 fuerint
544 2360 650 2386 familite
660 2379 667 2391 ,
683 2367 741 2394 quae
756 2359 867 2387 Domino
889 2359 997 2387 fuerunt

208 2405 363 2432 holocausta
376 2427 383 2438 ,
399 2405 487 2432 studio
503 2405 587 2432 beata:
608 2404 745 2437 Melania);
761 2411 821 2431 cum
840 2404 930 2432 cteteri
952 2405 995 2438 qui

209 2459 300 2478 eorum
317 2452 394 2478 saluti
406 2451 624 2485 adversabantur,
636 2457 729 2478 eorum
740 2450 825 2477 inutili
839 2450 995 2486 poenitentia

208 2498 402 2525 detinerentur.

487 2541 599 2570 CAPUT
618 2541 711 2569 CXIX.

405 2588 461 2615 Vita
478 2596 562 2622 parum
578 2587 696 2614 Melania
712 2587 799 2622 (183).

243 2635 372 2669 Quoniam
389 2641 476 2662 autem
489 2634 631 2662 relaturum
644 2641 686 2661 me
697 2635 730 2661 de
742 2633 793 2661 ﬁlia
803 2633 920 2660 Melanite
934 2640 995 2668 spe.

207 2681 300 2716 pondi,
310 2680 487 2707 necessarium
501 2685 542 2707 est
554 2684 582 2707 ut
595 2687 666 2707 nunc
676 2680 793 2707 debitum
806 2679 924 2707 reddam.
938 2679 995 2707 Non

208 2727 278 2754 enim
292 2727 391 2761 justum
407 2731 435 2753 ut
447 2725 559 2760 junioris
573 2725 712 2760 quoquein
725 2732 806 2752 carne
820 2725 940 2752 Melania:
957 2725 995 2751 vi-

209 2777 261 2799 tam
285 2773 478 2806 despiciamus,
491 2775 518 2798 et
533 2771 619 2805 neptis
643 2778 744 2805 magna:
759 2770 880 2798 Melaniae
894 2774 993 2796 tentant

209 2817 332 2845 virtutem
349 2818 452 2844 tacitam
469 2821 669 2852 praetereamus,
680 2823 739 2850 qua:
754 2816 832 2850 longe
848 2815 914 2842 forte
928 2823 995 2848 prte-

210 2865 263 2889 stat
277 2863 448 2895 prudentibus
462 2867 489 2890 et
504 2862 630 2890 studiosis
642 2861 747 2889 vetulis.
758 2862 829 2889 Hanc
842 2869 906 2896 ergo
917 2866 994 2888 a-tate

210 2905 342 2944 juvenem,
359 2908 463 2942 pietatis
477 2912 564 2936 autem
580 2907 709 2935 sententia
726 2907 855 2940 Vetulam,
873 2912 994 2943 iarenus

1040 299 1098 325 viro
1119 299 1192 326 urbis
1207 299 1298 327 Romae
1320 301 1456 335 primario.
1481 302 1543 330 Haec
1566 310 1672 338 semper
1694 305 1828 333 stimulata

1039 345 1106 372 avite
1119 352 1175 373 sua:
1188 346 1395 380 narratiOnibus,
1411 351 1511 375 tantum
1526 348 1572 375 fuit
1587 349 1715 383 sauciata,
1727 354 1757 377 ut
1771 357 1828 377 ma-

1041 390 1166 418 trimonio
1186 399 1238 419 non
1263 398 1354 426 posset
1377 393 1516 422 inservire.
1542 394 1608 421 Cum
1629 400 1718 424 autem
1734 397 1758 424 ei
1773 398 1830 425 nati

1042 441 1134 464 essent
1153 437 1206 464 duo
1227 438 1272 465 lllii
1295 439 1422 472 masculi,
1437 439 1508 473 iique
1521 439 1709 475 decessissent,
1727 447 1826 472 tantum

1041 488 1100 509 eam
1119 483 1199 515 coepit
1214 484 1304 510 odium
1321 484 1494 518 matrimonii,
1510 489 1539 512 ut
1560 485 1656 514 dixerit
1673 489 1769 515 marito
1781 479 1837 518 sue

1043 526 1152 554 Piniano
1163 528 1236 564 (181)
1249 528 1303 556 lilio
1312 529 1405 558 Severi
1418 530 1504 565 (185),
1514 532 1558 565 qui
1570 537 1626 559 erat
1636 540 1669 560 ex
1679 533 1810 567 prtefectis
1822 542 1829 561 :

1043 573 1069 600 Si
1084 573 1199 600 vt-lueris
1212 575 1318 609 quidem
1334 583 1436 603 mecum
1458 577 1610 606 cohabitare
1624 582 1653 605 ut
1666 579 1734 606 rat“
1747 579 1830 607 dictat

1044 619 1235 652 temperantiae,
1251 625 1277 647 et
1299 625 1325 648 te
1346 621 1483 649 dominum
1506 630 1632 657 agnosco,
1653 627 1680 650 et
1705 624 1831 658 proﬁteor

1043 671 1130 692 meam
1143 666 1223 693 vitam
1235 674 1295 693 esse
1310 667 1335 693 in
1347 672 1389 694 tua
1404 672 1548 702 potestate;
1562 670 1602 696 sin
1616 675 1705 697 autem
1718 670 1767 697 hoc
1782 671 1830 697 tibi

1043 718 1123 745 grave
1146 711 1251 738 videtur
1273 716 1363 746 utpote
1383 712 1487 748 juveni,
1503 721 1546 742 res
1569 722 1662 743 omnes
1685 723 1759 743 meas
1782 716 1828 743 tibi

1043 757 1121 789 habe,
1137 763 1163 784 et
1177 758 1262 784 solum
1278 758 1338 785 sine
1350 767 1392 786 me
1406 766 1516 793 corpore
1530 767 1589 787 esse
1605 760 1727 794 liberam,
1741 765 1769 788 ιιι
1783 768 1828 788 sa-

1042 801 1171 829 tisfaciam
1184 809 1245 830 meo
1259 803 1329 837 quod
1342 808 1383 830 est
1395 811 1425 830 ex
1439 804 1493 830 Deo
1504 804 1648 837 desiderio,
1662 805 1731 832 facta
1742 806 1829 834 haeres

1039 847 1098 882 ejus
1111 856 1170 882 quin
1184 853 1224 876 est
1238 857 1273 876 ex
1290 850 1344 877 Deo
1367 851 1472 878 virtutis
1485 858 1551 878 meae
1565 852 1644 885 aviae,
1657 852 1734 887 cujus
1749 853 1828 881 etiam

1041 901 1138 922 nomen
1157 902 1230 928 gero.
1254 895 1281 923 Si
1296 896 1366 922 enim
1388 897 1469 924 vellet
1483 904 1530 924 nos
1545 897 1613 925 Deus
1627 899 1724 933 degere
1737 899 1763 926 in
1779 899 1830 926 hoc

1005 927 1029 957 Β
1044 941 1153 973 mundo,
1169 947 1196 968 et
1211 941 1261 968 frui
1277 942 1355 969 rebus
1369 943 1518 975 mundanis,
1528 951 1579 971 non
1592 944 1617 970 fil
1630 951 1660 971 os
1675 945 1738 972 mihi
1753 951 1829 973 natus

1040 988 1187 1021 accepisset
1200 987 1366 1015 immaturos.
1380 988 1445 1017 Cum
1459 993 1547 1016 autetn
1564 989 1641 1024 longo
1655 995 1775 1024 tempore
1787 991 1828 1018 itt—

1042 1037 1083 1060 ter
1094 1039 1124 1061 se
1132 1033 1337 1066 contenderent,
1351 1033 1420 1061 Deus
1434 1039 1525 1067 postea
1537 1034 1660 1063 misertus
1673 1035 1830 1064 adolescen-

1042 1079 1086 1111 tis.
1101 1079 1125 1106 ei
1140 1087 1244 1114 qttoque
1257 1080 1344 1108 zelum
1359 1080 1469 1107 immisit
1484 1081 1629 1116 religionis,
1645 1084 1675 1108 ut
1689 1081 1746 1116 ipse
1760 1089 1830 1116 quo-

1042 1132 1094 1159 que
1109 1125 1201 1152 mundi
1226 1126 1359 1153 universa:
1381 1127 1546 1154 renuntiaret
1566 1132 1679 1154 terrente
1700 1128 1830 1161 materiai,

1042 1170 1109 1196 adeo
1125 1175 1152 1197 ut
1166 1170 1306 1204 impletum
1322 1171 1402 1198 fuerit
1424 1172 1493 1205 quod
1509 1172 1638 1206 scriptum
1654 1177 1696 1199 est
1709 1172 1744 1199 ab
1757 1173 1829 1206 Apo-

1041 1216 1211 1249 stolonuid
1234 1216 1305 1244 enim
1331 1217 1404 1249 scis,
1421 1217 1524 1251 mulier,
1547 1225 1580 1244 an
1600 1218 1686 1245 virum
1711 1218 1832 1247 servabis

1042 1261 1067 1296 (Ι
1084 1260 1143 1288 Cor.
1159 1262 1226 1295 vn)?
1238 1261 1302 1289 Cum
1318 1270 1383 1297 ergo
1394 1263 1528 1298 nupsisset
1539 1265 1597 1292 viro
1610 1264 1736 1292 tredecim
1747 1273 1831 1294 annos

1044 1311 1115 1341 nata,
1132 1311 1234 1342 septem
1259 1315 1323 1335 vero
1338 1316 1397 1335 cum
1422 1316 1454 1335 eo
1479 1309 1605 1342 vixisset,
1623 1310 1751 1344 vigesimo
1775 1319 1830 1340 sua

1042 1351 1128 1378 :etatis
1147 1359 1216 1379 anno
1240 1352 1338 1379 mundo
1361 1354 1509 1386 renuntiat;
1534 1359 1560 1382 et
1584 1355 1697 1389 primttm
1722 1355 1830 1390 quidem

1042 1397 1131 1423 omnia
1155 1404 1201 1423 sua
1224 1397 1308 1425 serica
1330 1399 1560 1433 superhumeralia
1583 1399 1659 1435 (186)
1678 1405 1831 1435 tegumenta

1043 1442 1115 1470 dedit
1137 1443 1264 1471 altaribus
1279 1444 1359 1478 (quod
1374 1449 1401 1472 et
1416 1445 1567 1473 veneranda
1586 1446 1649 1474 fecit
1669 1446 1830 1482 Olympias),

1043 1488 1145 1520 reliqua
1170 1493 1257 1516 autem
1280 1491 1363 1517 serica
1388 1490 1542 1518 indumenta
1557 1499 1617 1519 cum
1641 1492 1829 1526 conseidisset,

1042 1534 1175 1562 diversam
1198 1536 1390 1569 supellectilem
1406 1537 1469 1564 fecit
1489 1537 1708 1565 ecclesiasticam.
1730 1539 1831 1574 Argen-

1045 1584 1101 1607 tum
1115 1585 1203 1608 autem
1218 1585 1246 1608 et
1262 1588 1355 1609 aurum
1379 1589 1439 1610 cum
1462 1583 1621 1611 credidisset
1633 1583 1737 1611 cuidam
1752 1583 1833 1611 Paulo

1045 1626 1198 1661 presbytero
1220 1626 1296 1662 (187)
1321 1628 1453 1656 monacho
1476 1628 1620 1660 Dalmatae.
1637 1629 1662 1656 id
1687 1636 1734 1662 per
1757 1636 1831 1656 mare

1043 1672 1114 1698 misit
1124 1671 1155 1699 ad
1166 1671 1318 1706 Orientem;
1331 1679 1410 1707 atque
1419 1673 1535 1708 [Egypto
1546 1674 1651 1709 quidem
1663 1678 1690 1701 et
1698 1674 1830 1702 Thebaidi

1043 1719 1131 1746 decies
1151 1720 1225 1748 mille
1248 1720 1361 1752 solidos,
1380 1721 1526 1748 Antioehia:
1547 1725 1634 1748 autem
1658 1726 1684 1748 et
1698 1721 1755 1756 ejus
1771 1729 1830 1756 quse

1043 1764 1112 1790 circa
1128 1764 1211 1798 ipsam
1237 1769 1300 1792 sunt
1319 1765 1474 1800 regionibus
1498 1766 1598 1794 solidos
1625 1765 1714 1793 decies
1737 1766 1829 1799 mille;

1044 1809 1192 1838 Palaestina:
1208 1811 1308 1839 solidos
1322 1811 1475 1845 quindecies
1491 1811 1563 1839 mille
1576 1811 1720 1839 distribuit.
1739 1812 1831 1839 Eccle-

1044 1856 1092 1883 siis
1107 1861 1194 1883 autem
1210 1864 1269 1891 quas
1283 1862 1344 1884 sunt
1357 1857 1383 1884 in
1399 1857 1552 1889 Occidente,
1566 1862 1593 1884 et
1611 1857 1792 1890 monasteriis,
1807 1861 1834 1884 et

1044 1900 1232 1934 xenodochiis,
1247 1907 1274 1929 et
1284 1902 1407 1929 omnibus
1421 1902 1560 1936 egentibus
1576 1910 1624 1936 per
1638 1903 1754 1936 seipsam
1768 1909 1832 1936 sup-

1045 1947 1187 1982 peditavit,
1202 1951 1229 1975 et
1242 1948 1392 1983 suppeditat
1408 1948 1449 1976 his
1463 1949 1610 1983 quadruplo
1623 1949 1708 1983 plura,
1721 1953 1749 1975 ut
1764 1948 1833 1976 Deus

1046 1993 1119 2020 novit
1139 2000 1171 2020 ex
1187 1999 1234 2021 ore
1257 1993 1341 2021 leonis
1356 1993 1432 2029 (188)
1451 1994 1546 2021 Alarici
1570 1994 1687 2028 eripiens
1712 1993 1763 2021 lide
1787 2001 1833 2021 sua

1046 2037 1087 2074 (Il
1113 2037 1224 2066 Timoth.
1238 2046 1273 2071 tv,
1292 2039 1346 2074 17).
1372 2039 1504 2067 Liberavit
1526 2045 1614 2067 autem
1638 2047 1775 2066 servarunt
1791 2040 1834 2073 qui

1047 2084 1187 2111 voluerunt
1208 2089 1268 2112 octo
1292 2085 1391 2118 miilia;
1409 2086 1502 2120 reliqui
1527 2086 1596 2112 enim
1620 2085 1771 2117 noluerunt,
1787 2087 1832 2111 snt

1046 2129 1196 2157 maluerunt
1212 2137 1320 2158 manere
1330 2138 1390 2158 cum
1408 2130 1487 2158 fratre
1502 2131 1576 2166 (139)
1593 2130 1659 2166 ejus.
1676 2131 1774 2158 Omnes
1787 2139 1833 2158 an-

1047 2180 1099 2202 tem
1121 2177 1303 2210 p0ssessiones
1317 2184 1381 2210 quas
1395 2177 1487 2204 habuit
1506 2177 1532 2204 in
1549 2177 1693 2211 Hispaniis,
1707 2177 1734 2204 in
1752 2177 1832 2212 Aqui-

1047 2221 1129 2253 tania,
1138 2222 1164 2249 in
1174 2222 1367 2250 Tarraconensi
1379 2227 1405 2250 et
1416 2223 1518 2254 Galliis,
1527 2227 1554 2250 et
1564 2223 1590 2250 in
1602 2224 1661 2251 aliis
1672 2223 1833 2254 civitatibus,

1047 2274 1108 2294 cum
1119 2267 1291 2302 vendidisset,
1306 2275 1351 2295 eas
1376 2268 1410 2296 ad
1443 2273 1499 2296 tres
1529 2276 1617 2304 usque
1648 2269 1750 2296 solidos
1777 2268 1833 2294 dis-

1050 2313 1156 2346 tribuit;
1169 2321 1229 2348 qttte
1242 2318 1330 2340 autem
1348 2313 1462 2340 habebat
1477 2314 1504 2340 in
1520 2313 1622 2345 Sicilia,
1637 2312 1792 2347 Campania,
1809 2317 1836 2340 et

1049 2357 1150 2392 Africa,
1161 2359 1210 2387 sibi
1222 2359 1336 2394 reliquit,
1346 2364 1374 2386 ut
1384 2360 1552 2393 suppeditare
1564 2365 1652 2394 posset
1665 2359 1834 2386 monasteriis

1048 2407 1076 2431 et
1089 2404 1189 2439 egenis.
1206 2404 1267 2431 Hac
1280 2410 1321 2432 est
1340 2405 1469 2439 sapientia
1491 2404 1517 2431 in
1541 2404 1635 2439 primis.
1655 2403 1796 2439 religiosae,
1808 2407 1836 2430 et

1048 2455 1107 2483 quae
1120 2453 1236 2477 mentem
1249 2449 1361 2477 senilem
1372 2454 1526 2484 susceperat
1536 2449 1569 2477 de
1582 2449 1702 2484 pecunia:
1713 2449 1834 2480 materia.

1050 2495 1169 2524 Melania:
1182 2495 1304 2530 junioris.

1085 2552 1147 2580 Haec
1156 2555 1242 2578 autem
1258 2555 1315 2578 erat
1328 2558 1386 2585 ejus
1397 2550 1551 2578 exercitatio
1565 2558 1573 2577 :
1588 2550 1651 2577 Post
1665 2550 1735 2578 diem
1751 2558 1832 2578 unum

1049 2598 1223 2630 comedebat;
1241 2598 1266 2624 in
1283 2597 1412 2631 principio
1427 2601 1514 2623 autem
1536 2601 1595 2630 post
1614 2596 1740 2631 quinque,
1764 2598 1837 2624 varia

1048 2644 1153 2671 ancillis
1163 2644 1217 2670 suis
1231 2643 1366 2675 serviens;
1381 2649 1448 2676 quas
1461 2642 1539 2668 etiam
1553 2649 1642 2669 secum
1656 2650 1706 2670 una
1721 2643 1834 2670 reddidit

1048 2688 1256 2717 exercitatrices.
1269 2688 1327 2716 Jam
1342 2695 1405 2714 vero
1424 2688 1479 2721 ipsa
1494 2695 1598 2722 quoque
1618 2688 1715 2715 multos
1728 2695 1760 2715 ex
1775 2688 1830 2715 suis

1049 2735 1168 2769 cognatis
1181 2734 1281 2762 ducens
1295 2733 1328 2761 ad
1348 2733 1432 2761 zelum
1446 2733 1577 2766 divinum,
1594 2732 1660 2761 fecit
1669 2738 1698 2760 ut
1715 2733 1836 2760 similit-Ir

1049 2784 1127 2815 atque
1142 2780 1197 2814 ipsa
1213 2779 1335 2814 religiose
1347 2778 1429 2806 Deum
1449 2779 1577 2806 colerent.
1592 2779 1652 2807 llaec
1665 2783 1707 2806 est
1721 2779 1773 2806 vita
1787 2779 1829 2814 ju—

1050 2827 1124 2854 venis
1138 2826 1258 2855 Melanim
1272 2833 1318 2861 per
1340 2825 1480 2856 Dominum
1503 2830 1621 2855 nostrum
1641 2824 1732 2855 Iesum
1755 2824 1834 2854 Citri-

1048 2877 1126 2901 stum.
