2072 3153
198 181 268 217 1233

478 239 607 267 ΚΕΦΔΔ.
634 239 702 266 PK'.

469 282 541 320 ηερι
562 281 710 314 ’Λλϐίναςκ

232 324 311 360 Ἔχει
333 323 363 351 δι
385 322 446 359 μεθ’
470 323 574 359 ἑαυτῆς
594 323 641 349 καὶ
666 323 716 358 τὴν
735 322 843 358 μητέρα
862 322 987 348 Ἀλϐίναν

194 366 370 402 ἀσκουμένην
386 364 487 400 ὁμοίως
509 365 556 391 καὶ
571 363 821 399 διασκορπίζουσαν
837 363 897 390 κατ’
917 363 987 394 ίδίαν

195 409 276 436 πάλιν
284 407 320 434 τὰ.
331 407 384 434 ίδια
394 408 533 442 χρήματα.
549 405 625 432 Είσὶν
636 404 684 433 οὖν
695 405 820 432 οἰκοῦσαι
837 406 866 431 ἐν
877 406 984 440 ἀγροῖς·

195 451 259 477 ποτὲ
272 451 301 478 ἐν
316 451 372 480 τοῖς
381 448 518 480 Σικελίας,
534 448 599 474 ποτὲ
614 449 643 474 ἐν
654 449 710 480 τοῖς
721 447 899 482 Καμπανίας,
917 446 987 482 μετὰ

194 491 332 527 εὐνούχων
347 490 510 522 δεκαπέντε,
528 489 576 516 καὶ
591 489 746 525 παρθένων,
764 489 812 516 καὶ
824 488 963 515 δουλίδων.

475 535 601 569 ΚΕΦΑᾸ.
620 541 710 569 PKA'.

468 584 539 619 Περὶ
558 583 713 611 Πινιανοῦ.

236 628 352 664 Ὁμοίως
362 627 411 654 καὶ
423 627 438 653 ὁ
452 626 579 658 Πινιανὸς
590 627 604 653 ό
614 627 675 653 τότε
687 625 759 662 ἀνὴρ
771 625 869 662 αὐτῆς,
883 625 932 653 νῦν
945 625 984 659 δὲ,

196 670 316 705 ἀδελφοὶ,
333 670 378 697 διὰ
401 668 447 696 τδν
461 668 580 704 Χριστὸν
594 670 644 703 τῆς
655 668 756 703 ἀρετῆς
769 667 902 703 συνεργὸς
917 667 986 702 ὀμό-

196 721 282 748 φρων,
303 711 523 746 συνασκούμενος
547 709 616 745 μετὰ
637 709 810 744 μοναξόντων
825 710 986 746 τριάκοντα,

196 754 242 785 καὶ
253 752 448 788 ἀναγινώσκων
463 751 513 783 τὰς
525 751 600 783 θείας
615 750 737 786 Γραφάς.
752 751 810 778 Καὶ
821 751 887 786 περὶ
899 751 988 784 κῆπον

197 795 432 830 μετεωριζόμενος
454 794 501 820 καὶ
523 792 679 827 συντυχίας.
697 793 734 820 Οὐ
759 792 866 829 μικρῶς
888 792 916 819 δὲ
940 792 988 819 καὶ

196 837 269 873 ἡμᾶς
279 837 405 867 πλείονας
417 835 498 866 ὂντας
512 834 646 870 ἐτίμησαν
656 834 826 866 ἀπελθόντας
835 835 865 861 ἐν
881 833 986 870 Ῥώμῃ,

196 878 241 905 διὰ
253 878 299 905 τὸν
317 878 452 912 μακάριον
472 876 601 911 Ἰωάννην
629 876 676 902 τὸν
697 876 857 908 ἐπίσκοπον,
874 875 922 902 καὶ
940 876 987 902 ἁν-

197 918 320 945 έπαυσαν
334 912 408 953 ἡμᾶς
422 917 470 944 καὶ
493 915 662 951 ξενοδοχείῳ,
676 916 724 944 καὶ
737 916 856 950 ἐφοδίοις
875 915 986 950 δαψιλε-

197 960 317 997 στάτοις,
340 959 409 995 μετά
428 958 530 994 πολλῆς
549 959 637 994 χαρᾶς
652 958 840 993 καρπούμενοι
859 958 909 992 τὴν
924 957 989 984 αίώ-

195 1010 253 1030 νιον
268 1002 341 1038 ζωὴν
354 1003 412 1034 τοῖς
428 1000 608 1036 θεοδωρήτοις
627 1001 720 1038 ἔργοις
741 1001 791 1036 τῆς
805 999 922 1036 ἀρίστης
940 1007 988 1026 πο-

195 1042 308 1077 λιτείας.

473 1085 601 1112 ΚΕΦΑΛ.
616 1085 708 1112 PKB’.

450 1133 522 1167 Περὶ
542 1133 732 1168 Παμμαχίου.

231 1175 341 1202 Τούτων
359 1174 496 1209 συγγενὴς
511 1174 626 1209 ὀνόματι
647 1172 820 1209 Παμμάχιος
843 1172 899 1199 ἀπὺ
922 1171 988 1200 ἀνο-

197 1217 308 1252 υπάτων
317 1217 418 1251 ὁμοίως
427 1215 636 1251 ἀποταξάμενος
646 1215 727 1250 ἔζησε
735 1215 782 1241 τὸν
793 1215 905 1249 ἄριστον
920 1213 988 1250 βίον,

197 1259 288 1293 πάντα
297 1259 342 1285 τὸν
350 1258 465 1285 πλοῦτον
477 1257 573 1290 αὑτοῦ,
587 1257 633 1284 τὸν
646 1257 695 1292 μὲν
707 1256 762 1289 ζῶν
778 1256 988 1292 διασκορπίσας,

197 1300 242 1326 τὸν
260 1301 288 1326 δὲ
299 1299 436 1326 τελευτῶν
453 1301 513 1332 τοίς
531 1300 651 1334 πτωχοῖς
668 1297 846 1333 καταλείψας,
861 1297 929 1334 πρὸς
943 1297 989 1324 τὸν

197 1342 301 1378 Κύριον
318 1341 404 1376 ἁπεδή
409 1349 507 1378 μησεν.

477 1382 604 1413 ΚΕΦΔΛ.
617 1381 705 1409 ΡΚΓ’.

462 1423 532 1458 Περὶ
549 1424 716 1458 Μακαρίου.

239 1465 355 1501 Ὁμοίως
372 1466 419 1494 καὶ
433 1465 579 1501 Μακάριός
593 1474 633 1497 τις
649 1465 762 1500 ὀνόματι
777 1463 832 1492 ἀπὸ
847 1463 990 1501 Βικαριας,

463 1519 552 1545 ΚΕΦΑ
558 1519 590 1545 Λ.
618 1519 705 1545 ΡΚΔ¹.

423 1560 493 1595 Περὶ
520 1559 763 1587 Κωνσταντίνου.

234 1603 290 1630 Καὶ
306 1602 523 1634 Κωνσταντῖνος,
549 1601 734 1637 συγκάθεδρος
761 1600 907 1636 γενόμενος
934 1599 988 1627 τῶν

199 1645 270 1676 κατὰ
289 1644 405 1671 Ἰταλίαν
417 1644 557 1679 ἐπάρχων,
572 1644 668 1679 ἄνδρες
682 1643 813 1678 ἐπίσημοι
823 1643 871 1669 καὶ
882 1641 989 1676 ἐλλογι-

200 1686 332 1723 μώτατοι,
350 1686 398 1713 καὶ
413 1686 453 1718 είς
477 1686 562 1721 ἄκρον
587 1685 725 1720 φιλοθετας
748 1684 910 1716 ἐλάσαντες·
943 1683 990 1715 οὓς

199 1728 239 1755 ἔτι
253 1729 358 1764 νομίζω
372 1728 420 1755 καὶ
435 1728 483 1754 νῦν
503 1728 533 1754 ἐν
551 1727 635 1763 σαρκὶ
652 1727 797 1762 ὑπάρχειν,
820 1726 865 1752 τὸν
880 1726 990 1761 ἄριστον

199 1771 248 1805 τῆς
270 1770 408 1801 πολιτείας
423 1770 525 1804 θεσμὸν
548 1769 744 1804 ἐξασκοῦντας,
772 1768 821 1803 τὴν
850 1768 991 1803 μακαρίαν

200 1810 248 1837 καὶ
266 1809 404 1845 ἀκήρατον
418 1808 492 1843 ζωὴν
505 1808 702 1842 ἀναμένοντας.

481 1859 609 1888 ΚΕΦΔΛ.
627 1859 716 1887 ΡΚΕε.

487 1901 559 1936 Περὶ
573 1902 678 1935 Παύλη
682 1911 708 1934 ς.

243 1944 288 1972 Ἐν
304 1940 348 1976 αῖς
365 1943 414 1971 καὶ
428 1942 523 1980 Παύλῃ
531 1945 564 1979 τῇ
584 1943 710 1978 Ῥωμαία
720 1943 753 1979 τῇ
765 1941 849 1978 μητρὶ
864 1940 990 1974 Τοξοτίου

201 1987 322 2021 γυναικὶ,
338 1986 379 2018 είς
393 1985 443 2020 τὴν
453 1985 647 2021 πνευματικὴν
662 1984 803 2011 πολιτείαν
818 1983 991 2019 ἀστειοτάτῃ.

203 2024 257 2059 Ἦς
270 2028 398 2063 ἐμπόδιον
410 2027 522 2062 γέγονεν
534 2025 695 2062 Ἱερώνυμός
709 2035 751 2058 τις
761 2025 816 2052 ἀπὸ
823 2024 991 2060 Δαλματίας.

203 2070 361 2104 Δυναμένην
378 2069 432 2104 γὰρ
452 2068 538 2104 αὐτὴν
558 2067 732 2103 ὑπερπτῆναι
751 2067 870 2100 πολλῶν,
892 2067 936 2094 ἴνα
955 2066 993 2103 μὴ

203 2112 273 2139 εἴπω
285 2111 390 2143 πασῶν,
408 2111 583 2145 εὐφυεστάτη
597 2108 675 2143 οὖσα,
690 2110 730 2140 είς
740 2109 790 2144 τὴν
802 2109 931 2144 ἐνάρετον
945 2116 994 2135 πο-

202 2153 316 2185 λὶτείαν,
334 2152 560 2187 προσενεπόδισεν
570 2153 603 2187 τῇ
619 2150 717 2178 ἑαυτοῦ
730 2150 864 2186 βασκανίᾳ
878 2150 995 2182 ἑλκύσας

203 2195 288 2230 αὐτὴν
300 2194 368 2230 πρὸς
383 2194 429 2221 τὸν
449 2193 517 2221 tam
529 2193 612 2221 αὑτοῦ
633 2193 745 2220 σκοπόν.

486 2247 614 2273 ΚΕΦΛΛ.
641 2246 738 2280 Ριςςι.

465 2287 537 2322 Περὶ
551 2288 731 2321 Εὑστοχίας.

237 2327 294 2361 ἿΙς
309 2329 434 2367 θυγάτηρ
450 2329 535 2362 ἐστὶν,
555 2328 602 2356 καὶ
626 2328 675 2356 νῦν
688 2330 825 2363 ἀσκεῖται,
848 2329 996 2366 Εὑστόχιον

203 2373 316 2408 ὀνόματι
333 2373 362 2399 ἐν
374 2371 509 2408 Βηθλεέμ.
526 2367 581 2404 Ἧς
592 2371 649 2406 ἐγὼ
670 2372 700 2398 ἐν
718 2373 850 2408 συντυχίᾳ
870 2373 922 2399 οὐκ
935 2374 997 2407 ἐγε-

203 2415 305 2452 γόνειν.
333 2413 450 2448 Λέγεται
476 2413 506 2440 δὲ
535 2413 640 2449 σφόδρα
665 2411 737 2440 εῖναι
772 2413 996 2450 σωφρονεστάτη,

205 2457 328 2484 συνοδίαν
340 2456 439 2492 ἔχουσα
453 2456 623 2493 πεντήκοντα
640 2457 794 2490 παρθένων.

485 2498 612 2528 ΚΕΦΑΔ.
628 2497 714 2525 ΡΚΖ’.

481 2539 554 2574 Περὶ
566 2540 720 2577 Βενερίας.

242 2582 350 2617 Ἐγνων
361 2582 390 2609 δὲ
409 2581 457 2608 καὶ
474 2581 606 2617 Βενερίαν
622 2582 671 2617 τὴν
696 2581 864 2609 Καλλοδίκου
881 2582 929 2609 τοῦ
951 2582 998 2609 κό-

207 2632 292 2660 μητος
300 2623 635 2660 καλῶςδιασκορπίσασαν
642 2617 673 2650 τὸ
682 2624 731 2659 τῆς
740 2624 865 2660 καμήλου
875 2625 996 2660 φορτίον,

206 2666 254 2694 καὶ
267 2666 471 2702 ἀπαλλαγεῖσαν
485 2665 540 2692 τῶν
553 2667 585 2693 ὲκ
597 2665 647 2701 τῆς
665 2665 730 2701 ὕλης
743 2667 922 2702 τραυμάτων.

483 2711 611 2737 ΚΕΦΔΛ.
629 2709 721 2738 ΡΚΗ’.

467 2753 537 2788 Περὶ
560 2752 722 2787 Θεοδώρας.

242 2794 299 2822 Καὶ
314 2795 363 2832 τὴν
379 2794 521 2831 μακαρίαν
537 2795 679 2830 Θεοδώραν
703 2794 754 2830 τὴν
773 2794 821 2822 τοῦ
843 2796 997 2832 τριϐούνου,

208 2837 258 2871 τὴν
276 2837 323 2863 ἐπὶ
337 2837 466 2865 τοσοῦτον
481 2838 676 2873 ὰκτημοσύνης
702 2836 850 2872 ἐλάσασαν,
865 2838 903 2872 ὼς
917 2839 996 2876 ἐλεη-

211 2877 329 2914 μοσύνην
341 2879 444 2915 ταύτην
456 2879 593 2908 λαϐοῦσαν
607 2880 678 2907 οὕτω
692 2879 863 2916 τελευτῆσαι.

811 181 993 213 HISTORIA
1018 181 1215 215 LAUSIACA.

1762 189 1772 221 1
1778 189 1831 222 23‘

1310 244 1436 273 ΚΕΦΔΔ.
1460 246 1549 275 ΡΚΘι.

1319 299 1390 333 Περὶ
1418 300 1543 333 οὐσίας.

1079 347 1125 375 Ἐν
1138 347 1177 383 τῷ
1201 350 1378 385 μοναστηρίῳ
1397 351 1445 378 τοῦ
1465 351 1571 387 Ἦσυχᾶ
1594 350 1670 387 παρά
1693 351 1830 379 θάλασσαν

1037 388 1137 458 ἔγνωῑνιι
1153 389 1256 418 Οὐσίαν
1286 392 1409 427 ὀνόματι,
1448 394 1484 420 τὰ
1509 393 1558 421 ὅλα
1585 394 1633 421 καὶ
1661 393 1831 429 σεμνοτάτην

1037 440 1106 458 Υυνα
1138 441 1167 458 α.

1037 440 1155 466 γυναικα
1160 453 1167 460 .

1324 476 1450 504 ΚΕΦᾹΛ.
1473 477 1538 505 PA'.

1320 518 1391 552 Περί
1413 517 1563 553 Ἀδολίας.

1075 557 1132 585 Καὶ⁵
1157 559 1208 594 τὴν
1228 558 1331 594 ταύτης
1354 560 1472 596 ἀδελφὴν
1501 561 1634 593 ’Δδολίαν,
1660 560 1710 592 καὶ,
1729 561 1832 596 ταύτην

1044 597 1210 633 βεϐιωκυίαν
1225 601 1255 628 ἐν
1270 601 1366 637 ἀρετῇ,
1383 602 1435 629 οὐκ
1464 602 1547 635 ἀξίως
1570 602 1621 637 μὲν
1642 602 1757 637 ταύτης,
1780 604 1830 629 ἐπ-

1037 639 1120 674 αξίως
1135 641 1164 668 δὲ
1179 641 1229 678 τῆς
1239 642 1381 678 δυνάμεως
1395 644 1499 679 ἑαυτῆς
1522 644 1645 680 ζήσασαν
1662 644 1736 680 ζήλῳ
1750 644 1830 672 Θεοῦ,

1306 694 1436 722 ΚΕΦΑΛ.
1462 695 1549 722 PAA’.

1278 737 1348 770 Περὶ
1363 737 1581 770 Βασιανίλλας.

1074 777 1181 811 Ἔγνων
1193 777 1249 811 ἐγὼ
1265 777 1313 804 καὶ
1338 778 1527 809 Βασιανίλλαν,
1544 778 1595 813 τὴν
1615 776 1768 805 Κανδιανοῦ
1782 776 1830 803 τοῦ

1039 819 1236 854 στρατηλάτου,
1258 819 1407 854 προθύμως
1429 821 1476 847 καὶ
1509 820 1632 851 εὐλαϐῶς
1655 820 1705 855 τὴν
1731 819 1831 855 ἀρετὴν

1039 860 1243 895 ἑξασκήσασαν,
1256 861 1304 888 καὶ
1318 861 1452 898 ἐχομένην
1464 862 1548 889 εἰσέτι
1564 862 1611 889 καὶ
1628 861 1676 889 νῦν
1688 861 1742 889 τῶν
1758 859 1832 895 ἀγώ-

1003 907 1024 935 B
1038 911 1093 930 νων
1113 902 1248 939 σφοδρῶς.

1311 945 1441 973 ΚΕΦΔΔ.
1473 945 1563 977 ΡΛΒ’.Δ

1302 986 1373 1021 Περὶ
1393 987 1553 1021 Φωτεινῆς.

1075 1027 1134 1055 Καὶ
1158 1028 1297 1064 Φωτεινὴν
1323 1028 1459 1064 παρθένον
1477 1028 1652 1064 σεμνοτάτην.
1677 1029 1717 1060 εἰς
1735 1028 1834 1064 ἀκρον,-

1040 1068 1179 1105 θυγατέρα
1202 1069 1229 1096 δὲ
1245 1070 1407 1098 Θεοκτίστου
1425 1070 1473 1098 τοῦ
1495 1070 1683 1107 πρεσϐυτέρου
1698 1070 1745 1098 τοῦ
1762 1071 1835 1103 κατά

1040 1111 1214 1139 Λαοδίκειαν.

1324 1153 1453 1181 ΚΕΦΔΛ.
1470 1154 1555 1181 PAF'.

1046 1231 1050 1234 _
1307 1196 1377 1230 Περὶ
1397 1197 1558 1229 Ἀσέλλας.

1076 1236 1147 1264 Ἰδον
1163 1236 1192 1264 δὲ
1207 1237 1255 1264 καὶ
1284 1237 1313 1264 ὲν
1341 1237 1435 1274 Ῥώμῃ
1458 1238 1506 1273 τὴν
1529 1237 1616 1273 καλὴν
1633 1237 1763 1265 Ἀσέλλαν
1782 1237 1833 1273 τὴν

1040 1279 1176 1314 παρθένον
1189 1278 1309 1314 Χριστοῦ
1328 1279 1420 1310 καλῶς
1443 1281 1633 1314 γεγηρακυῐαν
1652 1280 1681 1306 ἐν
1696 1279 1734 1314 τῷ
1750 1287 1833 1314 μονα-

1041 1321 1156 1357 στηρίῳ,
1173 1321 1276 1356 σφόδρα
1294 1320 1456 1356 πραῦτάτην
1472 1321 1590 1355 γυναῖκα
1603 1321 1651 1347 καὶ
1664 1320 1834 1356 ἀνεχομένην

1041 1362 1175 1394 συνοδίας.
1197 1362 1242 1389 Ἐν
1258 1359 1299 1394 οἷς
1315 1362 1475 1398 ἐθεασάμην
1489 1362 1589 1396 ἄνδρας
1599 1371 1629 1389 τε
1643 1362 1690 1389 καὶ
1700 1363 1833 1397 γυναῖκας

1040 1404 1268 1440 νεοκατηχήτους.

1308 1447 1435 1474 ΚΕΦᾹΛ.
1457 1447 1541 1474 ΡΛΔ’.

1311 1488 1383 1522 Περί
1408 1488 1549 1522 Ἀϐίττας.

1083 1535 1261 1573 Ἐθεασάμην
1284 1537 1332 1564 καὶ
1352 1536 1401 1573 τὴν
1420 1537 1560 1573 μακαρίαν
1580 1536 1707 1564 Ἀϐίτταν
1724 1535 1773 1572 τὴν
1785 1535 1834 1564 τοῦ

1001 1575 1026 1614 C
1040 1578 1109 1606 Θεοῦ
1126 1579 1215 1612 ἀξίαν,
1242 1579 1291 1607 σὺν
1301 1579 1341 1615 τῷ
1363 1578 1468 1615 ταύτης
1487 1579 1566 1615 ἀνδρὶ
1592 1577 1770 1614 Ἀπρινιανῷ,
1786 1578 1835 1604 καὶ

1041 1622 1076 1656 τῇ
1090 1621 1194 1648 τούτων
1204 1620 1323 1656 θυγατρῖ⁹
1335 1621 1468 1657 Εὑνομίῃ,
1482 1622 1512 1647 ὲν
1522 1621 1606 1648 πᾶσιν
1615 1620 1833 1657 εὐαρεστούντας

1041 1662 1080 1698 τῷ
1095 1662 1171 1698 Θεῷ·
1191 1663 1229 1694 ὡς
1248 1663 1379 1698 ἄντικρυς
1398 1662 1580 1698 μετατεθῆναι
1597 1662 1695 1698 ῥᾳδίως
1718 1661 1772 1689 ἀπὸ
1784 1661 1833 1688 τοῦ

1041 1705 1186 1739 ἀνειμένου
1207 1705 1254 1732 καὶ
1271 1705 1410 1740 τρυφηλοῦ
1430 1705 1488 1740 βίου
1510 1705 1557 1731 ἐπὶ
1567 1704 1617 1740 τὴν
1637 1704 1765 1740 ἐνάρετον
1787 1703 1834 1730 καὶ

1042 1746 1165 1781 ἐγκρατῆ
1190 1747 1329 1773 πολιτείαν
1343 1755 1350 1762 ·
1376 1746 1594 1779 καταξιωθέντες
1616 1746 1646 1772 ἐν
1667 1745 1774 1777 τούτοις
1788 1745 1835 1772 καὶ

1041 1787 1092 1822 τῆς
1105 1788 1135 1814 ἐν
1151 1787 1264 1822 Χριστῷ
1281 1788 1436 1822 κοιμήσεως
1446 1795 1454 1803 ⁵
1476 1787 1707 1821 ἐλευθερωθέντες
1720 1787 1769 1822 μὲν
1780 1787 1835 1813 πά-

1043 1837 1094 1863 σης
1109 1828 1248 1863 ἁμαρτίας
1270 1829 1381 1860 τελείως
1391 1837 1399 1844 ·
1414 1828 1490 1860 ἐντὸς
1504 1829 1533 1855 δὲ
1547 1829 1596 1855 καὶ
1609 1828 1737 1862 γνώσεως
1755 1829 1835 1862 γενό-

1044 1877 1120 1905 μενοι
1128 1870 1158 1897 ἐν
1167 1870 1220 1906 μνή
1225 1877 1263 1906 μη
1272 1869 1362 1906 ἀγαθῇ
1371 1869 1417 1896 τὸν
1425 1869 1483 1905 βίον
1492 1869 1598 1897 ἑαυτῶν
1606 1870 1831 1905 καταλείψαντες.

1324 1922 1453 1951 ΚΕΦΔΛ.
1478 1921 1564 1949 ΡΛΕ¹.

1340 1969 1411 2004 Περὶ
1426 1969 1543 2004 Μάτγα.

1085 2011 1130 2038 Ἐν
1143 2010 1229 2045 ταύτῃ
1261 2011 1295 2046 τῇ
1310 2011 1387 2037 πόλει
1408 2010 1531 2047 Ἀγκύρᾳ
1545 2010 1642 2038 πολλαὶ
1658 2011 1707 2047 μέν
1719 2010 1773 2038 είσι
1787 2011 1836 2038 καὶ

1044 2052 1123 2081 ἄλλαι
1138 2052 1267 2088 παρθένοι
1275 2053 1313 2085 ὼς
1331 2053 1449 2088 χιλιάδες
1458 2052 1504 2080 δύο
1517 2053 1533 2088 ἢ
1549 2053 1647 2086 πλείω,
1664 2053 1835 2088 ἀσκούμενοι

1045 2095 1095 2130 τὴν
1112 2094 1205 2121 ἔνθεον
1221 2094 1361 2121 πολιτείαν
1385 2095 1436 2130 τῆς
1460 2095 1581 2130 ἀρετῆς,
1598 2095 1835 2131 ἐγκρατευόμεναι

1045 2138 1093 2165 καὶ
1110 2137 1195 2172 πολλῇ
1221 2136 1458 2173 ταπεινοφροσύνῃ
1474 2137 1570 2173 τρόπῳ
1590 2137 1679 2172 ἠπίων
1699 2137 1831 2170 συζῶσαι.

1045 2179 1106 2206 Είσὶ
1122 2179 1151 2206 δὲ
1171 2180 1219 2206 καὶ
1245 2179 1378 2214 ἐπίσημοι
1393 2181 1523 2214 γυναῖκες
1549 2180 1761 2215 διαπρέπουσαι,
1786 2180 1835 2208 καὶ

1047 2221 1093 2248 τὸν
1108 2220 1179 2248 θεῖον
1193 2220 1288 2255 ἀγῶνα
1308 2221 1377 2256 μετὰ
1401 2221 1503 2257 πολλῆς
1521 2222 1640 2256 σπουδῆς
1661 2223 1835 2255 ἐξανύουσαι.

1056 2263 1103 2291 Ἐν
1128 2261 1172 2294 αἷς
1196 2263 1341 2298 ἐπικρατεῖ
1367 2263 1428 2290 κατ’
1445 2263 1588 2290 εὐσέϐειαν
1613 2264 1723 2298 Μάγνα,
1742 2273 1839 2299 σεμνο-

1050 2304 1120 2340 τάτη
1131 2304 1200 2339 γυνὴ
1209 2305 1258 2332 καὶ
1268 2304 1454 2340 δοκιμωτάτη.
1467 2306 1520 2332 Ἦν
1533 2306 1583 2333 οὐκ
1593 2303 1651 2332 οἶδα
1660 2307 1687 2332 τί
1699 2306 1837 2341 ὀνομάσω,

1046 2346 1100 2382 ἀρα
1115 2346 1261 2382 παρθένον,
1278 2345 1295 2380 ἢ
1317 2347 1416 2382 χήραν.
1437 2347 1489 2383 Βίᾳ
1502 2348 1558 2382 γὰρ
1574 2347 1742 2382 ωναφθεῖσα
1758 2348 1836 2383 ἀνδρὶ

1046 2388 1123 2427 παρὰ
1137 2388 1187 2422 τῆς
1203 2387 1320 2428 μητρὸς,
1336 2388 1411 2423 ὅμως
1426 2389 1577 2416 δελεάσασα
1590 2388 1686 2415 τοῦτον
1699 2389 1838 2425 διαφόροις

1047 2430 1239 2466 ὑπερθέσεσιν,
1265 2432 1443 2466 σκηπτομὲνη
1467 2431 1564 2462 νόσους
1593 2431 1764 2466 σωματικὰς,
1789 2431 1838 2458 τοῦ

1049 2471 1152 2507 μύσους
1166 2471 1305 2506 ἄψαυστος
1317 2472 1366 2498 καὶ
1380 2471 1504 2507 ἀμύητος
1520 2471 1638 2507 ἔμεινεν,
1652 2472 1689 2505 ὥς
1709 2481 1793 2507 φασιν
1808 2474 1834 2500 οἱ

1046 2513 1149 2549 ταύτης
1171 2514 1266 2541 οίκεϊοι
1278 2522 1285 2529 ·
1308 2515 1339 2541 ὲν
1356 2511 1398 2546 οἷς
1414 2514 1473 2549 μετ’
1493 2513 1659 2549 ὸλιγὼτατον
1680 2514 1776 2550 χρόνον
1791 2523 1837 2541 τε-

1048 2555 1232 2591 λευτήσαντος
1242 2556 1289 2583 τοῦ
1304 2556 1411 2590 ἀνδρὸς,
1431 2555 1542 2583 πάντων
1556 2555 1625 2591 ὁμοῦ
1639 2556 1839 2592 μονοκληρονό-

1051 2605 1101 2633 μος
1130 2597 1265 2633 γενομένη
1288 2597 1336 2625 καὶ
1348 2597 1393 2624 διὰ
1413 2597 1468 2624 τῶν
1491 2597 1668 2633 προσκαίρων
1692 2598 1726 2624 τά
1742 2598 1839 2625 αἰώνια

1050 2638 1235 2675 ἀλλαξαμένη,
1261 2639 1356 2667 λοιπὸν
1380 2639 1446 2675 ὃλην
1469 2639 1569 2675 ἑαυτὴν
1591 2641 1773 2675 προσενήνοχε
1800 2641 1840 2676 τῷ

1048 2679 1120 2715 Θεῷ,
1135 2681 1177 2713 εις
1199 2681 1287 2718 ἄκρον
1302 2681 1470 2718 φροντίσασα
1483 2681 1534 2717 τῆς
1549 2682 1592 2709 ἀεὶ
1604 2681 1741 2717 μενούσης
1753 2682 1839 2716 ζωῆς,

1048 2722 1238 2758 προῖσταμένη
1263 2723 1371 2759 σεμνῶς
1396 2723 1452 2750 τῶν
1478 2723 1552 2750 ἰδίων
1577 2723 1709 2750 οἰκετῶν·
1735 2724 1841 2758 ζήσασα

1048 2763 1342 2799 ἀσκητικὼτατονιβίον
1357 2765 1405 2792 καὶ
1417 2764 1595 2800 σωφροσύνης
1603 2765 1738 2800 γέμοντα’
1751 2765 1841 2793 τοιαύ-

1048 2813 1099 2840 την
1113 2806 1212 2841 έχουσα
1227 2806 1329 2841 ἀκριϐῆ
1349 2806 1505 2841 συντυχίαν,
1534 2807 1572 2838 ὡς
1597 2806 1731 2834 αἰδεῖσθαι
1756 2807 1842 2841 αῷτῆς

1048 2846 1098 2881 τὴν
1105 2846 1235 2882 ἀντοψίαν
1245 2847 1366 2882 καὶτοὺς
1378 2848 1407 2874 ἐν
1423 2847 1504 2883 ἐξοχῇ
1516 2848 1694 2882 ἐπισκόπους,
1702 2849 1839 2886 ὑπερϐολῇ

1050 2889 1205 2921 εὐλαϐείας.
1221 2889 1295 2926 Α’ύτη
1308 2890 1359 2926 τὴν
1376 2889 1426 2926 μὲν
1440 2889 1542 2926 πολλὴν
1563 2891 1611 2919 καί¹
1624 2891 1760 2927 περισσὴν
1776 2890 1844 2927 ὕλην
