2067 3155
190 201 257 231 I237

820 187 978 216 HISTORIA
1000 184 1180 213 LAl'SIACA.

1732 175 1742 202 1
1748 177 1800 206 Ε’58

186 264 291 292 semper
302 257 398 285 manet,
415 251 470 278 suis
480 248 586 277 famulis
599 247 710 277 honeste
725 245 870 278 imperans,
883 250 963 277 agens
977 244 1000 272 Α
1013 240 1146 275 juniorem
1160 248 1168 266 ι
1181 238 1234 266 duo
1243 237 1312 264 bona
1327 240 1483 269 procurans,
1493 237 1521 260 et
1533 231 1603 259 illius
1621 229 1748 262 salutem;
1763 229 1802 256 illi

874 288 880 292 -
944 287 950 292 -
1058 288 1063 292 -
1097 290 1105 292 μ
1158 286 1169 292 ι-
1186 286 1192 292 ·
1226 288 1244 292 ν.
1349 278 1530 292 __:_.:..-.:-..:
1546 284 1571 292 η.
1584 277 1717 292 “manu:

186 287 267 330 vitain
288 296 522 327 laboriosissintam
545 297 574 321 et
600 293 703 327 plenam
725 288 921 323 temperantia:
944 287 970 315 in

186 352 329 380 congressu
344 348 397 370 tam
413 347 517 371 severa,
534 344 564 366 ut
580 339 665 370 ipsum
678 335 735 370 ejus
749 338 884 369 aspectum
896 340 972 360 reve-

185 397 310 420 rerentur
333 390 412 417 etiam
432 384 650 415 excellentissimi
677 381 793 417 episcopi
808 384 917 416 propter
929 378 972 406 in—

188 439 289 472 signem
308 437 433 471 pietatem
448 437 476 460 et
495 432 660 465 religionem.
686 429 772 462 Atque
791 427 847 460 ipsa
868 424 973 460 quidem

188 471 410 515 supervacaneam
425 482 452 506 et
467 477 575 504 nimiam
589 481 668 508 opum
685 471 822 499 materiam
836 474 974 504 pauperta-

190 528 224 554 tis
235 530 294 561 igne
303 523 467 557 consumpsit
478 531 484 548 :
494 527 553 556 quas
560 525 650 546 autem
659 519 826 552 supererant,
838 523 868 542 ea
877 514 975 541 consti-

191 559 279 600 tuitad
287 569 556 598 subministrationem
566 564 742 595 monasteriis,
756 559 974 596 ptochotropbiis,

191 617 373 647 xenodochiis,
382 613 515 646 ecclesiis,
528 610 696 646 pauperibus,
708 607 914 638 transeuntibus,
922 605 977 639 cpi-

193 664 289 698 scopis,
305 661 431 696 orphanis
442 679 450 689 .
463 659 564 689 viduis,
581 661 608 685 et
622 656 744 683 omnibus
763 654 902 688 egentibus
915 661 976 686 sup-

194 710 313 744 peditans
331 707 471 738 auxilium,
497 712 549 731 non
577 704 698 731 ces5al)at
726 700 848 727 hilariter
874 698 976 731 operati

195 743 317 789 pietatem
334 752 456 783 latenter,
472 753 500 777 et
515 756 562 782 per
576 755 614 780 se,
632 751 658 773 et
682 753 728 779 per
741 751 834 771 servos
856 743 978 770 ﬁdelissi-

194 806 250 826 tttos
263 819 270 830 ,
286 798 319 824 ab
342 796 453 823 ecclesia
475 802 526 820 non
547 792 672 820 recedens
692 794 770 817 noctu
793 788 905 816 maxime
924 797 930 813 2
952 789 977 814 in

194 844 314 871 otttnibus
327 843 352 869 itt
366 841 462 867 virtute
473 847 502 867 se
512 845 640 866 exercens
653 840 759 870 propter
771 842 843 869 spem
853 833 910 868 ejus
920 841 977 868 qua:

194 896 256 916 vere
270 893 309 916 est
325 888 387 913 vita.
445 917 556 945 CAPUT
575 911 706 944 cxxx"

206 967 245 994 De
257 967 362 1002 Virgine
372 965 429 1001 (2m
437 964 446 1000 )
454 971 510 998 qua»
521 962 619 996 excepit
632 959 798 987 Athanasium
810 958 966 992 episcopum.

229 1013 295 1041 Novi
309 1020 358 1047 ego
379 1009 546 1039 Alexandria
566 1007 705 1041 virginem.
730 1011 808 1039 quam
823 1002 979 1030 ollendina-

197 1063 248 1086 tam
262 1057 368 1085 circiter
389 1056 555 1088 septuaginta
570 1059 664 1091 annos.
691 1051 719 1077 Ei
735 1051 823 1077 clerus
842 1048 981 1076 universus

196 1103 275 1131 dabat
291 1101 485 1131 testimonium,
495 1098 564 1134 quod
578 1104 638 1124 cuiu
648 1100 718 1124 esset
733 1094 850 1129 juvenis,
867 1097 927 1120 nata
938 1099 981 1118 an-

197 1155 246 1178 nos
257 1147 362 1174 circiter
376 1145 476 1180 viginti,
489 1148 516 1170 et
529 1143 606 1174 longe
620 1141 820 1172 formosissima,
832 1138 983 1172 fugiebatur

196 1192 230 1219 ab
247 1191 279 1218 iis
291 1190 335 1225 qui
351 1193 427 1216 erant
440 1187 549 1215 studiosi
567 1185 672 1213 virtutis
687 1188 795 1218 propter
809 1181 982 1217 pulchritudi-

197 1242 269 1267 nem,
291 1242 325 1261 tte
344 1234 462 1260 inureret
475 1232 513 1258 eis
528 1230 643 1263 aliquam
667 1228 751 1254 labem
767 1234 800 1253 ex
823 1225 984 1259 suspicione.

198 1279 308 1314 Quando
336 1284 399 1311 ergo
421 1276 517 1303 accidit
539 1280 567 1300 ut
600 1273 691 1300 Ariani
718 1275 852 1298 struerent
875 1269 986 1296 insidias

201 1313 280 1352 beato
293 1321 436 1349 Athanasio
450 1318 627 1347 Alexandrino
637 1316 761 1351 episcopo
773 1322 819 1348 per
830 1313 985 1345 Eusebium,

199 1370 244 1404 qui
258 1372 315 1396 erat
334 1375 366 1395 eo
380 1372 499 1400 tempore
524 1364 681 1398 pra-positus
701 1361 750 1388 sub
764 1358 919 1387 Constantio
937 1359 988 1384 im-

199 1419 339 1451 peratore,
361 1413 521 1441 nefariorum
544 1411 685 1438 criminum
705 1414 765 1434 euttt
785 1409 941 1432 accusantes
963 1407 989 1428 et

198 1462 399 1490 calumniantes.
413 1465 498 1485 Vitans
508 1456 619 1492 judicari
633 1462 647 1481 a
661 1450 908 1486 corruptojudicio,
920 1448 989 1483 apud

200 1507 333 1534 tteminem
348 1512 428 1531 ausus
441 1508 481 1530 est
495 1502 662 1530 delitescere.
678 1506 730 1524 non
749 1495 818 1530 apud
837 1498 987 1528 cognatum,

200 1558 252 1578 non
270 1551 395 1582 anticum,
414 1556 466 1576 non
487 1547 622 1576 clericum,
638 1552 689 1570 non
705 1541 774 1576 apud
787 1541 900 1573 aliquem
911 1538 991 1565 aliunt

200 1594 376 1624 familiarem;
394 1593 439 1619 sed
456 1595 563 1625 repente
577 1589 759 1624 episcopatum
779 1585 906 1619 ingressis
926 1590 993 1617 pra:-

201 1639 265 1667 fecti
275 1639 442 1670 ministris,et
455 1645 513 1664 eum
523 1632 712 1670 qutcreutibus,
721 1634 829 1664 accepto
839 1635 889 1656 suo
899 1627 993 1654 sticha-

201 1686 241 1713 rio
254 1693 301 1713 seu
315 1685 414 1716 tunica,
425 1687 453 1711 et
465 1683 536 1710 birro
550 1680 636 1716 (202),
651 1678 738 1706 media
750 1681 828 1704 nocte
836 1674 953 1708 c0nfttgit
961 1673 993 1700 ad

203 1731 271 1758 hanc
287 1732 426 1765 virginem.
444 1729 488 1755 Illa
505 1732 593 1754 autem
614 1726 661 1752 fuit
683 1723 721 1750 rei
737 1722 852 1749 ueritate
871 1721 995 1752 obstupe-

204 1775 271 1803 facta
298 1779 324 1801 et
349 1775 442 1801 timore
465 1776 596 1804 correpta.
614 1770 681 1795 Dicit
705 1775 768 1801 ergo
783 1767 806 1792 ci
825 1765 965 1798 episcopus
982 1770 990 1789 :

204 1818 420 1852 Quandoquidem
435 1822 539 1849 quaeror
548 1814 581 1840 ab
596 1812 698 1839 Arianis
708 1831 716 1843 ,
729 1809 895 1836 nefariorum
906 1806 994 1834 crimi-

205 1871 267 1890 num
281 1862 315 1888 ab
328 1862 366 1888 vi;
381 1864 529 1890 accusatus,
540 1865 572 1884 ne
582 1863 644 1890 ergo
653 1859 679 1882 et
688 1861 736 1888 ego
749 1854 851 1880 veniam
863 1852 888 1878 in
900 1851 996 1877 malam

205 1906 441 1936 existimationem,
456 1909 482 1931 et
497 1903 523 1929 in
535 1906 671 1936 peccatum
684 1898 825 1932 conjiciunt
839 1903 885 1923 eos
899 1896 942 1930 qui
955 1902 998 1920 me

206 1952 299 1980 volunt
313 1951 420 1977 allicere
443 1947 583 1982 supplicio,
598 1953 629 1971 ea
644 1945 676 1972 de
693 1949 772 1970 causa
787 1941 877 1975 f-gere
897 1939 997 1966 consti-

207 1998 263 2030 tui;
279 1997 342 2023 mihi
365 2003 429 2029 ergo
451 1995 520 2021 Deus
545 1991 671 2020 revelavit
695 1990 743 2016 hac
767 1992 844 2015 nocte
867 1994 908 2013 me
928 1985 996 2019 apud

209 2042 309 2069 nullum
325 2042 404 2067 alium
419 2046 497 2072 posse
523 2045 584 2065 esse
607 2036 708 2063 salvum
735 2033 786 2061 nisi
801 2031 871 2066 apud
890 2037 925 2059 te.
949 2030 995 2057 Illa

208 2095 271 2122 ergo
296 2094 350 2121 pra:
373 2092 468 2119 magno
491 2083 587 2119 gaudio
610 2081 683 2108 omni
707 2081 790 2113 ejecta
811 2076 994 2109 dubitatione,

209 2141 268 2161 ctttn
285 2137 339 2159 tota
350 2135 421 2158 esset
444 2128 565 2161 Domini,
581 2131 700 2162 prompto
711 2129 738 2152 et
753 2123 834 2151 alacri
848 2123 938 2149 animo
950 2128 999 2148 oc-

211 2177 321 2205 cultavit
336 2175 532 2203 sanctissimum
548 2173 700 2207 episcopum
716 2176 763 2196 sex
777 2165 995 2201 annos,quandiu

212 2223 276 2249 vixit
292 2222 436 2255 imperator
458 2217 648 2246 Constantius:
670 2215 726 2249 ipsa
741 2217 769 2240 et
788 2213 845 2245 ejus
865 2212 945 2246 pedes
960 2211 997 2237 ia-

175 2291 182 2296 .
213 2274 290 2298 vans,
304 2270 331 2292 et
345 2267 513 2292 excrementa
527 2267 686 2295 expurgatis,
703 2263 729 2286 et
741 2259 767 2285 in
782 2257 841 2284 aliis
855 2264 914 2291 quae
925 2259 1000 2283 erant

214 2312 238 2338 ei
254 2310 311 2337 usui
324 2309 482 2338 inserviens,
498 2306 631 2339 librosque
646 2304 670 2331 ei
689 2302 863 2329 conmtodatts
877 2304 904 2327 et
929 2306 998 2333 prae-

215 2347 290 2383 beris.
306 2354 397 2388 Neque
417 2353 486 2378 ullus
508 2358 553 2377 sex
569 2350 645 2376 annis
667 2347 739 2374 novit
754 2345 920 2373 Alexandrina
944 2344 1001 2370 uhi-

215 2409 276 2428 nam
292 2404 382 2434 agvret
401 2398 494 2425 beatus
514 2394 674 2423 Athanasius
687 2394 837 2428 episcopus.
860 2391 1000 2423 Postquam

217 2454 280 2480 ergo
293 2446 343 2473 fuit
357 2443 511 2471 annuntiata
526 2448 597 2468 mors
611 2438 776 2475 imperatoris
796 2436 959 2467 Constantii,
975 2440 1002 2462 ct

216 2492 338 2526 pervenit
362 2489 394 2516 ad
410 2488 467 2523 ejus
481 2493 569 2517 aures,
585 2485 696 2512 honesto
708 2488 735 2510 et
752 2480 892 2508 venerabili
912 2480 1001 2506 habitu

219 2536 338 2568 ittdutns,
350 2541 441 2561 rursus
455 2537 532 2559 noctu
544 2530 593 2557 fuit
604 2531 724 2556 inventus
740 2528 766 2554 in
780 2526 902 2554 ecclesia.
917 2526 1000 2558 Quem

216 2582 337 2609 videntes
360 2586 452 2606 omnes
473 2583 566 2610 magna
582 2579 644 2602 sunt
661 2574 747 2601 allecti
763 2571 948 2601 admiratione.
970 2576 1001 2598 ut

217 2628 261 2662 qui
273 2627 358 2660 ipsnm
369 2625 455 2651 vivum
469 2621 632 2655 accepissent
642 2627 674 2647 ex
690 2618 811 2650 mortuis,
827 2617 905 2643 sintut
920 2621 999 2643 etiam

219 2677 279 2708 post
290 2672 382 2698 .lantes
392 2669 450 2703 ejus
463 2668 540 2694 amici
552 2667 585 2694 de
596 2666 704 2693 latebris
714 2672 771 2699 qua:
781 2663 815 2690 ab
825 2670 914 2689 eorum
927 2662 1001 2697 igno-

220 2719 321 2746 ratione
349 2714 459 2742 inveniri
484 2721 535 2739 nott
561 2714 708 2746 potuerant.
739 2709 885 2743 Respondit
912 2709 1000 2739 itaiue

220 2763 314 2790 beatus
325 2759 484 2788 Athanasius
494 2757 626 2792 germanis
637 2756 692 2784 suis
705 2755 796 2782 amicis
808 2762 816 2782 :
832 2754 868 2780 Ea
879 2753 912 2780 de
922 2759 1000 2779 causa

221 2807 253 2833 ad
270 2814 316 2833 vos
331 2813 383 2833 non
399 2803 517 2838 confugi,
533 2807 561 2829 ut
571 2809 634 2829 vere
646 2801 736 2836 jttrare
749 2800 880 2834 possetis;
899 2804 925 2826 et
937 2798 1003 2824 alio-

223 2853 266 2885 qui
280 2851 359 2880 etiam
380 2857 485 2886 propter
499 2847 737 2882 investigationem,
753 2845 785 2872 ad
807 2845 878 2872 illam
895 2843 1002 2878 confugi

224 2897 258 2925 de
278 2904 328 2933 qua
343 2904 420 2924 neuio
440 2894 567 2930 suspicari
585 2896 696 2928 poterat,
713 2895 805 2926 utpote
820 2890 961 2920 formosam
977 2894 1004 2917 ct

1022 286 1205 323 enim‘profui,
1220 288 1247 312 et
1264 290 1332 311 mea:
1345 278 1532 310 existimationi
1545 284 1573 306 et
1584 277 1724 305 securitati.

1273 337 1386 368 CAPUT
1407 334 1560 364 CXXXVII.

1274 395 1335 423 Vita
1349 395 1444 422 Ammtz
1456 392 1561 419 Talida.

1059 454 1089 481 In
1113 453 1220 480 civitate
1249 451 1357 479 Antinoi
1379 453 1442 477 sunt
1465 447 1620 475 feminarum
1646 443 1808 472 monasteria

1026 498 1165 526 duodecim
1177 505 1187 530 ί
1202 498 1228 523 in
1242 496 1337 531 quibus
1350 493 1461 522 conveni
1476 492 1554 519 etiam
1567 490 1689 517 Ammam
1703 488 1810 520 'l‘alida,

1027 551 1086 578 quat
1097 543 1230 577 Mtoginta
1242 549 1325 568 annos
1339 540 1426 567 luerat
1441 539 1467 565 in
1487 535 1692 566 exercitatione,
1707 538 1736 561 ut
1748 541 1811 560 nar-

1027 589 1102 616 rabat
1114 589 1169 622 ipsa
1178 593 1204 615 et
1213 587 1270 622 ejus
1280 587 1381 614 vicinae.
1393 585 1448 612 Una
1458 591 1518 610 cunt
1528 590 1558 610 ea
1571 581 1724 609 habitabant
1734 587 1812 606 sexa-

1028 634 1326 670 ginteadolescentulae.
1342 632 1407 659 Eam
1423 636 1511 656 autent
1527 628 1593 654 adeo
1611 626 1765 661 diligebant.
1782 629 1813 652 ιιι

1028 690 1060 708 nc.
1075 686 1146 708 esset
1168 681 1273 714 quidem
1288 679 1370 706 clavis
1382 677 1451 704 aulte
1466 673 1628 706 monasterii,
1645 678 1673 700 ut
1696 673 1721 699 in
1736 671 1794 698 aliis
1804 691 1812 703 ,

1028 727 1074 754 sed
1090 727 1154 760 ipsae
1167 725 1201 753 ab
1218 726 1276 758 ejus
1287 731 1379 751 amore
1398 728 1491 749 omnes
1503 721 1692 749 detinerentur.
1708 717 1745 744 Eo
1766 723 1814 742 att-

1033 777 1085 799 tetn
1102 770 1302 806 impatibilitatis
1316 767 1444 803 processit
1458 773 1534 798 anus,
1548 769 1576 792 ut
1585 772 1645 792 cum
1664 771 1714 798 ego
1726 769 1814 789 esscin

1030 819 1165 853 ingressus
1183 821 1211 844 et
1232 815 1424 847 consedissem,
1437 813 1492 847 ipsa
1515 818 1619 846 quoque
1633 810 1750 844 ingressa
1762 808 1814 840 sit,

1031 869 1058 891 et
1071 871 1122 890 una
1137 870 1242 891 mecum
1256 861 1366 892 sederit,
1381 864 1408 887 et
1422 865 1515 893 magna
1532 854 1654 884 libertate
1677 862 1708 882 ae
1721 853 1816 881 ﬁducia

1031 910 1058 937 in
1070 908 1176 938 Christo
1190 908 1256 936 meis
1270 906 1387 934 humeris
1402 911 1508 931 manum
1523 903 1687 936 imposuerit.

1281 959 1393 989 CAPUT
1405 956 1569 986 CXXXVIII.

1302 1016 1359 1042 Vita
1369 1014 1465 1041 Ammte
1475 1012 1554 1040 Taor.

1070 1074 1097 1101 In
1108 1073 1160 1100 hoc
1173 1072 1334 1100 monasterio
1348 1075 1406 1098 erat
1420 1070 1496 1103 virgo
1512 1068 1589 1102 hujus
1605 1066 1747 1101 discipula,
1771 1073 1820 1093 ne-

1037 1118 1109 1145 mine
1123 1117 1206 1151 Taor,
1227 1123 1287 1149 quas
1303 1114 1410 1149 triginta
1424 1120 1509 1140 attnos
1524 1116 1627 1139 versata
1642 1115 1699 1138 erat
1713 1111 1739 1137 in
1764 1118 1821 1137 mo-

1036 1162 1164 1194 nasterio,
1179 1167 1207 1187 ut
1223 1160 1368 1188 narrabant
1381 1158 1424 1192 qui
1441 1161 1580 1184 noverant.
1597 1157 1634 1183 Ea
1650 1160 1750 1182 vestem
1773 1163 1821 1181 no-

1037 1216 1097 1236 vatn
1121 1211 1167 1234 aut
1191 1209 1338 1233 mavortem
1367 1208 1413 1230 aut
1434 1203 1552 1230 calceum
1577 1201 1661 1228 noluit
1684 1200 1820 1234 accipere,

1036 1253 1127 1280 dicens
1141 1259 1148 1278 ι
1161 1251 1217 1278 Non
1226 1254 1268 1277 est
1283 1248 1347 1276 mihi
1362 1255 1439 1282 opus,
1451 1254 1484 1274 tte
1494 1247 1575 1274 etiam
1592 1252 1672 1280 cogar
1685 1244 1821 1279 progredi.

1037 1297 1104 1325 Alite
1114 1297 1183 1323 enim
1197 1302 1289 1322 omnes
1301 1294 1344 1321 die
1357 1292 1493 1322 Dominico
1515 1290 1717 1326 progrediuntur
1730 1289 1755 1315 iit
1780 1296 1824 1315 ec-

1037 1341 1145 1370 clesiam
1156 1343 1241 1376 gratia
1252 1339 1463 1370 communionis;
1480 1337 1523 1364 illa
1537 1341 1624 1363 autem
1639 1336 1666 1362 in
1681 1341 1818 1362 monaSIe-

1039 1387 1079 1414 rio
1090 1386 1213 1412 manebat
1227 1384 1320 1418 pannis
1332 1383 1429 1416 obsita,
1441 1381 1516 1417 operi
1526 1380 1630 1408 assidue
1641 1380 1773 1407 assidens.
1786 1379 1824 1406 Ea

1040 1437 1126 1459 autem
1147 1431 1196 1458 fuit
1208 1435 1259 1457 tam
1272 1429 1388 1464 eleganti
1412 1433 1533 1462 aspectu,
1557 1432 1586 1454 ut
1607 1433 1698 1460 parum
1720 1425 1827 1456 abess--t

1040 1478 1103 1512 qttin
1115 1478 1195 1505 etiam
1215 1477 1289 1503 valde
1304 1479 1458 1503 constantes
1476 1473 1662 1507 deciperentur
1683 1472 1742 1504 ejus
1765 1473 1823 1505 pul-

1040 1523 1200 1555 chritudine,
1216 1522 1268 1549 nisi
1286 1521 1388 1555 insigne
1411 1519 1560 1554 praesidium
1574 1517 1709 1544 habuisset
1721 1522 1825 1550 tempe-

1043 1569 1170 1599 rantiam,
1192 1574 1251 1602 qua;
1271 1567 1305 1593 ad
1319 1569 1418 1593 metum
1441 1569 1468 1591 et
1482 1562 1668 1591 verecundiam
1680 1561 1830 1591 deducebat

1045 1615 1184 1642 honestate
1195 1612 1344 1647 impudicos
1353 1612 1456 1638 oeulos.

1299 1668 1411 1697 CAPUT
1430 1666 1574 1696 CXXXIX.

1221 1724 1260 1752 De
1273 1725 1368 1759 virgine
1384 1731 1441 1758 qua:
1455 1723 1651 1749 renuntiaverat.

1082 1780 1144 1807 Erat
1166 1780 1286 1813 quaedam
1309 1779 1359 1805 alia
1380 1779 1453 1812 virgo
1471 1778 1601 1811 religiosas
1622 1777 1684 1803 vitae
1703 1776 1828 1810 operibus

1047 1824 1160 1850 viriliter
1173 1823 1310 1855 insistens,
1327 1822 1392 1849 mihi
1404 1822 1502 1851 vicina.
1518 1820 1592 1854 Cujus
1608 1820 1709 1846 vultum
1720 1820 1832 1853 quidem

1048 1876 1099 1896 non
1112 1868 1164 1895 vidi
1177 1876 1185 1894 :
1197 1875 1330 1902 nunquam
1341 1867 1424 1898 enim,
1447 1871 1475 1893 ut
1484 1866 1569 1897 aiunt,
1589 1871 1629 1892 cst
1642 1871 1782 1899 progressa
1798 1872 1829 1890 cx

1050 1921 1103 1948 quo
1115 1912 1286 1940 renuntiavit.
1303 1911 1369 1938 Cum
1383 1915 1471 1937 autent
1493 1911 1629 1944 implesset
1641 1909 1776 1941 sexaginta
1790 1916 1836 1935 ιιιιη

1048 1966 1098 1986 nos
1125 1959 1150 1986 in
1174 1957 1365 1985 exercitatione
1375 1964 1436 1983 cutn
1460 1960 1544 1983 matre
1564 1954 1749 1988 suapropria,
1774 1958 1836 1985 erat

1050 2009 1138 2038 postea
1160 2004 1211 2030 vita
1228 2009 1381 2030 exeessura.
1406 2002 1433 2028 Ei
1457 2006 1543 2028 autem
1567 2001 1593 2028 in
1607 1999 1710 2027 visione
1730 1999 1833 2030 adstitit

1049 2048 1186 2076 Colluthus
1198 2047 1273 2083 (203)
1285 2047 1413 2074 vocabulo
1427 2051 1537 2081 martyr,
1553 2047 1597 2080 qui
1610 2045 1636 2072 in
1649 2046 1701 2072 illis
1721 2045 1829 2072 coleba-

1051 2098 1093 2121 tur
1103 2095 1178 2128 locis,
1191 2095 1241 2121 hoc
1253 2094 1277 2121 ci
1289 2093 1380 2120 dicens
1394 2101 1400 2120 :
1416 2093 1499 2120 Hodie
1509 2100 1538 2120 es
1550 2093 1619 2120 itura
1628 2092 1660 2119 ad
1674 2092 1828 2123 Dominnnt,

1050 2145 1077 2168 et
1086 2141 1173 2167 visura
1186 2146 1292 2167 sanctos
1304 2147 1415 2171 omnes;
1436 2138 1498 2166 veni
1508 2146 1572 2174 ergo
1583 2142 1610 2166 et
1621 2137 1719 2171 prande
1741 2137 1832 2163 nobisa

1050 2192 1108 2212 cum
1122 2186 1147 2211 in
1159 2185 1298 2220 martyrio.
1321 2184 1386 2211 Cum
1399 2191 1462 2217 ergo
1475 2191 1552 2210 mane
1573 2181 1734 2209 surrexisset
1754 2186 1781 2208 et
1801 2188 1835 2208 se

1051 2231 1190 2262 induisset,
1201 2234 1229 2257 et
1242 2231 1267 2256 in
1286 2235 1375 2264 sporta
1391 2236 1484 2263 panem
1500 2229 1648 2262 accepisset
1659 2233 1686 2255 et
1696 2227 1792 2260 olivas,
1805 2231 1833 2254 et

1016 2277 1152 2313 Dminula
1175 2275 1259 2308 olera,
1284 2280 1343 2309 post
1365 2279 1401 2301 tot
1424 2281 1508 2301 annos
1528 2279 1569 2301 est
1581 2281 1706 2308 egressa;
1732 2278 1833 2300 etcum

1053 2321 1172 2348 venisset
1183 2321 1207 2348 in
1222 2321 1388 2356 martyrium,
1404 2319 1506 2350 oravit;
1531 2323 1557 2346 et
1576 2326 1636 2346 cutn
1658 2323 1713 2345 toto
1727 2319 1769 2344 die
1786 2318 1833 2343 ob-

1055 2372 1190 2394 servasset
1211 2372 1315 2400 tempus
1335 2367 1360 2393 itt
1381 2374 1434 2400 quo
1446 2365 1535 2392 nullus
1553 2364 1705 2396 eratintus,
1719 2367 1746 2390 et
1767 2370 1831 2389 notis

1050 2412 1104 2447 jam
1120 2413 1264 2440 advenerat
1276 2413 1358 2444 hora,
1373 2418 1400 2439 et
1417 2410 1545 2442 sedisset,
1557 2409 1662 2444 rogavit
1677 2413 1832 2442 martyrem,

1053 2459 1164 2486 dicens:
1180 2458 1294 2486 Benedic
1306 2457 1378 2485 cibos
1391 2464 1475 2491 meos,
1496 2456 1619 2483 Colluthe
1632 2458 1734 2486 sancte,
1749 2459 1776 2480 et
1791 2462 1834 2480 tne

1054 2505 1080 2531 in
1095 2505 1135 2531 via
1150 2504 1277 2530 comitare
1292 2503 1344 2530 tuis
1364 2502 1497 2537 precibus.
1513 2501 1579 2528 Cum
1594 2507 1658 2535 ergo
1672 2500 1835 2527 comedisset

1053 2555 1079 2576 et
1090 2557 1182 2576 rursus
1196 2555 1312 2582 orasset,
1328 2549 1434 2575 domum
1450 2547 1521 2574 venit
1533 2547 1604 2574 circa
1615 2553 1737 2573 occasum
1758 2546 1832 2572 solis.

1052 2595 1086 2622 Et
1101 2603 1160 2622 cum
1171 2594 1287 2622 dedisset
1298 2595 1375 2620 matri
1387 2600 1442 2620 sua:
1454 2600 1520 2626 opus
1535 2591 1679 2619 Clementis
1691 2591 1833 2618 Strotualei

1052 2640 1078 2667 in
1100 2640 1254 2675 prophetam
1277 2639 1368 2670 Amos,
1393 2638 1458 2664 dixit
1480 2637 1504 2665 ei
1517 2646 1522 2663 :
1537 2636 1573 2663 Da
1586 2636 1612 2664 id
1632 2637 1757 2670 episcopo
1769 2635 1835 2662 rele-

1053 2693 1123 2723 gato.
1139 2688 1171 2714 Et
1194 2687 1261 2714 dixit
1282 2686 1389 2712 ei:0ra
1414 2693 1461 2719 pro
1483 2691 1542 2716 me;
1559 2683 1626 2710 vado
1646 2683 1716 2710 enim
1735 2681 1768 2708 ad
1786 2681 1838 2707 Do-

1053 2735 1153 2761 minum
1168 2739 1267 2760 meum.
1283 2732 1402 2759 Decessit
1414 2731 1469 2764 ipsa
1483 2735 1570 2757 nocte.
1582 2729 1702 2762 Cumque
1713 2734 1761 2753 nec
1769 2726 1841 2754 febri

1054 2781 1210 2809 laborasset.
1222 2785 1270 2804 ncc
1280 2778 1302 2804 ei
1314 2781 1392 2811 caput
1404 2777 1541 2808 doluisset,
1555 2774 1602 2802 sed
1614 2774 1729 2806 seipsam
1749 2771 1781 2798 ad
1793 2779 1836 2798 sc-

1055 2826 1186 2861 pulturam
1199 2825 1403 2858 composuisset,
1420 2823 1447 2850 iu
1458 2830 1551 2850 manus
1565 2821 1610 2849 Dei
1625 2821 1746 2856 spiritum
1757 2826 1839 2848 suum

1054 2870 1260 2901 commendavit.
