2072 3153
250 184 321 214 1239

541 252 652 280 CAPUT
671 251 748 280 CXL.

308 299 344 326 De
355 298 450 334 virgine
463 306 518 332 qua
538 298 611 332 lapsa
627 303 678 330 est,
701 303 723 324 et
738 297 787 332 egit
797 297 980 332 penitentiam.

289 343 414 375 Quaedam
437 343 510 377 virgo
529 343 700 370 exercitatrix
726 350 838 369 manens
856 349 917 369 cum
933 341 1035 369 duabus

253 389 311 414 aliis
327 388 482 420 virgiutbns,
497 395 527 414 se
543 388 661 415 exercuit
675 395 769 414 novem
785 388 825 414 vel
839 387 931 414 decem
944 386 1032 413 annis.

256 437 272 459 Α
287 434 400 468 qundam
413 438 501 460 autem
513 439 622 461 cantore
635 433 750 460 inescata
762 441 820 460 cum
835 440 868 460 eo
879 431 969 459 habuit
979 437 1033 459 stu-

255 481 294 514 pri
318 479 553 511 consuetudinem;
576 485 603 506 et
617 486 676 506 cum
698 484 774 506 utero
793 478 970 512 concepisset,
987 485 1035 511 pe-

255 525 331 559 perit.
348 525 413 552 Cum
427 531 514 552 autem
537 524 563 552 in
578 531 711 551 summum
729 524 820 550 odium
837 524 956 558 prorttpit
977 523 1035 556 ejus

254 571 297 604 qui
323 570 406 604 ipsam
431 571 583 603 deceperat,
609 569 635 596 in
660 568 790 602 profundo
814 572 970 600 compuncta
995 571 1037 594 est

253 617 357 648 animo,
377 620 404 643 et
417 616 448 642 ad
465 623 522 642 eam
547 616 666 650 pervenit
681 621 833 642 mensuram
849 613 1034 648 paenitentiae.

253 666 281 689 ut
297 662 321 687 in
336 668 366 688 ea
379 668 550 694 perseverans
571 668 601 688 se
627 660 695 687 fame
719 660 798 687 vellet
823 658 955 690 occidere,
979 658 1030 686 hoc

254 715 315 734 cum
331 707 453 741 lncrymis
472 714 563 738 orans,
587 706 722 740 Deumque
748 712 852 740 rogans,
876 710 903 732 et
924 704 1035 737 dicens;

255 752 326 780 Deus
345 759 450 786 tnagne,
475 752 519 786 qui
539 753 656 779 omnium
672 757 791 778 noetrum
807 756 914 785 peccata
936 757 1035 785 portas,

253 801 281 824 et
294 798 450 824 immensum
466 801 545 824 totnts
561 797 651 823 mundi
666 797 756 824 vitium
770 805 777 829 ;
793 796 837 831 qui
850 803 901 822 non
913 796 954 823 vis
966 803 1036 823 mor-

256 846 309 870 tem
324 847 508 876 peccatorum,
533 846 561 869 et
574 849 666 869 eorum
679 841 725 875 qui
742 841 865 869 labuntur
879 841 1016 868 interitum
1026 861 1034 873 ,

257 887 305 914 scd
321 887 457 915 misereris
472 887 603 914 universae
617 892 761 917 creaturae;
777 892 815 913 est
830 887 901 912 enim
915 886 1036 913 voluntas

254 936 297 957 tua
313 936 446 958 utomnes
455 936 594 958 sertenlnr
616 930 722 965 (Ezech.
744 931 857 965 xum).
873 930 901 958 Si
915 938 979 965 ergo
992 937 1036 957 me

253 983 370 1010 quoque,
395 983 454 1010 qua
469 983 558 1010 pereo,
574 976 613 1002 vis
637 983 696 1002 esse
709 976 809 1002 salvam
820 995 827 1008 ,
844 976 870 1002 in
895 976 945 1002 hoc
970 975 1034 1002 mihi

252 1025 323 1047 tuam
336 1021 446 1048 ostende
460 1020 603 1048 bonitatem
614 1041 621 1053 ,
637 1026 663 1047 et
676 1028 745 1047 nunc
760 1024 803 1047 tua
818 1021 851 1047 ad
874 1028 917 1048 me
933 1028 1028 1055 perve<

254 1066 326 1092 niant
340 1065 490 1098 mirabilia;
507 1069 534 1092 et
553 1065 617 1100 jube
632 1065 693 1092 hinc
711 1065 806 1093 abduci
818 1071 846 1092 et
857 1066 944 1100 colligi
956 1065 1032 1100 (2104)

252 1110 366 1138 fructum
381 1119 447 1138 mea:
463 1111 617 1145 iniquitatis,
643 1111 687 1146 qui
701 1115 845 1145 conceptus
855 1116 897 1138 est
912 1112 938 1138 in
953 1111 1034 1138 lasci-

255 1157 314 1187 via,
329 1160 357 1183 et
377 1157 480 1190 genitus
505 1156 532 1182 in
548 1161 669 1190 peccato;
686 1156 811 1189 nam,nisi
829 1157 879 1183 hoc
906 1158 959 1189 ftat,
985 1163 1036 1191 ego

253 1201 303 1228 hac
316 1201 350 1229 de
364 1209 443 1228 causa
457 1201 497 1228 vel
508 1209 550 1229 me
566 1202 659 1236 laqueo
673 1202 825 1234 sulfocabo,
842 1202 883 1229 vel
906 1204 1033 1237 meipsam

252 1247 279 1274 in
294 1254 410 1281 preceps
422 1246 483 1280 dejit
493 1247 554 1274 iam.
571 1247 637 1274 Cum
658 1248 696 1274 sic
712 1253 812 1280 oraret,
832 1248 880 1275 fuit
893 1249 1032 1280 exaudita;

253 1303 314 1322 Iam
341 1295 384 1329 qui
413 1301 490 1322 natus
522 1294 608 1321 fuerat
637 1294 744 1328 infans,
778 1301 830 1321 non
863 1294 947 1321 multo
975 1298 1033 1328 post

254 1340 378 1366 decessit.
409 1339 448 1366 Ab
472 1340 517 1366 illo
541 1347 604 1373 ergo
627 1339 671 1366 die
693 1347 745 1366 non
770 1339 885 1373 amplius
909 1339 1034 1366 convenit

251 1393 310 1412 eum
322 1385 366 1419 qui
379 1386 461 1420 ipsam
473 1385 611 1419 redegerat
622 1386 647 1412 in
656 1385 822 1417 servitutem;
841 1385 887 1412 sed
908 1392 937 1411 se
952 1389 1033 1411 totant

252 1431 391 1466 insigniter
405 1431 504 1457 dedens
518 1430 700 1464 continentia,
715 1431 820 1465 a'grotis
833 1431 986 1464 mancisque
1001 1437 1034 1457 ac

253 1476 381 1505 mutilatis
395 1477 513 1504 serviens
524 1477 630 1512 triginta
645 1483 729 1503 annos
739 1499 746 1510 ,
763 1476 797 1503 ita
815 1476 896 1503 Deum
909 1477 1032 1510 placavit,

253 1522 448 1556 propitiumque
464 1522 591 1553 reddidit,
607 1527 636 1549 ut
652 1522 758 1549 cuidam
787 1525 880 1549 sancto
895 1521 1034 1557 presbyte-

252 1573 283 1593 ro
296 1566 468 1599 revelaretur,
485 1565 556 1592 illam
575 1566 628 1593 Deo
645 1567 727 1601 magis
753 1567 883 1599 placuisse
904 1566 931 1593 in
947 1566 1030 1600 pani-

252 1610 334 1637 teutia
344 1618 421 1644 quam
436 1611 461 1638 in
476 1612 633 1645 virginitate.
650 1612 710 1639 Hac
722 1603 809 1639 autem
822 1611 920 1644 scribo,
937 1620 970 1639 ne
983 1619 1029 1639 eos

251 1665 295 1690 qut
319 1658 398 1684 multa
412 1661 550 1690 peccant,
575 1663 602 1685 et
622 1665 654 1684 ex
671 1658 760 1684 animo
773 1665 805 1685 ac
826 1658 929 1685 sincere
951 1663 1031 1692 agunt

252 1703 444 1736 penitentiam,
466 1709 683 1734 contemnamus:
698 1703 766 1730 sicut
789 1704 846 1731 haec
862 1704 948 1736 beata,
972 1711 1030 1738 quae

252 1754 298 1774 cor
312 1754 388 1774 suum
409 1749 548 1784 contrivit,
565 1754 592 1775 et
605 1748 631 1776 in
647 1749 795 1776 humilitate
809 1748 891 1775 vitam
906 1756 979 1776 suam
995 1748 1030 1775 li-

251 1791 377 1827 quefecit,
393 1800 445 1819 non
458 1793 582 1827 despecta
598 1793 648 1821 fuit
662 1801 675 1820 a
691 1794 801 1821 Domino
815 1801 906 1821 eorum
919 1795 964 1829 qui
978 1794 1030 1821 du-

251 1843 346 1864 cuntur
358 1838 521 1872 pecnitentia.

529 1895 641 1923 CAPUT
659 1894 748 1923 CXLI.

251 1940 288 1968 De
303 1941 357 1974 ﬁlia
378 1941 592 1976 presbyterium
612 1942 727 1968 lectorem
741 1941 901 1968 calumniam
919 1945 990 1974 erat,
1005 1944 1029 1969 οι

513 1975 647 2010 Εμειαεὴίσ
664 1977 766 2003 lectore.

286 2019 428 2055 Cujusdam
447 2021 592 2056 presbyteri
609 2021 663 2048 lilia
678 2021 751 2055 virgo
766 2021 791 2048 in
805 2021 926 2048 Caesarea
940 2019 1026 2046 Palae-

250 2066 326 2092 stium
350 2066 433 2100 lapsa,
458 2067 492 2094 ab
515 2074 548 2093 eo
572 2066 616 2100 qui
638 2066 661 2093 ei
687 2066 779 2093 vitium
802 2066 925 2093 attulerat
950 2065 1027 2092 docta

252 2112 348 2144 fuerat,
373 2118 400 2138 ut
420 2112 560 2146 quemdam
574 2112 688 2140 civitatis
711 2112 837 2139 lectorem
853 2111 1028 2138 calumniare-

252 2163 302 2190 tur,
319 2163 346 2184 et
360 2158 429 2192 quod
444 2162 567 2191 corrupta
579 2163 660 2190 esset,
683 2158 709 2185 in
723 2166 782 2185 eum
797 2158 900 2192 culpam
922 2157 1028 2184 confer-

249 2207 300 2230 ret.
315 2203 433 2236 Cumque
446 2203 526 2230 ferret
540 2209 657 2230 ventrem
666 2224 673 2234 .
690 2211 704 2229 a
716 2208 790 2238 patre
803 2210 851 2230 suo
865 2203 1026 2239 examinata,

251 2247 395 2274 nominavit
413 2247 550 2275 lectorem.
571 2248 625 2275 Hoc
646 2256 705 2275 cum
722 2248 850 2275 audiisset
871 2248 1009 2283 presbyter

249 2291 420 2319 conturbatus
435 2293 525 2319 retulit
534 2292 566 2319 ad
581 2292 743 2327 episcopum.
761 2293 816 2320 Hoc
828 2300 886 2320 cum
900 2293 1026 2326 audiisset

249 2338 400 2372 episcopus,
407 2340 559 2365 convocavit
567 2338 708 2365 concilium
718 2338 894 2370 sacerdotum,
910 2337 1024 2372 fecitque

250 2383 338 2411 vncari
352 2383 476 2411 lectorem
485 2403 492 2415 ,
508 2385 592 2417 deque
605 2391 636 2411 eo
652 2383 744 2411 habuit
757 2383 931 2417 quaestionem
944 2404 952 2417 ,
966 2389 1023 2410 rem

249 2431 413 2456 examinans.
434 2429 550 2464 Rogatus
569 2434 656 2456 autem
676 2429 708 2456 ab
732 2429 871 2463 episcopo,
900 2436 956 2456 rem
971 2435 1025 2455 non

249 2475 378 2502 fatebatur
389 2475 482 2507 lector;
491 2482 550 2501 nam
559 2474 628 2508 quod
640 2475 736 2501 l‘actnm
748 2475 781 2500 ab
793 2474 851 2508 ipso
862 2481 914 2501 non
926 2473 1022 2506 fuerat,

249 2519 381 2554 quomodo
396 2518 447 2546 dici
464 2519 582 2552 poterat?
595 2518 675 2552 [Egre
689 2526 752 2553 ergo
766 2518 854 2545 ferens
867 2519 1006 2552 episcopus
1015 2538 1023 2550 ,

247 2564 404 2599 gravissima
426 2571 490 2590 voce
513 2563 538 2591 ei
557 2563 751 2590 dicebat:Non
774 2563 900 2590 fateberis
923 2563 1024 2597 lapsum

249 2613 333 2640 ratur,
350 2612 377 2635 et
389 2615 451 2642 ages
462 2608 654 2642 paenitentiam,
663 2615 678 2634 ο
689 2607 780 2634 infelix
790 2612 818 2634 et
828 2608 903 2641 plene
913 2608 1026 2634 immun-

248 2653 331 2680 ditia?
345 2652 489 2686 lierpondtt
509 2653 612 2679 lector:
630 2652 703 2687 llogo
718 2656 758 2683 te;
773 2652 828 2678 dixi
849 2651 875 2679 id
898 2651 966 2686 quod
982 2660 1025 2680 res

247 2702 300 2729 est,
316 2698 382 2725 hanc
402 2704 457 2724 rem
477 2697 510 2724 ad
532 2704 574 2724 me
595 2697 660 2724 nihil
683 2697 824 2730 pertinere.
849 2697 930 2724 Plane
953 2698 1023 2724 enim

247 2743 322 2776 culpa
336 2749 430 2774 careo.
454 2745 482 2770 ut
498 2742 541 2776 qui
564 2741 598 2769 de
610 2749 640 2768 ea
655 2749 688 2768 ne
702 2741 871 2775 cogitaverim
895 2741 1001 2775 quidem
1015 2750 1022 2774 ;

247 2787 469 2815 siuautemvultis
488 2785 584 2814 audire
613 2786 640 2814 id
667 2785 742 2822 quod
769 2793 825 2812 non
851 2789 903 2819 est,
920 2786 1022 2813 dicam:

248 2830 319 2857 Feci.
334 2831 388 2857 Hoc
401 2839 460 2858 cum
468 2831 523 2865 ipse
536 2831 656 2862 dixisset,
672 2830 795 2864 deposuit
805 2837 866 2857 eum
880 2831 1022 2864 episcopus

248 2875 284 2904 ab
295 2874 385 2902 ottieio
403 2875 519 2904 lectoris.
538 2876 601 2904 Post
620 2876 671 2905 hoc
685 2876 808 2904 accidens
823 2876 855 2904 ad
870 2877 952 2911 pedes
966 2877 1023 2910 cpi-

983 191 1138 220 PALLADII

1803 194 1873 222 1250

1050 254 1076 281 Α
1089 251 1174 285 scopi,
1187 251 1288 286 rogavit
1299 251 1390 280 dicens
1406 261 1412 278 :
1429 252 1457 280 Si
1471 252 1522 280 hoc
1535 253 1581 281 tibi
1594 253 1680 280 visum
1692 257 1743 286 cst,
1759 253 1867 282 domine

1086 297 1222 330 episcopo,
1237 301 1265 323 ut
1279 298 1402 331 quoniam
1418 297 1484 330 dixi,
1506 297 1561 329 Nar,
1578 298 1667 332 lapsus
1681 305 1749 332 sum,
1766 300 1815 326 sim
1832 299 1866 327 de

1085 342 1167 376 gradu
1182 342 1362 370 ecclesiastico
1377 343 1502 376 dejectus,
1519 350 1609 371 etnon
1632 345 1681 371 lilll
1697 345 1792 378 dignus
1806 353 1866 373 esse

1085 387 1199 416 clericus
1227 393 1278 415 tua:
1306 389 1467 422 sanctitatis,
1503 389 1567 423 jube
1603 395 1630 417 ut
1660 390 1723 417 tttibi
1748 391 1781 418 ab
1817 393 1867 419 hoc

1087 436 1207 466 tempore
1233 440 1264 460 ea
1289 433 1366 460 detur
1389 434 1415 460 in
1444 441 1570 466 uxorem;
1599 442 1685 469 neque
1722 437 1792 462 enim
1817 444 1866 470 ego

1086 484 1145 504 sum
1185 477 1311 512 deinceps
1347 478 1478 511 clericus,
1508 486 1594 513 neque
1621 480 1664 506 illa
1691 481 1774 514 virgo.
1801 481 1866 509 Cum

1087 521 1144 549 hac
1168 522 1295 550 audiisset
1309 524 1450 557 episcopus
1468 529 1495 552 et
1517 526 1666 559 presbyter,
1689 533 1746 553 eam
1759 527 1867 554 tradidit

1087 573 1160 600 pater
1184 568 1242 602 ejus
1263 569 1365 600 lectori,
1382 576 1491 603 sperans
1513 569 1570 597 fore
1588 576 1615 597 ut
1626 570 1733 604 juvenis
1748 572 1816 599 bene
1827 580 1867 600 es-

1086 616 1128 639 set
1150 612 1176 639 itt
1201 620 1258 640 eam
1283 613 1402 647 affectus,
1425 619 1452 641 et
1475 615 1571 649 alioqui
1594 616 1706 644 credens
1722 624 1772 644 non
1788 625 1865 652 posse

1086 665 1146 685 eum
1160 658 1276 687 abstrahi
1289 666 1304 685 a
1321 659 1522 687 consuetudine.
1538 659 1603 687 Cum
1617 669 1675 687 eam
1690 667 1778 688 autem
1802 662 1852 689 adu

1087 703 1190 732 lescens
1211 705 1356 738 accepisset
1377 705 1402 731 in
1426 713 1519 732 ntanus
1539 707 1573 732 ab
1595 707 1737 740 episcopo,
1760 713 1787 734 et
1809 708 1866 742 ejus

1087 754 1172 783 patre,
1187 757 1297 783 eamque
1310 755 1381 779 eSset
1394 750 1556 783 consolatus,
1571 751 1684 778 abduxit
1698 756 1724 778 et
1745 753 1866 786 deposuit

1087 794 1113 821 in
1127 794 1290 826 monasterio
1312 794 1466 829 mulierum,
1483 803 1578 830 rogans
1592 803 1651 823 eam
1666 804 1725 832 quas
1740 797 1794 824 illic
1807 803 1866 826 erat

1087 840 1172 875 prima
1185 841 1305 868 ministra
1313 839 1486 869 fraternitatis
1496 847 1587 869 uteam
1601 843 1653 870 illic
1667 844 1812 871 tolerarent
1823 852 1864 871 ns-

1088 893 1138 919 que
1147 886 1179 912 ad
1190 891 1292 920 partum
1299 886 1366 921 ejus.
1381 886 1426 913 illa
1433 894 1496 917 vero
1504 887 1595 915 relicta
1607 889 1632 915 in
1644 889 1816 922 monasterio,
1828 890 1864 917 le-

1052 929 1074 958 B
1087 936 1144 958 ctor
1153 931 1245 959 abiens
1253 932 1368 966 seipsum
1377 932 1515 959 inclusitin
1524 933 1589 964 cella
1598 933 1717 966 sordida,
1732 934 1791 961 vitae
1798 942 1865 963 sutu-

1091 982 1161 1003 utam
1177 976 1322 1009 suscipiens
1335 977 1514 1010 asperitatem,
1530 977 1563 1008 ad
1577 978 1712 1011 Christum
1735 979 1865 1006 accedens

1085 1022 1110 1049 itt
1131 1022 1212 1049 corde
1225 1023 1340 1050 contrito
1350 1031 1409 1053 cum
1424 1024 1515 1051 multis
1537 1024 1660 1058 lacrymis
1674 1029 1701 1057 et
1714 1026 1864 1059 gemitibus,

1085 1067 1177 1094 dicens
1189 1075 1196 1093 :
1208 1067 1259 1098 Tu,
1277 1067 1396 1099 Domine,
1423 1076 1495 1095 meas
1509 1069 1628 1096 actiones
1647 1070 1727 1101 nosti,
1744 1070 1788 1106 qui
1808 1071 1866 1103 scis,

1085 1112 1184 1144 omnia,
1207 1119 1287 1146 quem
1303 1111 1368 1139 nihil
1392 1113 1467 1144 latet.
1483 1121 1568 1148 neque
1583 1118 1625 1142 est
1640 1115 1708 1142 ullus
1722 1115 1797 1142 locus
1815 1123 1864 1142 oc-

1084 1157 1170 1184 cultus
1186 1157 1212 1183 in
1232 1163 1284 1191 quo
1308 1157 1367 1191 quis
1391 1164 1420 1184 se
1442 1157 1586 1187 abscondat
1599 1166 1613 1186 a
1628 1164 1673 1186 tua
1696 1167 1754 1194 quae
1774 1161 1864 1188 omnia

1084 1202 1178 1236 aspicit
1199 1206 1344 1236 potestate,
1369 1203 1412 1236 qui
1428 1203 1503 1230 vides
1518 1204 1606 1230 omnia
1623 1205 1772 1238 priusquam
1787 1205 1851 1236 fiant

1084 1248 1125 1275 'I'u
1148 1248 1219 1275 solus
1247 1248 1320 1274 vides
1348 1248 1478 1282 profunda
1500 1250 1700 1283 cogitationum,
1725 1254 1753 1276 et
1773 1250 1861 1276 omnis

1085 1293 1181 1320 mentis
1194 1293 1335 1326 conceptio
1347 1301 1361 1319 a
1382 1298 1406 1320 te
1418 1294 1545 1326 cernitur,
1561 1295 1670 1329 perittde
1683 1302 1713 1322 ac
1727 1295 1750 1322 si
1763 1295 1862 1328 aspici-

1085 1342 1127 1365 tur
1140 1337 1232 1365 oculis.
1252 1337 1292 1365 'l'u
1307 1345 1366 1365 cum
1389 1339 1562 1372 cogitatorum
1587 1341 1624 1366 sis
1645 1347 1706 1367 acer
1726 1341 1862 1368 examina-

1085 1387 1137 1415 tor,
1145 1382 1374 1417 perfectcjudicas.
1392 1382 1431 1410 Tu
1446 1384 1489 1417 qui
1506 1384 1545 1410 cis
1556 1383 1755 1419 quiafliciuntur
1765 1384 1859 1419 injuria

1084 1427 1136 1454 fers
1168 1427 1313 1460 auxilium,
1345 1428 1390 1462 qui
1422 1428 1478 1455 falli
1511 1435 1563 1455 non
1600 1434 1691 1463 potes,
1720 1429 1782 1456 dum
1814 1436 1861 1456 eos

1083 1471 1218 1505 vindicas,
1259 1473 1303 1506 qui
1337 1477 1497 1508 appetuntur
1536 1474 1694 1507 calumniis;
1721 1474 1763 1501 cui
1796 1474 1862 1508 nihil

1085 1516 1169 1551 placet
1189 1517 1331 1552 injustum,
1356 1525 1435 1546 omne
1457 1523 1545 1546 autem
1570 1523 1731 1546 momentum
1756 1523 1862 1547 statera:

1082 1563 1191 1597 iustitiae
1205 1569 1310 1593 estate
1322 1572 1437 1600 semper;
1452 1571 1519 1593 astat
1530 1566 1600 1593 enim
1617 1566 1661 1593 tibi
1678 1571 1804 1601 perpetuo
1816 1567 1860 1593 lux

1044 1607 1068 1639 C
1082 1608 1114 1635 ad
1124 1615 1200 1640 quam
1215 1616 1266 1636 non
1284 1613 1354 1644 patet
1367 1611 1465 1643 aditus,
1482 1615 1509 1638 et
1521 1618 1599 1638 omne
1610 1618 1677 1645 opus
1692 1612 1805 1639 bOminis
1819 1616 1860 1638 est

1083 1662 1172 1682 coram
1197 1659 1232 1682 te.
1248 1654 1294 1682 Est
1307 1663 1370 1690 ergo
1391 1656 1427 1683 tui
1446 1656 1510 1691 justi
1525 1662 1551 1684 et
1564 1657 1735 1687 immutabilis
1753 1655 1860 1691 jnditii,

1080 1700 1125 1735 jus
1147 1708 1252 1735 quoque
1276 1709 1363 1728 meum
1388 1703 1570 1736 pronuntiare.
1598 1703 1746 1730 Efticnciter
1771 1707 1860 1731 autent

1081 1752 1176 1774 orante
1189 1746 1367 1780 adolescente,
1383 1753 1410 1774 et
1426 1748 1451 1774 in
1469 1747 1572 1782 jejunio
1587 1749 1726 1783 diligenter
1739 1755 1861 1782 perseve-

1081 1796 1180 1825 rante.
1220 1793 1289 1820 intra
1325 1793 1406 1820 breve
1445 1798 1548 1828 tempus
1587 1794 1727 1821 adfuerunt
1753 1794 1861 1824 dolores

1081 1839 1140 1872 ejus
1181 1843 1280 1872 partus.
1321 1838 1440 1872 Cumque
1479 1840 1630 1866 advenis~et
1663 1840 1738 1871 hora,
1776 1839 1861 1866 adfuit

1081 1882 1159 1910 etiam
1180 1882 1281 1917 justum
1293 1883 1338 1910 Dei
1351 1883 1488 1918 judicium,
1505 1884 1619 1911 silet-ens
1633 1886 1815 1912 vehementem
1830 1889 1858 1911 et

1081 1927 1276 1956 intolerabilem
1299 1929 1416 1955 dolorem
1443 1930 1466 1956 ei
1488 1937 1547 1963 quae
1571 1929 1656 1956 fuerat
1678 1929 1856 1956 calutuuiata:

1081 1972 1224 2007 gemituum
1246 1973 1374 2000 immensa
1402 1973 1559 2007 multitudo,
1583 1974 1687 2001 labores
1705 1978 1793 2008 partus
1817 1974 1858 2001 in-

1080 2018 1252 2048 enarrabiles.
1267 2017 1362 2045 interni
1375 2019 1563 2053 suppliciorum
1579 2020 1694 2047 visiones
1707 2019 1839 2046 terribiles
1848 2041 1856 2051 ,

1081 2063 1149 2091 hanc
1162 2064 1287 2092 miseram
1302 2064 1405 2092 fortiter
1427 2065 1590 2098 obsidentes,
1607 2071 1633 2092 et
1648 2065 1735 2093 infans
1750 2070 1858 2098 propter

1081 2109 1287 2143 magnitudinem
1299 2117 1351 2136 non
1366 2110 1486 2143 prodibat
1500 2117 1531 2136 cx
1550 2116 1635 2137 utero.
1652 2110 1781 2137 Praeteriit
1800 2110 1858 2136 dies

1080 2154 1180 2188 pritnus
1188 2158 1215 2180 et
1225 2154 1366 2186 secundus.
1379 2159 1406 2181 et
1416 2154 1522 2182 dolores
1532 2159 1607 2182 erant
1619 2155 1838 2182 intolerabiliores
1849 2163 1856 2187 ;

1079 2199 1231 2227 adventavit
1252 2199 1345 2226 tertius
1361 2204 1389 2226 et
1402 2205 1526 2234 quartus,
1543 2204 1570 2227 et
1591 2205 1697 2227 secutus
1720 2205 1760 2226 est
1781 2200 1858 2226 dolor

1079 2246 1168 2272 multis
1183 2245 1308 2279 partubus
1323 2246 1443 2280 gravior;
1460 2246 1567 2280 quintus
1581 2251 1608 2273 et
1621 2251 1712 2273 sextus
1733 2250 1759 2273 et
1773 2246 1858 2279 septi-

1042 2286 1068 2316 D
1081 2299 1139 2318 mus
1160 2292 1326 2324 tenebrosus,
1352 2297 1379 2319 et
1392 2292 1482 2319 infelix
1496 2292 1591 2319 mulier
1605 2299 1638 2319 es
1661 2291 1743 2319 multo
1765 2291 1858 2318 dolore

1079 2337 1234 2364 versabatur
1258 2337 1285 2363 in
1300 2337 1400 2364 inferis.
1426 2338 1454 2364 ln
1475 2339 1598 2365 omnibus
1612 2339 1652 2365 Itis
1672 2338 1765 2365 diebus
1782 2345 1858 2364 utan—

1079 2381 1113 2409 sit
1127 2390 1212 2416 neque
1225 2382 1333 2410 omnino
1346 2383 1433 2410 cibum
1446 2389 1563 2415 sumens.
1579 2390 1628 2410 nec
1641 2383 1770 2411 tantillum
1785 2390 1858 2410 som~

1079 2433 1142 2454 num
1163 2425 1270 2459 videns;
1296 2426 1343 2453 sed
1358 2426 1470 2454 luctibus
1493 2431 1520 2453 et
1543 2428 1706 2460 gravissimis
1729 2427 1853 2454 dolorum

1079 2471 1218 2498 tormentis
1229 2471 1439 2505 succedentibus,
1463 2477 1521 2506 post
1536 2472 1591 2499 inec
1602 2472 1699 2504 omnia,
1717 2473 1814 2499 Vitiata:
1828 2477 1857 2499 et

1078 2515 1152 2545 falsa:
1166 2517 1334 2544 accusatricis
1358 2524 1406 2544 cor
1420 2517 1571 2550 inﬂexibi'e,
1595 2519 1664 2545 victa
1678 2526 1692 2544 a
1710 2518 1755 2544 Dei
1779 2524 1855 2552 pote-

1077 2566 1156 2593 state,
1179 2570 1237 2596 quaa
1249 2570 1301 2589 non
1324 2563 1393 2590 cadit
1407 2563 1456 2590 sub
1468 2568 1613 2596 aspectum,
1639 2564 1853 2591 intolerabilibus

1079 2606 1214 2634 doloribus
1228 2607 1329 2634 addidit
1350 2608 1429 2634 etiant
1443 2608 1646 2640 confessionem,
1665 2608 1767 2642 lugubri
1791 2616 1857 2636 voce

1078 2655 1248 2682 exclamans:
1262 2653 1308 2680 Hei
1322 2653 1386 2680 mihi
1401 2653 1511 2680 misera!
1528 2654 1604 2680 venio
1620 2653 1645 2679 in
1660 2653 1804 2687 periculum
1820 2661 1856 2681 ne

1078 2706 1194 2732 pereant,
1218 2703 1246 2725 ut
1268 2706 1326 2732 qua:
1341 2698 1367 2724 in
1389 2697 1443 2724 duo
1463 2697 1531 2724 mala
1553 2697 1701 2728 inciderim,
1718 2705 1812 2730 nempe
1829 2699 1855 2726 in

1078 2743 1235 2770 calumniam
1257 2747 1284 2770 et
1309 2743 1517 2774 fornicationem,
1541 2746 1570 2769 et
1590 2744 1685 2769 amissa
1702 2741 1855 2776 virginitate

1076 2795 1134 2814 sum
1148 2788 1239 2815 tradita
1252 2787 1420 2819 detractioni;
1434 2793 1460 2814 et
1479 2794 1538 2813 cum
1554 2787 1617 2814 mihi
1639 2787 1675 2814 sit
1686 2787 1719 2814 ab
1742 2787 1796 2813 alio
1812 2787 1852 2813 al—

1076 2833 1157 2859 latnttt
1178 2832 1282 2864 vitium,
1297 2832 1418 2858 accusavi
1439 2832 1574 2858 lectorem.
1599 2832 1662 2860 Cum
1686 2831 1743 2858 ltzec
1763 2836 1853 2863 autem

1076 2876 1224 2906 andiissettt
1238 2877 1351 2911 virgines
1365 2875 1529 2907 monasterii.
1546 2876 1616 2903 Patri
1632 2876 1691 2910 ejus
1707 2876 1794 2903 omnia
1810 2883 1852 2907 re-
