2067 3155
181 177 249 209 ιειι

463 236 576 265 ΚΕΦΛΛ
582 258 588 266 .
617 238 685 267 PM’.

179 279 249 314 Περὶ
264 279 320 314 τῆς
333 279 541 317 ἁπατηθείσης
559 284 721 318 παρθένου,
737 284 787 310 καὶ
802 284 969 318 μεταγνού-

538 326 607 352 σης-

219 361 369 397 Ἀσκητρία
394 370 435 394 τις
459 363 594 399 παρθένος
614 363 777 390 συνοικοῦσα
796 363 888 394 ἄλλαις
910 363 970 390 δυσὶ

178 402 323 436 παρθένοις
334 403 440 439 ἠσκήθη
452 404 498 430 ἐπὶ
511 404 557 440 ἐτη
572 405 651 432 ἐννέα
668 405 684 440 ἢ
700 404 775 431 δέκα.
789 405 864 439 Αῦτη
877 404 969 431 δελεα-

178 443 274 470 σθεῖσα
289 446 365 479 παρά
377 445 479 478 ψάλτου
491 446 563 478 τινὸς
576 446 663 481 τούτῳ
681 446 845 480 συνεφθάρη,
861 446 971 476 καίλα-
988 461 990 473 ι

178 484 262 511 δοῦσα
277 485 349 512 κατά
364 486 481 521 γαστρὸς
498 487 600 514 ἔτεκεν.
624 487 672 519 Εἰς
691 487 774 522 ἀκρον
790 487 818 513 δέ
833 488 909 521 μῖσος
927 486 970 512 ἐλ-

178 526 263 554 θοῦσα
283 527 330 553 τοῦ
344 527 447 563 ταύτην
459 529 650 563 ἀπατήσαντος
664 528 802 563 κατενύγη
818 527 868 564 τὴν
881 528 970 563 ψυχὴν

177 568 218 599 είς
240 568 332 602 βάθος,
359 568 407 595 καὶ⁵
422 569 462 600 είς
484 569 612 596 τοσοῦτον
628 570 746 604 ἔφθασεν
766 569 865 605 μέτρον
889 577 970 605 μετα-

178 609 262 642 νοίας,
277 610 315 641 ὡς
326 609 359 636 ἃν
369 611 636 646 ἀποκαρτερήσασαν
646 611 748 646 ταύτην
762 613 796 647 τῇ
810 611 969 647 ἐγκρατείᾳ,

178 651 226 678 καὶ
238 651 311 686 λιμῴ
323 651 410 678 θέλειν
422 652 523 687 ἑαυτὴν
535 653 694 680 ἀποκτεῖναι
704 661 711 668 ·
728 653 808 680 τοῦτο
822 661 971 688 προσευχο-

180 691 249 726 μένη
263 692 331 727 μετὰ
346 693 484 728 δακρύων,
505 694 552 720 καὶ
566 693 612 720 τοῦ
628 693 696 721 Θεοῦ
709 694 840 729 δεομένη,
862 694 910 720 καὶ
924 694 970 720 λέ-

178 741 280 767 γουσα,
296 734 337 760 ὅτι
369 734 399 761 '0
418 734 483 766 Θεὸς
506 735 520 761 ὁ
543 735 640 770 μέγας,
664 736 679 762 ὸ
698 735 840 771 βαστάζων
861 736 971 762 πάντων

179 776 258 811 ήμῶν
276 776 310 802 τά
328 776 532 811 ἁμαρτήματα,
558 778 606 804 καὶ
623 777 723 809 παντὸς
743 777 790 804 τοῦ
806 777 908 812 κόσμου
921 776 970 812 τὴν

178 819 298 853 ἄμετρον
321 818 432 850 κακίαν,
456 819 470 845 ὁ
486 819 524 854 μὴ
546 819 705 854 βουλόμενος
718 819 765 846 τὸν
780 819 895 846 θάνατον
916 819 971 845 τῶν

179 859 360 894 ἁμαρτωλῶν,
376 859 424 886 καὶ
445 860 496 894 τὴν
510 859 649 887 ἀπώλειαν
670 860 725 887 τῶν
743 860 893 893 πεσόντων,
913 859 971 886 ἀλλ’

795 175 978 212 HISTORIA
995 179 1190 213 LAUSIACA.

982 239 1005 266 Α
1020 240 1104 274 χωρὶς
1117 239 1165 267 τοῦ
1177 241 1269 276 τιμίου
1281 241 1414 278 βήματος,
1424 242 1472 270 καὶ
1487 242 1525 279 μὴ
1538 241 1609 271 εῐναί
1622 252 1663 279 ’με
1677 244 1752 277 ἀξιον
1762 246 1810 273 τοῦ

1741 187 1811 220 1242

1020 281 1089 309 εἶναι
1104 283 1235 318 κληρικδν
1246 284 1296 318 τῆς
1310 284 1359 319 σῆς
1374 284 1542 320 ἁγιωσύνης.
1559 285 1686 313 κέλευσόν
1704 295 1750 321 μοι
1761 287 1811 313 αὑ-

1020 325 1069 360 τὴν
1081 326 1135 351 ἀπὸ
1152 326 1199 352 τοῦ
1215 325 1262 352 νῦν
1277 326 1388 361 δοθῆναι
1403 328 1442 359 είς
1458 328 1583 361 γυναῖκα.
1600 326 1669 354 Οῦτε
1683 328 1738 362 γὰρ
1755 329 1812 355 λοι-

1022 367 1070 393 πὸν
1082 366 1138 400 ἐγὼ
1151 367 1292 402 κληρικδς,
1303 367 1365 394 οὔτε
1377 368 1405 395 δέ
1415 369 1506 403 ἐκείνη
1517 369 1660 404 παρθένος.
1679 369 1812 401 Ἀκούσας

1020 407 1049 434 δέ
1068 407 1155 434 ταῦτα
1180 409 1195 434 ό
1210 409 1369 440 ἐπίσκοπος,
1391 409 1438 436 καίΙ
1453 410 1467 436 ὁ
1482 410 1669 445 πρεσϐύτερος
1687 412 1701 437 ό
1719 411 1812 446 πατὴρ

1020 450 1115 480 αὐτῆς,
1128 449 1236 476 ἔκδοτον
1248 451 1331 486 αὐτὴν
1343 451 1475 478 δεδώκασι
1490 452 1529 486 τῷ
1543 451 1715 488 ἀναγνώστῃ,
1729 461 1812 486 προσ-

1020 491 1184 527 δοκήσαντες
1197 492 1349 519 διακεῖσθαι
1364 493 1410 520 τὸν
1423 494 1555 528 νεώτερον
1570 494 1635 528 περὶ
1652 494 1746 529 αὐτὴν,
1765 493 1812 519 καὶ

1021 531 1109 564 ἄλλως
1126 533 1164 568 μὴ
1179 534 1309 560 δύνασθαι
1325 535 1498 569 ἀποκοπῆναι
1517 535 1565 570 τῆς
1583 535 1737 570 συνηθείας.
1754 535 1812 562 Λα-

1021 573 1076 600 δὼν
1093 575 1121 601 δέ
1141 575 1228 611 αὐτὴν
1246 577 1260 602 ὁ
1275 576 1408 610 νεώτερος
1430 577 1470 607 είς
1488 577 1536 608 τὰς
1552 577 1657 612 χεῖρας,
1675 576 1722 603 καὶ
1737 576 1812 610 παρά

1022 616 1067 642 τοῦ
1086 617 1248 649 ἐπισκόπου,
1266 618 1312 645 καὶ
1326 619 1402 652 παρὰ
1416 618 1463 644 τοῦ
1488 619 1592 653 πατρὸς
1608 618 1704 652 αὐτῆς,
1722 626 1812 653 παρα-

1021 657 1139 690 καλέσας
1155 659 1184 685 δέ
1205 659 1300 694 αὐτὴν,
1317 659 1470 694 ἀπαγαγὼν
1486 659 1588 695 ταύτην
1604 660 1739 694 παρέθετο
1759 667 1810 695 μο-

1022 700 1160 736 ναστηρίῳ
1174 701 1321 734 γυναικῶν,
1339 701 1535 735 παρακαλέσας
1548 701 1596 736 τὴν
1610 701 1704 727 αὐτόθι
1718 701 1811 727 διάκο-

1022 749 1067 768 νον
1079 741 1129 776 τῆς
1147 742 1327 778 ἀδελφότητος
1346 743 1427 779 μέχρι
1443 743 1496 770 τῶν
1510 743 1623 778 ἡμερῶν
1639 743 1686 769 τοῦ
1699 741 1810 769 τοκετοῦ

1022 783 1106 817 αὐτῆς
1121 783 1287 819 ἀνασχέσθαι
1304 784 1416 819 ταύτης.
1433 784 1488 810 Καὶ
1503 784 1662 811 καταλιπὼν
1679 785 1764 818 αὐτὴν
1781 784 1812 810 ἐν

1021 824 1061 859 τῷ
1071 825 1264 861 μοναστηρίῳὺ
1274 826 1460 861 ἁναγνώστης,
1469 825 1595 852 ἀπελθὼν
1607 827 1702 852 ἑαυτὸν
1712 826 1813 859 ἐγκαθ-

1023 866 1113 901 εῖρξεν
1135 867 1176 898 είς
1206 866 1312 894 κελλίον
1336 867 1490 903 αὐχμηρὸν,
1507 867 1651 894 ἀναλαϐὼν
1672 867 1810 894 πολιτείαν

179 901 262 928 ἐλεῶν
274 901 364 928 πᾶσαν
374 902 424 936 τὴν
437 901 526 927 κτίσιν
536 909 543 916 ·
560 901 605 928 σὸν
617 903 671 938 γάρ
684 903 742 928 ἐστι
759 902 864 937 θέλημα
872 902 902 928 τὸ
919 900 972 928 σώσ
987 905 1009 933 Β
1026 907 1235 943 σκληραγωγίας
1251 900 1415 944 ἀκροτάτην,
1426 900 1588 944 προσελθὼν
1601 909 1640 944 τῷ
1658 908 1770 944 Χριστῷ
1784 910 1813 935 ἐν

179 943 273 976 ζεσθαι
289 944 404 976 πάντας.
425 944 456 970 Εἰ
471 944 518 971 οὖν
531 945 579 971 καὶ
593 945 644 978 ἐμὲ
660 945 709 979 τήν
729 944 902 979 ἀπολομένην
920 952 972 970 σω-

180 985 261 1020 θῆναι
276 985 374 1016 θέλεις,
388 985 418 1011 ἐν
431 984 519 1019 τούτῳ
533 994 578 1021 μοι
593 985 680 1018 δεῖξον
697 986 747 1021 τὴν
765 986 814 1021 σὴν
828 984 973 1020 ἀγαθωσύ-

179 1035 238 1061 νην,
256 1027 304 1053 καὶ
319 1026 366 1053 νῦν
385 1025 429 1057 δὸς
448 1026 550 1060 φθάσαι
564 1027 608 1054 ἐπ’
626 1027 689 1062 ἐμοὶ
704 1027 739 1054 τὰ
754 1026 895 1061 θαυμάσιά
911 1035 970 1060 σου,

179 1066 227 1093 καὶ
243 1066 372 1098 κέλευσον
391 1066 559 1100 συναχθῆναι
576 1065 622 1094 τὸν
642 1066 748 1101 καρπὸν
766 1068 816 1102 τῆς
830 1066 901 1101 ἐμῆς
913 1066 973 1093 ἀνο-

181 1107 255 1144 μίας*
275 1107 306 1134 τδ
332 1106 486 1142 συλληφθέν
507 1107 536 1134 ἐν
562 1107 704 1143 ἀσελγείᾳ,
727 1108 774 1134 καὶ
797 1107 928 1142 γεννηθὲν
944 1108 973 1135 ἐν

180 1149 302 1185 ἁμαρτίᾳ
326 1148 377 1184 τῆς
402 1149 471 1184 ἐμῆς
493 1149 642 1181 ἀπωλείας.
674 1149 736 1176 Ἐὰν
754 1150 810 1185 γὰρ
832 1149 912 1176 τοῦτο
935 1149 973 1185 μὴ

180 1191 306 1226 γένηται,
319 1188 335 1224 ἦ
347 1190 451 1225 ἀγχόνῃ
467 1189 521 1224 ἔχω
536 1190 691 1226 χρήσασθαι
702 1210 709 1221 ,
726 1191 743 1226 ἢ
758 1190 856 1226 ἐαυτὴν
867 1190 974 1217 δισκεῦ-

182 1241 238 1259 σαι.
261 1232 376 1258 Ἕνεκεν
400 1231 496 1258 τούτου
516 1231 631 1266 δεομένη
652 1232 829 1268 εἰσηκούσθη.
858 1232 895 1259 Τὸ
919 1232 973 1268 γὰρ

180 1273 276 1309 τεχθὲν
289 1273 320 1299 οὐ
338 1272 407 1308 μετὰ
420 1272 488 1299 πολὺ
499 1272 685 1309 ἐτελεύτησεν.
704 1273 770 1300 Ἀπὸ
780 1273 826 1300 οῦν
842 1274 892 1308 τῆς
906 1273 974 1309 ἠμέ-

182 1324 232 1351 ρας
239 1315 347 1350 ἐκείνης
357 1314 395 1349 τῷ
407 1314 457 1349 μὲν
467 1313 570 1347 ταύτην
577 1314 807 1350 αἰχμαλωτίσαντι
815 1315 907 1342 οὐκέτι
916 1323 975 1342 συν-

182 1357 288 1391 έτυχεν,
300 1355 408 1382 ἐκδοτον
421 1355 450 1382 δέ
465 1355 564 1391 ἑαυτὴν
575 1356 615 1387 είς
626 1356 715 1390 ἄκραν
724 1356 887 1392 ἐγκράτειαν
895 1356 975 1383 δέδωα

182 1407 241 1425 κεν·
253 1397 397 1430 νοσούσαις
411 1399 460 1424 καὶ
476 1398 680 1433 λελωὸημέναις
695 1398 917 1434 ἐξυπηρετήσατο
928 1400 975 1426 ἐπὶ

182 1440 331 1475 τριάκοντα
356 1440 414 1474 ἐτη.
434 1440 528 1471 οὕτως
550 1440 595 1466 τὸν
611 1440 678 1467 Θεὸν
697 1440 902 1476 δυσωπήσασα,
927 1441 975 1467 καὶ

183 1482 263 1509 ἵλεων
272 1483 355 1517 ἐαυτῇ
365 1483 571 1516 καταστήσασα,
579 1481 617 1513 ὡς
625 1481 911 1517 ἀποκαλυφθῆναίτινι
921 1481 975 1509 τῶν

183 1525 272 1559 ἀγίων
286 1524 492 1560 πρεσϐυτέρων,
505 1524 546 1550 ὅτι
565 1524 596 1551 Ἥ
620 1524 693 1551 δεῖνά
709 1533 753 1560 μοι
767 1524 867 1559 μᾶλλον
878 1525 926 1560 εὐη
932 1524 975 1560 ρέ-

183 1575 284 1601 στησεν
298 1566 327 1592 ἐν
340 1567 374 1601 τῇ
393 1565 534 1601 μετανοίᾳ,
550 1565 567 1600 ἢ
583 1566 612 1592 ἐν
625 1566 657 1601 τῇ
675 1566 820 1602 παρθενίᾳ.
838 1566 931 1593 Ταῦτα
947 1566 975 1592 δέ

183 1609 293 1645 γράφω,
309 1608 352 1635 ῐνα
364 1608 401 1643 μὴ
413 1607 630 1642 καταφρονῶμεν
640 1607 694 1634 τῶν
708 1607 793 1635 πολλά
805 1608 977 1643 ἁμαρτανόν-

182 1660 249 1682 των,
264 1651 313 1678 καὶ
327 1651 360 1677 ἐκ
374 1650 486 1685 καρδίας
503 1649 705 1684 μετανοούντων
714 1658 722 1666 ·
735 1650 827 1681 καθὼς
838 1651 885 1677 καὶ
897 1651 912 1685 ἡ
927 1658 978 1685 μα-

185 1692 268 1728 καρία
283 1692 352 1728 αῦτη
370 1691 419 1727 τὴν
434 1691 534 1726 ἑαυτῆς
553 1691 668 1727 καρδίαν
684 1691 864 1727 συντρίψασα,
884 1692 933 1718 καὶ
948 1691 977 1717 ἐν

184 1733 420 1769 ταπεινοφροσύνῃ
447 1733 497 1768 τὴν
529 1733 630 1767 ἐαυτῆς
655 1732 727 1768 ζωὴν
754 1732 977 1764 καθυποτάξασα,

184 1777 236 1803 οὐκ
263 1774 430 1809 ἐξουδενώθη
462 1773 539 1809 παρά
564 1774 611 1800 τοῦ
637 1774 773 1801 Δεσπότου
805 1774 859 1801 τῶν
895 1782 979 1808 μετα·

185 1817 327 1845 νοούντων.

461 1858 590 1886 ΚΕΦΛΔ.
611 1859 703 1885 PMA'.

221 1914 292 1948 Περί
308 1913 363 1948 τῆς
378 1912 660 1948 συκοφαντησάσης
671 1912 871 1947 ἀναγνώστην
885 1913 964 1940 τινά.

221 1960 412 1996 Πρεσϐυτέρου
423 1959 496 1991 τινὸς
508 1959 631 1994 θυγάτηρ
642 1958 777 1994 παρθένος
785 1960 813 1985 ἐν
825 1958 979 1995 Καισαρείᾳ

186 2003 235 2039 τῆς
242 2002 435 2037 Παλαιστίνης,
441 2001 596 2028 ἐκπεσοῦσα
603 2001 729 2036 παρὰτοῦ
737 2000 839 2037 ταύτην
848 2001 910 2036 φθεί
914 2010 978 2036 ραν-

186 2053 243 2077 τος,
258 2043 384 2078 ἐδιδάχθη
397 2042 574 2077 ἀναγνώστην
585 2043 647 2069 τινὰ
659 2043 709 2078 τῆς
725 2042 831 2074 πόλεως
845 2051 979 2077 συκοφαν-

186 2087 278 2122 τῆσαι,
296 2085 415 2119 κάκείνῳ
430 2084 581 2120 περιθεῖναι
594 2084 644 2120 τὴν
660 2083 863 2120 διεφθαρμένην
876 2084 977 2112 αἰτίαν.

187 2128 243 2154 Καὶ
264 2127 398 2162 γενομένη
421 2127 489 2161 πρὸς
510 2125 641 2161 γαστρδς,
663 2126 814 2162 ἐταζομένη
841 2126 917 2161 παρά
931 2125 978 2153 τοῦ

188 2170 253 2197 ιδίου
268 2168 382 2204 πατρὸς,
396 2169 525 2195 κατεῖπεν
539 2167 587 2194 τοῦ
601 2167 786 2201 ἀναγνώστου.
807 2167 939 2200 Ἀκούσας
949 2167 979 2194 δέ

187 2210 266 2238 τοῦτο
285 2211 299 2237 ὸ
319 2209 515 2245 πρεσϐύτερος,
530 2209 577 2235 καὶ
594 2209 752 2245 ταραχθεὶς,
770 2209 925 2245 ἀνήνεγκεν
938 2209 977 2245 τῷ

1023 949 1123 985 καρδίᾳ
1146 951 1375 986 συν-τετριμμένη.
1399 950 1469 985 μετὰ
1490 951 1596 978 πολλῶν
1619 950 1745 986 δακρύων
1765 950 1813 976 καὶ

1024 991 1195 1025 στεναγμῶν,
1203 990 1301 1026 λέγων·
1313 992 1349 1017 Σὺ
1361 990 1548 1027 οἷδας,Κύριε,
1556 992 1623 1024 τάςέ
1628 993 1681 1027 μὰς
1687 992 1813 1028 πράξεις,

1023 1033 1037 1058 ὀ
1050 1032 1231 1067 ἐπιστάμενος
1246 1032 1334 1059 πάντα
1347 1032 1376 1059 ὃν
1390 1029 1467 1059 οὐδὲν
1480 1033 1602 1068 λέληθεν.
1620 1034 1688 1060 Ούδέ
1701 1033 1759 1060 ἐστι
1771 1041 1813 1065 τις

1023 1073 1103 1105 τόπος
1127 1074 1285 1108 ἀπόκρυφος
1301 1075 1329 1100 ἐν
1348 1071 1370 1109 ᾧ
1385 1083 1427 1106 τις
1444 1075 1666 1110 ἀπκρυὸήσεται
1691 1075 1742 1110 τῆς
1765 1074 1814 1110 σῆς

1024 1118 1194 1152 παντεφόρου
1205 1117 1357 1153 δυνάμεως.
1376 1118 1405 1145 '0
1416 1118 1494 1150 εἰδὼς
1509 1120 1543 1146 τὰ
1556 1120 1645 1146 πάντα
1659 1120 1724 1154 πρὶν
1738 1119 1815 1152 γενέ-

1024 1160 1098 1191 σθαι,
1113 1160 1146 1186 σὺ
1160 1160 1238 1194 μόνος
1251 1159 1360 1194 βλέπεις
1374 1160 1445 1195 βάθη
1457 1160 1607 1196 ).ογισμιῖ›ν,
1623 1162 1669 1187 καὶ
1685 1161 1761 1188 πᾶσα
1773 1160 1816 1186 ἐν-

1024 1210 1083 1227 νοια
1098 1200 1175 1235 παρά
1186 1199 1231 1226 σοῦ
1244 1202 1340 1236 ὁρᾶται
1355 1201 1572 1236 ὀφθαλμοφανῶς
1584 1210 1591 1217 ·
1604 1203 1636 1228 σὺ
1649 1201 1687 1228 ῶν
1699 1202 1816 1237 ἐταστής

1025 1242 1202 1277 ἐνθυμήσεως
1215 1242 1278 1275 ὀξὺς
1291 1241 1411 1274 δικάζεις
1424 1243 1547 1278 ἀκριὸῶς
1559 1252 1566 1258 ·
1584 1245 1616 1270 σὺ
1630 1243 1816 1277 ἀδικουμένων

1026 1284 1122 1319 βοηθός
1132 1292 1138 1298 ·
1154 1284 1234 1316 αὐτὸς
1245 1282 1271 1311 εἴ
1283 1286 1546 1319 συκοφαντουμένων
1559 1284 1665 1316 ἔκδικος
1677 1284 1818 1321 ἁπαραλό-

1025 1334 1130 1360 γιστος,
1150 1323 1173 1360 ᾧ
1189 1326 1265 1353 οὐδὲν
1282 1327 1396 1362 ἀρέσκει
1411 1326 1466 1353 τῶν
1480 1326 1592 1353 ἀδίκων.
1604 1328 1682 1354 Πᾶσα
1698 1326 1726 1353 δέ
1734 1327 1815 1367 ⁴ῥοπὴ

1025 1367 1110 1402 ζυγοῦ
1129 1368 1301 1404 δικαιοσύνης
1320 1369 1396 1404 παρά
1419 1368 1470 1395 σοί.
1493 1368 1614 1403 Πάρεστι
1628 1368 1683 1404 γὰρ
1699 1368 1817 1395 πάντοτέ

1027 1418 1068 1437 σοι
1082 1410 1139 1445 φῶς
1150 1410 1308 1446 ἀπρόσιτον,
1321 1412 1368 1438 καὶ
1380 1411 1433 1437 πᾶν
1445 1410 1526 1446 ἐργον
1539 1410 1690 1446 ἀνθρώπων
1702 1410 1817 1436 ἐνώπιόν

1027 1452 1073 1480 σού
1092 1453 1177 1480 ἐστιν.
1194 1452 1251 1488 Τῆς
1266 1450 1313 1479 οὖν
1330 1453 1379 1487 σῆς
1397 1454 1454 1479 ἐστι
1474 1453 1581 1484 δικαίας
1596 1453 1644 1479 καὶ
1654 1452 1817 1488 ἀπαραλλά-

1026 1503 1091 1521 κτου
1119 1495 1237 1530 κρίσεως
1263 1495 1402 1530 ἀποφῆναι
1423 1496 1471 1522 καὶ
1495 1495 1545 1530 τὴν
1568 1495 1646 1530 δίκην
1660 1495 1709 1529 τὴν
1735 1495 1816 1530 ἐμήν.

1027 1536 1251 1572 Προσευχομένου
1273 1536 1320 1562 τοῦ
1338 1536 1480 1563 νεανίσκου
1503 1536 1631 1568 ἐκτενῶς,
1649 1536 1697 1562 καὶ
1717 1537 1750 1571 τῇ
1768 1545 1817 1571 νη-

989 1575 1011 1605 C
1029 1578 1106 1614 στείᾳ
1123 1578 1393 1613 προσκαρτεροῖωτος
1414 1578 1552 1613 ἐμμελῶς,
1564 1578 1638 1610 ἐντὸς
1653 1578 1744 1612 ὀλίγου
1755 1578 1819 1613 χρό-

1028 1629 1074 1647 νου
1091 1621 1273 1655 παρεγένοντο
1289 1621 1437 1656 αίισήμέραι
1453 1619 1501 1647 τοῦ
1518 1620 1630 1647 τοκετοῦ
1649 1621 1745 1655 αὐτῆς.
1763 1621 1819 1647 Καὶ

1028 1662 1161 1697 ἐνστάσης
1176 1662 1225 1697 τῆς
1248 1662 1332 1697 ὥρας,
1350 1663 1517 1697 παρεγένετο
1535 1663 1582 1689 καὶ
1595 1664 1612 1697 ἡ
1622 1662 1715 1689 δικαία
1728 1662 1818 1697 κρίσις

1028 1704 1076 1731 τοῦ
1091 1704 1158 1731 Θεοῦ
1172 1705 1293 1740 φέρουσα
1308 1704 1444 1739 ἀπότομον
1459 1703 1556 1739 ὀδύνην
1572 1705 1619 1731 καὶ
1634 1704 1769 1739 ἀφόρητον
1785 1705 1819 1739 τῇ

1030 1747 1276 1782 συκοφαντησάσῃ·
1292 1746 1340 1772 καὶ
1357 1747 1518 1781 στεναγμῶν
1537 1747 1640 1781 πλῆθος
1651 1747 1818 1781 ἀμέτρητον,

1029 1787 1124 1818 ὠδῖνες
1147 1787 1236 1814 πόνων
1254 1787 1460 1822 ἀνεκδιήγητοι,
1480 1788 1663 1822 καταχθονίων
1685 1788 1821 1822 κολαστη-

1031 1830 1096 1865 ρίων
1112 1829 1222 1863 ὁράσεις
1233 1829 1358 1864 φοὸεραὶ,
1371 1829 1475 1863 ταύτην
1487 1830 1536 1865 τὴν
1549 1829 1644 1855 ἀθλίαν
1656 1829 1820 1864 πολιορκοῦ-

1030 1879 1076 1897 σαι
1092 1871 1226 1906 ἰσχυρῶς·
1242 1871 1290 1897 καὶ
1305 1870 1335 1898 τὸ
1349 1871 1448 1906 βρέφος
1459 1871 1509 1905 τῆς
1521 1872 1639 1905 γαστρὸς
1653 1872 1692 1905 τῷ
1704 1871 1779 1906 ὄγκῳ
1787 1871 1819 1897 οὺ

1030 1912 1214 1948 προέκυπτεν.
1236 1912 1379 1948 Παρῆλθεν
1392 1912 1484 1948 ἡμέρα
1503 1912 1609 1948 πρώτη,
1631 1912 1820 1947 καὶδευτέρας,

1029 1955 1078 1981 καὶ
1089 1954 1183 1984 ὠδῖνες
1193 1954 1403 1989 ἀφορητότεραι·
1419 1954 1520 1989 ἐπέστη
1533 1955 1623 1990 τρίτη,
1635 1953 1683 1981 καὶ
1690 1954 1819 1988 τετάρτη,

1030 1996 1078 2023 καὶ
1092 1996 1123 2022 τὸ
1135 1996 1218 2030 ἄλγος
1234 1995 1445 2026 πολλαπλασίως
1460 1995 1650 2031 χαλεπώτερον
1659 2003 1665 2011 ·
1686 1995 1821 2028 διεδέξατο

1030 2038 1144 2073 πέμπτη
1161 2037 1209 2064 καὶ
1220 2037 1288 2072 ἐκτη
1305 2037 1354 2064 σὺν
1371 2037 1471 2073 ἐϐδόμῃ
1487 2039 1623 2074 σκοτεινῇ,
1635 2038 1683 2064 καὶ
1695 2039 1712 2072 ἠ
1725 2038 1820 2064 ταλαί-

1030 2088 1123 2115 πωρος
1138 2079 1206 2115 γυνὴ
1229 2079 1285 2106 ἀπὸ
1304 2079 1405 2115 πολλῆς
1419 2079 1498 2111 ὰνίας
1517 2079 1555 2115 τῷ
1568 2079 1619 2116 ᾄδῃ
1633 2080 1802 2115 προσωμίλει
1812 2087 1819 2094 ·

1030 2122 1060 2150 ἐν
1078 2121 1191 2153 ταύταις
1210 2121 1285 2154 ὅλαις
1304 2122 1364 2151 ταῖς
1388 2121 1507 2157 ήμέραις
1533 2122 1595 2157 μηδ’
1621 2122 1690 2154 ὅλως
1715 2122 1820 2157 τροφῆς

1031 2163 1251 2199 προσλαϐομένη,
1271 2163 1338 2198 μηδέ
1359 2163 1389 2190 τὺ
1411 2163 1492 2198 τυχὸν
1517 2163 1601 2190 ὕπνου
1625 2164 1820 2199 μετασχοῦσα*

1030 2205 1088 2233 ἀλλ’
1105 2206 1239 2240 οἰμωγαῖς
1254 2205 1379 2240 βασάνων
1395 2205 1493 2236 πόνους
1509 2205 1676 2240 ἀνηκέστους
1700 2206 1820 2242 διαδεχο-

148 2283 154 2287 η
187 2243 465 2286 ὲπισκόπῳξΜαθὼν
474 2250 553 2278 τοῦτο
567 2252 581 2278 ὁ
603 2243 762 2285 ἐπίσκοπος,
779 2243 976 2287 συνεκρότησεν
993 2243 1015 2271 Ῑ)
1033 2247 1133 2282 μένων.
1151 2247 1222 2282 μετὰ
1237 2246 1326 2274 ταῦτα
1340 2247 1429 2273 πάντα
1442 2248 1502 2278 ταῖς
1518 2248 1682 2282 προσευχαῖς
1696 2247 1743 2274 τοῦ
1759 2257 1822 2275 νεα-

187 2293 218 2320 τδ
233 2294 383 2329 ἱερατείαν
402 2293 450 2319 καὶ
465 2293 628 2328 ποιήσαντες
643 2293 777 2328 κληθῆναι
791 2293 838 2319 τὸν
854 2292 979 2326 ἀναγνώ-

189 2343 255 2369 στην
266 2334 426 2366 ἐϐασάνιζον
438 2331 489 2369 τῆν
500 2334 628 2361 ὑπόθεσιν
639 2334 685 2361 τοῦ
700 2335 873 2370 πράγματος.
895 2334 980 2370 Ἐρω-

187 2377 308 2412 τώμενος
329 2377 419 2403 τοίνυν
438 2377 452 2402 ό
466 2376 643 2412 ἀναγνώστης
663 2377 739 2412 παρὰ
753 2375 800 2402 τοῦ
815 2377 978 2408 ἐπισκόπου,

187 2420 237 2454 οὐχ
253 2418 405 2452 ὡμολόγειο
420 2418 450 2445 τὸ
466 2417 520 2454 γὰρ
541 2418 578 2453 μὴ
594 2418 715 2454 πραχθὲν
739 2418 805 2454 παρ’
818 2417 901 2445 αὐτοῦ
921 2418 981 2449 πῶς

188 2460 228 2487 ἐνι
241 2460 289 2487 καὶ
303 2459 437 2494 ῥηθῆναι;
458 2460 631 2494 ’Δγανακτῶν
646 2458 693 2486 οὖν
706 2461 720 2486 ό
734 2460 893 2492 ἐπίσκοπος,
911 2459 981 2494 μετά

189 2500 408 2536 ἐμϐριθεστάτης
431 2501 522 2536 φωνῆς
540 2501 632 2535 ἔλεγεν
647 2502 734 2536 τούτῳ
745 2509 751 2516 ·
768 2501 825 2536 Οὐχ
841 2501 981 2536 ὁμολογεῖς

190 2551 238 2570 σου
253 2543 283 2569 τὺ
294 2544 429 2577 πταῖσμα,
440 2543 488 2570 καὶ
500 2544 651 2578 μετανοεῖς,
670 2543 746 2570 ἄθλιε
756 2544 804 2570 καὶ
812 2543 975 2578 ταλαίπωρε,

189 2585 237 2612 καὶ
251 2585 422 2620 ἀκαθαρσίας
444 2585 656 2620 μεμεστωμένε;
680 2584 888 2620 Ἀπεκρίνατοό
916 2586 982 2612 ἀνα-
1009 2578 1015 2591 ¹

189 2623 330 2662 γνώστης·
348 2626 418 2659 Ἐγὼ
430 2626 525 2661 δέομαί
540 2635 599 2659 σου,
614 2627 644 2653 τὸ
658 2626 688 2654 ὂν
702 2624 790 2658 εἷπον,
802 2628 843 2653 ὅτι
853 2627 881 2653 ἐν
895 2626 982 2661 τούτῳ

191 2669 308 2705 πρᾶγμα
318 2669 369 2695 οὐκ
384 2668 438 2703 ἔχω
447 2677 454 2684 ⁸
470 2669 589 2700 ἀναίτιος
602 2669 657 2704 γάρ
681 2670 739 2704 εἰμι
757 2669 804 2696 καὶ
816 2669 866 2704 τῆς
877 2667 982 2700 ἐννοίας

190 2711 239 2745 τῆς
253 2710 321 2746 πρὸς
331 2710 449 2743 ἐκείνην.
464 2711 495 2737 Εἰ
509 2710 537 2737 δὲ
552 2710 644 2737 θέλετε
659 2710 776 2737 ἀκοῦσαι
789 2711 820 2737 τὺ
835 2711 875 2746 μὴ
895 2710 925 2737 ὃν
939 2711 983 2737 ἵνα

187 2751 277 2783 ῖῐπω,
298 2752 439 2787 πέπραχα.
460 2751 547 2778 Τοῦτο
572 2751 656 2778 αὑτοῦ
677 2752 829 2787 εἰρηκότος,
857 2751 983 2779 καθεῖλεν

192 2791 286 2819 τοῦτον
295 2793 341 2820 τοῦ
352 2793 538 2828 ἀναγνώστου.
551 2794 628 2821 Μετά
649 2793 728 2821 τοῦτο
740 2794 904 2829 προσπεσὼν
912 2802 984 2830 παρ-

194 2833 286 2860 εκάλει
299 2835 345 2861 τὸν
366 2836 526 2867 ἐπίσκοπον,
550 2835 654 2868 λέγων·
678 2835 710 2862 Εἰ
723 2834 802 2862 τοῦτό
824 2843 866 2862 σοι
881 2835 982 2868 ἔδοξεν,

196 2874 274 2910 κύριε
287 2876 430 2913 ἐπίσκοπε,
443 2877 537 2912 ἐπειδὴ
547 2874 636 2911 εἷπον,
650 2876 715 2912 Ναί,
728 2876 855 2912 ἐπταισα,
865 2874 982 2913 ιῐναίμε

1030 2289 1135 2323 νίσκου,
1149 2290 1166 2325 ἡ
1177 2289 1228 2324 τῆς
1239 2289 1442 2324 διεφθαρμένης
1461 2290 1508 2315 καὶ
1527 2289 1695 2325 ψευδηγόρου
1717 2290 1823 2325 ἀμείλι-

1032 2340 1096 2364 κτος
1111 2331 1210 2367 καρδία
1222 2332 1280 2363 τοῖς
1294 2331 1468 2364 ἀνυποίστοις
1487 2332 1589 2363 πόνοις,
1608 2331 1656 2358 καὶ
1669 2333 1686 2367 ἡ
1698 2331 1824 2367 ἐξομολό-

1033 2383 1113 2409 γησις
1139 2373 1299 2407 συνεξῆλθεν
1325 2374 1434 2409 γοεραῖς
1449 2375 1552 2408 φωναῖς
1568 2374 1674 2409 βοῶσα·
1692 2375 1772 2410 Οῖμοι
1789 2377 1822 2411 τῇ

1031 2415 1122 2450 ἀθλίᾳ,
1133 2414 1284 2441 κινδυνεύω
1294 2414 1444 2441 ἀπολέσθαι
1452 2415 1512 2442 δυσὶ
1523 2417 1618 2447 κακοῖς
1626 2416 1821 2451 περιπεσοῦσα,

1032 2456 1202 2491 συκοφαντίᾳ
1220 2456 1268 2482 καὶ
1285 2456 1415 2492 πορνείῳ
1436 2456 1566 2484 ἀπῶλεσά
1587 2465 1638 2492 μου
1653 2457 1703 2492 τὴν
1720 2459 1823 2494 παρθε-

1031 2497 1101 2530 νίαν,
1122 2497 1282 2533 διχοστασίᾳ
1305 2497 1475 2533 παρεδόθην·
1495 2498 1548 2524 ὑπὸ
1567 2498 1661 2534 ἐτέρου
1681 2499 1822 2534 καταφθα-

1036 2541 1123 2574 ρεῐσα,
1141 2539 1188 2565 τοῦ
1209 2538 1385 2573 ἀναγνώστου
1402 2540 1594 2575 κατηγόρησα.
1616 2540 1779 2568 ’Δκούσασαι
1795 2542 1824 2568 δέ

1034 2580 1121 2608 ταῦτα
1135 2581 1164 2608 αἰ
1179 2580 1309 2616 παρθένοι
1327 2580 1374 2607 τοῦ
1391 2582 1573 2617 μοναστηρίου
1587 2582 1627 2618 τῷ
1641 2583 1725 2619 πατρὶ
1739 2583 1824 2619 αὐτῆς

1033 2622 1206 2657 ἀπήγγειλαν
1222 2622 1258 2649 τὰ
1277 2622 1377 2650 πάντα.
1399 2622 1428 2650 ’0
1442 2623 1472 2650 δὲ
1488 2624 1580 2659 πατὴρ
1599 2625 1684 2661 αὐτῆς
1698 2624 1825 2660 αἰδούμε-

1034 2673 1078 2695 νος
1094 2665 1157 2697 τοὺς
1174 2665 1280 2697 πάντας
1292 2665 1330 2696 ὡς
1348 2665 1386 2701 μὴ
1401 2666 1626 2701 καταγνωσθῆναι
1639 2667 1685 2694 ἐπὶ
1699 2669 1732 2702 τῇ
1744 2675 1822 2695 συκο-

1035 2707 1147 2742 φαντίᾳ,
1163 2708 1220 2739 τοῖς
1243 2707 1399 2742 εἰρημένοις
1412 2708 1442 2734 οὐ
1458 2708 1617 2741 πιστεύσας,
1637 2708 1774 2744 ἡσύχασεν
1790 2711 1824 2737 τὰ

1033 2748 1091 2775 ὅλα.
1117 2748 1161 2780 Ὠς
1179 2748 1209 2775 δέ
1223 2748 1239 2783 ἡ
1255 2748 1348 2775 δικαία
1369 2748 1461 2784 κρίσις
1475 2750 1619 2784 ἐφεστῶσά
1641 2751 1658 2786 ἡ
1677 2751 1824 2783 δικάζουσα

1033 2790 1069 2816 τὰ
1082 2789 1183 2822 πάντα,
1194 2789 1277 2816 πάλιν
1291 2789 1458 2826 ἐπαλλήλους
1470 2792 1503 2827 τῇ
1518 2792 1600 2828 ἀθλία
1616 2793 1700 2828 ταύτῃ
1718 2793 1823 2820 ἔτικτεν

1033 2831 1147 2863 ὠδῖνας·
1164 2831 1258 2858 λοιπὸν
1277 2832 1314 2867 μὴ
1329 2832 1481 2868 δυναμένης
1500 2834 1517 2869 ἢ
1536 2834 1618 2870 ζῆσαι
1629 2835 1646 2871 ἢ
1658 2835 1822 2864 ἀποθανεῖν·

1030 2873 1082 2915 ,καὶ
1094 2872 1140 2901 τοῦ
1156 2872 1268 2918 τοκετοῦ
1277 2873 1315 2909 μὴ
1324 2874 1655 2912 ἐκφυγούσης,ἐπιφαίνει
1665 2878 1682 2913 ή
1691 2877 1781 2914 ἡμέρα
1804 2877 1822 2914 ἡ
