2072 3153
272 184 340 218 1243

990 184 1167 219 PALLADII

1828 187 1896 222 EH

269 242 362 277 ὀγδόη,
385 242 432 269 καὶ
453 241 535 270 πάλιν
549 241 567 277 ή
588 241 696 277 ὲννάτη,
724 239 868 277 βαθυτάτῳ
892 240 982 276 σκότῳ
1005 242 1059 268 τῶν
1073 244 1097 274 Α
1111 244 1158 271 καὶ
1176 245 1241 278 τοὺς
1265 246 1436 280 συκοφάντας
1459 234 1642 280 φανερούσης.
1664 245 1713 285 καὶ
1735 246 1791 278 τοῖς
1810 247 1896 283 ταύτῃ

269 286 396 321 ἀλήπτων
416 286 539 321 στρόφων
562 285 664 320 ταύτην
685 285 859 321 ἀμαυρῶσαι.
879 285 923 316 Ὠς
943 285 990 312 οῦν
1006 285 1057 312 οὑκ

269 328 393 365 ἔφερενή
410 329 516 356 συνοδία
531 331 580 361 τὰς
596 330 716 365 μεγάλας
734 329 837 364 ταύτης
850 329 984 364 οἰμωγὰς,
996 329 1058 363 δρο-

272 375 348 408 μαῖαι
374 373 539 400 ἀπελθοῦσαι
565 375 760 409 ἀναγγέλλουσι
783 374 822 409 τῷ
837 374 990 408 ὲπισκόπῳ,
1016 373 1057 400 δτι

269 417 342 444 ἐστιν
353 418 449 452 ὲννάτη
461 418 580 453 σήμερον
591 418 682 454 ήμέρα
693 419 733 445 δτι
746 417 846 454 ήδεῖνα
856 418 1057 453 ὲξομολογεῑται

268 461 309 487 ὅτι
319 461 401 488 Τοῦδε
411 462 460 488 τοῦ
469 463 643 496 ἀναγνώστου
653 463 836 498 κατεστάθην,
847 462 1057 496 καὶάποκυῆσαι

268 505 319 531 οὐκ
336 506 434 540 ίσχύω*
452 507 658 541 ἐσυκοφάντησα
673 507 727 542 γὰρ
741 506 843 534 τοῦτον.
867 507 896 532 Ὀ
908 506 935 532 δὲ
946 506 1057 532 ἐπίσκο-

268 558 318 580 πος
332 550 451 582 ἀκούσας
464 550 540 586 παρὰ
555 552 606 577 τῶν
619 551 762 586 παρθένων
776 552 865 578 πάντα
879 551 912 577 τὰ
928 550 1057 586 ρηθέντα,

269 594 373 627 πέμπει
396 595 463 630 πρὸς
485 595 529 622 τὴν
545 595 725 629 ἀναγνώστην
740 594 786 621 δύο
802 595 954 627 διακόνους,
969 593 1057 629 δηλῶν

268 638 344 671 αὺτῷ
362 638 450 665 πάντα
461 660 467 669 ,
486 639 533 665 καὶ
552 639 596 666 ἵνα
613 637 725 673 εὔξηται
739 639 841 670 ἐκεῖνος
859 638 991 673 ρυσθῆναι
1008 636 1058 672 τῆς

267 681 389 716 ἀνάγκης
409 682 458 717 τὴν
475 683 648 718 ταλαίπωρον
669 684 797 717 γυναῖκα.
821 682 850 709 '0
879 682 908 708 δὲ
934 682 1058 716 γενναῖος

267 724 343 756 οὗτος
356 727 498 758 νεανίσκος
509 727 570 754 οὐδὲ
584 727 729 762 ἀπόκρισιν
739 727 830 758 αὐτοῖς
847 725 972 757 δέδωκεν,
989 725 1057 761 μηδὲ

267 769 315 805 τὴν
332 770 418 805 θύραν
432 771 556 804 ἀνοίξας·
571 771 628 798 ἀλλ’
648 771 694 805 ἀφ’
707 768 741 806 ἦς
755 771 861 806 ἡμέρας
879 771 918 801 είς
933 770 981 806 τὴν
995 769 1056 797 κέλ-

267 814 315 840 λαν
336 815 471 850 είσῆ).θεν,
495 816 540 842 τὸν
564 816 664 851 συνήθη
682 816 782 842 κανόνα
798 817 847 850 τῆς
862 815 991 849 νηστείας
1011 815 1057 840 ὲκ-

266 858 389 894 πληρῶν,
403 859 452 886 καὶ
468 861 527 891 ταῖς
538 860 662 892 δεήσεσιν
675 859 802 886 ἱκετεύων
814 859 859 886 τδν
874 858 950 886 Θεὸν.
962 859 1056 885 Κατα-

267 903 403 937 καμφθεὶς
413 903 441 930 δὲ
452 905 466 930 ό
476 904 568 939 πατὴρ
581 903 649 939 πρὸς
660 895 897 949 οἶκτον-τῆς-ἱδίας
910 902 1054 949 θυγατρος,
1071 921 1093 949 Β

266 946 351 973 ἐλθὼν
369 946 439 982 προς
453 947 499 974 τὸν
517 947 665 974 ἐπίσκοπον
682 947 779 982 ἐδεήθη
796 946 879 973 αὑτοῦ
896 946 998 982 σφόδρα
1013 946 1057 973 εύ-

267 991 317 1025 χὴν
331 991 432 1026 ταύτης
445 991 571 1025 γενέσθαι
585 992 615 1018 ὲν
625 993 658 1026 τῇ
680 991 842 1026 Ἑκκλησίᾳ·
855 990 902 1017 καὶ
912 990 1057 1024 γινομένης

267 1032 320 1059 ὑπὸ
333 1033 442 1060 πάντων
458 1035 612 1069 προσευχῆς
626 1034 695 1069 πρὸς
711 1035 756 1061 τὸν
770 1034 922 1070 Δεσπότην,
939 1034 995 1061 οὐδ’
1008 1033 1056 1060 οῦ-

265 1083 320 1107 τως
332 1077 348 1111 ὴ
361 1076 441 1102 ἀθλία
451 1076 502 1111 τῆς
514 1077 637 1111 ἀνάγκης
652 1077 802 1112 ὲλυτρώθη.
812 1078 844 1104 Al
857 1078 910 1113 γὰρ
922 1078 1000 1114 εὐχαὶ
1009 1077 1056 1105 τοῦ

267 1118 516 1155 συκοφαντηθέντος
535 1121 706 1147 δυσιοποῦσαι
720 1121 766 1147 τὸν
781 1121 932 1155 Δεσπότην,
947 1121 1057 1148 ἀπετεί-

265 1172 344 1198 χισαν
357 1164 406 1195 τὰς
423 1164 527 1191 τούτων
554 1165 592 1201 μὴ
614 1164 828 1200 παραδεχθῆναι.
853 1165 962 1192 Τούτων
984 1165 1056 1192 οὓτω

265 1207 424 1241 γεγονότων¹
435 1208 555 1239 ἀναστὰς
579 1209 594 1235 ό
615 1209 767 1240 ἐπίσκοπος
790 1208 926 1245 ἐπορεύθη
948 1208 989 1241 είς
1005 1209 1056 1244 τὴν

265 1251 363 1278 κέλλαν
383 1253 412 1279 ἐν
512 1253 527 1279 ὸ
548 1252 741 1288 ἀναγνώστης’
758 1253 806 1280 καὶ
825 1252 991 1288 κρούσαντος
1005 1253 1055 1289 τὴν

264 1294 351 1330 θύραν
366 1295 415 1322 οὐκ
431 1296 526 1332 ήθελεν
543 1296 657 1329 ἀνοῖξαι.
679 1297 739 1324 Ἐπὶ
754 1297 821 1324 πολὺ
835 1297 862 1323 δὲ
881 1297 929 1324 τοῦ
944 1298 1056 1324 ἐπισκό-

265 1348 316 1366 που
328 1339 381 1372 ιξω
395 1340 578 1375 παρεστῶτος,
591 1341 718 1368 κάκείνου
732 1340 805 1368 ἔνδον
818 1341 906 1372 ὄντος,
921 1341 1027 1368 κελεύει
1040 1341 1055 1368 ὁ

264 1383 414 1417 ἐπίσκοπος
426 1376 475 1420 τὴν
490 1385 576 1421 θύραν
587 1385 749 1420 ἐπαρθῆναι.
768 1386 822 1412 Καὶ
835 1386 1000 1418 είσελθόντες
1011 1383 1055 1413 εῦ-

265 1437 311 1463 ρον
330 1428 376 1455 τὸν
399 1429 541 1456 νεανίσκον
560 1430 594 1465 τῇ
619 1431 758 1465 προσευχῇ
784 1429 1053 1465 προσκαρτεροῦντα,

264 1472 310 1499 ἐπὶ
327 1473 374 1500 τοῦ
394 1473 508 1507 ἐδάφους
532 1474 745 1509 ὲφαπλωμένονο
770 1474 817 1501 καὶ
838 1474 905 1501 πολὺ
925 1483 1054 1510 παρακα-

262 1516 344 1548 λέσας
359 1516 453 1542 τοῦτον
465 1517 587 1552 ἤγειρεν,
605 1517 704 1551 λέγων·
715 1517 825 1551 ’Λδελφὲ
837 1517 970 1544 Eumene
985 1518 1053 1545 ἀνα-

262 1559 382 1593 γνώστα,
398 1560 604 1596 φανερωθείσης
618 1562 668 1596 τῆς
682 1561 874 1595 συκοφαντίας,
898 1561 965 1588 Θεοῦ
981 1562 1053 1588 οίκο-

261 1604 354 1639 νομίᾳ,
369 1603 425 1630 τῶν
439 1603 494 1630 σῶν
506 1603 594 1639 εὐχῶν
606 1605 849 1638 είσακουσθεισῶν,
861 1606 1052 1641 κατοικτειρή-

263 1656 311 1678 σας
322 1648 371 1682 τὴν
382 1648 422 1679 εὶς
433 1647 464 1674 σὲ
476 1648 668 1684 ήμαρτηκυίαν
679 1648 746 1675 πολὺ
759 1649 982 1677 καταικισθεῖσαν
993 1651 1053 1682 ταῖς

263 1691 374 1727 μάστιξι
386 1692 441 1718 τῶν
453 1691 590 1727 βασάνων,
602 1692 683 1719 λῦσον
695 1694 745 1724 τὰς
760 1693 897 1729 ἁμαρτίας
906 1702 913 1710 ·
926 1691 988 1726 ταῖς
998 1694 1052 1730 γὰρ

263 1736 322 1766 σαῖς
344 1735 439 1770 εὐχαῖς
461 1735 574 1762 τοιαῦτα
594 1737 712 1772 πάσχει·
729 1737 777 1764 καὶ
789 1738 849 1764 είπὲ
862 1738 931 1773 πρὸς
942 1738 987 1764 τὸν
1003 1740 1053 1765 Δε-

263 1779 377 1813 σπότην,
398 1779 441 1806 ἴνα
458 1779 544 1815 αὐτὴν
559 1780 732 1817 ἐλευθερώσῃ
751 1780 800 1808 τοῦ
814 1781 925 1808 τοκετοῦ
939 1782 986 1817 τῆς
997 1790 1053 1809 κοι-

260 1821 331 1854 λίας.
348 1823 400 1849 Τοῦ
413 1823 440 1850 δὲ
452 1824 575 1859 ἀοιδίμου
590 1825 766 1860 ἀναγνώστου
780 1826 839 1861 ἅμα
857 1827 896 1862 τῷ
909 1827 1052 1862 ὲπισκόπῳ

260 1867 379 1899 ἐκτενῶς
390 1868 624 1904 προσευξαμένου,
638 1872 809 1906 παραχρῆμα
820 1871 837 1906 ὴ
851 1871 932 1897 ἀθλία
942 1871 1053 1906 ἠλευθε-

260 1911 335 1947 ρώθη
352 1913 402 1947 τῆς
416 1913 550 1947 ἀνάγκης,
567 1914 749 1948 ἀποκυήσασα
761 1914 877 1948 παιδίον,
894 1915 1052 1942 ίκετεύουσα

259 1956 323 1987 τοὺς
338 1956 442 1989 πάντας
459 1958 596 1993 ἀφεθῆναι
611 1959 680 1994 αὐτῇ
695 1958 745 1994 τὴν
763 1959 879 1994 ἀνομίαν
898 1960 958 1991 ταῖς
982 1967 1053 1995 πρε-

260 1999 364 2032 σϐείαις
389 2000 435 2027 τοῦ
452 2001 575 2028 δικαίου·
594 2001 623 2028 δν
644 2002 738 2029 λοιπὺν
763 2003 788 2029 οί
806 2003 906 2035 πάντες
920 2001 992 2038 εἶχον
1007 2003 1052 2030 τὸν

259 2045 382 2077 γενναῖον
399 2046 427 2071 ἐν
445 2046 522 2077 τάξει
543 2046 596 2072 τῶν
617 2046 774 2082 μαρτύρων.
793 2047 887 2082 Πὰσης
901 2047 957 2082 γὰρ
973 2048 1052 2083 μερί-

261 2096 330 2122 μνης
352 2088 447 2115 ἑαυτὸν
474 2089 661 2124 ἐλευθερώσας
688 2092 727 2122 είς
742 2091 830 2133 ἄκρΙαν
849 2091 987 2119 πολιτείαν
1001 2092 1052 2127 τῆς

260 2131 360 2166 ἀρετῆς
382 2132 506 2167 ἀνῆλθεν,
533 2133 572 2165 ὡς
597 2133 644 2160 καὶ
669 2131 839 2170 χαρίσματος
864 2136 1050 2171 πνευματικοῦ

260 2176 354 2203 τοῦτον
373 2177 532 2212 ἀξιωθῆναι.
549 2178 642 2205 Ταῦτα
659 2179 688 2206 δὲ
704 2180 875 2216 ἐγράψαμεν,
895 2182 938 2208 ἵνα
957 2182 1051 2217 μηδεὶς

260 2223 467 2256 συκοφαντήσας
489 2224 630 2258 περιπαγῇ
653 2224 709 2255 τοῖς
730 2224 848 2256 δικτύοις
867 2225 914 2251 τοῦ
934 2225 1048 2261 ἐχθροῦ,

261 2266 308 2292 καὶ
323 2265 432 2303 ἐμπέσῃ
450 2267 491 2297 είς
506 2266 603 2298 ὀδύνας
618 2268 771 2303 ἀφορήτους
786 2269 854 2301 τέως
869 2269 919 2304 τῆς
937 2258 1049 2305 σαρκὸς,
1062 2258 1089 2288 Ῑ)

265 2309 337 2341 καθά
350 2310 397 2336 καὶ
409 2311 425 2345 ἡ
440 2312 628 2346 προγραφεῖσα
639 2312 799 2346 ψευδοτόκος
809 2321 816 2328 ο
830 2315 898 2349 μετὰ
907 2314 936 2341 δὲ
947 2314 995 2350 τὴν
1009 2316 1051 2342 ἐν-

264 2353 358 2380 τεῦθεν
371 2354 416 2381 τοῦ
431 2355 557 2389 σώματος
571 2355 730 2391 ἀπαλλαγὴν
745 2357 908 2393 παραδοθεὶς
919 2359 1051 2394 κολαστη-

266 2398 331 2433 ρίοις
345 2398 464 2430 αἰωνίοις
480 2399 527 2426 καὶ
543 2400 740 2435 ἀτελευτήτοις.
762 2402 792 2428 'O
805 2402 859 2438 γὰρ
874 2403 1051 2437 συκοφαντῶν

259 2443 423 2477 παροργίζει
449 2443 495 2470 τὸν
523 2444 600 2471 Θεόν.
632 2444 662 2471 '0
684 2445 713 2472 δὲ
733 2446 984 2481 συκοφαντούμενος
1003 2447 1051 2474 καὶ

258 2486 403 2522 ὑποφέρων
418 2487 550 2520 εὐλαϐῶς,
566 2488 614 2515 καὶ
628 2489 722 2524 εὐχαῖς
737 2490 892 2527 ἐπιτρέπων
907 2490 956 2526 τὴν
971 2491 1052 2526 φανέ-

258 2538 353 2566 ρωσιν,
369 2531 513 2566 ἀναμένων
525 2532 574 2567 τὴν
585 2533 693 2561 δικαίαν
704 2534 795 2570 κρίσιν
808 2533 856 2561 τοῦ
866 2534 947 2567 Θεοῦ,
958 2530 1050 2567 καθὼς

257 2576 305 2602 καὶ
320 2577 335 2602 ὸ
353 2577 516 2612 στεφανίτης
541 2577 588 2604 τοῦ
602 2578 722 2614 Χριστοῦ
736 2579 750 2605 ό
767 2579 814 2606 καὶ
833 2578 959 2613 ἐνταῦθα,
978 2581 1050 2608 κατά

257 2620 358 2654 κράτος
375 2620 525 2654 δοξασθεὶς,
540 2623 589 2649 καὶ
611 2622 665 2649 τῶν
689 2623 807 2650 αίωνίων
826 2623 967 2658 στεφάνων
983 2633 1049 2652 κατ-

257 2663 394 2696 αξιωοείς.
406 2665 493 2692 Μάθω
496 2674 546 2701 μεν
556 2663 603 2694 οὖν
612 2667 734 2703 ἀκριϐῶς
740 2668 789 2703 τὴν
795 2668 929 2704 ἀήττητον
934 2669 1049 2705 δύναμιν

257 2709 308 2742 τῆς
322 2709 406 2745 εὐχῆς
418 2709 469 2746 τῆς
488 2711 536 2738 καὶ
554 2713 617 2743 τοὺς
631 2712 661 2739 ὲν
681 2712 772 2739 πίστει
790 2713 982 2750 στηριζούσης,
1000 2714 1049 2742 καὶ

257 2752 325 2784 τοὺς
337 2754 366 2780 ὲν
380 2754 528 2789 ἁμαρτίαις
540 2756 679 2792 ὲλεούσης,
689 2757 736 2783 καὶ
750 2758 805 2789 τοῖς
818 2757 867 2792 τὴν
875 2758 1047 2794 ἀρετὴνκατ-

258 2795 369 2831 ορθοῦσι
393 2798 554 2834 βοηθούσης,
577 2801 625 2828 καὶ
645 2801 694 2836 τὴν
715 2801 803 2828 κτίσιν
824 2803 914 2829 πᾶσαν
931 2804 1048 2838 κρατού-

259 2847 320 2874 σης,
334 2841 383 2868 καὶ
396 2843 443 2869 τὸν
457 2843 577 2880 έκτίστην
592 2845 701 2872 πάντων
718 2845 907 2882 δυσωπούσης,
923 2849 971 2874 καὶ
985 2849 1047 2881 τοὺς

257 2884 461 2920 κατορθοῦντας
478 2887 527 2924 τὴν
551 2888 667 2924 ἀρίστην
693 2889 833 2918 πολιτείαν
850 2892 1046 2928 στεφανούσης

1110 290 1359 326 προσκαρτεροῦσιν
1373 291 1494 330 οὐρανῶν
1509 290 1647 325 βασιλειαν
1663 290 1847 327 δωρουμένης.

1382 333 1510 362 ΚΕΦΑΛ.
1533 333 1620 361 PMB’.

1391 376 1460 409 Περὶ
1475 376 1614 408 Σαιιϐίας.

1147 418 1215 444 Κατ’
1229 419 1317 446 ἐκεῖνο
1330 420 1428 455 καιροῦ
1446 419 1546 455 συνέϐη
1561 419 1619 454 ἅμα
1639 418 1742 446 ὁδεύειν
1757 419 1830 454 ἡμᾶς
1843 420 1897 446 ἀπο

1109 461 1203 493 Αίλίας
1218 462 1264 488 ἐπὶ
1279 463 1330 498 τὴν
1344 464 1494 498 Αἴγυπτον,
1511 463 1726 499 προπέμποντας
1741 463 1789 498 τὴν
1806 467 1896 498 μακα-

1111 505 1172 541 ρίαν
1201 505 1330 539 Σαλϐίαν,
1355 507 1406 543 τὴν
1433 507 1566 543 παρθένον
1594 509 1724 542 γυναῖκα,
1737 507 1855 543 ἀδελφὴν
1868 507 1897 533 δὲ

1113 547 1253 585 Ῥουφῖνον
1263 550 1309 577 τοῦ
1322 551 1376 578 ἀπὸ
1387 550 1525 586 ἐπάρχων.

1384 596 1509 624 ΚΕΦΑΔ.
1527 596 1617 624 PMI".

1376 640 1445 674 Περὶ
1470 641 1626 668 Ἰουϐίνου.

1150 681 1196 709 Ἐν
1211 679 1252 714 οἷς
1269 680 1304 718 ἦν
1320 684 1369 710 σὺν
1385 685 1453 720 ήμῖν
1468 685 1516 712 καὶ
1540 685 1678 717 Ἰουϐῐνος,
1692 684 1755 711 τότε
1773 684 1822 718 μὲν
1836 683 1896 711 διά-

1108 733 1196 757 κονος,
1213 727 1272 754 νυνὶ
1287 727 1316 755 δὲ
1340 729 1490 760 ἐπίσκοπος
1511 727 1631 762 γεγονὼς
1655 727 1706 763 τῆς
1726 728 1896 760 Ἀσκάλωνος

1114 769 1289 805 Ἐκκλησίας,
1301 772 1371 807 ἀνὴρ
1385 772 1502 807 εὐλαϐὴς
1517 774 1565 799 καὶ
1580 773 1731 807 φιλόλογος.
1743 773 1896 807 Σφοδροτά·

1106 822 1153 840 του
1169 814 1214 841 οὖν
1229 815 1370 850 καύματος
1390 816 1590 849 καταλαϐόντος
1606 816 1690 852 ἡμᾶς,
1707 818 1897 852 καταντήσαν-

1106 866 1157 889 τας
1173 859 1212 890 είς
1234 858 1265 886 τδ
1280 860 1440 894 Πηλούσιον,
1461 860 1539 896 ἔτυχε
1554 861 1600 887 τὸν
1622 861 1749 888 Ἰουϐἰνον
1777 862 1896 897 νιπτῆρα

1107 900 1224 928 λαϐόντα
1240 903 1368 937 νίψασθαι
1385 904 1434 936 τὰς
1449 905 1545 939 χεῖρας
1559 905 1681 936 καὶτοὺς
1699 905 1784 935 πόδας
1799 906 1895 941 πυγμῇ

1105 944 1279 980 ψυχροτάτου
1292 946 1368 979 ὄντος
1381 947 1428 974 τοῦ
1447 947 1553 980 ὕδατος,
1576 948 1623 975 καὶ
1644 947 1713 983 μετὰ
1725 948 1757 975 τὺ
1768 948 1896 982 νίψασθαι

1107 990 1265 1026 δερμοτύλῳ
1287 992 1533 1019 έπαναπαύσασθσι
1559 992 1667 1027 ῥιφέντι
1683 993 1751 1020 κατά
1762 993 1809 1019 τοῦ
1831 993 1894 1020 ἐδά-

1108 1042 1186 1068 φους.
1206 1034 1357 1062 Ἐπιστᾶσα
1371 1035 1400 1062 δὲ
1418 1036 1537 1071 τούτῳή
1558 1037 1708 1073 μακαρῖτις
1727 1036 1840 1069 Σαλϐία,
1857 1038 1896 1070 ὡς

1109 1078 1200 1114 μήτηρ
1215 1079 1284 1114 σοφὴ
1300 1079 1359 1105 υίοῦ
1373 1080 1510 1115 κηδομένη
1521 1080 1643 1116 γνησίου,
1653 1081 1829 1116 ἐπέσκηπτεν
1844 1081 1895 1108 αὑ-

1106 1122 1154 1148 τοῦ
1171 1124 1204 1158 τῇ
1217 1123 1367 1160 ἁπαλότητι
1380 1125 1426 1151 τοῦ
1441 1124 1577 1160 σώματος,
1593 1125 1710 1159 λέγουσα
1723 1125 1797 1161 αὺτῷ
1810 1134 1817 1141 ·
1833 1126 1896 1158 Πῶς

1105 1166 1217 1201 θαρσετς
1230 1176 1277 1194 σου
1285 1168 1324 1203 τῷ
1341 1168 1457 1204 σώματι,
1469 1170 1597 1205 τοιαύτην
1611 1170 1686 1205 ἄγων
1705 1170 1754 1206 τὴν
1774 1171 1895 1206 ήλικίαν,

1106 1211 1154 1237 καὶ
1169 1211 1209 1237 ἐτι
1223 1212 1330 1245 ζέοντὸς
1346 1221 1392 1240 σου
1408 1213 1454 1240 τοῦ
1469 1214 1607 1248 αἴματοςς
1621 1214 1706 1246 οὕτως
1722 1223 1769 1242 σου
1782 1215 1896 1250 φιλοκα-

1106 1255 1162 1286 λεῖς
1174 1256 1205 1282 τὺ
1217 1256 1341 1292 σαρκίον,
1355 1257 1393 1289 ὡς
1409 1257 1446 1293 μὴ
1463 1258 1624 1293 αίσθόμενος
1637 1259 1691 1285 τῶν
1708 1259 1738 1292 ἐξ
1750 1259 1832 1286 αὑτοῦ
1852 1268 1894 1287 σοι

1105 1300 1274 1335 τικτομένων
1290 1301 1448 1338 βλαϐερῶν;
1463 1302 1576 1338 Θάρσει,
1592 1302 1720 1337 λέγουσα,
1734 1304 1838 1337 τέκνον,
1854 1304 1895 1331 δτι

1105 1343 1251 1378 ἑξηκοστὸν
1267 1345 1314 1372 νῦν
1334 1345 1438 1380 ἄγουσα
1464 1346 1523 1378 ἔτος
1546 1348 1595 1382 τῆς
1620 1347 1729 1382 ήλικίας
1745 1348 1823 1378 ἐκτὸς
1840 1348 1896 1375 τῶν

1105 1388 1198 1423 ἄκρων
1216 1389 1327 1424 χειρῶν,
1350 1390 1398 1416 καὶ
1420 1390 1486 1416 αὐτὸ
1501 1390 1546 1417 διὰ
1571 1390 1725 1424 κοινωνίαν,
1750 1392 1800 1418 οὐκ
1830 1392 1892 1427 δψις

1105 1440 1156 1466 μου
1168 1432 1257 1468 ἥψατο
1273 1432 1379 1465 ὓδατος,
1393 1433 1423 1460 οὑ
1441 1434 1518 1467 ποῦς,
1535 1434 1590 1461 οὐδ’
1605 1434 1668 1462 ἀλλο
1681 1443 1708 1462 τι
1723 1436 1778 1462 τῶν
1793 1436 1893 1470 μελῶν,

1106 1476 1205 1511 καίπερ
1219 1477 1359 1514 διαφόροις
1368 1477 1519 1514 ληφθείσης
1530 1480 1707 1515 ἀρρωστίαις,
1722 1481 1769 1508 καὶ
1783 1481 1895 1508 ὑπὸτῶν

1106 1520 1208 1556 ἰατρῶν
1223 1522 1451 1558 ἀναγκαζομένης
1466 1523 1572 1560 λουτρῷ
1595 1525 1762 1560 χρήσασθαι,
1777 1525 1827 1552 οὐκ
1845 1527 1895 1561 ἡν-

1105 1565 1225 1600 εσχόμην
1236 1566 1384 1594 ἀποδοῦναι
1397 1568 1430 1602 τῇ
1448 1566 1530 1603 σαρκὶ
1539 1568 1568 1594 τὸ
1581 1567 1657 1599 ἑθος’
1673 1568 1724 1596 οὐκ
1744 1569 1790 1596 ἐπὶ
1802 1568 1896 1605 κλίνης

1104 1609 1286 1645 ὲκαθεύδησα,
1297 1610 1328 1636 οὺ
1343 1610 1474 1647 λεκτικίῳ
1494 1611 1601 1640 ὥδευσά
1617 1621 1680 1639 που.

1139 1654 1212 1690 Αὕτη
1224 1655 1372 1691 λογιωτάτη
1386 1656 1509 1691 γέγονεν,
1521 1658 1537 1693 ἢ
1554 1657 1601 1685 καὶ
1615 1657 1661 1684 τὸν
1671 1657 1742 1685 θεῖον
1752 1658 1839 1693 Λόγον
1854 1668 1896 1694 φι·

1103 1697 1209 1732 λήσασα
1227 1698 1277 1731 τὰς
1293 1699 1394 1732 νύκτας
1411 1701 1451 1732 είς
1471 1701 1578 1736 ἡμέρας
1592 1701 1758 1740 ἀνέστρεψεν
1775 1702 1896 1738 δαψιλῶς

1104 1743 1188 1779 ἐλαίῳ
1211 1744 1317 1775 ταύτας
1332 1745 1562 1780 καταλάμπουσα,
1578 1748 1631 1773 πᾶν
1654 1747 1825 1783 σύγγραμμα
1839 1748 1895 1775 τῶν

1104 1787 1228 1822 ἀρχαίων
1242 1788 1494 1824 ὑπομνηματιστῶν
1506 1789 1665 1817 διελθοῦσα·
1681 1791 1710 1817 ὲν
1725 1789 1765 1823 οἷς
1789 1792 1896 1827 Ὠριγέ-

1103 1839 1165 1862 νους
1183 1832 1494 1868 μυριάδαςτριακοσίας,
1505 1834 1655 1869 Γρηγορίου
1669 1834 1716 1861 καὶ
1726 1835 1836 1871 Πιερίου
1847 1836 1895 1862 καὶ

1103 1876 1250 1910 Στεφάνου,
1267 1878 1314 1914 καὶ
1337 1877 1489 1915 Βασιλείου,
1511 1879 1560 1906 καὶ
1583 1879 1685 1914 ἐτέρων
1706 1879 1787 1907 τινῶν
1811 1889 1895 1907 σπου-

1102 1919 1252 1947 δαιοτάτων
1270 1921 1406 1957 μυριάδας
1420 1922 1508 1949 εἴκοσι
1523 1923 1608 1950 πέντε
1620 1931 1628 1938 '
1645 1924 1695 1959 οὐχ
1715 1923 1819 1956 ἁπλῶς.
1833 1925 1895 1952 οὐδὲ

1102 1963 1140 1995 ὡς
1160 1964 1253 1999 ἔτυχεν
1277 1965 1451 2000 παρελθοῦσα
1472 1966 1570 1998 ταῦτα,
1591 1966 1660 1994 ἀλλὰ
1685 1969 1893 2004 πεπονημένοις,

1102 2008 1218 2035 ἕκαστον
1234 2009 1335 2044 βιϐλίον
1354 2009 1497 2046 ἕϐδομονῆ
1514 2011 1606 2046 ὄγδοον
1620 2012 1771 2039 διελθοῦσα.
1786 2013 1832 2040 Διὸ
1846 2014 1894 2040 καὶ

1103 2052 1222 2089 ἠδυνήθη
1238 2053 1416 2090 ψευδωνύμου
1434 2055 1562 2090 γνώσεως
1585 2056 1798 2092 ὲλευθερωθεῐσα
1829 2067 1895 2084 πτεο

1104 2097 1223 2132 ρωθῆναι
1244 2098 1351 2133 πρῶτον
1381 2100 1412 2135 τῇ
1439 2100 1531 2135 χάριτι
1550 2099 1597 2126 τοῦ
1612 2100 1691 2133 Θεοῦ,
1709 2099 1768 2128 εἶτα
1789 2102 1835 2128 καὶ
1859 2103 1893 2138 τῇ

1102 2141 1215 2176 δυνάμει
1230 2142 1284 2169 τῶν
1299 2142 1396 2178 λογίων
1407 2144 1454 2171 τοῦ
1466 2144 1635 2180 Πνεύματος,
1653 2145 1744 2171 ἐλπίσι
1760 2147 1894 2180 χρησταῖς

1102 2185 1202 2222 ἑαυτὴν
1225 2187 1299 2222 ὄρνιν
1315 2188 1490 2224 ἐργασαμένη
1515 2189 1717 2224 πνευματικὴν,
1734 2191 1782 2216 καὶ
1799 2190 1895 2216 διαπε-

1103 2232 1211 2266 ράσασα
1227 2233 1272 2259 τὸν
1296 2233 1392 2260 τούτου
1413 2233 1459 2260 τοῦ
1483 2233 1541 2269 βίου
1553 2233 1634 2269 ζόφον
1646 2235 1751 2267 ἀνέπτη
1768 2235 1836 2270 πρὸς
1847 2234 1894 2262 τὸν

1103 2276 1228 2311 Χριστὸν,
1245 2276 1295 2308 τὰς
1311 2276 1462 2310 ἀθανάτους
1476 2278 1593 2314 ἀμοιϐὰς
1608 2280 1673 2316 παρ’
1689 2279 1771 2305 αὐτοῦ
1784 2278 1894 2314 ἀποληο

1099 2321 1219 2358 νψομένη.

1377 2367 1504 2395 ΚΕΦΑΛ.
1527 2368 1616 2397 ΡΜΔ’.

1347 2411 1417 2446 Περὶ
1445 2412 1652 2447 Ὀλύμπιάδος.

1136 2452 1245 2488 Ταύτης
1258 2453 1319 2480 κατ’
1335 2453 1408 2488 ῐχνος
1419 2453 1550 2488 βαίνουσα
1563 2455 1610 2481 καὶ
1633 2457 1704 2483 κατά
1718 2457 1809 2484 πᾶσαν
1825 2458 1896 2493 ἀρε-

1100 2495 1150 2532 τὴν
1165 2497 1215 2532 τῆς
1237 2496 1330 2524 ἐνθέου
1346 2498 1535 2533 πνευματικῆς
1551 2499 1690 2531 πολιτείας
1704 2501 1721 2535 ή
1737 2508 1895 2537 σεμνοπρε-

1101 2541 1223 2576 πεστάτη
1242 2541 1404 2577 Ὀλυμπιὰς,
1419 2540 1468 2569 καὶ
1490 2541 1703 2580 ζηλωτικωτάτη
1720 2545 1769 2580 τῆς
1792 2547 1832 2577 εἰς
1847 2546 1896 2572 οὑ-

1102 2586 1182 2621 ρανδν
1201 2586 1339 2622 φερούσης
1365 2587 1438 2619 ὁδοῦ,
1466 2587 1496 2614 ἐν
1526 2589 1610 2626 πᾶσιν
1634 2588 1841 2624 ἀκολουθήσασα
1857 2593 1893 2627 τῇ

1099 2630 1196 2667 γνώμῃ
1205 2631 1260 2657 τῶν
1274 2631 1355 2658 θείων
1370 2631 1497 2667 Γραφῶν,
1511 2633 1634 2669 θυγάτηρ
1642 2636 1768 2669 γεγονυῖα
1778 2636 1808 2662 τὺ
1820 2633 1894 2664 κατά

1100 2676 1189 2711 σάρκα
1205 2675 1339 2702 Σελεύκου
1359 2676 1406 2702 τοῦ
1425 2677 1478 2702 ἀπὸ
1498 2678 1637 2712 κομήτων,
1655 2677 1782 2714 ἀληθινὸν
1802 2680 1831 2706 δὲ
1847 2676 1894 2707 τέὲ-

1099 2728 1162 2746 κνον
1183 2718 1251 2746 Θεοῦ
1272 2719 1344 2747 κατὰ
1365 2718 1490 2754 Πνεῦμα.
1507 2721 1607 2756 ἐκγόνη
1631 2720 1659 2748 δὲ
1678 2722 1821 2750 ’Δϐλαϐίου
1843 2717 1892 2752 τοῦ

1099 2764 1154 2790 ἀπὸ
1173 2763 1312 2799 ἐπάρχων,
1325 2763 1418 2800 νύμφη
1432 2764 1461 2791 δὲ
1476 2765 1545 2799 πρὸς
1559 2764 1653 2798 ὀλίγας
1667 2766 1777 2802 ἡμέρας
1789 2768 1894 2804 Νεϐρι-

1098 2805 1154 2832 δίου
1171 2805 1217 2832 τοῦ
1233 2806 1287 2832 ἀπὸ
1301 2806 1430 2840 ἐπάρχων
1447 2806 1553 2838 πόλεως
1573 2807 1781 2836 Κωνσταντίνου
1795 2817 1802 2825 ·
1820 2811 1892 2847 αὕτη

1097 2850 1126 2876 δὲ
1138 2851 1170 2885 τῇ
1190 2848 1304 2884 ἀληθείᾳ
1329 2849 1399 2885 γυνὴ
1415 2849 1532 2882 οὐδενός.
1556 2851 1675 2885 Λέγεται
1691 2852 1746 2888 γὰρ
1759 2853 1894 2888 ἀμίαντος

1098 2891 1280 2928 κεκοιμῆσθαι
1300 2893 1446 2928 παρθένος·
1462 2893 1577 2928 σύμϐιος
1599 2897 1728 2930 γεγονυῖα
1752 2897 1800 2924 τοῦ
1817 2897 1891 2925 θείου
