2067 3155
182 191 252 220 1⁸245

818 178 978 208 HISTORIA
997 175 1177 208 LAUSIACA.

1735 174 1802 204 1916

175 249 340 277 nuntiarunt.
363 245 441 273 Pater
464 247 554 271 autem
578 239 676 269 veritus
690 227 723 268 ne
735 239 959 268 condemnaretur
973 235 1063 271 Αιιίε,
1080 241 1141 268 quas
1164 237 1189 260 et
1203 231 1295 259 fideles
1320 229 1471 262 confirmat.-
1497 233 1524 257 et
1539 232 1707 262 peccatorum
1719 229 1803 257 mise-

177 301 207 322 ut
221 293 411 324 calumniator,
424 297 485 317 cum
499 296 551 316 non
567 286 788 314 adluberetlidem
798 284 887 316 dit-tis,
902 285 964 313 silet

175 340 241 368 duos
256 335 323 366 dies.
341 337 441 364 Rursus
465 339 553 362 autem
569 333 676 363 misera,
693 339 722 359 se
744 331 855 358 invicem
880 330 956 357 exci-

178 384 312 418 pientibus
335 381 439 410 acerbis
461 378 639 406 afﬂictabatur
661 376 808 407 doloribus,
833 383 894 401 cntn
911 382 963 402 non

178 435 269 464 posset
284 429 409 461 deinceps
424 427 464 452 vel
481 425 570 452 vivere
592 423 634 450 vel
651 421 727 450 mori.
752 421 871 455 Cumque
887 420 910 446 id
924 418 961 446 ef-

177 473 255 508 fugit,
271 474 357 500 oritur
379 471 438 498 dies
452 475 574 502 octavus,
590 472 617 496 et
631 474 723 495 rursus
744 473 839 498 nonus,
864 464 965 499 gravis-

179 520 254 548 simis
279 524 465 554 perpetuarum
490 516 652 549 vertiginum
674 513 789 541 tenebris
803 519 861 540 eam
885 510 965 538 offus-

147 588 150 590 η
179 571 280 593 cantes.
296 564 361 591 Cum
384 569 448 596 ergo
459 561 517 595 ejus
531 566 642 594 magnos
661 558 776 593 ejulatus
801 564 853 584 non
879 555 981 583 ferret;

180 613 337 640 conventus,
363 607 420 635 brec
441 607 538 633 cursim
560 604 716 631 festinantes
741 602 892 630 renuntiant
908 599 964 635 epi-

182 663 275 689 scopo,
291 655 344 689 jam
366 659 426 680 esse
440 658 539 678 nonum
562 650 632 677 diem
647 657 680 676 ex
694 655 748 682 quo
763 648 807 674 illa
822 646 966 674 confitetur

181 709 210 727 se
221 705 362 727 accusasse
384 697 520 728 lectorem,
533 701 584 722 nec
595 700 673 728 posse
683 699 786 727 parere,
797 691 867 726 quod
880 691 966 725 ipsum

180 747 217 774 sit
231 745 398 773 t-alunmiata.
417 743 562 777 Episcopus
576 746 666 768 autem
688 747 747 767 cum
763 739 820 766 haec
839 738 966 765 audiisset

181 799 196 818 a
216 791 371 824 virginibus,
394 788 427 815 ad
449 789 575 814 lectorem
593 785 674 812 mittit
689 785 755 812 duos
778 784 917 815 diaconos,
942 782 967 810 ei

181 836 268 863 omnia
276 834 469 869 significans,et
482 837 510 859 ut
525 839 573 866 pro
588 831 785 865 ipsaoraret,ut
800 830 898 856 misera
909 836 968 855 mu~

182 881 232 909 licr
251 881 409 908 liberaretur
432 878 478 905 ab.
490 878 522 905 iis
536 875 750 904 necessitatibus.
774 875 902 910 Egregius
921 882 968 901 au-

182 931 235 954 tetn
246 926 400 952 adolescens
413 931 500 958 neque
508 923 549 950 eis
563 922 638 950 dedit
651 929 820 956 responsum,
838 928 887 948 nec
901 927 964 953 ape-
981 925 1004 955 Β

182 972 235 1000 ruit
249 972 361 1002 ostium;
374 970 419 997 sed
432 978 447 996 a
462 976 514 1003 quo
527 969 570 996 die
583 968 719 1002 ingressus
743 970 785 994 est
808 967 834 993 in
848 965 943 992 cellam
956 984 964 996 ,

184 1024 236 1044 non
253 1017 328 1048 exiit,
350 1015 464 1048 impletis
487 1019 644 1040 consuetam
669 1011 786 1046 regulam
813 1010 916 1044 jejunii,
939 1014 967 1036 et

181 1061 237 1090 Deo
251 1068 342 1096 preces
356 1059 480 1088 fundens.
497 1059 687 1086 Flexusautem
695 1062 780 1092 pater,
795 1061 822 1083 et
838 1055 898 1082 filiae
910 1061 966 1081 suae

182 1108 321 1140 misertus,
335 1107 446 1134 veniens
461 1106 494 1133 ad
509 1105 665 1139 episcopum
675 1122 682 1136 ,
697 1110 758 1130 eum
776 1102 852 1129 valde
864 1101 968 1136 rogavit

182 1158 212 1180 ut
224 1160 272 1186 pro
295 1159 326 1178 ea
348 1152 484 1179 orationes
500 1151 595 1178 flerent
609 1150 635 1176 in
651 1149 773 1176 ecclesia.
791 1148 825 1174 Et
843 1155 903 1174 cum
920 1154 967 1180 pro

183 1205 214 1225 ea
231 1203 325 1231 preces
340 1197 404 1223 fusa:
417 1199 509 1223 essent
521 1196 554 1222 ab
576 1194 701 1222 omnibus
715 1194 748 1220 ad
764 1193 916 1224 Dominum,
933 1199 968 1219 ne

184 1244 224 1270 sic
238 1243 344 1278 quidem
369 1243 465 1269 misera
484 1241 596 1268 liberata
609 1244 650 1268 est
674 1247 689 1266 a
716 1239 887 1266 necessitate.
903 1237 968 1272 Ejus

183 1290 254 1316 enim
270 1289 314 1323 qui
330 1296 376 1322 per
389 1287 548 1315 calumniam
563 1288 651 1314 fuerat
665 1290 816 1318 accusatus,
833 1285 968 1312 orationes

185 1333 324 1361 Dominum
351 1338 500 1365 monentes,
526 1331 662 1364 arcebant,
688 1339 721 1359 ne
756 1338 848 1358 eorttm
874 1337 966 1364 preces

183 1380 397 1407 admitterentur.
411 1379 457 1406 liis
469 1380 507 1406 sic
521 1378 612 1413 gestis,
636 1384 746 1411 surgens
760 1377 900 1410 episcopus
917 1374 964 1402 ivit

183 1427 215 1453 ad
226 1426 319 1453 cellam
331 1426 356 1452 in
366 1433 417 1460 qua
429 1429 486 1452 erat
497 1425 580 1451 lector
589 1431 597 1452 :
607 1428 634 1450 et
645 1431 705 1450 cum
719 1423 849 1456 pulsasset
857 1422 967 1453 ostium,

183 1471 289 1499 nolebat
303 1471 324 1498 is
338 1471 450 1504 aperire.
466 1469 532 1496 Cum
552 1469 596 1495 diu
612 1473 700 1495 autem
713 1467 778 1494 foris
801 1466 894 1493 fuisset
909 1466 966 1498 epi-

184 1524 291 1550 scopus,
306 1515 352 1543 ille
363 1520 452 1542 autem
465 1515 546 1546 intus,
553 1514 629 1549 jubet
639 1513 779 1547 episcopus
791 1511 847 1538 tolli
860 1512 968 1539 ostium.

186 1563 217 1589 Et
232 1561 342 1596 ingressi
357 1561 514 1588 invenerunt
528 1560 727 1587 adolescentem
739 1558 764 1585 in
776 1557 897 1585 oratione
907 1563 968 1591 pera

184 1612 362 1640 svverantem,
376 1611 404 1634 et
419 1606 492 1633 bumi
506 1606 736 1640 procumbentem.
752 1605 837 1638 Quem
853 1603 966 1631 multum
982 1606 1006 1638 ο

185 1662 280 1688 rogans
292 1653 443 1687 episcopus,
458 1653 481 1680 ei
498 1653 562 1680 dicit
577 1661 583 1678 :
598 1652 691 1679 Frater
703 1650 824 1678 Eustathi
836 1650 928 1682 lector,
943 1649 969 1676 in

185 1706 304 1733 apertum
320 1700 421 1734 prolata
433 1700 565 1727 calumnia
589 1699 633 1725 Dei
651 1697 828 1733 providentia,
845 1700 874 1724 et
886 1703 970 1724 exau-

185 1746 246 1773 ditis
260 1747 310 1772 tuis
323 1746 496 1776 orationibus,
512 1745 640 1771 miserere
654 1743 712 1778 ejus
725 1750 785 1777 quae
798 1743 824 1769 in
839 1748 865 1769 te
878 1748 971 1775 pecca-

185 1791 234 1823 vit,
242 1799 301 1825 quae
308 1795 500 1817 tormentorum
508 1790 617 1824 ﬂagellis
624 1789 671 1816 fuit
678 1789 837 1816 excruciata.
846 1788 971 1815 Miserere

186 1838 310 1871 deinceps
316 1836 430 1867 miserae,
437 1841 462 1863 et
471 1842 581 1869 surgens
588 1834 661 1861 solve
668 1834 737 1868 quod
744 1833 840 1868 ligasti,
849 1831 971 1866 precibus

187 1883 256 1910 enim
271 1882 323 1908 tuis
333 1881 389 1908 haec
398 1881 505 1915 patitur,
515 1884 542 1906 et
556 1879 597 1906 dic
612 1879 723 1906 Domino
738 1882 766 1905 ut
781 1885 839 1905 eam
848 1876 943 1904 liberet
956 1883 972 1903 a

187 1932 260 1962 [mrltl
283 1926 392 1954 ventris.
417 1925 482 1953 Cum
505 1932 592 1952 autem
616 1924 729 1959 inclytus
752 1923 836 1950 lector
863 1922 970 1949 intense

187 1978 275 2001 oraret
289 1973 368 2000 simul
391 1979 451 1999 cum
474 1973 609 2005 episcopo,
633 1969 723 1996 statim
747 1968 845 1996 misera
860 1967 971 1994 liberata

187 2023 228 2046 est
252 2026 265 2044 a
290 2018 464 2049 necessitate,
488 2016 565 2043 enixa
593 2015 739 2046 infantem;
760 2020 857 2047 rogans
877 2018 972 2039 omnes

188 2069 218 2092 ιιι
259 2065 284 2093 ei
327 2065 515 2093 remitteretur
566 2060 692 2094 iniquitas
706 2059 789 2094 ipsius
802 2058 868 2094 ju5ti
890 2057 974 2085 inter-

187 2108 307 2134 cessione
323 2115 329 2133 :
342 2112 369 2133 et
384 2107 457 2133 illum
471 2107 606 2141 egregium
617 2106 701 2132 virum
713 2106 865 2132 habuerunt
877 2110 973 2130 ontnes

187 2154 310 2186 deinceps
324 2153 381 2179 IUCO
396 2153 529 2186 martyris.
552 2151 616 2178 Natn
630 2158 689 2177 cum
705 2157 734 2177 se
758 2149 884 2183 deinceps
909 2149 973 2175 Iibe-

188 2202 274 2225 rasset
293 2198 326 2224 ab
341 2198 413 2224 omni
429 2196 623 2229 sollicitudine,
641 2195 762 2231 pervenit
785 2195 818 2221 ad
839 2202 972 2221 summum

188 2245 249 2271 vitae
260 2251 318 2278 qum
332 2251 363 2270 ex
376 2243 473 2270 virtute
487 2243 584 2277 agitur,
598 2242 665 2269 adeo
678 2246 706 2268 ut
720 2241 741 2268 is
752 2241 888 2275 sitdignus
899 2239 973 2266 habi-

189 2295 232 2316 tus
242 2289 352 2323 spiritali
367 2289 462 2323 gratia.
486 2289 549 2316 llaec
560 2295 648 2315 autem
668 2288 835 2321 scripsimus,
860 2293 893 2313 ne
913 2293 947 2319 qn
961 2292 973 2312 s
986 2286 1013 2316 D

190 2336 365 2362 calumniante
381 2335 539 2368 illaqucetur
555 2334 595 2360 his
611 2333 710 2360 inimici
724 2333 835 2364 retibus,
860 2335 886 2359 et
908 2330 975 2358 inci-

189 2383 232 2407 dat
248 2382 272 2407 in
286 2380 392 2407 dolores
402 2380 489 2406 carnis
509 2379 700 2412 intolerabiles,
724 2379 793 2405 sicut
815 2377 873 2405 haec
899 2378 975 2413 prius

189 2427 286 2461 scrip:a
303 2432 343 2453 est
355 2426 420 2453 falsa
437 2426 602 2457 accusatrix;
620 2430 758 2460 postquam
775 2429 863 2451 autem
885 2431 899 2450 a
915 2431 975 2450 cor-

190 2481 252 2504 ιιιιΙὪ
264 2472 341 2500 fuerit
363 2472 502 2504 liberatus,
527 2471 646 2498 tradatur
668 2471 778 2498 internis
794 2468 972 2497 intolerabili-

191 2521 237 2545 bus
262 2519 421 2549 lnrtllelllls,
446 2521 472 2544 et
497 2524 556 2551 qua:
579 2523 713 2551 numquam
726 2515 860 2543 desinent.
889 2514 973 2541 Deum

189 2564 259 2591 enim
301 2563 333 2590 ad
369 2564 434 2590 iram
471 2567 598 2596 provocat
637 2561 660 2588 is
693 2561 739 2596 qui
775 2560 973 2588 calumniatur:

189 2611 232 2644 qui
269 2614 358 2636 autem
402 2616 448 2641 per
484 2607 645 2635 calumniam
692 2612 847 2641 accusatur,
896 2607 976 2641 idque

189 2657 238 2683 f.~rt
260 2657 303 2690 pio
318 2660 344 2682 et
372 2662 448 2688 aequo
463 2654 562 2685 animo,
586 2658 613 2681 et
627 2654 686 2689 ejus
713 2654 739 2681 in
768 2658 890 2688 apertum
916 2661 977 2683 oro-

192 2703 205 2728 l.
218 2703 315 2729 tionem
352 2699 479 2735 permittit
515 2700 652 2734 precibus,
689 2705 848 2734 exspectans
875 2699 975 2734 justum

191 2745 237 2772 1)ιηὶ
261 2746 400 2780 judicium,
416 2745 480 2772 sicut
498 2744 540 2772 hic
554 2752 567 2771 a
584 2744 692 2772 Christo
718 2751 880 2777 coronatus;
896 2745 917 2772 is
940 2749 978 2777 et,

192 2792 260 2826 quod
274 2792 330 2827 eius
344 2792 414 2819 sileri
430 2795 526 2826 potest,
538 2790 660 2818 laudatur
670 2810 678 2824 ,
698 2795 727 2818 et
742 2791 767 2818 in
782 2791 882 2817 honore
898 2791 979 2819 liabe—

193 2839 245 2866 tur.
261 2840 290 2862 et
303 2841 428 2863 attentam
442 2844 568 2864 coronam
583 2836 765 2870 consequitur.
783 2837 921 2864 Discamus
935 2844 978 2864 er-

194 2889 227 2916 go
242 2882 380 2916 diligenter
394 2890 472 2916 quam
495 2883 548 2910 sint
575 2882 768 2918 insuperabiles
784 2883 854 2911 vires
877 2882 979 2910 oratio-

1016 284 1099 310 retur,
1113 284 1140 306 et
1161 278 1242 305 flectit
1256 284 1287 303 ac
1301 280 1390 303 movet
1403 275 1521 302 omnium
1535 279 1694 308 creatorem,
1710 279 1737 302 et
1747 283 1794 311 eos

1017 330 1128 354 coronat
1153 325 1198 359 qui
1213 330 1243 350 se
1264 330 1298 350 ex
1322 323 1417 350 virtute
1432 326 1505 349 recte
1518 327 1624 356 gerunt,
1649 326 1675 348 et
1689 322 1728 349 eis
1752 321 1797 357 qui

1016 371 1042 398 in
1055 378 1086 397 ea
1100 373 1283 404 perseverant,
1298 367 1407 401 largitur
1422 373 1532 401 regnum
1543 367 1686 395 ctelorum.

1291 413 1404 441 CAPUT
1422 412 1522 440 CXLII.

1203 459 1263 487 Vita
1276 464 1372 486 sanctae
1387 459 1508 486 Siluaniw
1522 458 1610 493 (205).

1051 507 1097 534 Illo
1112 511 1233 540 tempore
1248 505 1360 540 contigit
1375 510 1401 531 ut
1417 511 1465 532 nos
1479 505 1558 532 simul
1573 505 1758 540 navigaremus
1770 504 1805 532 ab

1017 551 1088 579 Elia
1111 551 1137 578 in
1162 550 1323 586 Egypttnn,
1342 549 1504 577 deducentes
1529 549 1633 577 beatam
1658 549 1803 577 Silvauiam

1016 597 1161 632 virginem,
1178 603 1298 624 sororem
1318 600 1406 624 autem
1427 595 1542 629 Rufflni,
1558 595 1602 631 qui
1624 595 1673 623 fuit
1688 603 1720 623 ex
1734 603 1806 630 prae-

1020 643 1110 672 fectis.

1289 677 1402 705 CAPUT
1422 677 1464 705 CX
1471 677 1534 704 LIII.

1285 722 1323 750 De
1337 722 1432 750 Jubino
1452 722 1538 757 (ξοδ).

1054 768 1125 797 Inter
1135 776 1202 804 quos
1215 772 1274 796 erat
1287 769 1366 795 etiam
1382 768 1519 795 nobiscum
1534 767 1656 800 .lubinus;
1671 771 1734 794 tunc
1749 766 1809 800 quid

1019 816 1079 844 dem
1094 815 1231 847 diaconus,
1247 821 1315 841 nunc
1331 818 1419 841 autem
1434 814 1573 848 episcopus
1592 813 1713 840 ecclesia:
1728 813 1810 839 Ascac

1018 862 1097 894 Ionis,
1112 861 1152 888 vir
1171 860 1230 895 pius
1245 864 1272 887 et
1285 859 1416 887 eruditus.
1431 857 1497 886 Cum
1516 863 1605 886 autem
1625 857 1808 887 vehementis-

1019 908 1102 935 simus
1118 914 1165 933 nos
1179 911 1259 932 aestus
1273 905 1428 936 invasisset,
1445 909 1471 931 et
1485 903 1699 938 pervenissemus
1724 902 1806 929 Pelu-

1017 953 1105 984 sium,
1124 950 1223 978 accidit
1243 954 1270 977 ut
1292 949 1416 982 Jubinus,
1438 953 1545 981 accepta
1570 948 1655 982 pelvi,
1678 948 1758 981 pedes
1780 950 1809 973 et

1018 1004 1111 1024 manus
1125 996 1220 1030 palmis
1236 995 1337 1021 lavaret
1352 1001 1418 1028 aqua
1435 993 1615 1027 frigidissima,
1627 996 1652 1019 et
1667 997 1808 1026 postquam

1018 1041 1142 1073 lavisset,
1158 1032 1239 1074 super
1262 1039 1410 1074 pelliculam
1431 1038 1503 1065 humi
1519 1041 1628 1065 stratam
1652 1037 1806 1070 requiesce-

1017 1092 1067 1114 ret.
1083 1086 1149 1114 Cum
1165 1090 1254 1113 autem
1268 1085 1311 1111 illa
1326 1084 1351 1111 itl
1365 1083 1521 1111 advertisset
1531 1104 1538 1116 ,
1555 1088 1582 1109 ut
1598 1085 1682 1108 mater
1697 1081 1805 1115 sapiens

1018 1132 1138 1167 germani
1155 1131 1216 1162 filii,
1230 1130 1288 1163 ejus
1303 1129 1449 1162 increpavit
1463 1127 1612 1159 mollitiem,
1629 1127 1722 1153 dioens
1735 1134 1742 1152 :
1757 1125 1807 1158 Qui

1019 1178 1044 1204 in
1061 1177 1179 1203 animum
1195 1174 1309 1206 inducis,
1325 1174 1398 1200 illam
1411 1180 1492 1207 agens
1505 1176 1610 1198 aetatem
1621 1191 1628 1204 ,
1644 1171 1749 1197 vivente
1763 1169 1810 1196 ad-
1848 1194 1851 1199 ,

1019 1222 1072 1249 huc
1087 1226 1132 1248 tuo
1147 1219 1286 1254 sanguine,
1301 1225 1384 1253 usque
1399 1218 1466 1245 adeo
1481 1221 1553 1244 tuam
1569 1216 1659 1244 fovere
1679 1223 1810 1243 caruncu-

1018 1268 1086 1299 lam,
1104 1273 1156 1293 non
1170 1265 1289 1292 sentiens
1302 1264 1398 1290 damna
1414 1270 1472 1297 quae
1486 1269 1518 1290 ex
1533 1269 1566 1289 eo
1580 1261 1719 1288 oriuntur?
1735 1261 1808 1288 Con-

1019 1313 1082 1345 fide,
1097 1311 1220 1339 conﬁde:
1236 1317 1300 1337 ecce
1313 1317 1363 1343 ago
1376 1316 1473 1336 annum
1489 1307 1575 1336 tetatis
1594 1306 1789 1341 sexagesimum
1801 1326 1810 1339 ,

1019 1362 1116 1394 praeter
1135 1362 1254 1385 extrema
1276 1362 1404 1383 manuum
1426 1354 1515 1389 (207)
1539 1361 1657 1380 mearum
1686 1353 1732 1387 (et
1761 1352 1811 1379 huc

1021 1409 1129 1439 propter
1141 1402 1369 1436 communionem)
1384 1409 1437 1428 non
1451 1408 1496 1436 pes
1510 1407 1585 1428 meus
1596 1407 1691 1434 aquam
1707 1398 1810 1433 tetigit,

1021 1457 1073 1477 non
1090 1449 1187 1482 vultus,
1205 1455 1290 1482 neque
1311 1447 1392 1474 ullum
1407 1454 1440 1474 ex
1465 1447 1591 1473 membris
1611 1446 1688 1477 meis,
1705 1444 1809 1472 etiamsi

1022 1503 1066 1524 me
1080 1496 1159 1522 variae
1183 1495 1329 1522 invaserint
1348 1493 1532 1528 agritudiues;
1548 1497 1575 1519 et
1594 1499 1654 1519 cum
1669 1499 1684 1518 a
1700 1490 1811 1518 medicis

1021 1550 1131 1579 cogerer
1143 1543 1180 1569 uti
1197 1543 1301 1573 balneo,
1318 1548 1370 1567 non
1383 1532 1474 1567 induxi
1491 1539 1517 1566 in
1530 1539 1647 1565 animum
1661 1537 1735 1565 carni
1749 1537 1811 1564 red-

1022 1588 1086 1616 dere
1107 1587 1241 1619 debitum,
1257 1594 1310 1614 non
1325 1587 1352 1612 in
1375 1585 1443 1613 lecto
1461 1585 1613 1619 quiescens,
1638 1590 1691 1610 non
1714 1582 1810 1611 lectica

1022 1640 1132 1668 usquam
1146 1637 1247 1666 gestata
1265 1631 1428 1667 ingrediens.

1058 1679 1120 1706 Haec
1134 1685 1194 1706 eum
1206 1681 1278 1705 esset
1290 1677 1456 1711 doctissima,
1472 1676 1619 1703 doctrinam
1632 1681 1723 1702 amore
1737 1681 1813 1702 eom-

1022 1724 1111 1759 piexa,
1126 1729 1219 1751 noctes
1233 1723 1309 1750 uberi
1324 1723 1384 1750 oleo
1401 1729 1416 1748 a
1431 1729 1460 1749 se
1475 1721 1637 1748 illuminatas
1652 1721 1770 1747 mutabat
1786 1720 1812 1746 in

1021 1770 1089 1803 dies,
1104 1769 1192 1796 omnia
1208 1769 1378 1802 antiquorum
1391 1768 1435 1801 qui
1449 1767 1656 1794 commentarios
1670 1766 1813 1794 ediderunt

1022 1814 1119 1847 scripta
1144 1820 1316 1848 percurrens,
1339 1812 1461 1846 Origenis
1481 1812 1571 1839 tricies
1592 1815 1706 1838 centena
1730 1811 1812 1837 millia

1023 1865 1164 1891 versuum,
1186 1857 1308 1893 Gregorii
1326 1862 1355 1885 et
1372 1856 1518 1891 Stephani,
1535 1860 1563 1884 et
1582 1856 1660 1883 Pierii
1683 1854 1770 1890 (208),
1786 1859 1813 1881 et

1024 1906 1132 1938 Basilii,
1154 1910 1182 1932 et
1206 1904 1380 1940 quorumdam
1400 1904 1512 1930 aliorum
1536 1901 1686 1937 prtestantis
1707 1899 1814 1928 virtutis

1023 1952 1141 1978 virorum
1157 1949 1238 1978 millia
1252 1950 1366 1977 ducenta
1380 1953 1407 1976 et
1426 1949 1613 1984 quinquaginta
1635 1955 1688 1975 non
1704 1947 1812 1979 leviter,

1024 2003 1074 2023 nec
1093 2000 1194 2023 temere
1219 1995 1276 2022 hzec
1299 2001 1467 2029 percurrens,
1485 1993 1531 2020 sed
1554 1993 1689 2020 elaborate
1711 1992 1813 2024 septies

1024 2041 1064 2068 vel
1078 2041 1163 2068 octies
1173 2046 1388 2074 unumquemque
1399 2039 1494 2066 librum
1508 2039 1656 2072 perlegens,
1672 2042 1699 2064 ut
1715 2037 1811 2064 horum

1024 2088 1165 2114 verborum
1187 2087 1270 2121 gratia
1291 2086 1318 2112 in
1332 2086 1415 2112 altum
1437 2086 1595 2119 erigeretur,
1612 2091 1659 2119 spe
1683 2083 1751 2110 bona
1767 2089 1812 2109 se—

1024 2131 1108 2166 ipsam
1135 2138 1211 2158 avem
1237 2130 1357 2157 efficiens
1383 2130 1546 2164 spiritalem,
1569 2132 1597 2156 et
1620 2128 1653 2155 ad
1678 2126 1813 2154 Christum

1024 2177 1148 2210 evolans,
1172 2176 1335 2204 immortales
1358 2175 1394 2203 ab
1417 2175 1475 2209 ipso
1489 2178 1629 2209 acceptura
1654 2179 1813 2201 remunera-

1026 2223 1125 2250 tiones.

1293 2257 1406 2285 CAI‘UT
1427 2256 1541 2283 CXLIV.

1267 2303 1305 2330 De
1321 2302 1474 2338 Olympiade
1490 2301 1579 2336 (2(ι9).

1062 2351 1125 2385 Ejus
1136 2350 1245 2384 vestigia
1257 2354 1299 2377 est
1312 2355 1413 2380 secuta,
1425 2354 1452 2376 et
1465 2355 1572 2375 omnem
1584 2347 1707 2374 virtutem
1719 2344 1816 2372 divina

1027 2398 1089 2424 vitae
1102 2395 1240 2430 spiritalis,
1252 2395 1279 2422 in
1295 2395 1388 2429 primis
1400 2393 1550 2421 veneranda
1562 2397 1589 2420 et
1605 2393 1713 2418 honesta
1725 2390 1817 2425 Olynt-

1027 2444 1093 2477 pias,
1108 2448 1136 2470 et
1150 2449 1208 2476 quis
1223 2441 1271 2468 viae
1296 2448 1354 2475 qua:
1369 2441 1419 2467 fert
1433 2440 1458 2466 in
1472 2439 1570 2466 (mlum
1585 2444 1690 2464 summo
1703 2436 1761 2463 zelo
1776 2441 1816 2462 te-

1027 2487 1148 2520 nebatur,
1162 2486 1310 2513 divinarum
1326 2485 1525 2519 Scripturarum
1539 2483 1698 2511 sententiam
1722 2487 1815 2509 secuta

1027 2535 1054 2560 in
1069 2531 1204 2559 omnibus.
1220 2530 1282 2558 Fuit
1302 2536 1390 2558 autem
1409 2530 1555 2558 secundum
1574 2536 1682 2556 carnem
1700 2528 1752 2555 filia
1766 2528 1818 2556 Se-

1027 2578 1095 2606 leuci
1110 2577 1186 2613 (210)
1201 2585 1234 2605 ex
1247 2576 1400 2610 comitibus,
1415 2583 1478 2604 vera
1493 2581 1580 2604 autem
1598 2575 1643 2603 Dei
1657 2575 1709 2603 ﬁlia
1722 2583 1815 2602 secun-

1028 2624 1090 2651 dum
1103 2624 1243 2658 spiritum;
1257 2623 1345 2655 neptis
1355 2627 1443 2650 autem
1455 2622 1560 2649 Ablavii
1573 2625 1618 2657 qui
1633 2627 1691 2650 erat
1701 2629 1736 2648 ex
1750 2629 1817 2654 prc-

1030 2669 1116 2704 fectis,
1139 2669 1241 2704 aliquot
1267 2673 1358 2696 autem
1379 2668 1436 2696 dies
1463 2675 1562 2703 sponsa
1584 2667 1660 2703 (2H)
1684 2667 1818 2699 Nebridii,

1029 2716 1073 2750 qni
1096 2715 1143 2741 fuit
1167 2721 1199 2741 ex
1226 2713 1358 2748 praefectis
1381 2714 1453 2742 urbis
1474 2713 1736 2748 Constantinopolis;
1760 2714 1818 2747 ipsa

1029 2765 1118 2786 autem
1134 2766 1226 2786 revera
1241 2758 1292 2785 fuit
1306 2766 1373 2786 uxor
1393 2759 1500 2786 nullius.
1526 2758 1626 2786 Dicitur
1649 2764 1738 2786 autem
1755 2759 1820 2785 duro

1030 2804 1112 2832 misse
1131 2805 1207 2839 virgo
1229 2804 1390 2839 incorrupta,
1406 2804 1500 2832 effecta
1523 2805 1604 2832 divini
1629 2805 1701 2832 verbi
1723 2804 1818 2832 convi-

1029 2851 1109 2883 ctrix,
1125 2849 1220 2884 cnnju:
1235 2855 1322 2876 autern
1339 2849 1419 2876 totius
1432 2857 1504 2876 verte
1517 2849 1685 2883 humilitatis,
1700 2858 1815 2878 commu-

1030 2895 1124 2923 nicatis
1138 2899 1165 2923 et
1189 2894 1341 2923 ministrans
1362 2895 1485 2923 Omnibus
1507 2895 1656 2930 egentibus.
1675 2896 1732 2932 Ipsa
1756 2903 1816 2923 cum
