2072 3153
255 175 324 203 Η.ιῖ

982 176 1090 206 PALLA
1095 177 1140 206 Dii

1806 179 1878 208 ιω

243 262 246 267 .
260 245 355 267 omnes
376 237 432 265 illas
454 237 568 265 infinitas
583 241 610 265 et
625 237 769 265 immensas
787 238 958 273 dispersisset
971 239 1040 266 divi-
1054 240 1081 270 Α
1092 240 1223 268 sententia
1242 240 1398 268 distributa.
1413 239 1475 268 Hm
1492 245 1555 274 ergo
1571 247 1623 267 non
1645 239 1760 274 amplius
1773 239 1806 268 de
1821 248 1874 268 σιμ

262 285 324 316 tias,
336 284 456 311 absolute
465 288 494 310 et
509 283 734 310 indiscriminatim
750 291 827 318 opem
841 283 943 311 ferebat
957 284 1041 310 omni-

261 329 319 357 bus.
335 329 390 356 Non
405 329 475 355 enim
495 328 568 361 urbs,
591 336 642 355 non
659 335 714 362 rus,
732 336 783 355 non
803 329 928 362 solitudo,
944 329 1041 356 mansit

263 382 360 408 expers
375 374 541 408 largitionum
557 373 632 408 lmjus
643 373 746 408 inclyta:
759 374 884 408 virginis:
899 374 946 401 sed
960 379 987 401 et
1001 382 1042 401 ec-

263 419 354 451 clesiis
370 418 545 453 suppeditavit
559 419 591 445 ad
606 419 715 445 donaria
730 420 852 453 deputata
867 419 1004 451 sacrificio,
1015 423 1043 446 et

262 464 442 495 monasteriis,
458 469 483 490 et
502 464 641 495 annobiis,
655 469 680 490 et
704 464 894 498 xenotrophiis,
911 470 937 491 et
950 470 1041 491 cu<to-

259 508 320 540 diis,
336 511 363 534 et
386 508 526 542 relegatis;
541 511 575 539 et,
583 512 610 534 ut
624 507 706 534 semel
720 508 804 534 dicam
815 528 822 540 ,
839 508 864 534 in
879 516 984 535 omnem
999 516 1042 535 or-

261 553 320 580 bent
337 558 415 580 terra:
429 554 553 587 dispersit
565 553 757 588 eieemosyuas.
772 553 833 580 Haec
846 553 921 581 beata
937 561 1043 587 proces-

260 597 296 623 sit
312 605 395 630 usque
409 598 441 624 ad
461 603 608 624 extremum
631 598 772 624 terminum
795 598 960 631 humilitatis,
976 599 1042 626 ultra

259 650 337 676 quem
358 642 422 670 nihil
442 643 525 676 possit
548 642 660 669 inveniri
682 643 803 676 amplius.
826 642 883 669 Vita
905 643 963 670 sine
988 644 1042 670 ulla

260 687 330 713 inani
346 688 439 721 gloria,
453 686 553 717 species
567 694 731 721 nequaquam
746 687 816 719 ficta,
829 687 926 714 sinceri
941 695 1040 721 mores,

264 732 344 759 facies
356 740 409 759 non
423 736 520 764 fucata,
533 740 628 766 corpus
640 732 749 766 ﬂorens,
762 740 838 760 mens
851 741 903 759 non
917 733 1041 767 gloriosa,

266 778 365 804 animus
379 778 412 804 ab
426 778 575 812 arrogantia
590 777 701 811 alienus,
716 784 763 805 cor
785 778 893 805 minime
909 778 1044 806 turbulen-

260 827 331 856 tum,
352 823 438 850 somni
462 830 558 857 expers
581 822 681 857 vigilis,
702 822 809 856 spiritus
833 831 885 850 non
909 823 1042 855 curiosus,

259 870 376 897 rharitas
389 871 526 901 immensa,
537 877 596 904 quae
607 869 794 902 comprehendi
809 878 860 896 non
873 874 960 904 potest
970 876 1044 896 com-

262 914 418 944 municatio,
434 915 496 941 vilis
511 918 539 940 et
558 918 708 948 iontempta
733 914 823 945 vestis,
840 913 941 941 infinita
961 914 1045 941 conti—
1060 910 1084 940 Β

261 961 361 991 nentia.
381 965 452 988 recta
474 961 609 995 cogitatio,
625 961 650 987 in
674 960 755 987 Deum
776 967 837 993 spes
861 966 970 993 aeterna,
983 967 1043 987 cum

260 1007 429 1039 eleemosyua
450 1013 508 1040 qua:
529 1013 581 1032 non
606 1010 692 1038 potest
714 1005 832 1038 narrari,
857 1010 1043 1033 ornamentum

261 1050 380 1076 ninnium
410 1050 561 1083 humilium,
583 1049 626 1076 cui
647 1050 738 1076 multa:
763 1055 826 1077 sunt
847 1057 965 1076 accensae
988 1054 1045 1076 ten-

262 1097 375 1122 tationes
388 1103 419 1122 ex
436 1096 592 1130 operatione
605 1096 662 1128 ejus
677 1095 721 1129 qui
735 1100 775 1122 est
792 1102 837 1121 sua
852 1099 946 1130 sponte
959 1094 1044 1122 malus

261 1146 288 1167 ct
301 1140 388 1167 omnis
412 1139 474 1166 boni
495 1146 600 1172 expers,
627 1147 721 1173 nempe
741 1139 871 1166 daemonis
888 1147 894 1165 :
917 1146 975 1174 qum
997 1146 1045 1173 pro

261 1186 373 1211 veritate
399 1191 451 1210 non
479 1191 559 1218 parva
586 1183 650 1210 adiit
677 1183 838 1215 certamina,
863 1190 924 1217 quae
949 1187 977 1210 et
999 1182 1045 1210 diu

261 1228 359 1255 affatim
373 1229 437 1255 vixit
458 1229 484 1255 in
507 1228 643 1255 immensis
682 1225 832 1262 lacrymis,
880 1225 955 1253 omni
996 1225 1046 1253 hu-

262 1282 347 1301 ntnnze
362 1279 463 1301 natura:
474 1274 591 1308 subjects
605 1276 712 1308 propter
728 1272 866 1299 Dominum
879 1280 887 1304 ;
901 1279 960 1299 cum
972 1271 1044 1299 omni

262 1320 359 1353 pietate
374 1319 472 1346 sanctis
484 1318 588 1346 subdita
601 1317 744 1350 episcopis,
759 1324 890 1344 venerans
904 1316 1043 1352 presbyte-

261 1370 364 1398 ratum,
382 1366 515 1392 honoraris
530 1365 630 1391 clerum
640 1383 648 1396 ,
664 1369 790 1390 reverens
809 1361 1024 1389 exercitationem
1035 1381 1043 1394 ,

263 1410 412 1443 suscipiens
425 1409 615 1444 virginitatem,
627 1415 704 1441 opem
716 1407 805 1435 ferens
814 1406 945 1438 viduitati,
955 1413 1043 1433 curam

262 1461 357 1488 gerens
371 1455 503 1485 orbitatis,
521 1459 664 1489 protegens
681 1458 859 1484 senectutem,
875 1456 989 1487 aegrotos
1002 1451 1044 1480 in-

264 1500 364 1530 visens,
379 1504 546 1532 peccatorum
570 1499 712 1530 miserens,
731 1503 849 1525 errantes
864 1497 892 1523 in
907 1497 975 1523 viam
998 1496 1044 1524 de‘

264 1545 375 1575 ducens,
391 1545 416 1570 in
430 1551 524 1571 omnes
538 1549 616 1570 utens
630 1542 822 1574 misericordia,
838 1540 944 1576 profuse
955 1545 1042 1569 autem

1091 290 1152 312 tero
1163 293 1221 320 qua:
1236 291 1297 313 sunt
1308 286 1395 312 carnis
1409 286 1525 318 sapiens,
1538 285 1656 319 subjecta
1672 286 1873 320 principatibus.

1091 329 1221 356 cbediens
1235 330 1416 363 potestatibus,
1438 335 1566 357 venerans
1578 331 1809 368 .presbyteratuni,
1826 334 1873 358 lio-

1091 382 1108 400 n
1118 382 1190 401 vrans
1202 376 1350 402 universum
1365 375 1478 407 clerum,
1494 374 1658 402 confessione
1671 382 1774 409 qunque
1787 376 1869 409 digna

1092 424 1134 445 est
1153 419 1239 446 habita
1254 427 1301 453 pro
1313 421 1433 452 veritate,
1449 420 1658 453 importunarnm
1675 421 1871 447 recusationum

1093 464 1184 490 nmltis
1195 465 1310 498 acceptis
1324 464 1456 498 procellis.
1469 462 1550 498 Cujus
1565 464 1644 490 vitam
1659 464 1726 490 inter
1740 464 1872 491 confesso-

1092 516 1137 536 res
1150 509 1284 542 referunt,
1299 510 1448 543 quicunque
1463 508 1497 542 pii
1515 508 1632 536 habitant
1651 508 1873 543 Constantinopo-

1094 554 1151 584 lim,
1162 557 1190 580 ut
1200 560 1258 586 qute
1271 553 1390 587 proxime
1400 557 1510 579 matrem
1526 553 1670 586 periclitata
1681 553 1716 579 sit
1731 553 1758 579 in
1771 553 1802 580 iis
1813 561 1874 588 q

1092 603 1199 625 suntex
1216 598 1270 625 Deo
1283 597 1487 630 certaminibus;
1502 602 1528 624 et
1548 598 1575 624 in
1590 597 1631 624 his
1645 602 1749 624 mortua
1767 597 1872 625 beatam

1092 644 1196 677 accepit
1209 643 1334 677 gloriam,
1349 647 1376 671 et
1391 643 1416 670 in
1430 643 1532 670 infinito
1543 643 1640 670 smeulo
1654 647 1779 670 coronata
1793 651 1871 677 pom-

1094 695 1154 721 pam
1169 688 1237 722 agit,
1253 687 1318 714 nulli
1329 688 1445 715 interitui
1461 688 1589 714 obnoxias
1600 695 1660 715 cum
1675 689 1773 715 sanctis
1783 693 1809 716 et
1821 687 1874 716 sibi

1093 733 1225 760 similibus
1237 733 1262 760 in
1274 733 1463 767 sempiternum
1478 734 1629 760 mansiones
1641 733 1774 766 habitans,
1786 739 1813 761 et
1825 734 1874 761 bo-

1092 785 1187 805 norum
1207 785 1317 812 operum
1331 778 1462 806 aCltristo
1482 778 1593 806 Domino
1612 785 1672 805 cum
1688 778 1782 806 fiducia
1801 779 1873 807 acci-

1094 821 1169 857 piens
1182 823 1418 850 remunerationes.

1362 866 1476 895 CAPUT
1493 866 1593 895 CXLV.
1630 883 1633 892 .

1394 912 1433 939 De
1447 912 1572 941 Candida.

1129 956 1192 984 Post
1206 957 1272 984 hanc
1286 957 1380 992 aequali
1393 965 1497 992 quoque
1510 958 1589 985 modo
1603 959 1629 985 in
1645 958 1758 986 Domino
1769 959 1873 989 vivens.

1095 1002 1172 1029 beata
1187 1001 1316 1034 Candida,
1333 1001 1437 1036 Traiani
1453 1007 1520 1029 uxor
1539 1003 1655 1037 magistri
1671 1004 1800 1035 militum,
1815 1011 1875 1031 cum

1093 1050 1121 1073 et
1141 1045 1174 1072 ad
1195 1053 1326 1073 summam
1347 1047 1511 1080 pervenisset
1534 1046 1717 1080 honestatem,
1733 1053 1758 1075 et
1780 1048 1874 1075 rationi

1094 1091 1282 1118 convenienter
1305 1095 1427 1118 ornasset
1450 1091 1586 1124 ecclesias,
1611 1095 1639 1120 et
1662 1096 1784 1119 venerata
1805 1097 1876 1119 esset

1095 1136 1234 1169 episcOpos
1257 1143 1304 1169 pro
1326 1136 1454 1169 dignitate
1473 1136 1570 1162 Christi
1593 1142 1835 1169 sacramentorum,
1848 1143 1876 1164 et

1094 1188 1201 1208 omnem
1225 1180 1324 1208 Chriin
1343 1182 1443 1208 clerum
1463 1185 1554 1214 aperte
1568 1180 1738 1214 honorasset,
1755 1187 1783 1209 et
1802 1189 1876 1208 suam

1095 1224 1175 1252 filiam
1190 1224 1345 1251 instituisset
1360 1225 1385 1250 in
1400 1228 1472 1251 sorte
1487 1225 1653 1259 virginitatis,
1668 1232 1726 1252 eam
1748 1226 1877 1259 prminisit

1094 1269 1128 1296 ad
1147 1269 1279 1296 Christum
1289 1289 1296 1301 ,
1312 1269 1411 1296 donum
1432 1275 1538 1296 suorum
1558 1270 1688 1296 viscerum
1703 1279 1709 1296 :
1726 1275 1815 1304 postea
1830 1278 1878 1296 au-

1095 1320 1147 1342 tem
1162 1315 1217 1349 ipsa
1229 1322 1344 1348 quoque,
1359 1315 1530 1348 temperantia
1544 1319 1570 1342 et
1582 1315 1702 1342 castitate
1712 1320 1740 1342 et
1756 1316 1875 1349 pecunia

1094 1360 1302 1394 dispersionibus
1317 1361 1395 1387 filiam
1414 1367 1488 1387 suam
1506 1365 1547 1387 est
1566 1366 1718 1388 consecuta.
1741 1361 1813 1388 lianc
1826 1368 1877 1396 ego

1095 1406 1149 1433 vidi
1160 1407 1292 1441 egregiam
1306 1406 1443 1433 mulierem
1459 1410 1510 1432 tota
1525 1411 1601 1433 nocte
1615 1407 1775 1433 laborantem
1787 1412 1814 1434 et
1825 1415 1878 1433 mo-

1095 1450 1210 1483 lentem,
1223 1455 1251 1478 et
1266 1450 1379 1485 propriis
1400 1451 1520 1478 manibus
1542 1450 1681 1478 facientem
1695 1459 1788 1485 panem
1802 1452 1877 1479 obia-

1097 1495 1189 1528 tionis,
1204 1496 1236 1522 ad
1252 1496 1322 1522 vires
1335 1495 1454 1529 corporis
1469 1495 1665 1530 deprimendas.
1680 1500 1707 1523 et
1724 1496 1856 1524 dicentem
1866 1504 1877 1525 ι

1095 1542 1161 1569 Cum
1177 1549 1228 1569 non
1242 1541 1356 1569 sufficiat
1368 1541 1511 1576 jejunium,
1525 1541 1591 1568 hanc
1605 1541 1629 1568 ei
1645 1542 1679 1568 do
1693 1542 1790 1569 sociam
1805 1542 1878 1570 labo-

263 1589 289 1615 in
303 1596 443 1623 pauperes,
458 1588 601 1622 multisque
615 1587 759 1614 infidelium
773 1586 798 1612 in
814 1585 946 1612 catechesi
969 1585 1043 1611 insti-
1055 1582 1079 1613 C
1095 1587 1191 1614 riosam
1206 1587 1334 1621 vigiliam,
1350 1591 1379 1613 ut
1394 1586 1463 1614 Esau
1485 1586 1628 1614 dissolvam
1649 1594 1827 1622 e.iervemque
1841 1587 1879 1614 la-

263 1633 325 1660 tutis
341 1633 476 1664 uxoribus,
490 1633 569 1659 etiam
585 1632 617 1658 ad
633 1633 735 1657 victum
749 1630 789 1657 eis
804 1630 891 1657 ferens
905 1629 1043 1662 auxilium,

264 1686 369 1712 semper
383 1678 554 1705 memOrabiie
579 1684 676 1704 nomen
695 1676 863 1710 benignitatis
877 1675 986 1710 reliquit
998 1683 1046 1709 per

266 1729 348 1751 totam
362 1724 453 1751 vitam.
469 1724 492 1751 A
508 1724 636 1750 servitute
649 1723 676 1749 in
692 1722 840 1749 libertatem
864 1719 1045 1748 innumerabi-

266 1769 330 1796 lium
345 1776 482 1796 servorum
497 1769 640 1797 restituens
660 1766 793 1799 examina,
809 1765 925 1793 reddidit
937 1771 984 1792 eos
999 1765 1047 1792 lio-

266 1821 331 1841 nore
344 1815 458 1848 aequales
474 1821 529 1841 sua:
545 1813 676 1841 nobilitati
687 1833 695 1845 ,
709 1812 751 1840 vel
774 1813 859 1846 potius
881 1812 916 1846 (si
930 1819 991 1838 vera
1003 1811 1046 1838 di-

265 1866 326 1887 cere
348 1859 480 1894 oporteat)
494 1859 554 1886 facti
568 1863 630 1886 sunt
644 1858 722 1892 hujus
741 1861 838 1884 sancta
853 1856 945 1884 habitu
969 1855 1047 1883 nobi-

266 1906 354 1933 liores.
369 1905 460 1941 Neque
479 1907 550 1933 enim
569 1906 627 1939 ejus
649 1904 808 1932 indumentis
823 1904 938 1931 inveniri
961 1903 1046 1937 potuit

265 1950 407 1985 quidquam
421 1950 517 1983 vilius;
529 1957 588 1976 nam
601 1949 633 1976 iis
645 1949 725 1976 etiam
736 1947 781 1982 qui
792 1951 855 1976 sunt
865 1947 959 1982 pannis
970 1947 1048 1980 valde

265 1995 343 2021 obsiti
365 1995 470 2029 indigna
489 1999 565 2022 erant
580 1994 657 2029 hujus
672 1998 771 2021 sanctae
786 1997 948 2028 tegumenta.
963 1991 1048 2019 Tanta

265 2043 354 2066 autem
369 2044 426 2066 erat
438 2039 498 2074 ejus
516 2039 701 2072 mansuetudo,
716 2042 745 2065 ut
764 2039 845 2065 etiam
868 2037 943 2071 longe
967 2044 1047 2071 supe-

267 2089 340 2112 raret
353 2085 546 2119 simplicitatem
559 2085 676 2118 ipsorum
692 2090 842 2117 puerorum.
855 2081 932 2109 Nulla
947 2081 1048 2116 \itupe-

269 2130 371 2157 ratione
385 2137 400 2157 a
420 2131 505 2157 vicino
527 2130 631 2164 quidem
656 2135 770 2163 unquam
794 2128 900 2155 inventa
920 2131 961 2154 est
980 2127 1048 2161 apud

270 2176 337 2201 hanc
360 2182 417 2208 qua:
439 2175 571 2201 Christum
591 2174 728 2208 gestabat;
747 2173 794 2200 sed
816 2173 902 2199 omnis
922 2171 979 2206 ejus
993 2172 1048 2199 vita

269 2227 321 2246 non
335 2219 431 2251 vitalis,
446 2224 503 2246 erat
524 2220 549 2246 in
571 2218 774 2251 compunctione
788 2222 815 2245 et
837 2217 968 2252 frequenti
988 2224 1049 2252 pro-

270 2265 349 2292 fluvio
361 2265 551 2299 lacrymarum;
565 2268 593 2291 et
607 2264 694 2297 potius
709 2263 799 2290 videre
815 2262 910 2290 licebat
924 2262 989 2290 fonti
1003 2269 1050 2288 sese
1062 2256 1088 2286 Ι)

271 2315 325 2339 tate
336 2319 382 2338 sua
394 2311 509 2338 deficere
522 2311 630 2342 ﬂuenta,
643 2317 720 2344 quam
735 2309 812 2343 hujus
829 2317 880 2336 non
893 2308 1049 2335 sublimibus

270 2361 298 2383 ct
311 2355 443 2383 Christum
458 2363 563 2390 semper
577 2355 727 2383 videntibus
745 2355 828 2382 oculis
843 2354 972 2387 iacrymas
985 2353 1052 2380 deii-

270 2410 340 2430 cere.
354 2403 387 2430 Et
399 2402 461 2437 quid
475 2403 500 2429 in
517 2401 556 2428 his
571 2401 714 2428 immoror?
726 2400 783 2433 Quo
794 2400 864 2428 enim
879 2400 962 2433 magis
976 2405 1051 2426 meus

271 2447 419 2475 versabitur
430 2448 534 2474 animus
546 2447 571 2474 in
583 2447 656 2474 durae
671 2447 751 2473 instar
761 2445 818 2473 saxi
832 2446 927 2472 anima:
940 2451 1052 2471 narran-

272 2494 313 2520 dis
327 2493 517 2520 certaminibus
531 2496 559 2519 et
573 2491 724 2524 virtutibus,
737 2498 770 2518 eo
783 2490 866 2525 magis
886 2488 1053 2516 invenientur

273 2538 351 2565 verba
370 2545 385 2564 a
408 2538 483 2564 factis
505 2538 657 2564 remotiora.
673 2536 727 2563 Nec
746 2543 788 2563 me
807 2535 940 2562 existimet
958 2533 1053 2566 aliquis

275 2584 332 2610 inec
359 2583 496 2618 splendide
522 2586 549 2609 et
574 2581 710 2616 magnifice
731 2581 857 2615 colligere
878 2580 911 2607 de
939 2579 988 2606 hac
1012 2577 1054 2606 vel

276 2630 390 2657 maxime
403 2628 550 2664 imp‘atibiii,
562 2632 589 2655 et
601 2628 753 2662 perquirere
767 2627 890 2660 reliquias
900 2624 1055 2653 castissimae

274 2676 447 2712 Olympiadis,
461 2682 519 2710 qua:
533 2679 587 2701 tota
601 2673 654 2701 fuit
675 2674 819 2708 pretiosqu
841 2680 887 2700 vas
899 2672 982 2700 sancti
997 2671 1056 2706 Spi-

275 2723 358 2754 ritus;
372 2721 418 2748 sed
437 2720 482 2754 qui
502 2719 543 2747 his
560 2719 646 2746 oculis
660 2718 768 2745 viderim
785 2717 863 2751 hujus
877 2717 961 2744 beatae
975 2717 1056 2744 vitam

274 2771 301 2792 et
317 2765 460 2800 angelicam
475 2764 686 2796 institutionem,
703 2767 732 2790 ut
751 2762 796 2797 qui
810 2761 908 2789 fuerim
930 2761 1058 2796 spiritalis

279 2809 356 2843 hujus
374 2817 514 2844 germanus
529 2809 641 2842 amicus,
655 2813 682 2836 et
694 2808 751 2843 ejus
770 2807 889 2842 cognatis
907 2806 1059 2834 familiaris-

280 2856 372 2886 simus.
383 2856 450 2884 adeo
464 2861 491 2884 ut
503 2856 591 2884 multa:
603 2856 661 2889 ejus
675 2854 793 2889 pecunia:
803 2854 856 2882 sint
869 2861 883 2881 a
898 2860 940 2882 me
952 2861 984 2882 ex
999 2853 1058 2888 ejus

1096 1634 1214 1661 sciviam.
1227 1634 1262 1660 Ea
1278 1633 1311 1660 ab
1325 1634 1357 1660 iis
1369 1641 1428 1667 quae
1441 1638 1502 1660 sunt
1514 1632 1640 1667 sanguine
1656 1633 1764 1667 prmdita
1777 1637 1805 1660 et
1817 1634 1876 1661 ani-

1098 1684 1168 1706 mata
1183 1678 1290 1707 omnino
1304 1679 1444 1711 abstinuit;
1460 1679 1509 1706 nisi
1524 1679 1592 1712 quod
1613 1679 1733 1706 sumebat
1746 1679 1833 1713 pisces
1848 1683 1876 1706 et

1095 1724 1183 1751 oleum
1196 1729 1222 1752 et
1236 1725 1318 1756 olera,
1332 1723 1410 1758 idque
1428 1723 1513 1750 solum
1530 1724 1556 1750 in
1570 1723 1614 1751 die
1635 1723 1719 1750 festo:
1733 1724 1806 1750 omni
1828 1731 1878 1750 au-

1096 1774 1148 1797 tem
1159 1771 1211 1797 alio
1221 1775 1341 1804 tempere
1352 1774 1473 1797 contenta
1485 1774 1542 1797 erat
1551 1774 1676 1804 oxycrato
1687 1768 1761 1804 (ξιξ)
1772 1773 1801 1795 et
1811 1776 1880 1802 pane

1095 1815 1180 1842 arido.
1195 1815 1222 1842 in
1244 1815 1291 1842 hac
1308 1815 1368 1842 vita:
1381 1816 1534 1849 asperitate,
1547 1821 1606 1841 cum
1629 1814 1703 1841 beata
1724 1813 1816 1848 requie
1829 1814 1880 1840 ob-

1096 1859 1249 1887 dorrniisset
1273 1860 1330 1886 haec
1354 1859 1449 1886 mulier
1470 1859 1578 1894 inclyta,
1599 1866 1668 1886 nunc
1689 1858 1784 1885 fruitur
1802 1858 1880 1886 bonis

1097 1905 1212 1938 :eteruis,
1224 1912 1283 1938 quae
1294 1908 1355 1931 sinit
1367 1907 1457 1938 parata
1471 1903 1504 1931 iis
1515 1904 1561 1939 qui
1572 1903 1721 1935 dilexerunt
1730 1903 1810 1930 vitam
1820 1911 1880 1938 qua

1097 1956 1129 1976 ex
1145 1949 1241 1977 virtute
1254 1949 1352 1984 agitur.

1371 1994 1483 2021 CAPUT
1501 1994 1614 2021 CXLVI.

1358 2038 1396 2066 De
1411 2039 1513 2067 Galatia
1536 2039 1621 2075 (213).

1132 2085 1331 2119 Consequenter
1346 2086 1403 2112 zelo
1427 2085 1503 2118 hujus
1524 2085 1602 2112 bona:
1624 2084 1739 2115 femiute,
1761 2083 1880 2110 veritatis

1098 2131 1167 2157 viam
1179 2131 1293 2164 ingressa
1305 2134 1359 2162 est,
1381 2130 1421 2163 pie
1439 2131 1545 2156 trahens
1558 2129 1651 2163 jugum
1668 2127 1835 2162 virginitatis,
1851 2127 1877 2153 in

1099 2175 1193 2209 primis
1207 2174 1357 2201 veneranda
1369 2173 1485 2205 Gelasia,
1496 2173 1634 2208 cujusdam
1648 2172 1745 2199 tribuni
1760 2172 1821 2199 filia.
1834 2171 1883 2198 Hu-

1097 2219 1141 2254 jus
1155 2220 1259 2254 optimm
1274 2219 1332 2246 haec
1346 2219 1429 2245 fertur
1439 2219 1533 2251 virtus,
1548 2219 1617 2252 quoii
1633 2219 1672 2245 sol
1686 2225 1820 2251 nunquam
1835 2225 1884 2244 oc-

1102 2266 1165 2293 cidit
1179 2273 1258 2300 super
1271 2265 1329 2300 ejus
1341 2265 1458 2292 dolorem
1467 2285 1475 2298 ,
1486 2273 1538 2292 non
1550 2265 1677 2292 adversus
1692 2271 1816 2294 servum,
1831 2270 1884 2289 nou

1102 2311 1229 2339 adversus
1240 2311 1374 2341 ancillam,
1391 2318 1442 2336 non
1458 2309 1584 2337 adversus
1595 2309 1708 2343 aliquem
1719 2308 1810 2334 alium.
1824 2307 1887 2334 iia'c

1103 2357 1179 2384 beits
1190 2364 1251 2384 cum
1264 2355 1399 2389 eﬂ'ugisset
1411 2355 1480 2381 viam
1491 2361 1582 2381 eorum
1594 2354 1637 2388 qui
1648 2358 1709 2379 sunt
1719 2358 1834 2386 acceptte
1850 2352 1886 2377 in-

1103 2403 1182 2438 juria:
1195 2409 1337 2434 memores,
1348 2408 1406 2436 quae
1420 2400 1470 2427 fert
1481 2401 1513 2426 ad
1527 2404 1640 2427 mortem
1653 2403 1791 2429 aeternam,
1803 2398 1888 2424 evasit

1106 2448 1176 2474 hunc
1194 2447 1291 2474 malum
1307 2445 1405 2474 diaboli
1420 2445 1572 2477 stitnulum,
1587 2451 1681 2478 nempe
1699 2443 1752 2471 odii
1767 2448 1795 2470 et
1808 2443 1889 2468 malc-

1104 2492 1246 2525 volentia;
1260 2497 1289 2519 et
1310 2499 1370 2519 cum
1389 2491 1552 2518 desideraret
1570 2495 1694 2517 aeternam
1719 2493 1888 2522 peccatorqu

1106 2538 1308 2571 remissionem,
1327 2537 1426 2563 remisit
1448 2543 1527 2570 parva
1546 2535 1651 2568 delicta,
1666 2539 1694 2562 ut
1709 2533 1765 2568 ipsa
1784 2539 1888 2568 quoque

1108 2583 1240 2611 inveniret
1251 2583 1380 2618 majorum
1395 2582 1589 2608 remissionem.

1369 2625 1482 2653 CAPUT
1501 2624 1625 2652 CXLVII.

1372 2672 1409 2698 De
1423 2670 1530 2697 Iuliana
1542 2670 1627 2704 (2“).

1145 2717 1270 2752 Quadam
1285 2716 1392 2744 nomine
1404 2715 1520 2748 Juliana,
1536 2716 1609 2750 virgo
1622 2714 1648 2741 in
1661 2713 1782 2741 Caesarea
1790 2711 1893 2748 Cappa-

1111 2762 1203 2795 docia,
1216 2762 1285 2789 dicta
1298 2767 1339 2789 est
1349 2769 1409 2789 esse
1419 2766 1445 2788 et
1456 2760 1608 2788 doctissima
1620 2764 1647 2787 et
1658 2759 1822 2792 fidelissima,
1835 2767 1895 2794 qua:

1110 2809 1251 2843 Origenetn
1274 2807 1429 2842 scriptorem
1453 2806 1595 2840 fugientem
1618 2804 1754 2839 gentilium
1777 2804 1897 2832 insurre-

1111 2855 1226 2883 ctioncm
1247 2854 1365 2888 excepit,
1387 2859 1446 2880 eum
1471 2852 1539 2880 duos
1562 2859 1646 2880 annos
1669 2850 1817 2884 occultans.
1840 2852 1899 2878 suis
