2067 3155
212 171 280 199 1253

833 171 989 201 HISTORIA
1010 171 1188 202 LAUSIACA.

1744 177 1814 209 1251

205 223 354 257 sumptibus
367 229 394 251 et
407 231 456 252 suo
470 226 617 253 ministerio
630 228 714 255 virum
733 228 818 256 alens.
836 228 924 256 Inveni
937 236 984 255 au-
996 225 1020 254 Α
1036 234 1146 261 vespere
1160 229 1307 264 ingreditur
1320 231 1352 258 ad
1367 238 1427 259 eum
1439 233 1484 268 qui
1496 233 1555 262 illas
1570 234 1675 268 alebat,
1691 240 1718 263 et
1729 237 1775 264 dat
1787 237 1815 266 ei

207 271 259 294 tem
273 267 329 295 hate
344 269 370 296 in
391 270 574 305 antiquissimo
588 271 654 298 libro
669 273 767 307 scripto
788 275 918 305 versibus,
938 275 983 308 qui

205 312 312 347 quidem
335 314 449 348 scriptus
468 319 526 342 erat
549 323 629 342 manu
661 315 796 351 Origenis.
834 315 913 344 Hunc
946 318 982 345 li-

204 357 393 394 bruminveni
417 365 466 392 ego
489 359 557 392 apud
580 359 710 387 Julianam
733 360 861 395 virginem
883 361 910 388 in
926 360 984 388 Cte-

168 405 172 421 τ
206 408 292 434 sares,
306 402 389 436 quiet
409 403 463 437 ipse
477 403 550 439 (2I5)
565 404 634 438 apud
653 412 711 432 eam
731 406 877 433 occultatus
898 414 981 435 eram.

205 444 314 472 Dicebat
327 451 414 473 autem
433 454 463 474 se
481 448 613 478 accepisse
625 456 640 476 a
659 449 819 484 Symmacho
838 450 983 485 interprete

204 490 366 521 Judteorum.

239 535 296 562 Non
307 536 356 563 fuit
364 542 452 564 autem
464 537 577 565 alienum
588 539 749 567 abmstituto
759 547 851 574 opere,
863 541 984 575 posuisse

204 580 313 608 virtutes
326 581 418 609 harum
433 583 602 617 feminarum;
619 585 666 612 sed
676 589 706 612 ut
719 586 850 619 sciamus,
865 586 935 621 quod
950 593 983 614 ex

204 626 316 654 diversis
328 628 513 656 occasionibus
526 629 587 657 licet
603 631 709 664 lucrari,
721 631 743 659 si
758 632 878 659 velimus.

460 675 572 704 CAPUT
589 676 725 704 CXLVIII.

205 717 243 745 De
265 719 617 755 fmina(216)nobiliuinto
640 730 697 756 quin
717 723 766 756 fuit
790 731 888 758 semper
900 732 980 760 tnrgo.

239 763 266 790 In
282 763 332 790 alio
345 764 412 791 libro
425 765 608 800 antiquissimo
620 786 628 798 ,
644 767 744 801 scripto
764 768 799 795 ab
819 769 960 804 Hippolyto
971 790 979 801 ,

202 807 247 842 qui
262 808 310 835 fuit
324 808 460 837 familiaris
479 810 659 845 apostolorum
671 830 678 844 ,
692 812 780 839 inveni
795 812 873 840 talem
889 821 983 840 narra-

202 852 301 880 tionent
314 861 322 882 :

1032 273 1148 306 quinque
1164 274 1281 305 solidos:
1298 279 1326 303 et
1343 276 1406 303 dicit
1421 277 1445 304 ei
1459 277 1599 306 :Concede
1623 279 1687 307 tnihi
1703 288 1812 309 manere

1033 314 1083 343 hac
1095 321 1173 345 nocte
1186 325 1246 344 cum
1261 319 1310 346 hac
1323 320 1419 354 puella.
1435 321 1463 348 in
1486 322 1574 350 locum
1593 330 1656 358 ergo
1678 325 1813 353 occultum

1032 366 1091 387 cum
1106 368 1137 388 ea
1151 362 1284 396 ingressus
1296 384 1304 396 ,
1317 364 1381 391 dicit
1395 365 1419 391 ei
1434 374 1440 390 :
1456 366 1555 400 Surge,
1579 375 1655 394 serva
1672 373 1698 395 te
1713 369 1810 403 ipsam.

1032 404 1065 431 Et
1079 412 1138 432 cum
1153 413 1211 433 eatn
1226 408 1281 434 suis
1296 409 1415 436 vestibus
1431 411 1559 438 induisset
1572 432 1579 443 ,
1603 412 1692 439 tunica
1705 433 1712 445 ,
1727 413 1813 440 cami-

1032 450 1071 476 sia
1085 450 1160 485 (‘2I8)
1170 471 1179 484 ,
1194 456 1221 478 et
1235 452 1375 488 chlamyde
1387 474 1394 487 ,
1409 459 1438 482 et
1451 456 1576 483 omnibus
1592 456 1711 484 virilibus
1723 478 1731 489 ,
1748 458 1813 485 dicit

1032 494 1074 521 ei:
1093 494 1233 530 Egredere,
1248 501 1274 524 te
1285 504 1387 524 summa
1403 498 1549 535 chlamydis
1564 505 1638 534 parte
1654 506 1811 536 contegens.

1032 538 1096 572 Quae
1110 547 1169 567 cum
1182 542 1219 568 sic
1233 542 1355 576 fecisset,
1371 548 1398 571 et
1411 551 1440 571 se
1453 548 1534 572 totam
1549 545 1626 579 signo
1645 548 1732 574 crucis
1750 555 1809 574 mu-

1032 584 1144 618 niisset,
1168 593 1274 620 egressa
1299 595 1331 615 ex
1354 588 1400 615 illo
1416 589 1474 616 loco
1496 591 1604 617 omnino
1620 591 1770 625 incorrupta
1785 598 1814 620 et

1032 630 1167 663 impolluta
1180 651 1188 664 ,
1203 637 1308 660 servata
1323 639 1364 661 est
1379 635 1476 662 Christi
1490 637 1573 670 gratia
1586 656 1594 668 ,
1612 642 1639 664 et
1658 644 1739 664 causa
1750 638 1815 664 ado-

1032 674 1155 702 lescentis
1167 677 1212 710 qui
1226 685 1283 704 eam
1295 686 1345 706 suo
1358 680 1487 714 sanguine
1498 681 1620 708 liberavit
1629 689 1645 708 a
1657 683 1726 716 turpi
1738 684 1813 710 vitio.

1032 719 1157 754 Sequenti
1170 726 1257 749 autem
1271 723 1314 750 die
1327 731 1370 750 res
1385 724 1432 751 fuit
1447 726 1564 759 cognita,
1578 730 1606 753 et
1618 727 1762 761 productus
1772 732 1815 755 est

1032 763 1212 798 Magistrianus
1228 766 1260 793 ad
1283 768 1458 796 stcvissimum
1477 769 1605 803 judicem.
1633 770 1698 798 Cum
1723 775 1812 799 autem

1032 815 1166 838 strenuum
1181 813 1279 840 Christi
1301 814 1429 842 athletam
1454 817 1632 844 examinasset
1655 818 1770 853 impius,
1785 824 1815 847 ct

1032 857 1119 883 omnia
1131 858 1278 892 didicisset,
1293 859 1372 893 jussit
1386 868 1445 888 eum
1465 862 1544 895 objici
1559 863 1651 890 bestiis
1665 883 1673 896 ,
1689 869 1718 891 ut
1732 866 1813 892 etiant

238 899 297 926 ιςὐίι
310 899 429 933 quaedam
445 901 608 930 nobilissima
623 903 696 938 virgo
718 908 746 932 ει
770 904 979 939 formosissima,
998 901 1110 936 Brnalis
1134 903 1245 930 infestus
1267 904 1369 932 daemon
1394 905 1420 932 in
1437 913 1469 933 eo
1491 906 1642 935 afficeretur
1657 910 1811 942 ignominia.

201 951 260 977 qua:
273 944 298 971 in
314 945 365 972 vita
380 953 412 973 ex
425 947 520 974 virtute
534 949 636 983 agenda
652 950 830 977 exercebatur
844 950 977 978 Corinthi.

202 988 274 1016 Hanc
294 990 340 1017 illo
356 994 475 1025 tempore
492 993 645 1021 detulerunt
667 996 699 1022 ad
713 995 830 1029 judicem
841 1017 848 1029 ,
865 996 909 1030 qui
923 1000 982 1024 erat

200 1033 307 1066 gentilis
320 1033 346 1061 in
361 1039 478 1069 tempore
493 1042 701 1071 persecutorum,
720 1044 748 1066 ut
759 1047 818 1074 qua:
830 1040 980 1067 maledictis

202 1077 346 1106 incesseret
358 1084 385 1107 et
399 1085 527 1116 tempora,
538 1088 564 1109 et
576 1082 750 1117 imperatores
759 1105 767 1118 ,
782 1090 809 1112 et
823 1085 978 1113 simulacra.

200 1124 385 1159 Pruponebant
398 1132 484 1154 autem
499 1128 556 1162 ejus
577 1129 800 1163 pulchritudinem
822 1131 915 1158 harqu
936 1140 980 1160 re-

199 1176 256 1195 rum
280 1175 472 1204 cauponatores
500 1173 581 1207 impio
603 1174 706 1208 judici,
740 1175 853 1204 feminas
884 1177 979 1204 insano

198 1220 288 1241 amore
303 1215 474 1250 depereunti;
490 1219 513 1246 is
527 1227 603 1252 vero,
617 1221 721 1255 equinis
733 1221 841 1249 auribus
853 1227 880 1250 et
899 1222 978 1250 femi-

199 1267 247 1287 nas
262 1260 354 1289 insane
364 1264 517 1292 amantibus
529 1265 745 1300 cogitationibus,
757 1268 859 1302 accepit
878 1268 978 1295 calum-

198 1305 268 1332 niam
282 1314 288 1332 :
305 1313 336 1333 ea
351 1312 438 1335 autem
454 1309 582 1343 producta
601 1310 783 1338 adrhominem
804 1313 975 1347 sceleratum,

198 1349 281 1377 multo
294 1352 376 1385 magis
391 1353 482 1380 insana
495 1358 588 1389 captus
603 1359 644 1383 est
665 1356 879 1390 intemperantia.
898 1357 976 1386 Post-

198 1402 276 1428 quam
291 1401 378 1424 autem
393 1398 515 1426 omnibus
525 1400 651 1428 adversus
665 1408 722 1429 eam
733 1401 860 1430 adhibitis
875 1403 976 1431 machi-

197 1441 248 1474 nis,
257 1441 317 1469 huic
330 1442 374 1470 Dei
385 1444 484 1471 homini
494 1444 553 1480 (sic)
564 1447 723 1480 persuadere
733 1455 785 1475 non
793 1449 888 1482 potuit,
898 1449 977 1477 variis

198 1488 336 1515 tormentis
349 1489 463 1524 subjecit
475 1490 570 1519 fortem
584 1491 720 1520 feminam.
733 1493 875 1528 Postquam
887 1499 975 1522 autem

197 1536 230 1557 ne
245 1531 286 1558 his
299 1533 403 1567 quidem
418 1535 444 1561 id
457 1535 527 1568 quod
544 1536 649 1563 volebat
662 1542 703 1564 est
715 1544 853 1566 assecutus
863 1561 869 1573 ,
887 1544 916 1567 ut
929 1548 973 1575 qut

1032 944 1097 972 Nam
1112 952 1171 972 cum
1185 947 1364 975 existimassct
1379 949 1462 976 virum
1478 948 1574 977 fortem
1589 952 1615 978 in
1631 952 1759 979 nefarium
1772 953 1814 980 in-

1029 988 1111 1023 jicere
1131 991 1296 1025 supplicium,
1308 999 1370 1020 eum
1383 993 1472 1021 eliecit
1486 995 1584 1028 duplici
1600 996 1642 1031 [F.
1657 997 1811 1034 dupliciter]

1030 1033 1128 1061 Christi
1147 1040 1302 1070 martyrem,
1317 1041 1346 1064 ut
1359 1039 1403 1072 qui
1416 1043 1443 1066 et
1458 1046 1505 1073 pro
1521 1047 1569 1067 sua
1583 1041 1670 1067 anima
1684 1033 1813 1076 prmclare

1030 1078 1216 1113 decertaverit,
1226 1086 1253 1108 et
1261 1089 1310 1116 pro
1321 1082 1363 1110 illa
1373 1083 1448 1111 beata
1458 1085 1482 1111 in
1492 1085 1625 1113 laboribus
1635 1093 1744 1114 strenue
1751 1095 1813 1122 per-

1030 1126 1199 1152 severaverit.
1208 1125 1336 1160 Quocirca
1344 1128 1441 1162 duplici
1452 1131 1554 1157 honore
1561 1135 1588 1157 et
1595 1130 1698 1158 duabus
1707 1132 1814 1166 insigni-

1030 1168 1080 1197 bus
1093 1171 1199 1199 coronis
1213 1172 1308 1206 dignus
1321 1177 1363 1200 est
1377 1173 1481 1201 habitu
1495 1182 1510 1201 a
1526 1175 1623 1203 Christi
1637 1177 1810 1211 benignitate.

1322 1228 1435 1257 CAPUT
1459 1230 1513 1257 CL.

1208 1272 1245 1300 De
1261 1281 1339 1301 mre
1352 1273 1394 1309 (2i
1400 1274 1427 1310 9)
1440 1275 1486 1301 viri
1503 1276 1637 1303 senatorii.

1063 1316 1168 1345 Memini
1183 1322 1271 1346 autem
1284 1319 1395 1347 alterius
1410 1328 1516 1355 quoque
1533 1322 1661 1354 historiae,
1673 1327 1701 1350 et
1711 1323 1810 1351 bonum

1028 1368 1069 1390 est
1083 1370 1140 1390 eam
1153 1371 1205 1391 non
1219 1365 1364 1398 praeterire.
1377 1365 1480 1393 Dicitur
1493 1367 1527 1394 de
1541 1367 1708 1402 Magnentino
1722 1368 1812 1396 insur-

1028 1412 1146 1440 rectore,
1165 1409 1235 1443 quod
1257 1409 1385 1436 habuerat
1401 1411 1487 1445 stupri
1511 1412 1730 1440 consuetudinem
1745 1419 1808 1440 cum

1028 1453 1118 1480 multis
1126 1454 1281 1489 gentilibus,
1293 1459 1320 1482 et
1332 1455 1450 1482 animum
1463 1456 1600 1491 adjecerat
1614 1461 1644 1484 ut
1657 1465 1713 1485 rem
1726 1458 1808 1486 etiam

1027 1498 1137 1527 haberet
1156 1507 1216 1528 cum
1236 1500 1409 1534 Christianis;
1425 1509 1464 1529 ea:
1482 1507 1570 1530 autem
1594 1503 1726 1530 malebant
1741 1505 1810 1532 mori

1026 1552 1105 1580 quam
1130 1547 1244 1579 prodere
1267 1547 1433 1581 pudicitiam.
1459 1548 1524 1575 Cum
1552 1555 1616 1582 ergo
1642 1549 1759 1576 venisset
1782 1550 1808 1577 in

197 1582 248 1602 “0"
264 1582 354 1610 W556i
368 1585 425 1606 eam
447 1579 579 1608 abducere
599 1589 614 1608 ³
632 1582 731 1610 Clitis“
744 1583 912 1612 εοηῖεεείοηε
923 1606 930 1618 1
948 1585 974 1612 iu
989 1582 1012 1614 C
1028 1579 1104 1618 tinam
1117 1591 1221 1624 urbem,
1234 1579 1332 1619 amavit
1342 1593 1483 1627 quamdam
1496 1601 1606 1621 uxorem
1618 1594 1667 1621 viri
1681 1596 1809 1622 senatorii

196 1626 253 1647 eam
267 1621 402 1650 insaniens
413 1625 539 1657 crudelis,
553 1633 604 1653 non
618 1627 698 1654 tradit
709 1634 768 1655 eam
784 1633 975 1657 tormentorum
1027 1643 1059 1663 ex
1076 1637 1216 1670 paret-tis,
1237 1621 1454 1665 Timore-autem
1477 1637 1588 1666 allectus
1607 1640 1664 1672 ejus
1679 1640 1808 1673 maritus,

196 1667 364 1703 cruciatibus,
389 1671 436 1697 sed
457 1677 557 1699 castam
585 1677 610 1700 et
637 1678 828 1708 temperantem
850 1674 976 1704 feminam

1028 1667 1093 1710 dixit
1105 1684 1129 1711 ei
1144 1692 1150 1710 :
1168 1684 1260 1716 M-tte,
1276 1684 1339 1711 tolle
1353 1692 1422 1711 eam.
1436 1685 1501 1712 Cum
1516 1690 1606 1712 autem
1623 1687 1760 1713 venissent
1775 1687 1809 1714 ad

196 1720 296 1745 ponens
311 1714 336 1740 in
353 1716 508 1750 prostibula,
522 1717 601 1751 jussit
624 1719 648 1746 ei
669 1720 713 1754 qui
735 1727 781 1747 eas
804 1722 976 1755 possidebat,

196 1757 286 1784 dicens
297 1767 304 1785 :
316 1759 388 1786 lianc
399 1762 462 1787 mihi
475 1770 539 1796 cape
552 1768 578 1790 et
592 1767 645 1791 tres
660 1765 759 1792 solidos
774 1773 807 1793 ex
827 1774 859 1793 ea
878 1768 912 1794 ad
934 1775 978 1796 me

195 1802 270 1829 defer
291 1805 418 1837 quotidie.
441 1805 466 1832 ls
488 1813 576 1834 autem
597 1816 691 1835 aurum
717 1811 826 1844 exigens
848 1819 880 1839 ex
905 1813 976 1847 turpi

195 1846 316 1877 actione,
332 1855 390 1874 eam
407 1850 513 1876 tradidit
532 1851 684 1880 volentibus
704 1853 730 1880 in
746 1854 851 1882 officina
873 1846 976 1885 abomi-

195 1891 274 1917 nandi
290 1891 388 1926 flagitii.
403 1893 468 1920 Cum
486 1896 542 1922 haec
552 1903 615 1928 ergo
626 1898 762 1926 novissent
779 1900 825 1934 qui
848 1902 977 1930 teneban-

196 1940 239 1963 tur
263 1937 357 1965 insano
376 1946 467 1967 amore
488 1941 646 1975 mulierum,
670 1945 822 1973 assidebant
839 1948 976 1975 scelerata:

195 1983 268 2009 exitii
281 1983 404 2017 ofﬁcinae,
420 1987 571 2015 mercedem
593 1988 690 2018 dantes
712 1991 861 2020 inhonestae
880 2001 976 2028 opera-

195 2028 285 2055 ttonis.
307 2029 352 2056 Illa
373 2034 461 2058 autem
478 2033 551 2067 virgo
574 2033 759 2063 honestissima
784 2042 812 2065 et
835 2037 861 2066 in
885 2040 976 2073 primis

196 2076 365 2109 veneranda,
387 2081 415 2103 et
437 2078 517 2105 verba
540 2079 573 2106 ad
596 2080 779 2115 deceptionem
809 2085 973 2122 deﬂectens,

194 2120 347 2153 suppliciter
359 2123 398 2149 eis
413 2122 526 2156 dicebat,
541 2133 655 2160 rogans:
671 2127 761 2156 liabet)
780 2131 856 2158 ulcus
869 2132 893 2158 in
917 2120 976 2160 loco

195 2164 315 2198 occulto,
339 2167 408 2199 quod
428 2168 576 2196 mirandum
598 2171 623 2198 in
645 2173 751 2199 modum
768 2175 837 2202 male
855 2176 909 2203 olet
922 2195 929 2208 .
950 2181 977 2204 et

196 2208 276 2236 timeo
296 2217 329 2237 ne
351 2219 398 2239 vos
420 2213 472 2240 mei
487 2215 575 2242 odium
591 2218 677 2250 capiat
693 2224 800 2253 propter
815 2221 888 2247 ulcus
904 2229 977 2249 aver-

1026 1735 1084 1755 eam
1099 1730 1207 1762 milites,
1221 1729 1288 1756 dixit
1299 1730 1339 1756 eis
1353 1730 1448 1757 mulier
1462 1738 1468 1756 :
1484 1730 1644 1764 Exspectate
1668 1739 1810 1765 parumper

1027 1774 1112 1801 donec
1126 1775 1251 1801 mundum
1273 1782 1360 1801 meum
1373 1782 1530 1809 componam
1543 1795 1550 1808 ,
1564 1777 1606 1803 cui
1619 1783 1676 1803 sum
1693 1782 1809 1804 assueta.

1027 1819 1145 1852 Ingressa
1162 1824 1247 1847 autem
1263 1828 1338 1848 suum
1350 1821 1446 1852 cubile,
1462 1826 1572 1855 accepto
1587 1829 1662 1855 ense,
1675 1830 1735 1849 eum
1751 1824 1808 1850 suis

1026 1863 1111 1890 infixit
1130 1865 1285 1892 visceribus.
1310 1865 1425 1892 Audiant
1447 1865 1563 1900 virgines
1582 1871 1608 1893 et
1631 1867 1809 1900 erubescant,

1026 1917 1084 1943 quse
1109 1911 1264 1944 profitentur
1287 1918 1317 1938 se
1339 1910 1473 1938 Chris'um
1501 1911 1600 1939 habere
1622 1919 1765 1946 sponsum,
1781 1917 1810 1940 et

1026 1962 1105 1989 prava
1120 1963 1179 1983 eum
1194 1956 1306 1989 produnt
1320 1956 1439 1985 libidine.
1454 1957 1534 1984 Nobis
1545 1963 1633 1984 autem
1646 1958 1692 1985 det
1704 1959 1810 1985 unicui-

1026 2008 1077 2035 que
1089 2000 1157 2028 Deus
1170 2008 1277 2029 servare
1292 2002 1480 2036 virginitatem,
1503 2008 1530 2029 et
1542 2004 1741 2031 exsultantibus
1752 2004 1809 2031 cla-

1026 2054 1098 2074 mate
1121 2055 1180 2074 cum
1203 2048 1404 2082 psalmographo
1425 2057 1432 2075 :
1455 2049 1565 2084 Confige
1589 2049 1615 2076 in
1644 2050 1739 2076 tintore
1764 2054 1810 2077 tuo

1026 2099 1119 2119 carnes
1129 2100 1201 2119 meas
1213 2101 1220 2119 :
1233 2100 1247 2120 a
1255 2093 1361 2128 judiciis
1374 2094 1444 2121 enim
1457 2095 1509 2121 tuis
1519 2095 1593 2121 timui
1606 2093 1691 2130 (Paul.
1701 2101 1733 2120 cx
1739 2097 1808 2129 vtn).

1027 2136 1157 2164 Et:Vivo
1192 2142 1283 2164 autem
1306 2137 1360 2172 jam
1388 2146 1443 2167 non
1470 2147 1538 2175 ego,
1573 2139 1639 2166 vivit
1651 2145 1714 2166 vero
1728 2139 1753 2165 in
1767 2146 1810 2166 me

1026 2181 1146 2209 Christus
1159 2181 1256 2217 (Colat.
1270 2183 1312 2216 ιι).
1328 2183 1496 2210 Concedatur
1509 2188 1597 2211 autem
1611 2188 1640 2211 ut
1650 2191 1697 2211 vos
1704 2191 1809 2219 quoque

1028 2227 1120 2255 dicatis
1136 2227 1231 2255 sobria:
1245 2236 1252 2254 :
1270 2228 1324 2263 Ego
1339 2229 1449 2262 patrueli
1465 2236 1534 2261 meo,
1549 2234 1577 2256 et
1592 2230 1720 2264 patruelis
1732 2237 1808 2257 meus

194 2254 323 2288 nandum;
343 2257 481 2285 concedite
503 2267 567 2294 ergo
588 2262 653 2289 mihi
669 2271 767 2298 paucos
780 2265 838 2292 dies
848 2286 855 2298 ,
870 2272 898 2294 et
914 2273 976 2296 tunc
989 2265 1017 2295 D
1028 2277 1068 2300 est
1084 2272 1157 2305 mihi,
1171 2254 1312 2307 aliquando
1325 2254 1429 2307 qruidem
1445 2282 1571 2306 sponsus,
1584 2254 1727 2309 arliquando
1741 2282 1804 2301 vero

195 2299 283 2327 licebit
300 2302 374 2329 vobis
388 2303 429 2330 vel
443 2312 485 2332 me
498 2305 595 2334 habere
617 2309 710 2342 gratis.
735 2310 780 2338 His
805 2313 893 2340 verbis
917 2321 976 2347 per-

194 2352 287 2374 suasus
311 2348 519 2383 intemperantes
541 2354 701 2382 amendabat
725 2356 802 2383 beata
831 2366 838 2384 :
861 2359 976 2388 assiduis

195 2396 282 2418 autem
297 2394 419 2426 precibus
433 2395 513 2422 Dento
529 2397 652 2431 placens,
677 2405 703 2426 et
726 2404 894 2435 compunctis
909 2412 974 2439 sup-

196 2435 381 2469 plicationibus
398 2446 458 2466 eum
476 2440 581 2469 inflexit
595 2443 627 2470 ad
644 2445 864 2475 misericordiam.
877 2435 974 2478 Atten-

196 2481 261 2508 dens
283 2490 345 2517 ergo
369 2483 439 2511 Deus
462 2486 507 2520 qui
533 2489 607 2515 novit
629 2491 818 2526 cogitationes,
841 2496 974 2527 quomodo

163 2562 174 2567 _
195 2532 265 2554 casta
279 2529 411 2562 pudicitia:
422 2537 512 2559 curam
526 2535 636 2567 gerebat
648 2543 681 2562 ex
694 2537 795 2568 animo,
811 2538 837 2566 in
851 2539 904 2567 illis
919 2542 976 2569 die-

177 2594 181 2604 ,
193 2571 242 2599 bus
257 2579 304 2607 pro
314 2573 399 2601 salute
411 2575 528 2603 omnium
541 2578 594 2605 tale
608 2580 670 2614 quid
685 2583 795 2610 struxit.

174 2620 178 2627 ν
463 2620 575 2650 CAPUT
596 2625 710 2654 CXLIX.

420 2665 457 2692 De
472 2666 639 2703 Magistriano
659 2671 745 2707 (217).

227 2708 338 2742 Quidam
350 2710 504 2739 adolescens
516 2713 712 2749 Magistrianus,
726 2719 817 2753 specie
830 2721 972 2757 formosus,

194 2758 281 2781 mente
295 2754 364 2789 pius,
376 2756 417 2783 cui
432 2755 500 2784 Deus
512 2759 598 2786 zelum
613 2761 724 2790 immisit
743 2765 890 2799 spiritalem
905 2754 973 2796 adeo

194 2799 345 2834 ardentem,
372 2807 400 2829 ut
423 2804 502 2830 etiam
522 2810 634 2833 mortem
659 2813 897 2841 contemneret:is
912 2821 972 2842 cum

194 2848 322 2876 praetextu
346 2846 554 2882 intemperantiae
579 2858 612 2879 eo
635 2855 815 2890 accessisset,
841 2859 972 2892 profundo

1027 2318 1119 2349 frater,
1133 2323 1161 2345 ut
1179 2318 1244 2345 nihil
1260 2318 1389 2352 cogitetur
1409 2319 1516 2346 carnale
1528 2318 1615 2353 (Cant.
1632 2318 1680 2354 vt).
1693 2319 1721 2346 Si
1735 2319 1806 2345 enitn

1026 2363 1141 2390 audieris
1162 2370 1288 2397 sponsum
1301 2367 1330 2390 et
1343 2370 1468 2397 sponsam
1483 2384 1490 2396 ,
1505 2364 1636 2398 significat
1657 2363 1804 2398 spiritalem

1026 2410 1148 2438 unionem
1159 2417 1219 2437 cum
1233 2415 1316 2444 patre.

1061 2455 1180 2482 Vidimus
1201 2459 1288 2482 autem
1311 2454 1376 2481 alios
1393 2462 1499 2489 quoque
1515 2455 1607 2482 Patres
1620 2459 1647 2482 et
1663 2453 1808 2481 monachos

1027 2507 1074 2535 per
1087 2505 1167 2527 totam
1177 2500 1331 2535 ιΕεγριιιπι,
1348 2501 1443 2527 multas
1456 2501 1567 2527 virtutes
1579 2501 1693 2534 etsigna
1707 2499 1809 2527 facien-

1028 2550 1080 2577 trs,
1094 2554 1206 2581 quorum
1221 2555 1273 2573 non
1289 2547 1457 2574 meminimus
1473 2553 1580 2581 propter
1597 2547 1806 2578 multitudinem,

1026 2591 1072 2619 sed
1090 2599 1168 2625 pauca
1185 2599 1231 2625 pro
1244 2591 1334 2618 multis
1347 2591 1512 2618 narravimus
1525 2591 1622 2626 (tiu/Il,
1637 2591 1656 2619 ι.
1671 2599 1700 2623 ιι,
1711 2592 1738 2618 in
1753 2592 1809 2624 epi-

1027 2637 1107 2672 logo).
1125 2637 1191 2671 Quid
1206 2636 1276 2664 enim
1303 2637 1399 2664 dixerit
1418 2637 1513 2672 aliquis
1534 2637 1568 2665 de
1588 2637 1719 2671 superiori
1738 2637 1759 2664 Τ
1763 2638 1809 2664 lte-

1029 2682 1105 2712 baide
1117 2691 1175 2717 qua:
1190 2688 1230 2710 est
1245 2690 1292 2717 per
1303 2683 1435 2718 Syenem,
1461 2684 1488 2711 in
1511 2691 1561 2717 qua
1577 2687 1640 2710 sunt
1661 2684 1710 2710 viri
1731 2683 1809 2710 valde

1027 2727 1206 2759 admirabiles,
1222 2733 1248 2754 et
1262 2728 1400 2755 multitudo
1415 2729 1604 2756 tnonacltorum
1616 2728 1729 2761 infinita,
1741 2736 1808 2763 quo-

1027 2781 1084 2800 rum
1107 2781 1159 2800 non
1183 2773 1326 2800 crediderit
1350 2773 1446 2808 aliquis
1469 2774 1529 2801 vitte
1552 2773 1687 2805 instituta,
1706 2779 1733 2800 ut
1747 2781 1807 2808 qua

1026 2819 1106 2845 vitam
1134 2819 1274 2845 hutnanam
1296 2824 1424 2853 superant
1441 2827 1448 2846 :
1464 2820 1507 2853 qui
1531 2819 1612 2846 etiam
1638 2824 1756 2847 mortuos
1777 2818 1806 2846 in

1026 2863 1181 2892 hodiernam
1197 2871 1281 2899 usque
1290 2863 1359 2891 dictu
1375 2864 1512 2900 suscitant,
1526 2868 1553 2892 et
1566 2871 1645 2899 super
1658 2871 1739 2899 aquas
1748 2871 1808 2891 atu-
