  <div class='ocr_page' id='page_1' title='image "/cluster/home/n/w/nwhite01/storage/ocr_20150623/34/njp.32101077772547/663.png"; bbox 0 0 2072 3153; ppageno 0'>
   <div class='ocr_carea' id='block_1_1' title="bbox 260 170 327 198">
    <p class='ocr_par' dir='ltr' id='par_1_1' title="bbox 260 170 327 198">
     <span class='ocr_line' id='line_1_1' title="bbox 260 170 327 198; baseline 0.03 -2"><span class='ocrx_word' id='word_1_1' title='bbox 260 170 327 198; x_wconf 69' lang='grc'><strong>1255</strong></span> 
     </span>
    </p>
   </div>
   <div class='ocr_carea' id='block_1_2' title="bbox 976 154 1134 182">
    <p class='ocr_par' dir='ltr' id='par_1_2' title="bbox 976 154 1134 182">
     <span class='ocr_line' id='line_1_2' title="bbox 976 154 1134 182; baseline -0.013 0"><span class='ocrx_word' id='word_1_2' title='bbox 976 154 1134 182; x_wconf 82' lang='lat' dir='ltr'><strong>PALLADII</strong></span> 
     </span>
    </p>
   </div>
   <div class='ocr_carea' id='block_1_3' title="bbox 1804 153 1877 181">
    <p class='ocr_par' dir='ltr' id='par_1_3' title="bbox 1804 153 1877 181">
     <span class='ocr_line' id='line_1_3' title="bbox 1804 153 1877 181; baseline -0.014 -1"><span class='ocrx_word' id='word_1_3' title='bbox 1804 153 1877 181; x_wconf 62' lang='lat' dir='ltr'><strong>P2230</strong></span> 
     </span>
    </p>
   </div>
   <div class='ocr_carea' id='block_1_4' title="bbox 255 215 1874 260">
    <p class='ocr_par' dir='ltr' id='par_1_4' title="bbox 255 215 1874 260">
     <span class='ocr_line' id='line_1_4' title="bbox 255 215 1874 260; baseline -0.007 -6"><span class='ocrx_word' id='word_1_4' title='bbox 255 228 345 255; x_wconf 87' lang='lat' dir='ltr'><strong>bulant</strong></span> <span class='ocrx_word' id='word_1_5' title='bbox 356 247 364 259; x_wconf 88' lang='lat'><strong>,</strong></span> <span class='ocrx_word' id='word_1_6' title='bbox 378 227 446 254; x_wconf 87' lang='lat' dir='ltr'><strong>sicut</strong></span> <span class='ocrx_word' id='word_1_7' title='bbox 460 226 571 258; x_wconf 82' lang='lat' dir='ltr'><strong>Petrus;</strong></span> <span class='ocrx_word' id='word_1_8' title='bbox 585 230 612 253; x_wconf 87' lang='lat' dir='ltr'><strong>et</strong></span> <span class='ocrx_word' id='word_1_9' title='bbox 627 224 755 260; x_wconf 84' lang='lat' dir='ltr'><strong>quidquid</strong></span> <span class='ocrx_word' id='word_1_10' title='bbox 770 224 895 252; x_wconf 75' lang='lat' dir='ltr'><strong>Servatur</strong></span> <span class='ocrx_word' id='word_1_11' title='bbox 910 230 957 257; x_wconf 88' lang='lat' dir='ltr'><strong>per</strong></span> <span class='ocrx_word' id='word_1_12' title='bbox 972 229 1032 248; x_wconf 87' lang='lat' dir='ltr'><strong>sau-</strong></span> <span class='ocrx_word' id='word_1_13' title='bbox 1047 221 1071 250; x_wconf 76' lang='grc' dir='ltr'><strong>Α</strong></span> <span class='ocrx_word' id='word_1_14' title='bbox 1084 219 1201 245; x_wconf 75' lang='lat' dir='ltr'><strong>caruisse</strong></span> <span class='ocrx_word' id='word_1_15' title='bbox 1211 239 1219 250; x_wconf 89' lang='lat'><strong>,</strong></span> <span class='ocrx_word' id='word_1_16' title='bbox 1243 223 1270 244; x_wconf 91' lang='lat' dir='ltr'><strong>et</strong></span> <span class='ocrx_word' id='word_1_17' title='bbox 1292 217 1383 246; x_wconf 89' lang='lat' dir='ltr'><strong>itidem</strong></span> <span class='ocrx_word' id='word_1_18' title='bbox 1407 225 1468 244; x_wconf 86' lang='lat' dir='ltr'><strong>cum</strong></span> <span class='ocrx_word' id='word_1_19' title='bbox 1489 217 1623 252; x_wconf 81' lang='lat' dir='ltr'><strong>jejuparet</strong></span> <span class='ocrx_word' id='word_1_20' title='bbox 1635 236 1642 248; x_wconf 88' lang='lat'><strong>,</strong></span> <span class='ocrx_word' id='word_1_21' title='bbox 1668 215 1791 243; x_wconf 78' lang='lat' dir='ltr'><strong>affectum</strong></span> <span class='ocrx_word' id='word_1_22' title='bbox 1818 224 1874 243; x_wconf 88' lang='lat' dir='ltr'><strong>non</strong></span> 
     </span>
    </p>
   </div>
   <div class='ocr_carea' id='block_1_5' title="bbox 255 265 1035 304">
    <p class='ocr_par' dir='ltr' id='par_1_5' title="bbox 255 265 1035 304">
     <span class='ocr_line' id='line_1_5' title="bbox 255 265 1035 304; baseline -0.009 -5"><span class='ocrx_word' id='word_1_23' title='bbox 255 277 312 299; x_wconf 82' lang='lat' dir='ltr'><strong>ctus</strong></span> <span class='ocrx_word' id='word_1_24' title='bbox 333 272 422 299; x_wconf 81' lang='lat' dir='ltr'><strong>elfecit</strong></span> <span class='ocrx_word' id='word_1_25' title='bbox 444 271 596 304; x_wconf 82' lang='lat' dir='ltr'><strong>apostolus,</strong></span> <span class='ocrx_word' id='word_1_26' title='bbox 613 278 643 297; x_wconf 82' lang='lat' dir='ltr'><strong>ea</strong></span> <span class='ocrx_word' id='word_1_27' title='bbox 657 277 728 296; x_wconf 93' lang='lat' dir='ltr'><strong>nunc</strong></span> <span class='ocrx_word' id='word_1_28' title='bbox 741 277 848 304; x_wconf 90' lang='lat' dir='ltr'><strong>quoque</strong></span> <span class='ocrx_word' id='word_1_29' title='bbox 871 268 964 295; x_wconf 90' lang='lat' dir='ltr'><strong>efticit.</strong></span> <span class='ocrx_word' id='word_1_30' title='bbox 981 265 1035 293; x_wconf 88' lang='lat' dir='ltr'><strong>Sed</strong></span> 
     </span>
    </p>
   </div>
   <div class='ocr_carea' id='block_1_6' title="bbox 255 313 1037 353">
    <p class='ocr_par' dir='ltr' id='par_1_6' title="bbox 255 313 1037 353">
     <span class='ocr_line' id='line_1_6' title="bbox 255 313 1037 353; baseline -0.008 -9"><span class='ocrx_word' id='word_1_31' title='bbox 255 318 315 353; x_wconf 82' lang='lat' dir='ltr'><strong>quia</strong></span> <span class='ocrx_word' id='word_1_32' title='bbox 330 324 451 352; x_wconf 79' lang='lat' dir='ltr'><strong>magnum</strong></span> <span class='ocrx_word' id='word_1_33' title='bbox 468 316 624 343; x_wconf 86' lang='lat' dir='ltr'><strong>imminebat</strong></span> <span class='ocrx_word' id='word_1_34' title='bbox 644 315 789 348; x_wconf 87' lang='lat' dir='ltr'><strong>periculum</strong></span> <span class='ocrx_word' id='word_1_35' title='bbox 803 337 810 347; x_wconf 91' lang='lat'><strong>,</strong></span> <span class='ocrx_word' id='word_1_36' title='bbox 836 314 859 341; x_wconf 92' lang='lat' dir='ltr'><strong>si</strong></span> <span class='ocrx_word' id='word_1_37' title='bbox 881 313 948 340; x_wconf 85' lang='lat' dir='ltr'><strong>ultra</strong></span> <span class='ocrx_word' id='word_1_38' title='bbox 964 313 1037 347; x_wconf 82' lang='lat' dir='ltr'><strong>Lyco</strong></span> 
     </span>
    </p>
   </div>
   <div class='ocr_carea' id='block_1_7' title="bbox 255 357 1035 394">
    <p class='ocr_par' dir='ltr' id='par_1_7' title="bbox 255 357 1035 394">
     <span class='ocr_line' id='line_1_7' title="bbox 255 357 1035 394; baseline -0.006 -6"><span class='ocrx_word' id='word_1_39' title='bbox 255 361 438 392; x_wconf 89' lang='lat' dir='ltr'><strong>transiremus,</strong></span> <span class='ocrx_word' id='word_1_40' title='bbox 451 365 557 394; x_wconf 89' lang='lat' dir='ltr'><strong>propter</strong></span> <span class='ocrx_word' id='word_1_41' title='bbox 569 361 699 387; x_wconf 75' lang='lat' dir='ltr'><strong>latronum</strong></span> <span class='ocrx_word' id='word_1_42' title='bbox 712 360 899 393; x_wconf 87' lang='lat' dir='ltr'><strong>irruptionem,</strong></span> <span class='ocrx_word' id='word_1_43' title='bbox 912 366 965 384; x_wconf 94' lang='lat' dir='ltr'><strong>non</strong></span> <span class='ocrx_word' id='word_1_44' title='bbox 976 357 1035 384; x_wconf 87' lang='lat' dir='ltr'><strong>ausi</strong></span> 
     </span>
    </p>
   </div>
   <div class='ocr_carea' id='block_1_8' title="bbox 254 403 1035 439">
    <p class='ocr_par' dir='ltr' id='par_1_8' title="bbox 254 403 1035 439">
     <span class='ocr_line' id='line_1_8' title="bbox 254 403 1035 439; baseline -0.005 -7"><span class='ocrx_word' id='word_1_45' title='bbox 254 413 345 432; x_wconf 90' lang='lat' dir='ltr'><strong>sumus</strong></span> <span class='ocrx_word' id='word_1_46' title='bbox 359 405 449 432; x_wconf 87' lang='lat' dir='ltr'><strong>videre</strong></span> <span class='ocrx_word' id='word_1_47' title='bbox 470 405 528 432; x_wconf 85' lang='lat' dir='ltr'><strong>illos</strong></span> <span class='ocrx_word' id='word_1_48' title='bbox 551 408 666 432; x_wconf 86' lang='lat' dir='ltr'><strong>sanctos.</strong></span> <span class='ocrx_word' id='word_1_49' title='bbox 682 404 773 439; x_wconf 83' lang='lat' dir='ltr'><strong>Neque</strong></span> <span class='ocrx_word' id='word_1_50' title='bbox 792 404 864 431; x_wconf 91' lang='lat' dir='ltr'><strong>enim</strong></span> <span class='ocrx_word' id='word_1_51' title='bbox 892 403 1035 436; x_wconf 76' lang='lat' dir='ltr'><strong>przedielos</strong></span> 
     </span>
    </p>
   </div>
   <div class='ocr_carea' id='block_1_9' title="bbox 255 447 1038 483">
    <p class='ocr_par' dir='ltr' id='par_1_9' title="bbox 255 447 1038 483">
     <span class='ocr_line' id='line_1_9' title="bbox 255 447 1038 483; baseline -0.005 -6"><span class='ocrx_word' id='word_1_52' title='bbox 255 451 346 478; x_wconf 81' lang='lat' dir='ltr'><strong>Patres</strong></span> <span class='ocrx_word' id='word_1_53' title='bbox 369 450 483 477; x_wconf 83' lang='lat' dir='ltr'><strong>vidimus</strong></span> <span class='ocrx_word' id='word_1_54' title='bbox 507 450 565 476; x_wconf 86' lang='lat' dir='ltr'><strong>sine</strong></span> <span class='ocrx_word' id='word_1_55' title='bbox 589 449 723 483; x_wconf 85' lang='lat' dir='ltr'><strong>periculo,</strong></span> <span class='ocrx_word' id='word_1_56' title='bbox 750 456 836 482; x_wconf 90' lang='lat' dir='ltr'><strong>neque</strong></span> <span class='ocrx_word' id='word_1_57' title='bbox 861 448 919 474; x_wconf 93' lang='lat' dir='ltr'><strong>sine</strong></span> <span class='ocrx_word' id='word_1_58' title='bbox 945 447 1038 474; x_wconf 87' lang='lat' dir='ltr'><strong>labore</strong></span> 
     </span>
    </p>
   </div>
   <div class='ocr_carea' id='block_1_10' title="bbox 254 491 1035 529">
    <p class='ocr_par' dir='ltr' id='par_1_10' title="bbox 254 491 1035 529">
     <span class='ocr_line' id='line_1_10' title="bbox 254 491 1035 529; baseline -0.006 -6"><span class='ocrx_word' id='word_1_59' title='bbox 254 496 404 529; x_wconf 79' lang='lat' dir='ltr'><strong>aspeximus</strong></span> <span class='ocrx_word' id='word_1_60' title='bbox 416 502 506 522; x_wconf 87' lang='lat' dir='ltr'><strong>sacras</strong></span> <span class='ocrx_word' id='word_1_61' title='bbox 518 494 564 521; x_wconf 90' lang='lat' dir='ltr'><strong>has</strong></span> <span class='ocrx_word' id='word_1_62' title='bbox 576 494 704 521; x_wconf 79' lang='lat' dir='ltr'><strong>feminas:</strong></span> <span class='ocrx_word' id='word_1_63' title='bbox 717 494 763 521; x_wconf 91' lang='lat' dir='ltr'><strong>sed</strong></span> <span class='ocrx_word' id='word_1_64' title='bbox 775 493 854 520; x_wconf 85' lang='lat' dir='ltr'><strong>multa</strong></span> <span class='ocrx_word' id='word_1_65' title='bbox 867 493 941 527; x_wconf 89' lang='lat' dir='ltr'><strong>prius</strong></span> <span class='ocrx_word' id='word_1_66' title='bbox 954 491 1035 526; x_wconf 85' lang='lat' dir='ltr'><strong>passi.</strong></span> 
     </span>
    </p>
   </div>
   <div class='ocr_carea' id='block_1_11' title="bbox 253 538 1035 576">
    <p class='ocr_par' dir='ltr' id='par_1_11' title="bbox 253 538 1035 576">
     <span class='ocr_line' id='line_1_11' title="bbox 253 538 1035 576; baseline -0.006 -8"><span class='ocrx_word' id='word_1_67' title='bbox 253 546 281 568; x_wconf 87' lang='lat' dir='ltr'><strong>et</strong></span> <span class='ocrx_word' id='word_1_68' title='bbox 295 540 485 576; x_wconf 87' lang='lat' dir='ltr'><strong>propemodum</strong></span> <span class='ocrx_word' id='word_1_69' title='bbox 500 539 652 575; x_wconf 85' lang='lat' dir='ltr'><strong>periclitati.</strong></span> <span class='ocrx_word' id='word_1_70' title='bbox 668 540 710 566; x_wconf 82' lang='lat' dir='ltr'><strong>vix</strong></span> <span class='ocrx_word' id='word_1_71' title='bbox 724 538 841 566; x_wconf 92' lang='lat' dir='ltr'><strong>assecuti</strong></span> <span class='ocrx_word' id='word_1_72' title='bbox 857 545 947 565; x_wconf 87' lang='lat' dir='ltr'><strong>sumus</strong></span> <span class='ocrx_word' id='word_1_73' title='bbox 962 542 991 564; x_wconf 92' lang='lat' dir='ltr'><strong>ut</strong></span> <span class='ocrx_word' id='word_1_74' title='bbox 1004 544 1035 564; x_wconf 89' lang='lat' dir='ltr'><strong>ea</strong></span> 
     </span>
    </p>
   </div>
   <div class='ocr_carea' id='block_1_12' title="bbox 253 583 1037 620">
    <p class='ocr_par' dir='ltr' id='par_1_12' title="bbox 253 583 1037 620">
     <span class='ocr_line' id='line_1_12' title="bbox 253 583 1037 620; baseline -0.008 -6"><span class='ocrx_word' id='word_1_75' title='bbox 253 586 413 614; x_wconf 75' lang='lat' dir='ltr'><strong>videremus.</strong></span> <span class='ocrx_word' id='word_1_76' title='bbox 430 586 534 620; x_wconf 78' lang='lat' dir='ltr'><strong>Septies</strong></span> <span class='ocrx_word' id='word_1_77' title='bbox 548 585 618 613; x_wconf 89' lang='lat' dir='ltr'><strong>enim</strong></span> <span class='ocrx_word' id='word_1_78' title='bbox 643 586 669 612; x_wconf 90' lang='lat' dir='ltr'><strong>in</strong></span> <span class='ocrx_word' id='word_1_79' title='bbox 693 589 805 612; x_wconf 90' lang='lat' dir='ltr'><strong>mortem</strong></span> <span class='ocrx_word' id='word_1_80' title='bbox 828 584 985 614; x_wconf 82' lang='lat' dir='ltr'><strong>incidimus;</strong></span> <span class='ocrx_word' id='word_1_81' title='bbox 1010 583 1037 609; x_wconf 93' lang='lat' dir='ltr'><strong>in</strong></span> 
     </span>
    </p>
   </div>
   <div class='ocr_carea' id='block_1_13' title="bbox 253 631 1037 664">
    <p class='ocr_par' dir='ltr' id='par_1_13' title="bbox 253 631 1037 664">
     <span class='ocr_line' id='line_1_13' title="bbox 253 631 1037 664; baseline -0.005 -5"><span class='ocrx_word' id='word_1_82' title='bbox 253 637 349 659; x_wconf 86' lang='lat' dir='ltr'><strong>octavo</strong></span> <span class='ocrx_word' id='word_1_83' title='bbox 362 637 449 659; x_wconf 89' lang='lat' dir='ltr'><strong>autem</strong></span> <span class='ocrx_word' id='word_1_84' title='bbox 466 632 564 658; x_wconf 91' lang='lat' dir='ltr'><strong>malum</strong></span> <span class='ocrx_word' id='word_1_85' title='bbox 580 639 629 658; x_wconf 89' lang='lat' dir='ltr'><strong>nos</strong></span> <span class='ocrx_word' id='word_1_86' title='bbox 643 638 695 658; x_wconf 93' lang='lat' dir='ltr'><strong>non</strong></span> <span class='ocrx_word' id='word_1_87' title='bbox 710 631 813 664; x_wconf 90' lang='lat' dir='ltr'><strong>attigit,</strong></span> <span class='ocrx_word' id='word_1_88' title='bbox 829 638 890 658; x_wconf 91' lang='lat' dir='ltr'><strong>cum</strong></span> <span class='ocrx_word' id='word_1_89' title='bbox 907 631 975 656; x_wconf 82' lang='lat' dir='ltr'><strong>Deus</strong></span> <span class='ocrx_word' id='word_1_90' title='bbox 988 636 1037 656; x_wconf 87' lang='lat' dir='ltr'><strong>nos</strong></span> 
     </span>
    </p>
   </div>
   <div class='ocr_carea' id='block_1_14' title="bbox 253 675 1037 710">
    <p class='ocr_par' dir='ltr' id='par_1_14' title="bbox 253 675 1037 710">
     <span class='ocr_line' id='line_1_14' title="bbox 253 675 1037 710; baseline -0.006 -5"><span class='ocrx_word' id='word_1_91' title='bbox 253 678 362 705; x_wconf 91' lang='lat' dir='ltr'><strong>omnino</strong></span> <span class='ocrx_word' id='word_1_92' title='bbox 383 682 528 704; x_wconf 81' lang='lat' dir='ltr'><strong>servasset.</strong></span> <span class='ocrx_word' id='word_1_93' title='bbox 543 676 632 704; x_wconf 81' lang='lat' dir='ltr'><strong>Semel</strong></span> <span class='ocrx_word' id='word_1_94' title='bbox 651 677 722 704; x_wconf 89' lang='lat' dir='ltr'><strong>enim</strong></span> <span class='ocrx_word' id='word_1_95' title='bbox 738 677 856 710; x_wconf 86' lang='lat' dir='ltr'><strong>quinque</strong></span> <span class='ocrx_word' id='word_1_96' title='bbox 875 675 932 702; x_wconf 89' lang='lat' dir='ltr'><strong>dies</strong></span> <span class='ocrx_word' id='word_1_97' title='bbox 947 680 973 702; x_wconf 90' lang='lat' dir='ltr'><strong>et</strong></span> <span class='ocrx_word' id='word_1_98' title='bbox 988 683 1037 701; x_wconf 91' lang='lat' dir='ltr'><strong>no-</strong></span> 
     </span>
    </p>
   </div>
   <div class='ocr_carea' id='block_1_15' title="bbox 253 721 1037 757">
    <p class='ocr_par' dir='ltr' id='par_1_15' title="bbox 253 721 1037 757">
     <span class='ocr_line' id='line_1_15' title="bbox 253 721 1037 757; baseline -0.005 -6"><span class='ocrx_word' id='word_1_99' title='bbox 253 728 309 751; x_wconf 85' lang='lat' dir='ltr'><strong>ctes</strong></span> <span class='ocrx_word' id='word_1_100' title='bbox 323 723 490 751; x_wconf 82' lang='lat' dir='ltr'><strong>ambulantes</strong></span> <span class='ocrx_word' id='word_1_101' title='bbox 505 730 553 757; x_wconf 88' lang='lat' dir='ltr'><strong>per</strong></span> <span class='ocrx_word' id='word_1_102' title='bbox 566 722 737 750; x_wconf 84' lang='lat' dir='ltr'><strong>solitudinem</strong></span> <span class='ocrx_word' id='word_1_103' title='bbox 747 742 754 754; x_wconf 95' lang='lat'><strong>,</strong></span> <span class='ocrx_word' id='word_1_104' title='bbox 769 721 840 749; x_wconf 85' lang='lat' dir='ltr'><strong>fame</strong></span> <span class='ocrx_word' id='word_1_105' title='bbox 857 725 884 748; x_wconf 86' lang='lat' dir='ltr'><strong>et</strong></span> <span class='ocrx_word' id='word_1_106' title='bbox 897 721 940 748; x_wconf 89' lang='lat' dir='ltr'><strong>siti</strong></span> <span class='ocrx_word' id='word_1_107' title='bbox 955 727 1037 754; x_wconf 83' lang='lat' dir='ltr'><strong>prope</strong></span> 
     </span>
    </p>
   </div>
   <div class='ocr_carea' id='block_1_16' title="bbox 253 768 1038 803">
    <p class='ocr_par' dir='ltr' id='par_1_16' title="bbox 253 768 1038 803">
     <span class='ocr_line' id='line_1_16' title="bbox 253 768 1038 803; baseline -0.005 -7"><span class='ocrx_word' id='word_1_108' title='bbox 253 769 352 797; x_wconf 87' lang='lat' dir='ltr'><strong>fuimus</strong></span> <span class='ocrx_word' id='word_1_109' title='bbox 374 769 526 796; x_wconf 86' lang='lat' dir='ltr'><strong>exanimati.</strong></span> <span class='ocrx_word' id='word_1_110' title='bbox 552 768 704 803; x_wconf 78' lang='lat' dir='ltr'><strong>Aliquando</strong></span> <span class='ocrx_word' id='word_1_111' title='bbox 728 772 816 794; x_wconf 89' lang='lat' dir='ltr'><strong>autem</strong></span> <span class='ocrx_word' id='word_1_112' title='bbox 843 768 868 794; x_wconf 94' lang='lat' dir='ltr'><strong>in</strong></span> <span class='ocrx_word' id='word_1_113' title='bbox 893 772 982 793; x_wconf 81' lang='lat' dir='ltr'><strong>acutas</strong></span> <span class='ocrx_word' id='word_1_114' title='bbox 1012 770 1038 792; x_wconf 87' lang='lat' dir='ltr'><strong>et</strong></span> 
     </span>
    </p>
   </div>
   <div class='ocr_carea' id='block_1_17' title="bbox 253 812 1039 848">
    <p class='ocr_par' dir='ltr' id='par_1_17' title="bbox 253 812 1039 848">
     <span class='ocr_line' id='line_1_17' title="bbox 253 812 1039 848; baseline -0.004 -7"><span class='ocrx_word' id='word_1_115' title='bbox 253 822 362 848; x_wconf 81' lang='lat' dir='ltr'><strong>asperas</strong></span> <span class='ocrx_word' id='word_1_116' title='bbox 376 814 485 848; x_wconf 77' lang='lat' dir='ltr'><strong>paludes</strong></span> <span class='ocrx_word' id='word_1_117' title='bbox 503 814 666 847; x_wconf 82' lang='lat' dir='ltr'><strong>incidentes,</strong></span> <span class='ocrx_word' id='word_1_118' title='bbox 682 818 709 840; x_wconf 90' lang='lat' dir='ltr'><strong>et</strong></span> <span class='ocrx_word' id='word_1_119' title='bbox 729 813 809 847; x_wconf 81' lang='lat' dir='ltr'><strong>pedes</strong></span> <span class='ocrx_word' id='word_1_120' title='bbox 823 817 930 839; x_wconf 88' lang='lat' dir='ltr'><strong>nostros</strong></span> <span class='ocrx_word' id='word_1_121' title='bbox 946 812 1039 846; x_wconf 87' lang='lat' dir='ltr'><strong>perlo-</strong></span> 
     </span>
    </p>
   </div>
   <div class='ocr_carea' id='block_1_18' title="bbox 254 856 1037 892">
    <p class='ocr_par' dir='ltr' id='par_1_18' title="bbox 254 856 1037 892">
     <span class='ocr_line' id='line_1_18' title="bbox 254 856 1037 892; baseline -0.006 -5"><span class='ocrx_word' id='word_1_122' title='bbox 254 865 355 892; x_wconf 83' lang='lat' dir='ltr'><strong>rames,</strong></span> <span class='ocrx_word' id='word_1_123' title='bbox 369 864 397 887; x_wconf 91' lang='lat' dir='ltr'><strong>ut</strong></span> <span class='ocrx_word' id='word_1_124' title='bbox 411 860 517 887; x_wconf 85' lang='lat' dir='ltr'><strong>dolores</strong></span> <span class='ocrx_word' id='word_1_125' title='bbox 527 863 618 886; x_wconf 82' lang='lat' dir='ltr'><strong>essent</strong></span> <span class='ocrx_word' id='word_1_126' title='bbox 632 859 827 890; x_wconf 82' lang='lat' dir='ltr'><strong>intolerabiles,</strong></span> <span class='ocrx_word' id='word_1_127' title='bbox 845 856 1037 892; x_wconf 88' lang='lat' dir='ltr'><strong>propemodum</strong></span> 
     </span>
    </p>
   </div>
   <div class='ocr_carea' id='block_1_19' title="bbox 1086 261 1874 297">
    <p class='ocr_par' dir='ltr' id='par_1_19' title="bbox 1086 261 1874 297">
     <span class='ocr_line' id='line_1_19' title="bbox 1086 261 1874 297; baseline -0.004 -6"><span class='ocrx_word' id='word_1_128' title='bbox 1086 264 1178 295; x_wconf 87' lang='lat' dir='ltr'><strong>fuisse,</strong></span> <span class='ocrx_word' id='word_1_129' title='bbox 1194 264 1286 297; x_wconf 91' lang='lat' dir='ltr'><strong>utqui,</strong></span> <span class='ocrx_word' id='word_1_130' title='bbox 1299 268 1328 290; x_wconf 94' lang='lat' dir='ltr'><strong>ut</strong></span> <span class='ocrx_word' id='word_1_131' title='bbox 1341 263 1469 296; x_wconf 82' lang='lat' dir='ltr'><strong>arbitror,</strong></span> <span class='ocrx_word' id='word_1_132' title='bbox 1479 263 1588 289; x_wconf 76' lang='lat' dir='ltr'><strong>vicisset</strong></span> <span class='ocrx_word' id='word_1_133' title='bbox 1600 261 1782 293; x_wconf 83' lang='lat' dir='ltr'><strong>alfectionem,</strong></span> <span class='ocrx_word' id='word_1_134' title='bbox 1792 262 1874 296; x_wconf 84' lang='lat' dir='ltr'><strong>longe</strong></span> 
     </span>
    </p>
   </div>
   <div class='ocr_carea' id='block_1_20' title="bbox 1085 307 1872 340">
    <p class='ocr_par' dir='ltr' id='par_1_20' title="bbox 1085 307 1872 340">
     <span class='ocr_line' id='line_1_20' title="bbox 1085 307 1872 340; baseline -0.006 -4"><span class='ocrx_word' id='word_1_135' title='bbox 1085 314 1217 336; x_wconf 85' lang='lat' dir='ltr'><strong>remotum</strong></span> <span class='ocrx_word' id='word_1_136' title='bbox 1233 309 1267 335; x_wconf 89' lang='lat' dir='ltr'><strong>ab</strong></span> <span class='ocrx_word' id='word_1_137' title='bbox 1280 307 1389 334; x_wconf 88' lang='lat' dir='ltr'><strong>avaritia</strong></span> <span class='ocrx_word' id='word_1_138' title='bbox 1401 327 1409 339; x_wconf 92' lang='lat'><strong>,</strong></span> <span class='ocrx_word' id='word_1_139' title='bbox 1424 311 1579 334; x_wconf 88' lang='lat' dir='ltr'><strong>contentqu</strong></span> <span class='ocrx_word' id='word_1_140' title='bbox 1601 313 1710 340; x_wconf 83' lang='lat' dir='ltr'><strong>semper</strong></span> <span class='ocrx_word' id='word_1_141' title='bbox 1732 311 1872 338; x_wconf 72' lang='lat' dir='ltr'><strong>praesenti-</strong></span> 
     </span>
    </p>
   </div>
   <div class='ocr_carea' id='block_1_21' title="bbox 1087 352 1875 386">
    <p class='ocr_par' dir='ltr' id='par_1_21' title="bbox 1087 352 1875 386">
     <span class='ocr_line' id='line_1_21' title="bbox 1087 352 1875 386; baseline -0.004 -6"><span class='ocrx_word' id='word_1_142' title='bbox 1087 354 1145 386; x_wconf 88' lang='lat' dir='ltr'><strong>bus,</strong></span> <span class='ocrx_word' id='word_1_143' title='bbox 1163 360 1213 380; x_wconf 92' lang='lat' dir='ltr'><strong>non</strong></span> <span class='ocrx_word' id='word_1_144' title='bbox 1229 360 1257 379; x_wconf 86' lang='lat' dir='ltr'><strong>se</strong></span> <span class='ocrx_word' id='word_1_145' title='bbox 1271 357 1413 379; x_wconf 87' lang='lat' dir='ltr'><strong>ornantem</strong></span> <span class='ocrx_word' id='word_1_146' title='bbox 1430 352 1563 384; x_wconf 82' lang='lat' dir='ltr'><strong>vestibus,</strong></span> <span class='ocrx_word' id='word_1_147' title='bbox 1579 355 1761 385; x_wconf 77' lang='lat' dir='ltr'><strong>contemptum</strong></span> <span class='ocrx_word' id='word_1_148' title='bbox 1772 352 1875 386; x_wconf 75' lang='lat' dir='ltr'><strong>gratias</strong></span> 
     </span>
    </p>
   </div>
   <div class='ocr_carea' id='block_1_22' title="bbox 1087 397 1872 434">
    <p class='ocr_par' dir='ltr' id='par_1_22' title="bbox 1087 397 1872 434">
     <span class='ocr_line' id='line_1_22' title="bbox 1087 397 1872 434; baseline -0.005 -8"><span class='ocrx_word' id='word_1_149' title='bbox 1087 404 1220 434; x_wconf 86' lang='lat' dir='ltr'><strong>agentem,</strong></span> <span class='ocrx_word' id='word_1_150' title='bbox 1238 406 1286 433; x_wconf 90' lang='lat' dir='ltr'><strong>pro</strong></span> <span class='ocrx_word' id='word_1_151' title='bbox 1299 399 1432 433; x_wconf 74' lang='lat' dir='ltr'><strong>germanis</strong></span> <span class='ocrx_word' id='word_1_152' title='bbox 1454 398 1547 424; x_wconf 83' lang='lat' dir='ltr'><strong>amicis</strong></span> <span class='ocrx_word' id='word_1_153' title='bbox 1567 398 1684 431; x_wconf 83' lang='lat' dir='ltr'><strong>pericula</strong></span> <span class='ocrx_word' id='word_1_154' title='bbox 1708 397 1852 423; x_wconf 79' lang='lat' dir='ltr'><strong>adeuntem</strong></span> <span class='ocrx_word' id='word_1_155' title='bbox 1864 416 1872 427; x_wconf 89' lang='lat'><strong>,</strong></span> 
     </span>
    </p>
   </div>
   <div class='ocr_carea' id='block_1_23' title="bbox 1087 442 1872 478">
    <p class='ocr_par' dir='ltr' id='par_1_23' title="bbox 1087 442 1872 478">
     <span class='ocr_line' id='line_1_23' title="bbox 1087 442 1872 478; baseline -0.005 -6"><span class='ocrx_word' id='word_1_156' title='bbox 1087 444 1223 472; x_wconf 67' lang='lat' dir='ltr'><strong>daemones</strong></span> <span class='ocrx_word' id='word_1_157' title='bbox 1234 448 1372 478; x_wconf 87' lang='lat' dir='ltr'><strong>expertum</strong></span> <span class='ocrx_word' id='word_1_158' title='bbox 1389 443 1447 476; x_wconf 81' lang='lat' dir='ltr'><strong>plus</strong></span> <span class='ocrx_word' id='word_1_159' title='bbox 1460 450 1539 478; x_wconf 84' lang='lat' dir='ltr'><strong>quam</strong></span> <span class='ocrx_word' id='word_1_160' title='bbox 1554 442 1652 470; x_wconf 91' lang='lat' dir='ltr'><strong>millies</strong></span> <span class='ocrx_word' id='word_1_161' title='bbox 1662 462 1669 474; x_wconf 90' lang='lat'><strong>,</strong></span> <span class='ocrx_word' id='word_1_162' title='bbox 1687 442 1754 468; x_wconf 88' lang='lat' dir='ltr'><strong>adeo</strong></span> <span class='ocrx_word' id='word_1_163' title='bbox 1766 447 1794 468; x_wconf 92' lang='lat' dir='ltr'><strong>ut</strong></span> <span class='ocrx_word' id='word_1_164' title='bbox 1806 449 1872 476; x_wconf 90' lang='lat' dir='ltr'><strong>quo-</strong></span> 
     </span>
    </p>
   </div>
   <div class='ocr_carea' id='block_1_24' title="bbox 1087 486 1874 522">
    <p class='ocr_par' dir='ltr' id='par_1_24' title="bbox 1087 486 1874 522">
     <span class='ocr_line' id='line_1_24' title="bbox 1087 486 1874 522; baseline -0.003 -8"><span class='ocrx_word' id='word_1_165' title='bbox 1087 488 1148 515; x_wconf 87' lang='lat' dir='ltr'><strong>dam</strong></span> <span class='ocrx_word' id='word_1_166' title='bbox 1168 489 1211 515; x_wconf 87' lang='lat' dir='ltr'><strong>die</strong></span> <span class='ocrx_word' id='word_1_167' title='bbox 1229 495 1290 515; x_wconf 87' lang='lat' dir='ltr'><strong>cum</strong></span> <span class='ocrx_word' id='word_1_168' title='bbox 1306 495 1339 516; x_wconf 91' lang='lat' dir='ltr'><strong>eo</strong></span> <span class='ocrx_word' id='word_1_169' title='bbox 1353 488 1457 514; x_wconf 57' lang='lat' dir='ltr'><strong>daemon</strong></span> <span class='ocrx_word' id='word_1_170' title='bbox 1474 492 1567 522; x_wconf 85' lang='lat' dir='ltr'><strong>pactus</strong></span> <span class='ocrx_word' id='word_1_171' title='bbox 1577 488 1612 514; x_wconf 85' lang='lat' dir='ltr'><strong>sit</strong></span> <span class='ocrx_word' id='word_1_172' title='bbox 1624 507 1631 519; x_wconf 89' lang='lat'><strong>,</strong></span> <span class='ocrx_word' id='word_1_173' title='bbox 1646 490 1673 514; x_wconf 87' lang='lat' dir='ltr'><strong>et</strong></span> <span class='ocrx_word' id='word_1_174' title='bbox 1687 487 1805 514; x_wconf 76' lang='lat' dir='ltr'><strong>dixerit:</strong></span> <span class='ocrx_word' id='word_1_175' title='bbox 1820 486 1874 513; x_wconf 87' lang='lat' dir='ltr'><strong>Pa-</strong></span> 
     </span>
    </p>
   </div>
   <div class='ocr_carea' id='block_1_25' title="bbox 1087 533 1872 567">
    <p class='ocr_par' dir='ltr' id='par_1_25' title="bbox 1087 533 1872 567">
     <span class='ocr_line' id='line_1_25' title="bbox 1087 533 1872 567; baseline -0.004 -7"><span class='ocrx_word' id='word_1_176' title='bbox 1087 533 1188 561; x_wconf 83' lang='lat' dir='ltr'><strong>ciscere</strong></span> <span class='ocrx_word' id='word_1_177' title='bbox 1212 540 1315 560; x_wconf 86' lang='lat' dir='ltr'><strong>meeum</strong></span> <span class='ocrx_word' id='word_1_178' title='bbox 1340 538 1366 560; x_wconf 87' lang='lat' dir='ltr'><strong>te</strong></span> <span class='ocrx_word' id='word_1_179' title='bbox 1390 533 1430 560; x_wconf 95' lang='lat' dir='ltr'><strong>vel</strong></span> <span class='ocrx_word' id='word_1_180' title='bbox 1446 533 1528 560; x_wconf 82' lang='lat' dir='ltr'><strong>semel</strong></span> <span class='ocrx_word' id='word_1_181' title='bbox 1551 537 1738 567; x_wconf 85' lang='lat' dir='ltr'><strong>peccaturum,</strong></span> <span class='ocrx_word' id='word_1_182' title='bbox 1752 536 1778 558; x_wconf 90' lang='lat' dir='ltr'><strong>et</strong></span> <span class='ocrx_word' id='word_1_183' title='bbox 1792 539 1872 565; x_wconf 85' lang='lat' dir='ltr'><strong>quam</strong></span> 
     </span>
    </p>
   </div>
   <div class='ocr_carea' id='block_1_26' title="bbox 1088 577 1872 611">
    <p class='ocr_par' dir='ltr' id='par_1_26' title="bbox 1088 577 1872 611">
     <span class='ocr_line' id='line_1_26' title="bbox 1088 577 1872 611; baseline -0.001 -6"><span class='ocrx_word' id='word_1_184' title='bbox 1088 578 1152 605; x_wconf 86' lang='lat' dir='ltr'><strong>mihi</strong></span> <span class='ocrx_word' id='word_1_185' title='bbox 1167 579 1192 605; x_wconf 90' lang='lat' dir='ltr'><strong>in</strong></span> <span class='ocrx_word' id='word_1_186' title='bbox 1207 579 1256 606; x_wconf 88' lang='lat' dir='ltr'><strong>hae</strong></span> <span class='ocrx_word' id='word_1_187' title='bbox 1269 578 1321 605; x_wconf 89' lang='lat' dir='ltr'><strong>vita</strong></span> <span class='ocrx_word' id='word_1_188' title='bbox 1334 578 1434 605; x_wconf 86' lang='lat' dir='ltr'><strong>dixeris</strong></span> <span class='ocrx_word' id='word_1_189' title='bbox 1446 599 1453 610; x_wconf 96' lang='lat'><strong>,</strong></span> <span class='ocrx_word' id='word_1_190' title='bbox 1470 578 1510 604; x_wconf 86' lang='lat' dir='ltr'><strong>vel</strong></span> <span class='ocrx_word' id='word_1_191' title='bbox 1535 578 1651 606; x_wconf 88' lang='lat' dir='ltr'><strong>nobilem</strong></span> <span class='ocrx_word' id='word_1_192' title='bbox 1664 600 1671 611; x_wconf 85' lang='lat'><strong>,</strong></span> <span class='ocrx_word' id='word_1_193' title='bbox 1695 578 1736 605; x_wconf 88' lang='lat' dir='ltr'><strong>vel</strong></span> <span class='ocrx_word' id='word_1_194' title='bbox 1762 577 1872 605; x_wconf 78' lang='lat' dir='ltr'><strong>divitem</strong></span> 
     </span>
    </p>
   </div>
   <div class='ocr_carea' id='block_1_27' title="bbox 1088 623 1874 657">
    <p class='ocr_par' dir='ltr' id='par_1_27' title="bbox 1088 623 1874 657">
     <span class='ocr_line' id='line_1_27' title="bbox 1088 623 1874 657; baseline -0.001 -8"><span class='ocrx_word' id='word_1_195' title='bbox 1088 630 1146 650; x_wconf 88' lang='lat' dir='ltr'><strong>eam</strong></span> <span class='ocrx_word' id='word_1_196' title='bbox 1158 623 1191 650; x_wconf 85' lang='lat' dir='ltr'><strong>ad</strong></span> <span class='ocrx_word' id='word_1_197' title='bbox 1204 628 1230 650; x_wconf 89' lang='lat' dir='ltr'><strong>te</strong></span> <span class='ocrx_word' id='word_1_198' title='bbox 1243 623 1384 650; x_wconf 83' lang='lat' dir='ltr'><strong>adducam.</strong></span> <span class='ocrx_word' id='word_1_199' title='bbox 1400 623 1431 649; x_wconf 88' lang='lat' dir='ltr'><strong>Et</strong></span> <span class='ocrx_word' id='word_1_200' title='bbox 1452 630 1545 650; x_wconf 87' lang='lat' dir='ltr'><strong>rursus</strong></span> <span class='ocrx_word' id='word_1_201' title='bbox 1563 630 1624 650; x_wconf 90' lang='lat' dir='ltr'><strong>cum</strong></span> <span class='ocrx_word' id='word_1_202' title='bbox 1644 624 1787 657; x_wconf 85' lang='lat' dir='ltr'><strong>aliquando</strong></span> <span class='ocrx_word' id='word_1_203' title='bbox 1808 631 1874 656; x_wconf 87' lang='lat' dir='ltr'><strong>qua-</strong></span> 
     </span>
    </p>
   </div>
   <div class='ocr_carea' id='block_1_28' title="bbox 1088 668 1875 702">
    <p class='ocr_par' dir='ltr' id='par_1_28' title="bbox 1088 668 1875 702">
     <span class='ocr_line' id='line_1_28' title="bbox 1088 668 1875 702; baseline 0.001 -7"><span class='ocrx_word' id='word_1_204' title='bbox 1088 668 1235 695; x_wconf 89' lang='lat' dir='ltr'><strong>tuordecim</strong></span> <span class='ocrx_word' id='word_1_205' title='bbox 1270 674 1362 695; x_wconf 88' lang='lat' dir='ltr'><strong>noctes</strong></span> <span class='ocrx_word' id='word_1_206' title='bbox 1392 675 1453 694; x_wconf 93' lang='lat' dir='ltr'><strong>cum</strong></span> <span class='ocrx_word' id='word_1_207' title='bbox 1475 675 1508 694; x_wconf 87' lang='lat' dir='ltr'><strong>eo</strong></span> <span class='ocrx_word' id='word_1_208' title='bbox 1532 668 1729 702; x_wconf 75' lang='lat' dir='ltr'><strong>depugnasset,</strong></span> <span class='ocrx_word' id='word_1_209' title='bbox 1756 671 1785 695; x_wconf 88' lang='lat' dir='ltr'><strong>ut</strong></span> <span class='ocrx_word' id='word_1_210' title='bbox 1808 668 1875 696; x_wconf 82' lang='lat' dir='ltr'><strong>mihi</strong></span> 
     </span>
    </p>
   </div>
   <div class='ocr_carea' id='block_1_29' title="bbox 1088 712 1872 746">
    <p class='ocr_par' dir='ltr' id='par_1_29' title="bbox 1088 712 1872 746">
     <span class='ocr_line' id='line_1_29' title="bbox 1088 712 1872 746; baseline -0.001 -6"><span class='ocrx_word' id='word_1_211' title='bbox 1088 714 1217 745; x_wconf 87' lang='lat' dir='ltr'><strong>narravit,</strong></span> <span class='ocrx_word' id='word_1_212' title='bbox 1232 717 1259 740; x_wconf 89' lang='lat' dir='ltr'><strong>et</strong></span> <span class='ocrx_word' id='word_1_213' title='bbox 1274 718 1352 740; x_wconf 76' lang='lat' dir='ltr'><strong>nortu</strong></span> <span class='ocrx_word' id='word_1_214' title='bbox 1370 713 1436 746; x_wconf 86' lang='lat' dir='ltr'><strong>pede</strong></span> <span class='ocrx_word' id='word_1_215' title='bbox 1452 713 1589 744; x_wconf 83' lang='lat' dir='ltr'><strong>traxisset,</strong></span> <span class='ocrx_word' id='word_1_216' title='bbox 1601 713 1688 746; x_wconf 87' lang='lat' dir='ltr'><strong>ipsum</strong></span> <span class='ocrx_word' id='word_1_217' title='bbox 1708 717 1750 739; x_wconf 89' lang='lat' dir='ltr'><strong>est</strong></span> <span class='ocrx_word' id='word_1_218' title='bbox 1770 712 1872 740; x_wconf 82' lang='lat' dir='ltr'><strong>allocu-</strong></span> 
     </span>
    </p>
   </div>
   <div class='ocr_carea' id='block_1_30' title="bbox 1090 758 1873 791">
    <p class='ocr_par' dir='ltr' id='par_1_30' title="bbox 1090 758 1873 791">
     <span class='ocr_line' id='line_1_30' title="bbox 1090 758 1873 791; baseline 0 -6"><span class='ocrx_word' id='word_1_219' title='bbox 1090 762 1143 791; x_wconf 88' lang='lat' dir='ltr'><strong>tus,</strong></span> <span class='ocrx_word' id='word_1_220' title='bbox 1166 758 1347 786; x_wconf 73' lang='lat' dir='ltr'><strong>dicenszNoli</strong></span> <span class='ocrx_word' id='word_1_221' title='bbox 1363 760 1475 786; x_wconf 85' lang='lat' dir='ltr'><strong>adorare</strong></span> <span class='ocrx_word' id='word_1_222' title='bbox 1494 758 1647 791; x_wconf 84' lang='lat' dir='ltr'><strong>Christum,</strong></span> <span class='ocrx_word' id='word_1_223' title='bbox 1673 762 1701 785; x_wconf 83' lang='lat' dir='ltr'><strong>et</strong></span> <span class='ocrx_word' id='word_1_224' title='bbox 1725 758 1757 785; x_wconf 84' lang='lat' dir='ltr'><strong>ad</strong></span> <span class='ocrx_word' id='word_1_225' title='bbox 1774 762 1799 785; x_wconf 86' lang='lat' dir='ltr'><strong>te</strong></span> <span class='ocrx_word' id='word_1_226' title='bbox 1820 765 1873 786; x_wconf 81' lang='lat' dir='ltr'><strong>non</strong></span> 
     </span>
    </p>
   </div>
   <div class='ocr_carea' id='block_1_31' title="bbox 1089 802 1874 837">
    <p class='ocr_par' dir='ltr' id='par_1_31' title="bbox 1089 802 1874 837">
     <span class='ocr_line' id='line_1_31' title="bbox 1089 802 1874 837; baseline 0 -8"><span class='ocrx_word' id='word_1_227' title='bbox 1089 802 1224 830; x_wconf 81' lang='lat' dir='ltr'><strong>accedam.</strong></span> <span class='ocrx_word' id='word_1_228' title='bbox 1240 803 1262 830; x_wconf 87' lang='lat' dir='ltr'><strong>Is</strong></span> <span class='ocrx_word' id='word_1_229' title='bbox 1276 803 1449 835; x_wconf 86' lang='lat' dir='ltr'><strong>respondens,</strong></span> <span class='ocrx_word' id='word_1_230' title='bbox 1466 803 1534 830; x_wconf 88' lang='lat' dir='ltr'><strong>dixit</strong></span> <span class='ocrx_word' id='word_1_231' title='bbox 1549 811 1556 829; x_wconf 86' lang='lat'><strong>:</strong></span> <span class='ocrx_word' id='word_1_232' title='bbox 1572 803 1716 837; x_wconf 85' lang='lat' dir='ltr'><strong>Propterea</strong></span> <span class='ocrx_word' id='word_1_233' title='bbox 1732 810 1794 830; x_wconf 89' lang='lat' dir='ltr'><strong>eum</strong></span> <span class='ocrx_word' id='word_1_234' title='bbox 1808 804 1874 829; x_wconf 90' lang='lat' dir='ltr'><strong>ado-</strong></span> 
     </span>
    </p>
   </div>
   <div class='ocr_carea' id='block_1_32' title="bbox 1090 849 1873 883">
    <p class='ocr_par' dir='ltr' id='par_1_32' title="bbox 1090 849 1873 883">
     <span class='ocr_line' id='line_1_32' title="bbox 1090 849 1873 883; baseline -0.001 -7"><span class='ocrx_word' id='word_1_235' title='bbox 1090 857 1131 881; x_wconf 85' lang='lat' dir='ltr'><strong>ro,</strong></span> <span class='ocrx_word' id='word_1_236' title='bbox 1145 855 1171 876; x_wconf 87' lang='lat' dir='ltr'><strong>et</strong></span> <span class='ocrx_word' id='word_1_237' title='bbox 1185 849 1420 876; x_wconf 76' lang='lat' dir='ltr'><strong>innumerabilibus</strong></span> <span class='ocrx_word' id='word_1_238' title='bbox 1434 849 1548 883; x_wconf 85' lang='lat' dir='ltr'><strong>amplius</strong></span> <span class='ocrx_word' id='word_1_239' title='bbox 1564 849 1682 882; x_wconf 84' lang='lat' dir='ltr'><strong>partibus</strong></span> <span class='ocrx_word' id='word_1_240' title='bbox 1696 849 1852 883; x_wconf 78' lang='lat' dir='ltr'><strong>glorificabu</strong></span> <span class='ocrx_word' id='word_1_241' title='bbox 1863 871 1873 883; x_wconf 85' lang='lat'><strong>,</strong></span> 
     </span>
    </p>
   </div>
   <div class='ocr_carea' id='block_1_33' title="bbox 253 894 1874 939">
    <p class='ocr_par' dir='ltr' id='par_1_33' title="bbox 253 894 1874 939">
     <span class='ocr_line' id='line_1_33' title="bbox 253 894 1874 939; baseline -0.002 -9"><span class='ocrx_word' id='word_1_242' title='bbox 253 903 351 939; x_wconf 72' lang='lat' dir='ltr'><strong>frigore</strong></span> <span class='ocrx_word' id='word_1_243' title='bbox 362 904 446 931; x_wconf 89' lang='lat' dir='ltr'><strong>euecti</strong></span> <span class='ocrx_word' id='word_1_244' title='bbox 461 911 562 930; x_wconf 80' lang='lat' dir='ltr'><strong>smnus.</strong></span> <span class='ocrx_word' id='word_1_245' title='bbox 580 903 671 930; x_wconf 88' lang='lat' dir='ltr'><strong>Tertio</strong></span> <span class='ocrx_word' id='word_1_246' title='bbox 686 909 773 930; x_wconf 90' lang='lat' dir='ltr'><strong>autem</strong></span> <span class='ocrx_word' id='word_1_247' title='bbox 786 909 864 930; x_wconf 71' lang='lat' dir='ltr'><strong>emno</strong></span> <span class='ocrx_word' id='word_1_248' title='bbox 873 903 906 928; x_wconf 88' lang='lat' dir='ltr'><strong>ad</strong></span> <span class='ocrx_word' id='word_1_249' title='bbox 919 902 1036 928; x_wconf 89' lang='lat' dir='ltr'><strong>lumbum</strong></span> <span class='ocrx_word' id='word_1_250' title='bbox 1054 895 1076 925; x_wconf 83' lang='grc' dir='ltr'><strong><em>Β</em></strong></span> <span class='ocrx_word' id='word_1_251' title='bbox 1088 899 1115 939; x_wconf 54' lang='grc' dir='ltr'><strong>ἐι</strong></span> <span class='ocrx_word' id='word_1_252' title='bbox 1127 895 1225 929; x_wconf 56' lang='lat' dir='ltr'><strong>“Ditis</strong></span> <span class='ocrx_word' id='word_1_253' title='bbox 1237 895 1319 922; x_wconf 77' lang='grc' dir='ltr'><strong>01⁵³δο</strong></span> <span class='ocrx_word' id='word_1_254' title='bbox 1329 914 1336 928; x_wconf 66' lang='grc' dir='ltr'><strong>ν</strong></span> <span class='ocrx_word' id='word_1_255' title='bbox 1352 896 1476 928; x_wconf 66' lang='grc' dir='ltr'><strong>(Ιυίηίθηὶ</strong></span> <span class='ocrx_word' id='word_1_256' title='bbox 1491 895 1550 929; x_wconf 71' lang='lat' dir='ltr'><strong>eius</strong></span> <span class='ocrx_word' id='word_1_257' title='bbox 1564 895 1650 921; x_wconf 59' lang='lat' dir='ltr'><strong>cum”</strong></span> <span class='ocrx_word' id='word_1_258' title='bbox 1661 899 1687 921; x_wconf 77' lang='grc' dir='ltr'><strong>ιθ</strong></span> <span class='ocrx_word' id='word_1_259' title='bbox 1699 894 1767 920; x_wconf 63' lang='lat' dir='ltr'><strong>&quot;me</strong></span> <span class='ocrx_word' id='word_1_260' title='bbox 1781 895 1874 922; x_wconf 53' lang='lat' dir='ltr'><strong>habet</strong></span> 
     </span>
    </p>
   </div>
   <div class='ocr_carea' id='block_1_34' title="bbox 253 946 1038 982">
    <p class='ocr_par' dir='ltr' id='par_1_34' title="bbox 253 946 1038 982">
     <span class='ocr_line' id='line_1_34' title="bbox 253 946 1038 982; baseline -0.005 -6"><span class='ocrx_word' id='word_1_261' title='bbox 253 956 337 981; x_wconf 79' lang='lat' dir='ltr'><strong>usque</strong></span> <span class='ocrx_word' id='word_1_262' title='bbox 359 948 528 979; x_wconf 57' lang='lat' dir='ltr'><strong>inhaesimus,</strong></span> <span class='ocrx_word' id='word_1_263' title='bbox 544 953 571 975; x_wconf 87' lang='lat' dir='ltr'><strong>et</strong></span> <span class='ocrx_word' id='word_1_264' title='bbox 586 956 637 974; x_wconf 87' lang='lat' dir='ltr'><strong>non</strong></span> <span class='ocrx_word' id='word_1_265' title='bbox 658 952 716 974; x_wconf 89' lang='lat' dir='ltr'><strong>erat</strong></span> <span class='ocrx_word' id='word_1_266' title='bbox 730 948 774 982; x_wconf 88' lang='lat' dir='ltr'><strong>qui</strong></span> <span class='ocrx_word' id='word_1_267' title='bbox 796 947 930 981; x_wconf 82' lang='lat' dir='ltr'><strong>eriperet;</strong></span> <span class='ocrx_word' id='word_1_268' title='bbox 949 951 976 973; x_wconf 87' lang='lat' dir='ltr'><strong>et</strong></span> <span class='ocrx_word' id='word_1_269' title='bbox 990 946 1038 972; x_wconf 85' lang='lat' dir='ltr'><strong>has</strong></span> 
     </span>
    </p>
   </div>
   <div class='ocr_carea' id='block_1_35' title="bbox 254 990 1038 1022">
    <p class='ocr_par' dir='ltr' id='par_1_35' title="bbox 254 990 1038 1022">
     <span class='ocr_line' id='line_1_35' title="bbox 254 990 1038 1022; baseline -0.004 -2"><span class='ocrx_word' id='word_1_270' title='bbox 254 992 322 1020; x_wconf 72' lang='lat' dir='ltr'><strong>beati</strong></span> <span class='ocrx_word' id='word_1_271' title='bbox 346 993 426 1019; x_wconf 83' lang='lat' dir='ltr'><strong>David</strong></span> <span class='ocrx_word' id='word_1_272' title='bbox 443 1000 521 1020; x_wconf 84' lang='lat' dir='ltr'><strong>voces</strong></span> <span class='ocrx_word' id='word_1_273' title='bbox 535 993 744 1020; x_wconf 84' lang='lat' dir='ltr'><strong>exclamavimus</strong></span> <span class='ocrx_word' id='word_1_274' title='bbox 757 1002 763 1019; x_wconf 86' lang='lat'><strong>:</strong></span> <span class='ocrx_word' id='word_1_275' title='bbox 777 993 888 1020; x_wconf 87' lang='lat' dir='ltr'><strong>Salvum</strong></span> <span class='ocrx_word' id='word_1_276' title='bbox 916 999 958 1018; x_wconf 91' lang='lat' dir='ltr'><strong>me</strong></span> <span class='ocrx_word' id='word_1_277' title='bbox 980 990 1038 1022; x_wconf 86' lang='lat' dir='ltr'><strong>fac,</strong></span> 
     </span>
    </p>
   </div>
   <div class='ocr_carea' id='block_1_36' title="bbox 255 1035 1038 1072">
    <p class='ocr_par' dir='ltr' id='par_1_36' title="bbox 255 1035 1038 1072">
     <span class='ocr_line' id='line_1_36' title="bbox 255 1035 1038 1072; baseline -0.003 -8"><span class='ocrx_word' id='word_1_278' title='bbox 255 1037 368 1065; x_wconf 83' lang='lat' dir='ltr'><strong>Domine</strong></span> <span class='ocrx_word' id='word_1_279' title='bbox 383 1037 463 1069; x_wconf 84' lang='lat' dir='ltr'><strong>Deus,</strong></span> <span class='ocrx_word' id='word_1_280' title='bbox 477 1037 599 1071; x_wconf 79' lang='lat' dir='ltr'><strong>quoniam</strong></span> <span class='ocrx_word' id='word_1_281' title='bbox 617 1037 743 1072; x_wconf 66' lang='lat' dir='ltr'><strong>ingressae</strong></span> <span class='ocrx_word' id='word_1_282' title='bbox 754 1042 814 1063; x_wconf 89' lang='lat' dir='ltr'><strong>sunt</strong></span> <span class='ocrx_word' id='word_1_283' title='bbox 825 1043 900 1070; x_wconf 71' lang='lat' dir='ltr'><strong>aqute</strong></span> <span class='ocrx_word' id='word_1_284' title='bbox 911 1043 993 1069; x_wconf 84' lang='lat' dir='ltr'><strong>usque</strong></span> <span class='ocrx_word' id='word_1_285' title='bbox 1005 1035 1038 1062; x_wconf 90' lang='lat' dir='ltr'><strong>ad</strong></span> 
     </span>
    </p>
   </div>
   <div class='ocr_carea' id='block_1_37' title="bbox 254 1081 1039 1115">
    <p class='ocr_par' dir='ltr' id='par_1_37' title="bbox 254 1081 1039 1115">
     <span class='ocr_line' id='line_1_37' title="bbox 254 1081 1039 1115; baseline 0 -6"><span class='ocrx_word' id='word_1_286' title='bbox 254 1084 368 1110; x_wconf 83' lang='lat' dir='ltr'><strong>animam</strong></span> <span class='ocrx_word' id='word_1_287' title='bbox 392 1090 487 1110; x_wconf 85' lang='lat' dir='ltr'><strong>meatu.</strong></span> <span class='ocrx_word' id='word_1_288' title='bbox 506 1083 602 1109; x_wconf 81' lang='lat' dir='ltr'><strong>Infixus</strong></span> <span class='ocrx_word' id='word_1_289' title='bbox 615 1090 672 1110; x_wconf 90' lang='lat' dir='ltr'><strong>sum</strong></span> <span class='ocrx_word' id='word_1_290' title='bbox 696 1083 722 1110; x_wconf 92' lang='lat' dir='ltr'><strong>in</strong></span> <span class='ocrx_word' id='word_1_291' title='bbox 746 1083 828 1109; x_wconf 91' lang='lat' dir='ltr'><strong>lutum</strong></span> <span class='ocrx_word' id='word_1_292' title='bbox 854 1081 995 1115; x_wconf 82' lang='lat' dir='ltr'><strong>profundi,</strong></span> <span class='ocrx_word' id='word_1_293' title='bbox 1012 1086 1039 1109; x_wconf 88' lang='lat' dir='ltr'><strong>et</strong></span> 
     </span>
    </p>
   </div>
   <div class='ocr_carea' id='block_1_38' title="bbox 255 1127 1038 1163">
    <p class='ocr_par' dir='ltr' id='par_1_38' title="bbox 255 1127 1038 1163">
     <span class='ocr_line' id='line_1_38' title="bbox 255 1127 1038 1163; baseline 0 -9"><span class='ocrx_word' id='word_1_294' title='bbox 255 1136 307 1155; x_wconf 89' lang='lat' dir='ltr'><strong>non</strong></span> <span class='ocrx_word' id='word_1_295' title='bbox 329 1132 370 1155; x_wconf 89' lang='lat' dir='ltr'><strong>est</strong></span> <span class='ocrx_word' id='word_1_296' title='bbox 395 1128 542 1155; x_wconf 82' lang='lat' dir='ltr'><strong>substantia</strong></span> <span class='ocrx_word' id='word_1_297' title='bbox 557 1127 642 1163; x_wconf 74' lang='lat' dir='ltr'><strong>(Psal.</strong></span> <span class='ocrx_word' id='word_1_298' title='bbox 659 1128 771 1163; x_wconf 80' lang='lat' dir='ltr'><strong>uvm);</strong></span> <span class='ocrx_word' id='word_1_299' title='bbox 793 1132 840 1160; x_wconf 91' lang='lat' dir='ltr'><strong>et,</strong></span> <span class='ocrx_word' id='word_1_300' title='bbox 861 1128 942 1155; x_wconf 87' lang='lat' dir='ltr'><strong>Serva</strong></span> <span class='ocrx_word' id='word_1_301' title='bbox 963 1135 1005 1154; x_wconf 89' lang='lat' dir='ltr'><strong>me</strong></span> <span class='ocrx_word' id='word_1_302' title='bbox 1023 1134 1038 1154; x_wconf 87' lang='lat' dir='ltr'><strong>a</strong></span> 
     </span>
    </p>
   </div>
   <div class='ocr_carea' id='block_1_39' title="bbox 255 1173 1035 1208">
    <p class='ocr_par' dir='ltr' id='par_1_39' title="bbox 255 1173 1035 1208">
     <span class='ocr_line' id='line_1_39' title="bbox 255 1173 1035 1208; baseline 0 -8"><span class='ocrx_word' id='word_1_303' title='bbox 255 1174 320 1206; x_wconf 81' lang='lat' dir='ltr'><strong>luto,</strong></span> <span class='ocrx_word' id='word_1_304' title='bbox 332 1178 362 1200; x_wconf 80' lang='grc' dir='ltr'><strong>ιιι</strong></span> <span class='ocrx_word' id='word_1_305' title='bbox 376 1181 409 1201; x_wconf 89' lang='lat' dir='ltr'><strong>ne</strong></span> <span class='ocrx_word' id='word_1_306' title='bbox 424 1174 528 1208; x_wconf 86' lang='lat' dir='ltr'><strong>inligar.</strong></span> <span class='ocrx_word' id='word_1_307' title='bbox 541 1174 668 1207; x_wconf 84' lang='lat' dir='ltr'><strong>Quartum</strong></span> <span class='ocrx_word' id='word_1_308' title='bbox 683 1178 771 1201; x_wconf 89' lang='lat' dir='ltr'><strong>autem</strong></span> <span class='ocrx_word' id='word_1_309' title='bbox 786 1173 836 1200; x_wconf 84' lang='lat' dir='ltr'><strong>fuit</strong></span> <span class='ocrx_word' id='word_1_310' title='bbox 851 1181 926 1208; x_wconf 70' lang='lat' dir='ltr'><strong>aquae</strong></span> <span class='ocrx_word' id='word_1_311' title='bbox 946 1174 1035 1200; x_wconf 90' lang='lat' dir='ltr'><strong>multi-</strong></span> 
     </span>
    </p>
   </div>
   <div class='ocr_carea' id='block_1_40' title="bbox 255 1220 1040 1255">
    <p class='ocr_par' dir='ltr' id='par_1_40' title="bbox 255 1220 1040 1255">
     <span class='ocr_line' id='line_1_40' title="bbox 255 1220 1040 1255; baseline -0.003 -7"><span class='ocrx_word' id='word_1_312' title='bbox 255 1220 317 1248; x_wconf 82' lang='lat' dir='ltr'><strong>tudo</strong></span> <span class='ocrx_word' id='word_1_313' title='bbox 331 1228 390 1255; x_wconf 69' lang='lat' dir='ltr'><strong>qua:</strong></span> <span class='ocrx_word' id='word_1_314' title='bbox 404 1220 507 1247; x_wconf 79' lang='lat' dir='ltr'><strong>afﬂuxit</strong></span> <span class='ocrx_word' id='word_1_315' title='bbox 531 1227 563 1247; x_wconf 90' lang='lat' dir='ltr'><strong>ex</strong></span> <span class='ocrx_word' id='word_1_316' title='bbox 579 1220 629 1247; x_wconf 94' lang='lat' dir='ltr'><strong>Nili</strong></span> <span class='ocrx_word' id='word_1_317' title='bbox 652 1220 836 1252; x_wconf 89' lang='lat' dir='ltr'><strong>incremento,</strong></span> <span class='ocrx_word' id='word_1_318' title='bbox 852 1227 912 1246; x_wconf 89' lang='lat' dir='ltr'><strong>cum</strong></span> <span class='ocrx_word' id='word_1_319' title='bbox 927 1224 1040 1253; x_wconf 85' lang='lat' dir='ltr'><strong>quatuor</strong></span> 
     </span>
    </p>
   </div>
   <div class='ocr_carea' id='block_1_41' title="bbox 254 1264 1040 1300">
    <p class='ocr_par' dir='ltr' id='par_1_41' title="bbox 254 1264 1040 1300">
     <span class='ocr_line' id='line_1_41' title="bbox 254 1264 1040 1300; baseline -0.003 -8"><span class='ocrx_word' id='word_1_320' title='bbox 254 1265 311 1292; x_wconf 86' lang='lat' dir='ltr'><strong>dies</strong></span> <span class='ocrx_word' id='word_1_321' title='bbox 325 1273 370 1298; x_wconf 75' lang='lat' dir='ltr'><strong>per</strong></span> <span class='ocrx_word' id='word_1_322' title='bbox 390 1272 473 1300; x_wconf 84' lang='lat' dir='ltr'><strong>aquas</strong></span> <span class='ocrx_word' id='word_1_323' title='bbox 486 1265 683 1292; x_wconf 76' lang='lat' dir='ltr'><strong>ambularemus</strong></span> <span class='ocrx_word' id='word_1_324' title='bbox 699 1274 706 1292; x_wconf 91' lang='lat'><strong>:</strong></span> <span class='ocrx_word' id='word_1_325' title='bbox 720 1269 748 1293; x_wconf 90' lang='lat' dir='ltr'><strong>et</strong></span> <span class='ocrx_word' id='word_1_326' title='bbox 761 1265 788 1292; x_wconf 95' lang='lat' dir='ltr'><strong>iu</strong></span> <span class='ocrx_word' id='word_1_327' title='bbox 801 1264 878 1292; x_wconf 88' lang='lat' dir='ltr'><strong>ostiis</strong></span> <span class='ocrx_word' id='word_1_328' title='bbox 898 1272 1040 1300; x_wconf 79' lang='lat' dir='ltr'><strong>prapeinu-</strong></span> 
     </span>
    </p>
   </div>
   <div class='ocr_carea' id='block_1_42' title="bbox 255 1309 1040 1343">
    <p class='ocr_par' dir='ltr' id='par_1_42' title="bbox 255 1309 1040 1343">
     <span class='ocr_line' id='line_1_42' title="bbox 255 1309 1040 1343; baseline -0.001 -6"><span class='ocrx_word' id='word_1_329' title='bbox 255 1310 318 1337; x_wconf 88' lang='lat' dir='ltr'><strong>dum</strong></span> <span class='ocrx_word' id='word_1_330' title='bbox 340 1310 452 1339; x_wconf 78' lang='lat' dir='ltr'><strong>obrutis.</strong></span> <span class='ocrx_word' id='word_1_331' title='bbox 465 1310 540 1337; x_wconf 86' lang='lat' dir='ltr'><strong>Tunc</strong></span> <span class='ocrx_word' id='word_1_332' title='bbox 563 1311 756 1343; x_wconf 84' lang='lat' dir='ltr'><strong>clamavimus,</strong></span> <span class='ocrx_word' id='word_1_333' title='bbox 777 1309 967 1337; x_wconf 86' lang='lat' dir='ltr'><strong>dicentes:Ne</strong></span> <span class='ocrx_word' id='word_1_334' title='bbox 992 1317 1040 1336; x_wconf 92' lang='lat' dir='ltr'><strong>nos</strong></span> 
     </span>
    </p>
   </div>
   <div class='ocr_carea' id='block_1_43' title="bbox 255 1355 1042 1390">
    <p class='ocr_par' dir='ltr' id='par_1_43' title="bbox 255 1355 1042 1390">
     <span class='ocr_line' id='line_1_43' title="bbox 255 1355 1042 1390; baseline 0.001 -9"><span class='ocrx_word' id='word_1_335' title='bbox 255 1355 391 1389; x_wconf 85' lang='lat' dir='ltr'><strong>demergat</strong></span> <span class='ocrx_word' id='word_1_336' title='bbox 407 1359 549 1388; x_wconf 75' lang='lat' dir='ltr'><strong>tempestas</strong></span> <span class='ocrx_word' id='word_1_337' title='bbox 560 1363 649 1389; x_wconf 67' lang='lat' dir='ltr'><strong>aquae,</strong></span> <span class='ocrx_word' id='word_1_338' title='bbox 665 1363 714 1383; x_wconf 88' lang='lat' dir='ltr'><strong>nec</strong></span> <span class='ocrx_word' id='word_1_339' title='bbox 733 1362 776 1383; x_wconf 89' lang='lat' dir='ltr'><strong>me</strong></span> <span class='ocrx_word' id='word_1_340' title='bbox 797 1356 908 1383; x_wconf 86' lang='lat' dir='ltr'><strong>devoret</strong></span> <span class='ocrx_word' id='word_1_341' title='bbox 932 1355 1042 1390; x_wconf 88' lang='lat' dir='ltr'><strong>profun-</strong></span> 
     </span>
    </p>
   </div>
   <div class='ocr_carea' id='block_1_44' title="bbox 253 1398 1042 1434">
    <p class='ocr_par' dir='ltr' id='par_1_44' title="bbox 253 1398 1042 1434">
     <span class='ocr_line' id='line_1_44' title="bbox 253 1398 1042 1434; baseline 0 -8"><span class='ocrx_word' id='word_1_342' title='bbox 253 1398 318 1430; x_wconf 74' lang='lat' dir='ltr'><strong>dunt</strong></span> <span class='ocrx_word' id='word_1_343' title='bbox 334 1398 420 1434; x_wconf 75' lang='lat' dir='ltr'><strong>(Psal.</strong></span> <span class='ocrx_word' id='word_1_344' title='bbox 433 1400 536 1433; x_wconf 78' lang='lat' dir='ltr'><strong>vatu).</strong></span> <span class='ocrx_word' id='word_1_345' title='bbox 554 1400 652 1433; x_wconf 87' lang='lat' dir='ltr'><strong>Quinto</strong></span> <span class='ocrx_word' id='word_1_346' title='bbox 665 1405 753 1426; x_wconf 87' lang='lat' dir='ltr'><strong>autem</strong></span> <span class='ocrx_word' id='word_1_347' title='bbox 766 1400 906 1427; x_wconf 83' lang='lat' dir='ltr'><strong>incidimus</strong></span> <span class='ocrx_word' id='word_1_348' title='bbox 922 1400 948 1427; x_wconf 92' lang='lat' dir='ltr'><strong>in</strong></span> <span class='ocrx_word' id='word_1_349' title='bbox 961 1400 1042 1427; x_wconf 87' lang='lat' dir='ltr'><strong>latro-</strong></span> 
     </span>
    </p>
   </div>
   <div class='ocr_carea' id='block_1_45' title="bbox 256 1444 1042 1480">
    <p class='ocr_par' dir='ltr' id='par_1_45' title="bbox 256 1444 1042 1480">
     <span class='ocr_line' id='line_1_45' title="bbox 256 1444 1042 1480; baseline 0.001 -9"><span class='ocrx_word' id='word_1_350' title='bbox 256 1452 302 1472; x_wconf 88' lang='lat' dir='ltr'><strong>nes</strong></span> <span class='ocrx_word' id='word_1_351' title='bbox 316 1445 342 1472; x_wconf 91' lang='lat' dir='ltr'><strong>iu</strong></span> <span class='ocrx_word' id='word_1_352' title='bbox 358 1445 448 1473; x_wconf 90' lang='lat' dir='ltr'><strong>littore</strong></span> <span class='ocrx_word' id='word_1_353' title='bbox 463 1446 543 1472; x_wconf 84' lang='lat' dir='ltr'><strong>maris</strong></span> <span class='ocrx_word' id='word_1_354' title='bbox 556 1466 563 1476; x_wconf 89' lang='lat'><strong>,</strong></span> <span class='ocrx_word' id='word_1_355' title='bbox 585 1445 722 1472; x_wconf 75' lang='lat' dir='ltr'><strong>venientes</strong></span> <span class='ocrx_word' id='word_1_356' title='bbox 737 1445 763 1472; x_wconf 91' lang='lat' dir='ltr'><strong>in</strong></span> <span class='ocrx_word' id='word_1_357' title='bbox 785 1444 895 1472; x_wconf 87' lang='lat' dir='ltr'><strong>Diolcou</strong></span> <span class='ocrx_word' id='word_1_358' title='bbox 909 1454 915 1471; x_wconf 91' lang='lat'><strong>:</strong></span> <span class='ocrx_word' id='word_1_359' title='bbox 932 1446 976 1480; x_wconf 90' lang='lat' dir='ltr'><strong>qui</strong></span> <span class='ocrx_word' id='word_1_360' title='bbox 993 1452 1042 1472; x_wconf 87' lang='lat' dir='ltr'><strong>nos</strong></span> 
     </span>
    </p>
   </div>
   <div class='ocr_carea' id='block_1_46' title="bbox 257 1490 1042 1524">
    <p class='ocr_par' dir='ltr' id='par_1_46' title="bbox 257 1490 1042 1524">
     <span class='ocr_line' id='line_1_46' title="bbox 257 1490 1042 1524; baseline 0.001 -8"><span class='ocrx_word' id='word_1_361' title='bbox 257 1490 337 1516; x_wconf 89' lang='lat' dir='ltr'><strong>etiam</strong></span> <span class='ocrx_word' id='word_1_362' title='bbox 352 1497 469 1524; x_wconf 86' lang='lat' dir='ltr'><strong>eousque</strong></span> <span class='ocrx_word' id='word_1_363' title='bbox 482 1494 546 1516; x_wconf 89' lang='lat' dir='ltr'><strong>sunt</strong></span> <span class='ocrx_word' id='word_1_364' title='bbox 561 1490 710 1524; x_wconf 85' lang='lat' dir='ltr'><strong>persecuti,</strong></span> <span class='ocrx_word' id='word_1_365' title='bbox 725 1491 845 1518; x_wconf 85' lang='lat' dir='ltr'><strong>volentes</strong></span> <span class='ocrx_word' id='word_1_366' title='bbox 863 1491 1042 1523; x_wconf 60' lang='lat' dir='ltr'><strong>compreheu»</strong></span> 
     </span>
    </p>
   </div>
   <div class='ocr_carea' id='block_1_47' title="bbox 258 1535 1043 1570">
    <p class='ocr_par' dir='ltr' id='par_1_47' title="bbox 258 1535 1043 1570">
     <span class='ocr_line' id='line_1_47' title="bbox 258 1535 1043 1570; baseline -0.001 -7"><span class='ocrx_word' id='word_1_367' title='bbox 258 1536 338 1567; x_wconf 80' lang='lat' dir='ltr'><strong>dere,</strong></span> <span class='ocrx_word' id='word_1_368' title='bbox 354 1535 440 1563; x_wconf 81' lang='lat' dir='ltr'><strong>donec</strong></span> <span class='ocrx_word' id='word_1_369' title='bbox 453 1535 530 1563; x_wconf 88' lang='lat' dir='ltr'><strong>nobis</strong></span> <span class='ocrx_word' id='word_1_370' title='bbox 546 1543 642 1569; x_wconf 87' lang='lat' dir='ltr'><strong>parvus</strong></span> <span class='ocrx_word' id='word_1_371' title='bbox 657 1536 852 1570; x_wconf 88' lang='lat' dir='ltr'><strong>relinqueretur</strong></span> <span class='ocrx_word' id='word_1_372' title='bbox 871 1536 995 1570; x_wconf 86' lang='lat' dir='ltr'><strong>spiritus,</strong></span> <span class='ocrx_word' id='word_1_373' title='bbox 1011 1539 1043 1562; x_wconf 94' lang='lat' dir='ltr'><strong>ut</strong></span> 
     </span>
    </p>
   </div>
   <div class='ocr_carea' id='block_1_48' title="bbox 1090 938 1876 972">
    <p class='ocr_par' dir='ltr' id='par_1_48' title="bbox 1090 938 1876 972">
     <span class='ocr_line' id='line_1_48' title="bbox 1090 938 1876 972; baseline 0.003 -8"><span class='ocrx_word' id='word_1_374' title='bbox 1090 938 1117 965; x_wconf 93' lang='lat' dir='ltr'><strong>lu</strong></span> <span class='ocrx_word' id='word_1_375' title='bbox 1131 944 1235 966; x_wconf 89' lang='lat' dir='ltr'><strong>centum</strong></span> <span class='ocrx_word' id='word_1_376' title='bbox 1251 944 1279 966; x_wconf 87' lang='lat' dir='ltr'><strong>et</strong></span> <span class='ocrx_word' id='word_1_377' title='bbox 1290 947 1336 966; x_wconf 81' lang='lat' dir='ltr'><strong>sex</strong></span> <span class='ocrx_word' id='word_1_378' title='bbox 1354 940 1428 967; x_wconf 83' lang='lat' dir='ltr'><strong>venit</strong></span> <span class='ocrx_word' id='word_1_379' title='bbox 1448 939 1571 966; x_wconf 86' lang='lat' dir='ltr'><strong>civitates</strong></span> <span class='ocrx_word' id='word_1_380' title='bbox 1584 961 1591 972; x_wconf 86' lang='grc'>,</span> <span class='ocrx_word' id='word_1_381' title='bbox 1613 943 1640 965; x_wconf 87' lang='lat' dir='ltr'><strong>et</strong></span> <span class='ocrx_word' id='word_1_382' title='bbox 1657 939 1682 965; x_wconf 94' lang='lat' dir='ltr'><strong>iu</strong></span> <span class='ocrx_word' id='word_1_383' title='bbox 1699 939 1820 972; x_wconf 90' lang='lat' dir='ltr'><strong>plurimis</strong></span> <span class='ocrx_word' id='word_1_384' title='bbox 1834 943 1876 966; x_wconf 81' lang='lat' dir='ltr'><strong>est</strong></span> 
     </span>
    </p>
   </div>
   <div class='ocr_carea' id='block_1_49' title="bbox 1088 984 1875 1020">
    <p class='ocr_par' dir='ltr' id='par_1_49' title="bbox 1088 984 1875 1020">
     <span class='ocr_line' id='line_1_49' title="bbox 1088 984 1875 1020; baseline -0.003 -8"><span class='ocrx_word' id='word_1_385' title='bbox 1088 985 1167 1012; x_wconf 78' lang='lat' dir='ltr'><strong>e.iam</strong></span> <span class='ocrx_word' id='word_1_386' title='bbox 1181 985 1271 1019; x_wconf 87' lang='lat' dir='ltr'><strong>aliquo</strong></span> <span class='ocrx_word' id='word_1_387' title='bbox 1285 989 1404 1020; x_wconf 86' lang='lat' dir='ltr'><strong>tempore</strong></span> <span class='ocrx_word' id='word_1_388' title='bbox 1420 989 1553 1012; x_wconf 90' lang='lat' dir='ltr'><strong>versatus.</strong></span> <span class='ocrx_word' id='word_1_389' title='bbox 1570 984 1689 1011; x_wconf 77' lang='lat' dir='ltr'><strong>Mulieris</strong></span> <span class='ocrx_word' id='word_1_390' title='bbox 1703 984 1802 1011; x_wconf 88' lang='lat' dir='ltr'><strong>nullam</strong></span> <span class='ocrx_word' id='word_1_391' title='bbox 1824 984 1875 1010; x_wconf 83' lang='lat' dir='ltr'><strong>ha-</strong></span> 
     </span>
    </p>
   </div>
   <div class='ocr_carea' id='block_1_50' title="bbox 1089 1029 1922 1065">
    <p class='ocr_par' dir='ltr' id='par_1_50' title="bbox 1089 1029 1922 1065">
     <span class='ocr_line' id='line_1_50' title="bbox 1089 1029 1922 1065; baseline 0.001 -9"><span class='ocrx_word' id='word_1_392' title='bbox 1089 1029 1144 1056; x_wconf 91' lang='lat' dir='ltr'><strong>buit</strong></span> <span class='ocrx_word' id='word_1_393' title='bbox 1160 1030 1349 1064; x_wconf 84' lang='lat' dir='ltr'><strong>experientiam</strong></span> <span class='ocrx_word' id='word_1_394' title='bbox 1363 1050 1371 1062; x_wconf 94' lang='lat'><strong>,</strong></span> <span class='ocrx_word' id='word_1_395' title='bbox 1393 1038 1427 1058; x_wconf 87' lang='lat' dir='ltr'><strong>ne</strong></span> <span class='ocrx_word' id='word_1_396' title='bbox 1445 1031 1472 1057; x_wconf 91' lang='lat' dir='ltr'><strong>iu</strong></span> <span class='ocrx_word' id='word_1_397' title='bbox 1487 1031 1588 1057; x_wconf 87' lang='lat' dir='ltr'><strong>somnis</strong></span> <span class='ocrx_word' id='word_1_398' title='bbox 1602 1029 1710 1065; x_wconf 88' lang='lat' dir='ltr'><strong>quidem</strong></span> <span class='ocrx_word' id='word_1_399' title='bbox 1722 1049 1730 1061; x_wconf 91' lang='lat'><strong>,</strong></span> <span class='ocrx_word' id='word_1_400' title='bbox 1746 1029 1798 1056; x_wconf 86' lang='lat' dir='ltr'><strong>nisi</strong></span> <span class='ocrx_word' id='word_1_401' title='bbox 1812 1029 1833 1056; x_wconf 89' lang='lat' dir='ltr'><strong>si</strong></span> <span class='ocrx_word' id='word_1_402' title='bbox 1847 1037 1877 1057; x_wconf 89' lang='lat' dir='ltr'><strong>se</strong></span> <span class='ocrx_word' id='word_1_403' title='bbox 1919 1031 1922 1034; x_wconf 83' lang='grc'><strong>’</strong></span> 
     </span>
    </p>
   </div>
   <div class='ocr_carea' id='block_1_51' title="bbox 1089 1074 1874 1109">
    <p class='ocr_par' dir='ltr' id='par_1_51' title="bbox 1089 1074 1874 1109">
     <span class='ocr_line' id='line_1_51' title="bbox 1089 1074 1874 1109; baseline -0.001 -8"><span class='ocrx_word' id='word_1_404' title='bbox 1089 1075 1263 1102; x_wconf 88' lang='lat' dir='ltr'><strong>somniareta</strong></span> <span class='ocrx_word' id='word_1_405' title='bbox 1283 1075 1405 1102; x_wconf 63' lang='lat' dir='ltr'><strong>daemone</strong></span> <span class='ocrx_word' id='word_1_406' title='bbox 1429 1074 1614 1102; x_wconf 84' lang='lat' dir='ltr'><strong>fornicationis</strong></span> <span class='ocrx_word' id='word_1_407' title='bbox 1636 1075 1794 1109; x_wconf 81' lang='lat' dir='ltr'><strong>oppugnari.</strong></span> <span class='ocrx_word' id='word_1_408' title='bbox 1819 1074 1874 1101; x_wconf 87' lang='lat' dir='ltr'><strong>Ter</strong></span> 
     </span>
    </p>
   </div>
   <div class='ocr_carea' id='block_1_52' title="bbox 1089 1120 1877 1156">
    <p class='ocr_par' dir='ltr' id='par_1_52' title="bbox 1089 1120 1877 1156">
     <span class='ocr_line' id='line_1_52' title="bbox 1089 1120 1877 1156; baseline -0.001 -8"><span class='ocrx_word' id='word_1_409' title='bbox 1089 1128 1149 1148; x_wconf 89' lang='lat' dir='ltr'><strong>eum</strong></span> <span class='ocrx_word' id='word_1_410' title='bbox 1173 1120 1233 1148; x_wconf 93' lang='lat' dir='ltr'><strong>novi</strong></span> <span class='ocrx_word' id='word_1_411' title='bbox 1253 1120 1320 1147; x_wconf 89' lang='lat' dir='ltr'><strong>cibis</strong></span> <span class='ocrx_word' id='word_1_412' title='bbox 1342 1121 1503 1156; x_wconf 82' lang='lat' dir='ltr'><strong>indigentem</strong></span> <span class='ocrx_word' id='word_1_413' title='bbox 1528 1121 1664 1148; x_wconf 85' lang='lat' dir='ltr'><strong>esculenta</strong></span> <span class='ocrx_word' id='word_1_414' title='bbox 1687 1121 1826 1155; x_wconf 87' lang='lat' dir='ltr'><strong>accepisse</strong></span> <span class='ocrx_word' id='word_1_415' title='bbox 1842 1121 1877 1147; x_wconf 90' lang='lat' dir='ltr'><strong>ab</strong></span> 
     </span>
    </p>
   </div>
   <div class='ocr_carea' id='block_1_53' title="bbox 1089 1166 1876 1201">
    <p class='ocr_par' dir='ltr' id='par_1_53' title="bbox 1089 1166 1876 1201">
     <span class='ocr_line' id='line_1_53' title="bbox 1089 1166 1876 1201; baseline 0.003 -9"><span class='ocrx_word' id='word_1_416' title='bbox 1089 1167 1193 1201; x_wconf 86' lang='lat' dir='ltr'><strong>angelo.</strong></span> <span class='ocrx_word' id='word_1_417' title='bbox 1208 1166 1328 1199; x_wconf 77' lang='lat' dir='ltr'><strong>Quodam</strong></span> <span class='ocrx_word' id='word_1_418' title='bbox 1341 1167 1385 1194; x_wconf 90' lang='lat' dir='ltr'><strong>die</strong></span> <span class='ocrx_word' id='word_1_419' title='bbox 1398 1174 1458 1194; x_wconf 90' lang='lat' dir='ltr'><strong>cum</strong></span> <span class='ocrx_word' id='word_1_420' title='bbox 1481 1167 1506 1193; x_wconf 94' lang='lat' dir='ltr'><strong>in</strong></span> <span class='ocrx_word' id='word_1_421' title='bbox 1525 1171 1647 1194; x_wconf 83' lang='lat' dir='ltr'><strong>extrema</strong></span> <span class='ocrx_word' id='word_1_422' title='bbox 1672 1167 1816 1193; x_wconf 86' lang='lat' dir='ltr'><strong>solitudine</strong></span> <span class='ocrx_word' id='word_1_423' title='bbox 1841 1173 1876 1194; x_wconf 87' lang='lat' dir='ltr'><strong>ne</strong></span> 
     </span>
    </p>
   </div>
   <div class='ocr_carea' id='block_1_54' title="bbox 1091 1212 1877 1248">
    <p class='ocr_par' dir='ltr' id='par_1_54' title="bbox 1091 1212 1877 1248">
     <span class='ocr_line' id='line_1_54' title="bbox 1091 1212 1877 1248; baseline -0.001 -9"><span class='ocrx_word' id='word_1_424' title='bbox 1091 1212 1185 1240; x_wconf 86' lang='lat' dir='ltr'><strong>micam</strong></span> <span class='ocrx_word' id='word_1_425' title='bbox 1198 1213 1305 1248; x_wconf 87' lang='lat' dir='ltr'><strong>quidem</strong></span> <span class='ocrx_word' id='word_1_426' title='bbox 1320 1213 1446 1245; x_wconf 84' lang='lat' dir='ltr'><strong>haberet,</strong></span> <span class='ocrx_word' id='word_1_427' title='bbox 1470 1213 1572 1240; x_wconf 88' lang='lat' dir='ltr'><strong>invenit</strong></span> <span class='ocrx_word' id='word_1_428' title='bbox 1595 1213 1621 1239; x_wconf 93' lang='lat' dir='ltr'><strong>in</strong></span> <span class='ocrx_word' id='word_1_429' title='bbox 1647 1213 1714 1247; x_wconf 86' lang='lat' dir='ltr'><strong>pelle</strong></span> <span class='ocrx_word' id='word_1_430' title='bbox 1729 1212 1806 1239; x_wconf 89' lang='lat' dir='ltr'><strong>ovina</strong></span> <span class='ocrx_word' id='word_1_431' title='bbox 1821 1217 1877 1239; x_wconf 85' lang='lat' dir='ltr'><strong>tres</strong></span> 
     </span>
    </p>
   </div>
   <div class='ocr_carea' id='block_1_55' title="bbox 1092 1258 1878 1292">
    <p class='ocr_par' dir='ltr' id='par_1_55' title="bbox 1092 1258 1878 1292">
     <span class='ocr_line' id='line_1_55' title="bbox 1092 1258 1878 1292; baseline 0 -8"><span class='ocrx_word' id='word_1_432' title='bbox 1092 1265 1175 1292; x_wconf 85' lang='lat' dir='ltr'><strong>panes</strong></span> <span class='ocrx_word' id='word_1_433' title='bbox 1189 1258 1290 1286; x_wconf 81' lang='lat' dir='ltr'><strong>calidus</strong></span> <span class='ocrx_word' id='word_1_434' title='bbox 1307 1258 1491 1292; x_wconf 81' lang='lat' dir='ltr'><strong>paxamidios;</strong></span> <span class='ocrx_word' id='word_1_435' title='bbox 1505 1258 1649 1292; x_wconf 80' lang='lat' dir='ltr'><strong>aliquando</strong></span> <span class='ocrx_word' id='word_1_436' title='bbox 1673 1265 1765 1284; x_wconf 70' lang='lat' dir='ltr'><strong>rursus</strong></span> <span class='ocrx_word' id='word_1_437' title='bbox 1788 1258 1878 1284; x_wconf 82' lang='lat' dir='ltr'><strong>vinum</strong></span> 
     </span>
    </p>
   </div>
   <div class='ocr_carea' id='block_1_56' title="bbox 1090 1300 1873 1337">
    <p class='ocr_par' dir='ltr' id='par_1_56' title="bbox 1090 1300 1873 1337">
     <span class='ocr_line' id='line_1_56' title="bbox 1090 1300 1873 1337; baseline -0.009 -8"><span class='ocrx_word' id='word_1_438' title='bbox 1090 1307 1117 1329; x_wconf 89' lang='lat' dir='ltr'><strong>et</strong></span> <span class='ocrx_word' id='word_1_439' title='bbox 1130 1301 1394 1337; x_wconf 81' lang='lat' dir='ltr'><strong>panem;aliquando</strong></span> <span class='ocrx_word' id='word_1_440' title='bbox 1409 1310 1502 1329; x_wconf 85' lang='lat' dir='ltr'><strong>rursus</strong></span> <span class='ocrx_word' id='word_1_441' title='bbox 1537 1301 1611 1329; x_wconf 88' lang='lat' dir='ltr'><strong>venit</strong></span> <span class='ocrx_word' id='word_1_442' title='bbox 1645 1300 1679 1327; x_wconf 87' lang='lat' dir='ltr'><strong>ad</strong></span> <span class='ocrx_word' id='word_1_443' title='bbox 1710 1306 1773 1326; x_wconf 87' lang='lat' dir='ltr'><strong>eum</strong></span> <span class='ocrx_word' id='word_1_444' title='bbox 1803 1305 1873 1331; x_wconf 73' lang='lat' dir='ltr'><strong>vox,</strong></span> 
     </span>
    </p>
   </div>
   <div class='ocr_carea' id='block_1_57' title="bbox 1091 1346 1877 1380">
    <p class='ocr_par' dir='ltr' id='par_1_57' title="bbox 1091 1346 1877 1380">
     <span class='ocr_line' id='line_1_57' title="bbox 1091 1346 1877 1380; baseline -0.006 -4"><span class='ocrx_word' id='word_1_445' title='bbox 1091 1348 1199 1376; x_wconf 84' lang='lat' dir='ltr'><strong>dicens:</strong></span> <span class='ocrx_word' id='word_1_446' title='bbox 1212 1349 1278 1375; x_wconf 88' lang='lat' dir='ltr'><strong>Novi</strong></span> <span class='ocrx_word' id='word_1_447' title='bbox 1292 1348 1337 1375; x_wconf 89' lang='lat' dir='ltr'><strong>tibi</strong></span> <span class='ocrx_word' id='word_1_448' title='bbox 1350 1348 1447 1375; x_wconf 87' lang='lat' dir='ltr'><strong>deesse</strong></span> <span class='ocrx_word' id='word_1_449' title='bbox 1457 1347 1549 1379; x_wconf 85' lang='lat' dir='ltr'><strong>cibos;</strong></span> <span class='ocrx_word' id='word_1_450' title='bbox 1561 1347 1628 1374; x_wconf 88' lang='lat' dir='ltr'><strong>vade</strong></span> <span class='ocrx_word' id='word_1_451' title='bbox 1647 1351 1674 1374; x_wconf 90' lang='lat' dir='ltr'><strong>et</strong></span> <span class='ocrx_word' id='word_1_452' title='bbox 1694 1347 1785 1380; x_wconf 85' lang='lat' dir='ltr'><strong>accipe</strong></span> <span class='ocrx_word' id='word_1_453' title='bbox 1796 1346 1829 1372; x_wconf 86' lang='lat' dir='ltr'><strong>ab</strong></span> <span class='ocrx_word' id='word_1_454' title='bbox 1844 1346 1877 1372; x_wconf 90' lang='lat' dir='ltr'><strong>N.</strong></span> 
     </span>
    </p>
   </div>
   <div class='ocr_carea' id='block_1_58' title="bbox 1092 1390 1878 1426">
    <p class='ocr_par' dir='ltr' id='par_1_58' title="bbox 1092 1390 1878 1426">
     <span class='ocr_line' id='line_1_58' title="bbox 1092 1390 1878 1426; baseline -0.001 -7"><span class='ocrx_word' id='word_1_455' title='bbox 1092 1392 1140 1420; x_wconf 85' lang='lat' dir='ltr'><strong>illo</strong></span> <span class='ocrx_word' id='word_1_456' title='bbox 1151 1393 1259 1419; x_wconf 90' lang='lat' dir='ltr'><strong>homine</strong></span> <span class='ocrx_word' id='word_1_457' title='bbox 1269 1392 1432 1419; x_wconf 89' lang='lat' dir='ltr'><strong>frumentum</strong></span> <span class='ocrx_word' id='word_1_458' title='bbox 1447 1396 1474 1419; x_wconf 91' lang='lat' dir='ltr'><strong>et</strong></span> <span class='ocrx_word' id='word_1_459' title='bbox 1487 1392 1587 1419; x_wconf 88' lang='lat' dir='ltr'><strong>oleum.</strong></span> <span class='ocrx_word' id='word_1_460' title='bbox 1601 1391 1667 1418; x_wconf 72' lang='lat' dir='ltr'><strong>Cum</strong></span> <span class='ocrx_word' id='word_1_461' title='bbox 1683 1398 1749 1426; x_wconf 88' lang='lat' dir='ltr'><strong>ergo</strong></span> <span class='ocrx_word' id='word_1_462' title='bbox 1761 1390 1878 1418; x_wconf 89' lang='lat' dir='ltr'><strong>venisset</strong></span> 
     </span>
    </p>
   </div>
   <div class='ocr_carea' id='block_1_59' title="bbox 1092 1435 1878 1471">
    <p class='ocr_par' dir='ltr' id='par_1_59' title="bbox 1092 1435 1878 1471">
     <span class='ocr_line' id='line_1_59' title="bbox 1092 1435 1878 1471; baseline -0.004 -6"><span class='ocrx_word' id='word_1_463' title='bbox 1092 1437 1125 1465; x_wconf 85' lang='lat' dir='ltr'><strong>ad</strong></span> <span class='ocrx_word' id='word_1_464' title='bbox 1140 1438 1212 1465; x_wconf 87' lang='lat' dir='ltr'><strong>illum</strong></span> <span class='ocrx_word' id='word_1_465' title='bbox 1227 1437 1259 1464; x_wconf 91' lang='lat' dir='ltr'><strong>ad</strong></span> <span class='ocrx_word' id='word_1_466' title='bbox 1274 1445 1353 1471; x_wconf 85' lang='lat' dir='ltr'><strong>quem</strong></span> <span class='ocrx_word' id='word_1_467' title='bbox 1366 1438 1464 1464; x_wconf 85' lang='lat' dir='ltr'><strong>missus</strong></span> <span class='ocrx_word' id='word_1_468' title='bbox 1478 1437 1577 1469; x_wconf 86' lang='lat' dir='ltr'><strong>fuerat,</strong></span> <span class='ocrx_word' id='word_1_469' title='bbox 1592 1437 1614 1463; x_wconf 89' lang='lat' dir='ltr'><strong>is</strong></span> <span class='ocrx_word' id='word_1_470' title='bbox 1629 1437 1678 1471; x_wconf 88' lang='lat' dir='ltr'><strong>ipsi</strong></span> <span class='ocrx_word' id='word_1_471' title='bbox 1695 1435 1780 1463; x_wconf 86' lang='lat' dir='ltr'><strong>dixit:</strong></span> <span class='ocrx_word' id='word_1_472' title='bbox 1795 1435 1832 1462; x_wconf 83' lang='lat' dir='ltr'><strong>Tu</strong></span> <span class='ocrx_word' id='word_1_473' title='bbox 1845 1443 1878 1463; x_wconf 86' lang='lat' dir='ltr'><strong>es</strong></span> 
     </span>
    </p>
   </div>
   <div class='ocr_carea' id='block_1_60' title="bbox 1093 1481 1879 1515">
    <p class='ocr_par' dir='ltr' id='par_1_60' title="bbox 1093 1481 1879 1515">
     <span class='ocr_line' id='line_1_60' title="bbox 1093 1481 1879 1515; baseline -0.005 -5"><span class='ocrx_word' id='word_1_474' title='bbox 1093 1483 1138 1510; x_wconf 90' lang='lat' dir='ltr'><strong>ille</strong></span> <span class='ocrx_word' id='word_1_475' title='bbox 1151 1483 1318 1510; x_wconf 78' lang='lat' dir='ltr'><strong>monachus?</strong></span> <span class='ocrx_word' id='word_1_476' title='bbox 1340 1482 1408 1510; x_wconf 85' lang='lat' dir='ltr'><strong>Tum</strong></span> <span class='ocrx_word' id='word_1_477' title='bbox 1433 1482 1496 1510; x_wconf 88' lang='lat' dir='ltr'><strong>ille:</strong></span> <span class='ocrx_word' id='word_1_478' title='bbox 1512 1482 1559 1512; x_wconf 88' lang='lat' dir='ltr'><strong>lta.</strong></span> <span class='ocrx_word' id='word_1_479' title='bbox 1582 1489 1640 1509; x_wconf 91' lang='lat' dir='ltr'><strong>sum</strong></span> <span class='ocrx_word' id='word_1_480' title='bbox 1659 1482 1682 1509; x_wconf 91' lang='lat' dir='ltr'><strong>is</strong></span> <span class='ocrx_word' id='word_1_481' title='bbox 1704 1489 1783 1515; x_wconf 88' lang='lat' dir='ltr'><strong>quem</strong></span> <span class='ocrx_word' id='word_1_482' title='bbox 1801 1481 1879 1507; x_wconf 84' lang='lat' dir='ltr'><strong>dicis.</strong></span> 
     </span>
    </p>
   </div>
   <div class='ocr_carea' id='block_1_61' title="bbox 1094 1526 1880 1564">
    <p class='ocr_par' dir='ltr' id='par_1_61' title="bbox 1094 1526 1880 1564">
     <span class='ocr_line' id='line_1_61' title="bbox 1094 1526 1880 1564; baseline -0.004 -8"><span class='ocrx_word' id='word_1_483' title='bbox 1094 1529 1211 1564; x_wconf 85' lang='lat' dir='ltr'><strong>Subjecit</strong></span> <span class='ocrx_word' id='word_1_484' title='bbox 1225 1529 1292 1556; x_wconf 88' lang='lat' dir='ltr'><strong>alter</strong></span> <span class='ocrx_word' id='word_1_485' title='bbox 1305 1536 1311 1555; x_wconf 94' lang='lat'><strong>:</strong></span> <span class='ocrx_word' id='word_1_486' title='bbox 1326 1527 1522 1555; x_wconf 78' lang='lat' dir='ltr'><strong>Paterfamilias</strong></span> <span class='ocrx_word' id='word_1_487' title='bbox 1534 1527 1615 1562; x_wconf 81' lang='lat' dir='ltr'><strong>jussit</strong></span> <span class='ocrx_word' id='word_1_488' title='bbox 1632 1527 1740 1561; x_wconf 86' lang='lat' dir='ltr'><strong>quidem</strong></span> <span class='ocrx_word' id='word_1_489' title='bbox 1761 1531 1787 1554; x_wconf 90' lang='lat' dir='ltr'><strong>te</strong></span> <span class='ocrx_word' id='word_1_490' title='bbox 1807 1526 1880 1553; x_wconf 80' lang='lat' dir='ltr'><strong>acci-</strong></span> 
     </span>
    </p>
   </div>
   <div class='ocr_carea' id='block_1_62' title="bbox 256 1571 1880 1615">
    <p class='ocr_par' dir='ltr' id='par_1_62' title="bbox 256 1571 1880 1615">
     <span class='ocr_line' id='line_1_62' title="bbox 256 1571 1880 1615; baseline -0.006 -8"><span class='ocrx_word' id='word_1_491' title='bbox 256 1581 302 1615; x_wconf 86' lang='lat' dir='ltr'><strong>qui</strong></span> <span class='ocrx_word' id='word_1_492' title='bbox 318 1588 366 1607; x_wconf 87' lang='lat' dir='ltr'><strong>nos</strong></span> <span class='ocrx_word' id='word_1_493' title='bbox 380 1580 469 1608; x_wconf 82' lang='lat' dir='ltr'><strong>decies</strong></span> <span class='ocrx_word' id='word_1_494' title='bbox 485 1581 556 1607; x_wconf 89' lang='lat' dir='ltr'><strong>mille</strong></span> <span class='ocrx_word' id='word_1_495' title='bbox 571 1588 665 1614; x_wconf 85' lang='lat' dir='ltr'><strong>passus</strong></span> <span class='ocrx_word' id='word_1_496' title='bbox 687 1585 779 1607; x_wconf 83' lang='lat' dir='ltr'><strong>essent</strong></span> <span class='ocrx_word' id='word_1_497' title='bbox 801 1581 944 1614; x_wconf 74' lang='lat' dir='ltr'><strong>persecuti.</strong></span> <span class='ocrx_word' id='word_1_498' title='bbox 959 1580 1041 1608; x_wconf 74' lang='lat' dir='ltr'><strong>sexto</strong></span> <span class='ocrx_word' id='word_1_499' title='bbox 1055 1572 1079 1603; x_wconf 88' lang='lat' dir='ltr'><strong>C</strong></span> <span class='ocrx_word' id='word_1_500' title='bbox 1094 1581 1157 1609; x_wconf 87' lang='lat' dir='ltr'><strong>pere</strong></span> <span class='ocrx_word' id='word_1_501' title='bbox 1171 1573 1275 1608; x_wconf 76' lang='lat' dir='ltr'><strong>triginta</strong></span> <span class='ocrx_word' id='word_1_502' title='bbox 1288 1573 1391 1600; x_wconf 89' lang='lat' dir='ltr'><strong>modios</strong></span> <span class='ocrx_word' id='word_1_503' title='bbox 1404 1573 1540 1605; x_wconf 87' lang='lat' dir='ltr'><strong>frumenti,</strong></span> <span class='ocrx_word' id='word_1_504' title='bbox 1553 1577 1580 1600; x_wconf 89' lang='lat' dir='ltr'><strong>et</strong></span> <span class='ocrx_word' id='word_1_505' title='bbox 1593 1572 1733 1599; x_wconf 84' lang='lat' dir='ltr'><strong>duodecim</strong></span> <span class='ocrx_word' id='word_1_506' title='bbox 1745 1571 1880 1599; x_wconf 79' lang='lat' dir='ltr'><strong>sextarios</strong></span> 
     </span>
    </p>
   </div>
   <div class='ocr_carea' id='block_1_63' title="bbox 256 1625 1043 1660">
    <p class='ocr_par' dir='ltr' id='par_1_63' title="bbox 256 1625 1043 1660">
     <span class='ocr_line' id='line_1_63' title="bbox 256 1625 1043 1660; baseline 0 -8"><span class='ocrx_word' id='word_1_507' title='bbox 256 1630 361 1659; x_wconf 87' lang='lat' dir='ltr'><strong>autem,</strong></span> <span class='ocrx_word' id='word_1_508' title='bbox 383 1625 471 1653; x_wconf 86' lang='lat' dir='ltr'><strong>Nilum</strong></span> <span class='ocrx_word' id='word_1_509' title='bbox 497 1626 671 1660; x_wconf 76' lang='lat' dir='ltr'><strong>navigantes,</strong></span> <span class='ocrx_word' id='word_1_510' title='bbox 688 1626 878 1660; x_wconf 86' lang='lat' dir='ltr'><strong>propemodum</strong></span> <span class='ocrx_word' id='word_1_511' title='bbox 902 1625 988 1652; x_wconf 66' lang='lat' dir='ltr'><strong>eversi</strong></span> <span class='ocrx_word' id='word_1_512' title='bbox 1011 1633 1043 1652; x_wconf 87' lang='lat' dir='ltr'><strong>ac</strong></span> 
     </span>
    </p>
   </div>
   <div class='ocr_carea' id='block_1_64' title="bbox 257 1669 1044 1705">
    <p class='ocr_par' dir='ltr' id='par_1_64' title="bbox 257 1669 1044 1705">
     <span class='ocr_line' id='line_1_64' title="bbox 257 1669 1044 1705; baseline 0.001 -9"><span class='ocrx_word' id='word_1_513' title='bbox 257 1670 388 1697; x_wconf 80' lang='lat' dir='ltr'><strong>submersi</strong></span> <span class='ocrx_word' id='word_1_514' title='bbox 417 1674 521 1697; x_wconf 87' lang='lat' dir='ltr'><strong>sumus.</strong></span> <span class='ocrx_word' id='word_1_515' title='bbox 545 1670 693 1704; x_wconf 86' lang='lat' dir='ltr'><strong>Septimqu</strong></span> <span class='ocrx_word' id='word_1_516' title='bbox 710 1670 774 1702; x_wconf 87' lang='lat' dir='ltr'><strong>fuit,</strong></span> <span class='ocrx_word' id='word_1_517' title='bbox 789 1670 894 1703; x_wconf 84' lang='lat' dir='ltr'><strong>quando</strong></span> <span class='ocrx_word' id='word_1_518' title='bbox 908 1671 934 1697; x_wconf 92' lang='lat' dir='ltr'><strong>in</strong></span> <span class='ocrx_word' id='word_1_519' title='bbox 947 1669 1044 1705; x_wconf 88' lang='lat' dir='ltr'><strong>palude</strong></span> 
     </span>
    </p>
   </div>
   <div class='ocr_carea' id='block_1_65' title="bbox 258 1715 1044 1750">
    <p class='ocr_par' dir='ltr' id='par_1_65' title="bbox 258 1715 1044 1750">
     <span class='ocr_line' id='line_1_65' title="bbox 258 1715 1044 1750; baseline 0.003 -8"><span class='ocrx_word' id='word_1_520' title='bbox 258 1715 418 1747; x_wconf 83' lang='lat' dir='ltr'><strong>Mareotide,</strong></span> <span class='ocrx_word' id='word_1_521' title='bbox 441 1716 484 1743; x_wconf 89' lang='lat' dir='ltr'><strong>ubi</strong></span> <span class='ocrx_word' id='word_1_522' title='bbox 508 1716 601 1743; x_wconf 86' lang='lat' dir='ltr'><strong>charta</strong></span> <span class='ocrx_word' id='word_1_523' title='bbox 625 1717 753 1748; x_wconf 87' lang='lat' dir='ltr'><strong>nascitur,</strong></span> <span class='ocrx_word' id='word_1_524' title='bbox 779 1716 875 1750; x_wconf 71' lang='lat' dir='ltr'><strong>abiecti</strong></span> <span class='ocrx_word' id='word_1_525' title='bbox 898 1723 992 1744; x_wconf 90' lang='lat' dir='ltr'><strong>sumus</strong></span> <span class='ocrx_word' id='word_1_526' title='bbox 1017 1716 1044 1744; x_wconf 84' lang='lat' dir='ltr'><strong>in</strong></span> 
     </span>
    </p>
   </div>
   <div class='ocr_carea' id='block_1_66' title="bbox 257 1761 1043 1796">
    <p class='ocr_par' dir='ltr' id='par_1_66' title="bbox 257 1761 1043 1796">
     <span class='ocr_line' id='line_1_66' title="bbox 257 1761 1043 1796; baseline 0.003 -9"><span class='ocrx_word' id='word_1_527' title='bbox 257 1763 398 1796; x_wconf 81' lang='lat' dir='ltr'><strong>quamdam</strong></span> <span class='ocrx_word' id='word_1_528' title='bbox 414 1769 523 1796; x_wconf 88' lang='lat' dir='ltr'><strong>parvam</strong></span> <span class='ocrx_word' id='word_1_529' title='bbox 539 1761 651 1789; x_wconf 88' lang='lat' dir='ltr'><strong>insulam</strong></span> <span class='ocrx_word' id='word_1_530' title='bbox 664 1761 814 1794; x_wconf 85' lang='lat' dir='ltr'><strong>desertam;</strong></span> <span class='ocrx_word' id='word_1_531' title='bbox 835 1766 862 1788; x_wconf 82' lang='lat' dir='ltr'><strong>et</strong></span> <span class='ocrx_word' id='word_1_532' title='bbox 878 1767 932 1789; x_wconf 90' lang='lat' dir='ltr'><strong>tres</strong></span> <span class='ocrx_word' id='word_1_533' title='bbox 953 1766 1043 1789; x_wconf 86' lang='lat' dir='ltr'><strong>noctes</strong></span> 
     </span>
    </p>
   </div>
   <div class='ocr_carea' id='block_1_67' title="bbox 257 1807 1045 1843">
    <p class='ocr_par' dir='ltr' id='par_1_67' title="bbox 257 1807 1045 1843">
     <span class='ocr_line' id='line_1_67' title="bbox 257 1807 1045 1843; baseline -0.001 -9"><span class='ocrx_word' id='word_1_534' title='bbox 257 1812 285 1834; x_wconf 93' lang='lat' dir='ltr'><strong>et</strong></span> <span class='ocrx_word' id='word_1_535' title='bbox 298 1809 355 1834; x_wconf 89' lang='lat' dir='ltr'><strong>dies</strong></span> <span class='ocrx_word' id='word_1_536' title='bbox 367 1808 416 1834; x_wconf 90' lang='lat' dir='ltr'><strong>sub</strong></span> <span class='ocrx_word' id='word_1_537' title='bbox 427 1808 472 1835; x_wconf 89' lang='lat' dir='ltr'><strong>dio</strong></span> <span class='ocrx_word' id='word_1_538' title='bbox 485 1808 642 1840; x_wconf 88' lang='lat' dir='ltr'><strong>mansimus,</strong></span> <span class='ocrx_word' id='word_1_539' title='bbox 653 1815 750 1843; x_wconf 77' lang='lat' dir='ltr'><strong>magno</strong></span> <span class='ocrx_word' id='word_1_540' title='bbox 762 1807 862 1842; x_wconf 87' lang='lat' dir='ltr'><strong>frigore</strong></span> <span class='ocrx_word' id='word_1_541' title='bbox 875 1812 903 1835; x_wconf 91' lang='lat' dir='ltr'><strong>et</strong></span> <span class='ocrx_word' id='word_1_542' title='bbox 917 1807 1045 1834; x_wconf 84' lang='lat' dir='ltr'><strong>imbribus</strong></span> 
     </span>
    </p>
   </div>
   <div class='ocr_carea' id='block_1_68' title="bbox 258 1855 1043 1890">
    <p class='ocr_par' dir='ltr' id='par_1_68' title="bbox 258 1855 1043 1890">
     <span class='ocr_line' id='line_1_68' title="bbox 258 1855 1043 1890; baseline -0.003 -7"><span class='ocrx_word' id='word_1_543' title='bbox 258 1856 335 1883; x_wconf 88' lang='lat' dir='ltr'><strong>nobis</strong></span> <span class='ocrx_word' id='word_1_544' title='bbox 344 1855 554 1888; x_wconf 86' lang='lat' dir='ltr'><strong>imminentibus.</strong></span> <span class='ocrx_word' id='word_1_545' title='bbox 563 1860 621 1883; x_wconf 86' lang='lat' dir='ltr'><strong>erat</strong></span> <span class='ocrx_word' id='word_1_546' title='bbox 630 1856 702 1883; x_wconf 88' lang='lat' dir='ltr'><strong>enim</strong></span> <span class='ocrx_word' id='word_1_547' title='bbox 711 1859 815 1890; x_wconf 88' lang='lat' dir='ltr'><strong>tempus</strong></span> <span class='ocrx_word' id='word_1_548' title='bbox 824 1855 1043 1890; x_wconf 89' lang='lat' dir='ltr'><strong>Epiphaniorum.</strong></span> 
     </span>
    </p>
   </div>
   <div class='ocr_carea' id='block_1_69' title="bbox 257 1903 1043 1937">
    <p class='ocr_par' dir='ltr' id='par_1_69' title="bbox 257 1903 1043 1937">
     <span class='ocr_line' id='line_1_69' title="bbox 257 1903 1043 1937; baseline -0.004 -6"><span class='ocrx_word' id='word_1_549' title='bbox 257 1904 384 1931; x_wconf 89' lang='lat' dir='ltr'><strong>Octavum</strong></span> <span class='ocrx_word' id='word_1_550' title='bbox 400 1909 488 1931; x_wconf 89' lang='lat' dir='ltr'><strong>autem</strong></span> <span class='ocrx_word' id='word_1_551' title='bbox 505 1911 734 1937; x_wconf 87' lang='lat' dir='ltr'><strong>supervacaneum</strong></span> <span class='ocrx_word' id='word_1_552' title='bbox 749 1903 856 1937; x_wconf 89' lang='lat' dir='ltr'><strong>quidem</strong></span> <span class='ocrx_word' id='word_1_553' title='bbox 869 1907 910 1930; x_wconf 84' lang='lat' dir='ltr'><strong>est</strong></span> <span class='ocrx_word' id='word_1_554' title='bbox 923 1909 1043 1933; x_wconf 78' lang='lat' dir='ltr'><strong>narrare.</strong></span> 
     </span>
    </p>
   </div>
   <div class='ocr_carea' id='block_1_70' title="bbox 257 1949 1045 1984">
    <p class='ocr_par' dir='ltr' id='par_1_70' title="bbox 257 1949 1045 1984">
     <span class='ocr_line' id='line_1_70' title="bbox 257 1949 1045 1984; baseline -0.003 -8"><span class='ocrx_word' id='word_1_555' title='bbox 257 1950 304 1976; x_wconf 83' lang='lat' dir='ltr'><strong>sed</strong></span> <span class='ocrx_word' id='word_1_556' title='bbox 318 1954 406 1977; x_wconf 80' lang='lat' dir='ltr'><strong>tamen</strong></span> <span class='ocrx_word' id='word_1_557' title='bbox 421 1955 462 1978; x_wconf 92' lang='lat' dir='ltr'><strong>est</strong></span> <span class='ocrx_word' id='word_1_558' title='bbox 475 1950 555 1982; x_wconf 89' lang='lat' dir='ltr'><strong>utile;</strong></span> <span class='ocrx_word' id='word_1_559' title='bbox 573 1957 634 1977; x_wconf 83' lang='lat' dir='ltr'><strong>nam</strong></span> <span class='ocrx_word' id='word_1_560' title='bbox 649 1957 708 1977; x_wconf 87' lang='lat' dir='ltr'><strong>cum</strong></span> <span class='ocrx_word' id='word_1_561' title='bbox 723 1957 771 1976; x_wconf 87' lang='lat' dir='ltr'><strong>uos</strong></span> <span class='ocrx_word' id='word_1_562' title='bbox 787 1957 835 1984; x_wconf 90' lang='lat' dir='ltr'><strong>per</strong></span> <span class='ocrx_word' id='word_1_563' title='bbox 851 1949 992 1983; x_wconf 87' lang='lat' dir='ltr'><strong>quemdam</strong></span> <span class='ocrx_word' id='word_1_564' title='bbox 1006 1950 1045 1975; x_wconf 86' lang='lat' dir='ltr'><strong>lo-</strong></span> 
     </span>
    </p>
   </div>
   <div class='ocr_carea' id='block_1_71' title="bbox 257 1994 1045 2028">
    <p class='ocr_par' dir='ltr' id='par_1_71' title="bbox 257 1994 1045 2028">
     <span class='ocr_line' id='line_1_71' title="bbox 257 1994 1045 2028; baseline -0.001 -6"><span class='ocrx_word' id='word_1_565' title='bbox 257 2002 318 2022; x_wconf 91' lang='lat' dir='ltr'><strong>cum</strong></span> <span class='ocrx_word' id='word_1_566' title='bbox 332 1995 499 2022; x_wconf 86' lang='lat' dir='ltr'><strong>venissemus</strong></span> <span class='ocrx_word' id='word_1_567' title='bbox 511 1995 628 2027; x_wconf 87' lang='lat' dir='ltr'><strong>Nitreas,</strong></span> <span class='ocrx_word' id='word_1_568' title='bbox 639 1999 696 2022; x_wconf 87' lang='lat' dir='ltr'><strong>erat</strong></span> <span class='ocrx_word' id='word_1_569' title='bbox 708 1995 734 2021; x_wconf 94' lang='lat' dir='ltr'><strong>in</strong></span> <span class='ocrx_word' id='word_1_570' title='bbox 746 2003 777 2021; x_wconf 88' lang='lat' dir='ltr'><strong>ea</strong></span> <span class='ocrx_word' id='word_1_571' title='bbox 792 1995 900 2028; x_wconf 81' lang='lat' dir='ltr'><strong>regione</strong></span> <span class='ocrx_word' id='word_1_572' title='bbox 913 1994 1045 2028; x_wconf 79' lang='lat' dir='ltr'><strong>quoddam</strong></span> 
     </span>
    </p>
   </div>
   <div class='ocr_carea' id='block_1_72' title="bbox 259 2040 1047 2075">
    <p class='ocr_par' dir='ltr' id='par_1_72' title="bbox 259 2040 1047 2075">
     <span class='ocr_line' id='line_1_72' title="bbox 259 2040 1047 2075; baseline -0.003 -7"><span class='ocrx_word' id='word_1_573' title='bbox 259 2048 386 2075; x_wconf 85' lang='lat' dir='ltr'><strong>magnum</strong></span> <span class='ocrx_word' id='word_1_574' title='bbox 401 2048 547 2068; x_wconf 87' lang='lat' dir='ltr'><strong>concavum</strong></span> <span class='ocrx_word' id='word_1_575' title='bbox 561 2060 569 2072; x_wconf 86' lang='lat'><strong>,</strong></span> <span class='ocrx_word' id='word_1_576' title='bbox 583 2041 609 2068; x_wconf 91' lang='lat' dir='ltr'><strong>in</strong></span> <span class='ocrx_word' id='word_1_577' title='bbox 625 2048 677 2075; x_wconf 89' lang='lat' dir='ltr'><strong>quo</strong></span> <span class='ocrx_word' id='word_1_578' title='bbox 692 2040 767 2067; x_wconf 89' lang='lat' dir='ltr'><strong>multi</strong></span> <span class='ocrx_word' id='word_1_579' title='bbox 787 2044 973 2067; x_wconf 84' lang='lat' dir='ltr'><strong>remanserant</strong></span> <span class='ocrx_word' id='word_1_580' title='bbox 987 2048 1047 2066; x_wconf 90' lang='lat' dir='ltr'><strong>cro-</strong></span> 
     </span>
    </p>
   </div>
   <div class='ocr_carea' id='block_1_73' title="bbox 258 2085 1047 2121">
    <p class='ocr_par' dir='ltr' id='par_1_73' title="bbox 258 2085 1047 2121">
     <span class='ocr_line' id='line_1_73' title="bbox 258 2085 1047 2121; baseline -0.003 -8"><span class='ocrx_word' id='word_1_581' title='bbox 258 2086 337 2113; x_wconf 85' lang='lat' dir='ltr'><strong>codili</strong></span> <span class='ocrx_word' id='word_1_582' title='bbox 350 2108 358 2119; x_wconf 90' lang='lat'><strong>,</strong></span> <span class='ocrx_word' id='word_1_583' title='bbox 373 2094 433 2114; x_wconf 92' lang='lat' dir='ltr'><strong>cum</strong></span> <span class='ocrx_word' id='word_1_584' title='bbox 454 2094 521 2121; x_wconf 90' lang='lat' dir='ltr'><strong>aqua</strong></span> <span class='ocrx_word' id='word_1_585' title='bbox 543 2087 698 2114; x_wconf 84' lang='lat' dir='ltr'><strong>recessisset</strong></span> <span class='ocrx_word' id='word_1_586' title='bbox 713 2093 745 2113; x_wconf 87' lang='lat' dir='ltr'><strong>ex</strong></span> <span class='ocrx_word' id='word_1_587' title='bbox 768 2086 848 2119; x_wconf 87' lang='lat' dir='ltr'><strong>agris.</strong></span> <span class='ocrx_word' id='word_1_588' title='bbox 863 2085 959 2112; x_wconf 90' lang='lat' dir='ltr'><strong>Tribus</strong></span> <span class='ocrx_word' id='word_1_589' title='bbox 983 2093 1047 2121; x_wconf 85' lang='lat' dir='ltr'><strong>ergo</strong></span> 
     </span>
    </p>
   </div>
   <div class='ocr_carea' id='block_1_74' title="bbox 258 2132 1047 2165">
    <p class='ocr_par' dir='ltr' id='par_1_74' title="bbox 258 2132 1047 2165">
     <span class='ocr_line' id='line_1_74' title="bbox 258 2132 1047 2165; baseline -0.005 -5"><span class='ocrx_word' id='word_1_590' title='bbox 258 2133 399 2160; x_wconf 84' lang='lat' dir='ltr'><strong>crocodilis</strong></span> <span class='ocrx_word' id='word_1_591' title='bbox 415 2134 439 2159; x_wconf 79' lang='lat' dir='ltr'><strong>in</strong></span> <span class='ocrx_word' id='word_1_592' title='bbox 456 2132 575 2165; x_wconf 80' lang='lat' dir='ltr'><strong>margine</strong></span> <span class='ocrx_word' id='word_1_593' title='bbox 589 2132 667 2159; x_wconf 76' lang='lat' dir='ltr'><strong>fossas</strong></span> <span class='ocrx_word' id='word_1_594' title='bbox 680 2132 813 2162; x_wconf 86' lang='lat' dir='ltr'><strong>extensis,</strong></span> <span class='ocrx_word' id='word_1_595' title='bbox 828 2132 990 2158; x_wconf 82' lang='lat' dir='ltr'><strong>accessimus</strong></span> <span class='ocrx_word' id='word_1_596' title='bbox 1006 2132 1047 2157; x_wconf 91' lang='lat' dir='ltr'><strong>vi-</strong></span> 
     </span>
    </p>
   </div>
   <div class='ocr_carea' id='block_1_75' title="bbox 259 2174 1046 2210">
    <p class='ocr_par' dir='ltr' id='par_1_75' title="bbox 259 2174 1046 2210">
     <span class='ocr_line' id='line_1_75' title="bbox 259 2174 1046 2210; baseline -0.003 -7"><span class='ocrx_word' id='word_1_597' title='bbox 259 2177 314 2203; x_wconf 88' lang='lat' dir='ltr'><strong>suri</strong></span> <span class='ocrx_word' id='word_1_598' title='bbox 328 2176 428 2204; x_wconf 89' lang='lat' dir='ltr'><strong>belluas</strong></span> <span class='ocrx_word' id='word_1_599' title='bbox 439 2198 445 2209; x_wconf 91' lang='lat'><strong>,</strong></span> <span class='ocrx_word' id='word_1_600' title='bbox 462 2180 586 2210; x_wconf 86' lang='lat' dir='ltr'><strong>putantes</strong></span> <span class='ocrx_word' id='word_1_601' title='bbox 601 2183 646 2202; x_wconf 86' lang='lat' dir='ltr'><strong>eas</strong></span> <span class='ocrx_word' id='word_1_602' title='bbox 659 2183 719 2202; x_wconf 89' lang='lat' dir='ltr'><strong>esse</strong></span> <span class='ocrx_word' id='word_1_603' title='bbox 733 2179 853 2202; x_wconf 89' lang='lat' dir='ltr'><strong>mortuas</strong></span> <span class='ocrx_word' id='word_1_604' title='bbox 864 2195 871 2207; x_wconf 89' lang='lat'><strong>,</strong></span> <span class='ocrx_word' id='word_1_605' title='bbox 889 2174 941 2202; x_wconf 67' lang='lat' dir='ltr'><strong>illa:</strong></span> <span class='ocrx_word' id='word_1_606' title='bbox 956 2179 1046 2202; x_wconf 86' lang='lat' dir='ltr'><strong>autem</strong></span> 
     </span>
    </p>
   </div>
   <div class='ocr_carea' id='block_1_76' title="bbox 260 2220 1046 2254">
    <p class='ocr_par' dir='ltr' id='par_1_76' title="bbox 260 2220 1046 2254">
     <span class='ocr_line' id='line_1_76' title="bbox 260 2220 1046 2254; baseline -0.001 -6"><span class='ocrx_word' id='word_1_607' title='bbox 260 2221 348 2248; x_wconf 87' lang='lat' dir='ltr'><strong>statim</strong></span> <span class='ocrx_word' id='word_1_608' title='bbox 363 2222 391 2248; x_wconf 89' lang='lat' dir='ltr'><strong>iu</strong></span> <span class='ocrx_word' id='word_1_609' title='bbox 409 2228 459 2248; x_wconf 87' lang='lat' dir='ltr'><strong>nos</strong></span> <span class='ocrx_word' id='word_1_610' title='bbox 484 2222 628 2248; x_wconf 87' lang='lat' dir='ltr'><strong>irruerunt.</strong></span> <span class='ocrx_word' id='word_1_611' title='bbox 645 2220 729 2248; x_wconf 89' lang='lat' dir='ltr'><strong>Nobis</strong></span> <span class='ocrx_word' id='word_1_612' title='bbox 749 2224 837 2246; x_wconf 91' lang='lat' dir='ltr'><strong>autem</strong></span> <span class='ocrx_word' id='word_1_613' title='bbox 863 2227 957 2254; x_wconf 80' lang='lat' dir='ltr'><strong>magna</strong></span> <span class='ocrx_word' id='word_1_614' title='bbox 981 2227 1046 2247; x_wconf 86' lang='lat' dir='ltr'><strong>voce</strong></span> 
     </span>
    </p>
   </div>
   <div class='ocr_carea' id='block_1_77' title="bbox 1094 1611 1889 1653">
    <p class='ocr_par' dir='ltr' id='par_1_77' title="bbox 1094 1611 1889 1653">
     <span class='ocr_line' id='line_1_77' title="bbox 1094 1611 1889 1653; baseline -0.004 -7"><span class='ocrx_word' id='word_1_615' title='bbox 1094 1619 1156 1647; x_wconf 88' lang='lat' dir='ltr'><strong>olei.</strong></span> <span class='ocrx_word' id='word_1_616' title='bbox 1175 1619 1212 1646; x_wconf 90' lang='lat' dir='ltr'><strong>De</strong></span> <span class='ocrx_word' id='word_1_617' title='bbox 1226 1627 1258 1646; x_wconf 92' lang='lat' dir='ltr'><strong>eo</strong></span> <span class='ocrx_word' id='word_1_618' title='bbox 1269 1623 1362 1653; x_wconf 88' lang='lat' dir='ltr'><strong>potero</strong></span> <span class='ocrx_word' id='word_1_619' title='bbox 1373 1618 1480 1653; x_wconf 87' lang='lat' dir='ltr'><strong>gloriari</strong></span> <span class='ocrx_word' id='word_1_620' title='bbox 1493 1625 1524 1644; x_wconf 93' lang='lat' dir='ltr'><strong>ac</strong></span> <span class='ocrx_word' id='word_1_621' title='bbox 1535 1618 1681 1652; x_wconf 62' lang='lat' dir='ltr'><strong>pradicare</strong></span> <span class='ocrx_word' id='word_1_622' title='bbox 1691 1617 1777 1652; x_wconf 88' lang='lat' dir='ltr'><strong>qualis</strong></span> <span class='ocrx_word' id='word_1_623' title='bbox 1788 1611 1889 1647; x_wconf 43' lang='lat' dir='ltr'><strong>esset;-</strong></span> 
     </span>
    </p>
   </div>
   <div class='ocr_carea' id='block_1_78' title="bbox 1094 1663 1875 1702">
    <p class='ocr_par' dir='ltr' id='par_1_78' title="bbox 1094 1663 1875 1702">
     <span class='ocr_line' id='line_1_78' title="bbox 1094 1663 1875 1702; baseline -0.005 -9"><span class='ocrx_word' id='word_1_624' title='bbox 1094 1674 1173 1702; x_wconf 89' lang='lat' dir='ltr'><strong>quem</strong></span> <span class='ocrx_word' id='word_1_625' title='bbox 1189 1666 1249 1693; x_wconf 90' lang='lat' dir='ltr'><strong>novi</strong></span> <span class='ocrx_word' id='word_1_626' title='bbox 1260 1673 1331 1699; x_wconf 67' lang='lat' dir='ltr'><strong>saape</strong></span> <span class='ocrx_word' id='word_1_627' title='bbox 1345 1673 1406 1693; x_wconf 78' lang='lat' dir='ltr'><strong>eSse</strong></span> <span class='ocrx_word' id='word_1_628' title='bbox 1417 1666 1591 1699; x_wconf 85' lang='lat' dir='ltr'><strong>lucrymatum</strong></span> <span class='ocrx_word' id='word_1_629' title='bbox 1606 1668 1714 1698; x_wconf 79' lang='lat' dir='ltr'><strong>propter</strong></span> <span class='ocrx_word' id='word_1_630' title='bbox 1726 1671 1773 1690; x_wconf 89' lang='lat' dir='ltr'><strong>eos</strong></span> <span class='ocrx_word' id='word_1_631' title='bbox 1786 1663 1831 1697; x_wconf 89' lang='lat' dir='ltr'><strong>qui</strong></span> <span class='ocrx_word' id='word_1_632' title='bbox 1842 1670 1875 1690; x_wconf 83' lang='lat' dir='ltr'><strong>ex</strong></span> 
     </span>
    </p>
   </div>
   <div class='ocr_carea' id='block_1_79' title="bbox 1095 1707 1878 1744">
    <p class='ocr_par' dir='ltr' id='par_1_79' title="bbox 1095 1707 1878 1744">
     <span class='ocr_line' id='line_1_79' title="bbox 1095 1707 1878 1744; baseline -0.008 -4"><span class='ocrx_word' id='word_1_633' title='bbox 1095 1713 1254 1740; x_wconf 81' lang='lat' dir='ltr'><strong>necessitate</strong></span> <span class='ocrx_word' id='word_1_634' title='bbox 1269 1711 1426 1738; x_wconf 81' lang='lat' dir='ltr'><strong>laborabant</strong></span> <span class='ocrx_word' id='word_1_635' title='bbox 1438 1710 1543 1744; x_wconf 81' lang='lat' dir='ltr'><strong>inopia;</strong></span> <span class='ocrx_word' id='word_1_636' title='bbox 1559 1709 1693 1744; x_wconf 67' lang='lat' dir='ltr'><strong>praebebat</strong></span> <span class='ocrx_word' id='word_1_637' title='bbox 1705 1715 1769 1742; x_wconf 89' lang='lat' dir='ltr'><strong>ergo</strong></span> <span class='ocrx_word' id='word_1_638' title='bbox 1779 1708 1801 1735; x_wconf 91' lang='lat' dir='ltr'><strong>si</strong></span> <span class='ocrx_word' id='word_1_639' title='bbox 1814 1707 1878 1742; x_wconf 86' lang='lat' dir='ltr'><strong>quid</strong></span> 
     </span>
    </p>
   </div>
   <div class='ocr_carea' id='block_1_80' title="bbox 1095 1755 1883 1791">
    <p class='ocr_par' dir='ltr' id='par_1_80' title="bbox 1095 1755 1883 1791">
     <span class='ocr_line' id='line_1_80' title="bbox 1095 1755 1883 1791; baseline -0.006 -6"><span class='ocrx_word' id='word_1_640' title='bbox 1095 1758 1220 1789; x_wconf 82' lang='lat' dir='ltr'><strong>habebat,</strong></span> <span class='ocrx_word' id='word_1_641' title='bbox 1235 1765 1284 1784; x_wconf 87' lang='lat' dir='ltr'><strong>suo</strong></span> <span class='ocrx_word' id='word_1_642' title='bbox 1297 1764 1408 1791; x_wconf 88' lang='lat' dir='ltr'><strong>corpore</strong></span> <span class='ocrx_word' id='word_1_643' title='bbox 1422 1759 1548 1790; x_wconf 89' lang='lat' dir='ltr'><strong>excepto.</strong></span> <span class='ocrx_word' id='word_1_644' title='bbox 1565 1755 1630 1783; x_wconf 85' lang='lat' dir='ltr'><strong>Novi</strong></span> <span class='ocrx_word' id='word_1_645' title='bbox 1643 1755 1724 1782; x_wconf 87' lang='lat' dir='ltr'><strong>etiam</strong></span> <span class='ocrx_word' id='word_1_646' title='bbox 1744 1761 1805 1781; x_wconf 87' lang='lat' dir='ltr'><strong>eum</strong></span> <span class='ocrx_word' id='word_1_647' title='bbox 1821 1760 1883 1781; x_wconf 86' lang='lat' dir='ltr'><strong>esse</strong></span> 
     </span>
    </p>
   </div>
   <div class='ocr_carea' id='block_1_81' title="bbox 1095 1801 1883 1839">
    <p class='ocr_par' dir='ltr' id='par_1_81' title="bbox 1095 1801 1883 1839">
     <span class='ocr_line' id='line_1_81' title="bbox 1095 1801 1883 1839; baseline -0.008 -8"><span class='ocrx_word' id='word_1_648' title='bbox 1095 1805 1270 1839; x_wconf 82' lang='lat' dir='ltr'><strong>lacrymatum</strong></span> <span class='ocrx_word' id='word_1_649' title='bbox 1283 1808 1392 1838; x_wconf 87' lang='lat' dir='ltr'><strong>propter</strong></span> <span class='ocrx_word' id='word_1_650' title='bbox 1405 1810 1465 1830; x_wconf 90' lang='lat' dir='ltr'><strong>eum</strong></span> <span class='ocrx_word' id='word_1_651' title='bbox 1480 1801 1523 1836; x_wconf 90' lang='lat' dir='ltr'><strong>qni</strong></span> <span class='ocrx_word' id='word_1_652' title='bbox 1537 1801 1671 1829; x_wconf 88' lang='lat' dir='ltr'><strong>ceciderat</strong></span> <span class='ocrx_word' id='word_1_653' title='bbox 1684 1801 1709 1827; x_wconf 90' lang='lat' dir='ltr'><strong>in</strong></span> <span class='ocrx_word' id='word_1_654' title='bbox 1725 1805 1843 1834; x_wconf 84' lang='lat' dir='ltr'><strong>peccata,</strong></span> <span class='ocrx_word' id='word_1_655' title='bbox 1854 1803 1883 1825; x_wconf 82' lang='lat' dir='ltr'><strong>et</strong></span> 
     </span>
    </p>
   </div>
   <div class='ocr_carea' id='block_1_82' title="bbox 1096 1845 1884 1884">
    <p class='ocr_par' dir='ltr' id='par_1_82' title="bbox 1096 1845 1884 1884">
     <span class='ocr_line' id='line_1_82' title="bbox 1096 1845 1884 1884; baseline -0.009 -7"><span class='ocrx_word' id='word_1_656' title='bbox 1096 1857 1157 1877; x_wconf 88' lang='lat' dir='ltr'><strong>eum</strong></span> <span class='ocrx_word' id='word_1_657' title='bbox 1168 1850 1212 1884; x_wconf 93' lang='lat' dir='ltr'><strong>qui</strong></span> <span class='ocrx_word' id='word_1_658' title='bbox 1226 1849 1360 1876; x_wconf 85' lang='lat' dir='ltr'><strong>ceciderat</strong></span> <span class='ocrx_word' id='word_1_659' title='bbox 1381 1847 1525 1874; x_wconf 81' lang='lat' dir='ltr'><strong>adduxisse</strong></span> <span class='ocrx_word' id='word_1_660' title='bbox 1549 1846 1675 1880; x_wconf 86' lang='lat' dir='ltr'><strong>lacrymis</strong></span> <span class='ocrx_word' id='word_1_661' title='bbox 1700 1846 1733 1872; x_wconf 82' lang='lat' dir='ltr'><strong>ad</strong></span> <span class='ocrx_word' id='word_1_662' title='bbox 1753 1845 1884 1879; x_wconf 72' lang='lat' dir='ltr'><strong>pmuiten-</strong></span> 
     </span>
    </p>
   </div>
   <div class='ocr_carea' id='block_1_83' title="bbox 1097 1889 1882 1927">
    <p class='ocr_par' dir='ltr' id='par_1_83' title="bbox 1097 1889 1882 1927">
     <span class='ocr_line' id='line_1_83' title="bbox 1097 1889 1882 1927; baseline -0.009 -6"><span class='ocrx_word' id='word_1_663' title='bbox 1097 1896 1170 1921; x_wconf 86' lang='lat' dir='ltr'><strong>tiam.</strong></span> <span class='ocrx_word' id='word_1_664' title='bbox 1184 1894 1208 1921; x_wconf 87' lang='lat' dir='ltr'><strong>ls</strong></span> <span class='ocrx_word' id='word_1_665' title='bbox 1222 1893 1285 1920; x_wconf 90' lang='lat' dir='ltr'><strong>mihi</strong></span> <span class='ocrx_word' id='word_1_666' title='bbox 1300 1893 1442 1927; x_wconf 88' lang='lat' dir='ltr'><strong>aliquando</strong></span> <span class='ocrx_word' id='word_1_667' title='bbox 1456 1892 1506 1919; x_wconf 91' lang='lat' dir='ltr'><strong>hoc</strong></span> <span class='ocrx_word' id='word_1_668' title='bbox 1526 1891 1644 1918; x_wconf 85' lang='lat' dir='ltr'><strong>narravit</strong></span> <span class='ocrx_word' id='word_1_669' title='bbox 1659 1898 1666 1917; x_wconf 91' lang='lat'><strong>:</strong></span> <span class='ocrx_word' id='word_1_670' title='bbox 1684 1890 1765 1916; x_wconf 86' lang='lat' dir='ltr'><strong>Deum</strong></span> <span class='ocrx_word' id='word_1_671' title='bbox 1776 1889 1882 1923; x_wconf 62' lang='lat' dir='ltr'><strong>rogavi,</strong></span> 
     </span>
    </p>
   </div>
   <div class='ocr_carea' id='block_1_84' title="bbox 1097 1937 1881 1974">
    <p class='ocr_par' dir='ltr' id='par_1_84' title="bbox 1097 1937 1881 1974">
     <span class='ocr_line' id='line_1_84' title="bbox 1097 1937 1881 1974; baseline -0.005 -7"><span class='ocrx_word' id='word_1_672' title='bbox 1097 1947 1124 1968; x_wconf 90' lang='lat' dir='ltr'><strong>ut</strong></span> <span class='ocrx_word' id='word_1_673' title='bbox 1135 1941 1267 1968; x_wconf 88' lang='lat' dir='ltr'><strong>neminem</strong></span> <span class='ocrx_word' id='word_1_674' title='bbox 1277 1945 1477 1974; x_wconf 79' lang='lat' dir='ltr'><strong>compungerei,</strong></span> <span class='ocrx_word' id='word_1_675' title='bbox 1490 1939 1606 1966; x_wconf 87' lang='lat' dir='ltr'><strong>maxime</strong></span> <span class='ocrx_word' id='word_1_676' title='bbox 1612 1946 1643 1965; x_wconf 88' lang='lat' dir='ltr'><strong>ex</strong></span> <span class='ocrx_word' id='word_1_677' title='bbox 1653 1938 1780 1964; x_wconf 76' lang='lat' dir='ltr'><strong>divitibus</strong></span> <span class='ocrx_word' id='word_1_678' title='bbox 1790 1942 1817 1963; x_wconf 85' lang='lat' dir='ltr'><strong>et</strong></span> <span class='ocrx_word' id='word_1_679' title='bbox 1826 1937 1881 1964; x_wconf 91' lang='lat' dir='ltr'><strong>im-</strong></span> 
     </span>
    </p>
   </div>
   <div class='ocr_carea' id='block_1_85' title="bbox 1098 1983 1879 2020">
    <p class='ocr_par' dir='ltr' id='par_1_85' title="bbox 1098 1983 1879 2020">
     <span class='ocr_line' id='line_1_85' title="bbox 1098 1983 1879 2020; baseline -0.005 -7"><span class='ocrx_word' id='word_1_680' title='bbox 1098 1986 1200 2020; x_wconf 87' lang='lat' dir='ltr'><strong>probis,</strong></span> <span class='ocrx_word' id='word_1_681' title='bbox 1216 1991 1245 2013; x_wconf 92' lang='lat' dir='ltr'><strong>ut</strong></span> <span class='ocrx_word' id='word_1_682' title='bbox 1259 1987 1322 2013; x_wconf 90' lang='lat' dir='ltr'><strong>mihi</strong></span> <span class='ocrx_word' id='word_1_683' title='bbox 1339 1985 1438 2020; x_wconf 84' lang='lat' dir='ltr'><strong>aliquid</strong></span> <span class='ocrx_word' id='word_1_684' title='bbox 1449 1985 1544 2013; x_wconf 83' lang='lat' dir='ltr'><strong>darent</strong></span> <span class='ocrx_word' id='word_1_685' title='bbox 1559 1984 1629 2019; x_wconf 89' lang='lat' dir='ltr'><strong>quod</strong></span> <span class='ocrx_word' id='word_1_686' title='bbox 1650 1987 1723 2010; x_wconf 80' lang='lat' dir='ltr'><strong>esset</strong></span> <span class='ocrx_word' id='word_1_687' title='bbox 1745 1983 1778 2010; x_wconf 88' lang='lat' dir='ltr'><strong>ad</strong></span> <span class='ocrx_word' id='word_1_688' title='bbox 1799 1990 1879 2009; x_wconf 87' lang='lat' dir='ltr'><strong>usum</strong></span> 
     </span>
    </p>
   </div>
   <div class='ocr_carea' id='block_1_86' title="bbox 1098 2033 1293 2060">
    <p class='ocr_par' dir='ltr' id='par_1_86' title="bbox 1098 2033 1293 2060">
     <span class='ocr_line' id='line_1_86' title="bbox 1098 2033 1293 2060; baseline -0.005 -1"><span class='ocrx_word' id='word_1_689' title='bbox 1098 2033 1293 2060; x_wconf 86' lang='lat' dir='ltr'><strong>necessarium.</strong></span> 
     </span>
    </p>
   </div>
   <div class='ocr_carea' id='block_1_87' title="bbox 1135 2072 1885 2109">
    <p class='ocr_par' dir='ltr' id='par_1_87' title="bbox 1135 2072 1885 2109">
     <span class='ocr_line' id='line_1_87' title="bbox 1135 2072 1885 2109; baseline -0.008 -5"><span class='ocrx_word' id='word_1_690' title='bbox 1135 2077 1197 2104; x_wconf 78' lang='lat' dir='ltr'><strong>Mihi</strong></span> <span class='ocrx_word' id='word_1_691' title='bbox 1209 2081 1296 2103; x_wconf 90' lang='lat' dir='ltr'><strong>autem</strong></span> <span class='ocrx_word' id='word_1_692' title='bbox 1312 2076 1363 2103; x_wconf 89' lang='lat' dir='ltr'><strong>hoc</strong></span> <span class='ocrx_word' id='word_1_693' title='bbox 1376 2075 1484 2108; x_wconf 77' lang='lat' dir='ltr'><strong>sufﬁcit,</strong></span> <span class='ocrx_word' id='word_1_694' title='bbox 1500 2075 1569 2109; x_wconf 91' lang='lat' dir='ltr'><strong>quod</strong></span> <span class='ocrx_word' id='word_1_695' title='bbox 1584 2074 1678 2109; x_wconf 87' lang='lat' dir='ltr'><strong>dignus</strong></span> <span class='ocrx_word' id='word_1_696' title='bbox 1693 2073 1741 2100; x_wconf 89' lang='lat' dir='ltr'><strong>sim</strong></span> <span class='ocrx_word' id='word_1_697' title='bbox 1760 2072 1864 2099; x_wconf 88' lang='lat' dir='ltr'><strong>habitus</strong></span> <span class='ocrx_word' id='word_1_698' title='bbox 1876 2091 1885 2102; x_wconf 84' lang='lat'><strong>,</strong></span> 
     </span>
    </p>
   </div>
   <div class='ocr_carea' id='block_1_88' title="bbox 1097 2118 1885 2157">
    <p class='ocr_par' dir='ltr' id='par_1_88' title="bbox 1097 2118 1885 2157">
     <span class='ocr_line' id='line_1_88' title="bbox 1097 2118 1885 2157; baseline -0.008 -8"><span class='ocrx_word' id='word_1_699' title='bbox 1097 2123 1141 2157; x_wconf 93' lang='lat' dir='ltr'><strong>qui</strong></span> <span class='ocrx_word' id='word_1_700' title='bbox 1155 2122 1248 2149; x_wconf 88' lang='lat' dir='ltr'><strong>horum</strong></span> <span class='ocrx_word' id='word_1_701' title='bbox 1263 2121 1380 2149; x_wconf 87' lang='lat' dir='ltr'><strong>omnium</strong></span> <span class='ocrx_word' id='word_1_702' title='bbox 1405 2120 1584 2152; x_wconf 85' lang='lat' dir='ltr'><strong>meminissem</strong></span> <span class='ocrx_word' id='word_1_703' title='bbox 1599 2127 1657 2154; x_wconf 64' lang='lat' dir='ltr'><strong>quae</strong></span> <span class='ocrx_word' id='word_1_704' title='bbox 1679 2118 1785 2152; x_wconf 80' lang='lat' dir='ltr'><strong>scriptis</strong></span> <span class='ocrx_word' id='word_1_705' title='bbox 1808 2125 1885 2144; x_wconf 88' lang='lat' dir='ltr'><strong>mau-</strong></span> 
     </span>
    </p>
   </div>
   <div class='ocr_carea' id='block_1_89' title="bbox 1098 2166 1887 2197">
    <p class='ocr_par' dir='ltr' id='par_1_89' title="bbox 1098 2166 1887 2197">
     <span class='ocr_line' id='line_1_89' title="bbox 1098 2166 1887 2197; baseline -0.005 -2"><span class='ocrx_word' id='word_1_706' title='bbox 1098 2169 1168 2197; x_wconf 90' lang='lat' dir='ltr'><strong>davi.</strong></span> <span class='ocrx_word' id='word_1_707' title='bbox 1185 2168 1242 2196; x_wconf 86' lang='lat' dir='ltr'><strong>Non</strong></span> <span class='ocrx_word' id='word_1_708' title='bbox 1256 2169 1327 2196; x_wconf 87' lang='lat' dir='ltr'><strong>enim</strong></span> <span class='ocrx_word' id='word_1_709' title='bbox 1343 2168 1402 2195; x_wconf 89' lang='lat' dir='ltr'><strong>sine</strong></span> <span class='ocrx_word' id='word_1_710' title='bbox 1415 2167 1460 2194; x_wconf 88' lang='lat' dir='ltr'><strong>Dei</strong></span> <span class='ocrx_word' id='word_1_711' title='bbox 1478 2167 1585 2194; x_wconf 90' lang='lat' dir='ltr'><strong>numine</strong></span> <span class='ocrx_word' id='word_1_712' title='bbox 1602 2166 1651 2193; x_wconf 92' lang='lat' dir='ltr'><strong>hoc</strong></span> <span class='ocrx_word' id='word_1_713' title='bbox 1667 2166 1764 2192; x_wconf 86' lang='lat' dir='ltr'><strong>factum</strong></span> <span class='ocrx_word' id='word_1_714' title='bbox 1779 2169 1819 2191; x_wconf 85' lang='lat' dir='ltr'><strong>est</strong></span> <span class='ocrx_word' id='word_1_715' title='bbox 1832 2184 1839 2195; x_wconf 93' lang='lat'><strong>,</strong></span> <span class='ocrx_word' id='word_1_716' title='bbox 1856 2168 1887 2191; x_wconf 73' lang='lat' dir='ltr'><strong>ut</strong></span> 
     </span>
    </p>
   </div>
   <div class='ocr_carea' id='block_1_90' title="bbox 1099 2209 1884 2246">
    <p class='ocr_par' dir='ltr' id='par_1_90' title="bbox 1099 2209 1884 2246">
     <span class='ocr_line' id='line_1_90' title="bbox 1099 2209 1884 2246; baseline -0.006 -6"><span class='ocrx_word' id='word_1_717' title='bbox 1099 2221 1175 2240; x_wconf 86' lang='lat' dir='ltr'><strong>meus</strong></span> <span class='ocrx_word' id='word_1_718' title='bbox 1191 2219 1235 2240; x_wconf 91' lang='lat' dir='ltr'><strong>tua</strong></span> <span class='ocrx_word' id='word_1_719' title='bbox 1250 2217 1401 2240; x_wconf 86' lang='lat' dir='ltr'><strong>moveretur</strong></span> <span class='ocrx_word' id='word_1_720' title='bbox 1413 2217 1441 2238; x_wconf 94' lang='lat' dir='ltr'><strong>ut</strong></span> <span class='ocrx_word' id='word_1_721' title='bbox 1452 2212 1560 2246; x_wconf 87' lang='lat' dir='ltr'><strong>juberes</strong></span> <span class='ocrx_word' id='word_1_722' title='bbox 1572 2219 1615 2238; x_wconf 90' lang='lat' dir='ltr'><strong>me</strong></span> <span class='ocrx_word' id='word_1_723' title='bbox 1629 2211 1700 2237; x_wconf 90' lang='lat' dir='ltr'><strong>hune</strong></span> <span class='ocrx_word' id='word_1_724' title='bbox 1710 2210 1805 2236; x_wconf 87' lang='lat' dir='ltr'><strong>librum</strong></span> <span class='ocrx_word' id='word_1_725' title='bbox 1817 2209 1884 2236; x_wconf 87' lang='lat' dir='ltr'><strong>scri-</strong></span> 
     </span>
    </p>
   </div>
   <div class='ocr_carea' id='block_1_91' title="bbox 262 2252 1042 2300">
    <p class='ocr_par' dir='ltr' id='par_1_91' title="bbox 262 2252 1042 2300">
     <span class='ocr_line' id='line_1_91' title="bbox 262 2252 1042 2300; baseline -0.003 -6"><span class='ocrx_word' id='word_1_726' title='bbox 262 2267 401 2294; x_wconf 86' lang='lat' dir='ltr'><strong>Duminum</strong></span> <span class='ocrx_word' id='word_1_727' title='bbox 417 2266 623 2298; x_wconf 87' lang='lat' dir='ltr'><strong>nominantibus,</strong></span> <span class='ocrx_word' id='word_1_728' title='bbox 640 2266 756 2298; x_wconf 79' lang='lat' dir='ltr'><strong>ChriSIe,</strong></span> <span class='ocrx_word' id='word_1_729' title='bbox 771 2265 866 2300; x_wconf 87' lang='lat' dir='ltr'><strong>adjuva</strong></span> <span class='ocrx_word' id='word_1_730' title='bbox 881 2252 941 2298; x_wconf 73' lang='lat' dir='ltr'><strong>nos,</strong></span> <span class='ocrx_word' id='word_1_731' title='bbox 957 2265 1042 2292; x_wconf 86' lang='lat' dir='ltr'><strong>statim</strong></span> 
     </span>
    </p>
   </div>
   <div class='ocr_carea' id='block_1_92' title="bbox 1094 2252 1888 2300">
    <p class='ocr_par' dir='ltr' id='par_1_92' title="bbox 1101 2255 1888 2292">
     <span class='ocr_line' id='line_1_92' title="bbox 1101 2255 1888 2292; baseline -0.009 -6"><span class='ocrx_word' id='word_1_732' title='bbox 1101 2260 1172 2290; x_wconf 86' lang='lat' dir='ltr'><strong>bere,</strong></span> <span class='ocrx_word' id='word_1_733' title='bbox 1187 2258 1302 2292; x_wconf 80' lang='lat' dir='ltr'><strong>scriptis,</strong></span> <span class='ocrx_word' id='word_1_734' title='bbox 1318 2257 1434 2292; x_wconf 87' lang='lat' dir='ltr'><strong>inquam,</strong></span> <span class='ocrx_word' id='word_1_735' title='bbox 1453 2257 1559 2284; x_wconf 86' lang='lat' dir='ltr'><strong>tradere</strong></span> <span class='ocrx_word' id='word_1_736' title='bbox 1573 2257 1653 2283; x_wconf 88' lang='lat' dir='ltr'><strong>vitam</strong></span> <span class='ocrx_word' id='word_1_737' title='bbox 1669 2255 1764 2282; x_wconf 90' lang='lat' dir='ltr'><strong>horum</strong></span> <span class='ocrx_word' id='word_1_738' title='bbox 1779 2259 1888 2281; x_wconf 80' lang='lat' dir='ltr'><strong>sanctu—</strong></span> 
     </span>
    </p>
   </div>
   <div class='ocr_carea' id='block_1_93' title="bbox 261 2310 1048 2346">
    <p class='ocr_par' dir='ltr' id='par_1_93' title="bbox 261 2310 1048 2346">
     <span class='ocr_line' id='line_1_93' title="bbox 261 2310 1048 2346; baseline -0.001 -7"><span class='ocrx_word' id='word_1_739' title='bbox 261 2312 357 2339; x_wconf 73' lang='lat' dir='ltr'><strong>bellnte</strong></span> <span class='ocrx_word' id='word_1_740' title='bbox 371 2316 494 2346; x_wconf 88' lang='lat' dir='ltr'><strong>tanquam</strong></span> <span class='ocrx_word' id='word_1_741' title='bbox 511 2311 544 2339; x_wconf 91' lang='lat' dir='ltr'><strong>ab</strong></span> <span class='ocrx_word' id='word_1_742' title='bbox 556 2311 651 2346; x_wconf 87' lang='lat' dir='ltr'><strong>angelo</strong></span> <span class='ocrx_word' id='word_1_743' title='bbox 665 2318 779 2343; x_wconf 66' lang='lat' dir='ltr'><strong>aversae,</strong></span> <span class='ocrx_word' id='word_1_744' title='bbox 795 2310 897 2344; x_wconf 89' lang='lat' dir='ltr'><strong>seipsas</strong></span> <span class='ocrx_word' id='word_1_745' title='bbox 910 2311 938 2337; x_wconf 92' lang='lat' dir='ltr'><strong>in</strong></span> <span class='ocrx_word' id='word_1_746' title='bbox 949 2318 1048 2345; x_wconf 83' lang='lat' dir='ltr'><strong>aquam</strong></span> 
     </span>
    </p>
   </div>
   <div class='ocr_carea' id='block_1_94' title="bbox 261 2356 1047 2392">
    <p class='ocr_par' dir='ltr' id='par_1_94' title="bbox 261 2356 1047 2392">
     <span class='ocr_line' id='line_1_94' title="bbox 261 2356 1047 2392; baseline -0.004 -7"><span class='ocrx_word' id='word_1_747' title='bbox 261 2362 323 2385; x_wconf 87' lang='lat' dir='ltr'><strong>sunt</strong></span> <span class='ocrx_word' id='word_1_748' title='bbox 333 2358 465 2392; x_wconf 72' lang='lat' dir='ltr'><strong>jaculatat.</strong></span> <span class='ocrx_word' id='word_1_749' title='bbox 481 2357 535 2385; x_wconf 90' lang='lat' dir='ltr'><strong>Nos</strong></span> <span class='ocrx_word' id='word_1_750' title='bbox 548 2362 637 2384; x_wconf 88' lang='lat' dir='ltr'><strong>autem</strong></span> <span class='ocrx_word' id='word_1_751' title='bbox 651 2356 756 2384; x_wconf 89' lang='lat' dir='ltr'><strong>Nitreas</strong></span> <span class='ocrx_word' id='word_1_752' title='bbox 771 2363 867 2391; x_wconf 83' lang='lat' dir='ltr'><strong>magno</strong></span> <span class='ocrx_word' id='word_1_753' title='bbox 884 2363 965 2383; x_wconf 86' lang='lat' dir='ltr'><strong>cursu</strong></span> <span class='ocrx_word' id='word_1_754' title='bbox 983 2363 1047 2382; x_wconf 89' lang='lat' dir='ltr'><strong>con-</strong></span> 
     </span>
    </p>
   </div>
   <div class='ocr_carea' id='block_1_95' title="bbox 263 2401 1048 2436">
    <p class='ocr_par' dir='ltr' id='par_1_95' title="bbox 263 2401 1048 2436">
     <span class='ocr_line' id='line_1_95' title="bbox 263 2401 1048 2436; baseline -0.003 -5"><span class='ocrx_word' id='word_1_755' title='bbox 263 2404 409 2436; x_wconf 88' lang='lat' dir='ltr'><strong>tendimus,</strong></span> <span class='ocrx_word' id='word_1_756' title='bbox 424 2403 497 2431; x_wconf 81' lang='lat' dir='ltr'><strong>illam</strong></span> <span class='ocrx_word' id='word_1_757' title='bbox 517 2411 609 2430; x_wconf 88' lang='lat' dir='ltr'><strong>vocem</strong></span> <span class='ocrx_word' id='word_1_758' title='bbox 630 2402 680 2430; x_wconf 82' lang='lat' dir='ltr'><strong>Job</strong></span> <span class='ocrx_word' id='word_1_759' title='bbox 702 2403 881 2435; x_wconf 85' lang='lat' dir='ltr'><strong>meditantes,</strong></span> <span class='ocrx_word' id='word_1_760' title='bbox 904 2402 949 2430; x_wconf 89' lang='lat' dir='ltr'><strong>ubi</strong></span> <span class='ocrx_word' id='word_1_761' title='bbox 964 2401 1048 2429; x_wconf 89' lang='lat' dir='ltr'><strong>dicit:</strong></span> 
     </span>
    </p>
   </div>
   <div class='ocr_carea' id='block_1_96' title="bbox 262 2447 1049 2484">
    <p class='ocr_par' dir='ltr' id='par_1_96' title="bbox 262 2447 1049 2484">
     <span class='ocr_line' id='line_1_96' title="bbox 262 2447 1049 2484; baseline -0.005 -7"><span class='ocrx_word' id='word_1_762' title='bbox 262 2449 366 2484; x_wconf 89' lang='lat' dir='ltr'><strong>Septies</strong></span> <span class='ocrx_word' id='word_1_763' title='bbox 379 2457 412 2476; x_wconf 82' lang='lat' dir='ltr'><strong>ex</strong></span> <span class='ocrx_word' id='word_1_764' title='bbox 427 2449 630 2476; x_wconf 69' lang='lat' dir='ltr'><strong>necessitatibus</strong></span> <span class='ocrx_word' id='word_1_765' title='bbox 646 2448 769 2475; x_wconf 86' lang='lat' dir='ltr'><strong>liberabit</strong></span> <span class='ocrx_word' id='word_1_766' title='bbox 784 2452 823 2479; x_wconf 92' lang='lat' dir='ltr'><strong>te;</strong></span> <span class='ocrx_word' id='word_1_767' title='bbox 839 2447 866 2473; x_wconf 93' lang='lat' dir='ltr'><strong>in</strong></span> <span class='ocrx_word' id='word_1_768' title='bbox 883 2451 977 2474; x_wconf 85' lang='lat' dir='ltr'><strong>octavo</strong></span> <span class='ocrx_word' id='word_1_769' title='bbox 999 2454 1049 2473; x_wconf 89' lang='lat' dir='ltr'><strong>au-</strong></span> 
     </span>
    </p>
   </div>
   <div class='ocr_carea' id='block_1_97' title="bbox 263 2493 1046 2529">
    <p class='ocr_par' dir='ltr' id='par_1_97' title="bbox 263 2493 1046 2529">
     <span class='ocr_line' id='line_1_97' title="bbox 263 2493 1046 2529; baseline -0.004 -7"><span class='ocrx_word' id='word_1_770' title='bbox 263 2501 315 2523; x_wconf 90' lang='lat' dir='ltr'><strong>tem</strong></span> <span class='ocrx_word' id='word_1_771' title='bbox 330 2501 355 2522; x_wconf 90' lang='lat' dir='ltr'><strong>te</strong></span> <span class='ocrx_word' id='word_1_772' title='bbox 369 2503 421 2523; x_wconf 92' lang='lat' dir='ltr'><strong>uon</strong></span> <span class='ocrx_word' id='word_1_773' title='bbox 434 2495 545 2529; x_wconf 83' lang='lat' dir='ltr'><strong>attinget</strong></span> <span class='ocrx_word' id='word_1_774' title='bbox 554 2495 653 2521; x_wconf 89' lang='lat' dir='ltr'><strong>tualutn</strong></span> <span class='ocrx_word' id='word_1_775' title='bbox 669 2494 730 2529; x_wconf 83' lang='lat' dir='ltr'><strong>(Job</strong></span> <span class='ocrx_word' id='word_1_776' title='bbox 738 2494 776 2528; x_wconf 86' lang='lat' dir='ltr'><strong>v).</strong></span> <span class='ocrx_word' id='word_1_777' title='bbox 792 2494 846 2521; x_wconf 85' lang='lat' dir='ltr'><strong>Deo</strong></span> <span class='ocrx_word' id='word_1_778' title='bbox 860 2501 924 2527; x_wconf 84' lang='lat' dir='ltr'><strong>ergo</strong></span> <span class='ocrx_word' id='word_1_779' title='bbox 939 2493 1046 2528; x_wconf 78' lang='lat' dir='ltr'><strong>agimus</strong></span> 
     </span>
    </p>
   </div>
   <div class='ocr_carea' id='block_1_98' title="bbox 263 2537 1050 2575">
    <p class='ocr_par' dir='ltr' id='par_1_98' title="bbox 263 2537 1050 2575">
     <span class='ocr_line' id='line_1_98' title="bbox 263 2537 1050 2575; baseline -0.004 -8"><span class='ocrx_word' id='word_1_780' title='bbox 263 2543 360 2575; x_wconf 81' lang='lat' dir='ltr'><strong>gratias</strong></span> <span class='ocrx_word' id='word_1_781' title='bbox 373 2541 482 2575; x_wconf 89' lang='lat' dir='ltr'><strong>quinos</strong></span> <span class='ocrx_word' id='word_1_782' title='bbox 502 2547 533 2567; x_wconf 85' lang='lat' dir='ltr'><strong>ex</strong></span> <span class='ocrx_word' id='word_1_783' title='bbox 549 2544 589 2567; x_wconf 89' lang='lat' dir='ltr'><strong>tot</strong></span> <span class='ocrx_word' id='word_1_784' title='bbox 610 2539 731 2567; x_wconf 88' lang='lat' dir='ltr'><strong>liberavit</strong></span> <span class='ocrx_word' id='word_1_785' title='bbox 752 2539 879 2574; x_wconf 85' lang='lat' dir='ltr'><strong>periculis</strong></span> <span class='ocrx_word' id='word_1_786' title='bbox 921 2544 949 2565; x_wconf 89' lang='lat' dir='ltr'><strong>et</strong></span> <span class='ocrx_word' id='word_1_787' title='bbox 972 2537 1050 2565; x_wconf 88' lang='lat' dir='ltr'><strong>nobis</strong></span> 
     </span>
    </p>
   </div>
   <div class='ocr_carea' id='block_1_99' title="bbox 265 2585 662 2621">
    <p class='ocr_par' dir='ltr' id='par_1_99' title="bbox 265 2585 662 2621">
     <span class='ocr_line' id='line_1_99' title="bbox 265 2585 662 2621; baseline -0.005 -8"><span class='ocrx_word' id='word_1_788' title='bbox 265 2594 359 2621; x_wconf 85' lang='lat' dir='ltr'><strong>magna</strong></span> <span class='ocrx_word' id='word_1_789' title='bbox 373 2585 490 2613; x_wconf 86' lang='lat' dir='ltr'><strong>ostendit</strong></span> <span class='ocrx_word' id='word_1_790' title='bbox 502 2585 662 2620; x_wconf 88' lang='lat' dir='ltr'><strong>spectacula.</strong></span> 
     </span>
    </p>
   </div>
   <div class='ocr_carea' id='block_1_100' title="bbox 558 2629 755 2658">
    <p class='ocr_par' dir='ltr' id='par_1_100' title="bbox 558 2629 755 2658">
     <span class='ocr_line' id='line_1_100' title="bbox 558 2629 755 2658; baseline 0 0"><span class='ocrx_word' id='word_1_791' title='bbox 558 2630 670 2658; x_wconf 75' lang='lat' dir='ltr'><strong>CAPUT</strong></span> <span class='ocrx_word' id='word_1_792' title='bbox 689 2629 755 2658; x_wconf 88' lang='lat' dir='ltr'><strong>CLI.</strong></span> 
     </span>
    </p>
   </div>
   <div class='ocr_carea' id='block_1_101' title="bbox 367 2673 953 2711">
    <p class='ocr_par' dir='ltr' id='par_1_101' title="bbox 367 2673 953 2711">
     <span class='ocr_line' id='line_1_101' title="bbox 367 2673 953 2711; baseline -0.005 -9"><span class='ocrx_word' id='word_1_793' title='bbox 367 2674 425 2703; x_wconf 78' lang='lat' dir='ltr'><strong>Vita</strong></span> <span class='ocrx_word' id='word_1_794' title='bbox 441 2675 527 2711; x_wconf 77' lang='lat' dir='ltr'><strong>fratris</strong></span> <span class='ocrx_word' id='word_1_795' title='bbox 542 2675 615 2710; x_wconf 70' lang='lat'><strong>(220)</strong></span> <span class='ocrx_word' id='word_1_796' title='bbox 628 2675 671 2709; x_wconf 83' lang='lat' dir='ltr'><strong>qui</strong></span> <span class='ocrx_word' id='word_1_797' title='bbox 683 2683 741 2701; x_wconf 85' lang='lat' dir='ltr'><strong>cum</strong></span> <span class='ocrx_word' id='word_1_798' title='bbox 753 2682 782 2701; x_wconf 78' lang='lat' dir='ltr'><strong>eo</strong></span> <span class='ocrx_word' id='word_1_799' title='bbox 796 2673 953 2700; x_wconf 67' lang='lat' dir='ltr'><strong>venabatur.</strong></span> 
     </span>
    </p>
   </div>
   <div class='ocr_carea' id='block_1_102' title="bbox 301 2718 1052 2756">
    <p class='ocr_par' dir='ltr' id='par_1_102' title="bbox 301 2718 1052 2756">
     <span class='ocr_line' id='line_1_102' title="bbox 301 2718 1052 2756; baseline -0.009 -7"><span class='ocrx_word' id='word_1_800' title='bbox 301 2723 366 2749; x_wconf 87' lang='lat' dir='ltr'><strong>Cum</strong></span> <span class='ocrx_word' id='word_1_801' title='bbox 381 2729 443 2756; x_wconf 88' lang='lat' dir='ltr'><strong>ergo</strong></span> <span class='ocrx_word' id='word_1_802' title='bbox 457 2728 539 2755; x_wconf 88' lang='lat' dir='ltr'><strong>pauca</strong></span> <span class='ocrx_word' id='word_1_803' title='bbox 550 2720 646 2747; x_wconf 82' lang='lat' dir='ltr'><strong>dixero</strong></span> <span class='ocrx_word' id='word_1_804' title='bbox 659 2720 693 2746; x_wconf 90' lang='lat' dir='ltr'><strong>de</strong></span> <span class='ocrx_word' id='word_1_805' title='bbox 707 2719 798 2751; x_wconf 88' lang='lat' dir='ltr'><strong>fratre,</strong></span> <span class='ocrx_word' id='word_1_806' title='bbox 813 2718 858 2753; x_wconf 90' lang='lat' dir='ltr'><strong>qui</strong></span> <span class='ocrx_word' id='word_1_807' title='bbox 875 2725 980 2745; x_wconf 85' lang='lat' dir='ltr'><strong>mecum</strong></span> <span class='ocrx_word' id='word_1_808' title='bbox 993 2724 1052 2744; x_wconf 77' lang='lat' dir='ltr'><strong>ver-</strong></span> 
     </span>
    </p>
   </div>
   <div class='ocr_carea' id='block_1_103' title="bbox 266 2761 1054 2800">
    <p class='ocr_par' dir='ltr' id='par_1_103' title="bbox 266 2761 1054 2800">
     <span class='ocr_line' id='line_1_103' title="bbox 266 2761 1054 2800; baseline -0.009 -6"><span class='ocrx_word' id='word_1_809' title='bbox 266 2771 340 2794; x_wconf 81' lang='lat' dir='ltr'><strong>satur</strong></span> <span class='ocrx_word' id='word_1_810' title='bbox 361 2775 376 2793; x_wconf 89' lang='lat' dir='ltr'><strong>a</strong></span> <span class='ocrx_word' id='word_1_811' title='bbox 396 2766 534 2800; x_wconf 71' lang='lat' dir='ltr'><strong>iuventute</strong></span> <span class='ocrx_word' id='word_1_812' title='bbox 560 2771 644 2798; x_wconf 84' lang='lat' dir='ltr'><strong>usque</strong></span> <span class='ocrx_word' id='word_1_813' title='bbox 667 2763 693 2791; x_wconf 94' lang='lat' dir='ltr'><strong>in</strong></span> <span class='ocrx_word' id='word_1_814' title='bbox 719 2763 876 2790; x_wconf 87' lang='lat' dir='ltr'><strong>hodiernum</strong></span> <span class='ocrx_word' id='word_1_815' title='bbox 900 2763 992 2794; x_wconf 85' lang='lat' dir='ltr'><strong>diem,</strong></span> <span class='ocrx_word' id='word_1_816' title='bbox 1011 2761 1054 2788; x_wconf 86' lang='lat' dir='ltr'><strong>hic</strong></span> 
     </span>
    </p>
   </div>
   <div class='ocr_carea' id='block_1_104' title="bbox 267 2807 1051 2845">
    <p class='ocr_par' dir='ltr' id='par_1_104' title="bbox 267 2807 1051 2845">
     <span class='ocr_line' id='line_1_104' title="bbox 267 2807 1051 2845; baseline -0.004 -7"><span class='ocrx_word' id='word_1_817' title='bbox 267 2811 391 2845; x_wconf 73' lang='lat' dir='ltr'><strong>dehieeps</strong></span> <span class='ocrx_word' id='word_1_818' title='bbox 405 2811 483 2838; x_wconf 86' lang='lat' dir='ltr'><strong>finem</strong></span> <span class='ocrx_word' id='word_1_819' title='bbox 497 2811 630 2844; x_wconf 88' lang='lat' dir='ltr'><strong>imponam</strong></span> <span class='ocrx_word' id='word_1_820' title='bbox 646 2809 773 2836; x_wconf 87' lang='lat' dir='ltr'><strong>orationi.</strong></span> <span class='ocrx_word' id='word_1_821' title='bbox 790 2809 858 2836; x_wconf 87' lang='lat' dir='ltr'><strong>Eum</strong></span> <span class='ocrx_word' id='word_1_822' title='bbox 873 2816 924 2843; x_wconf 84' lang='lat' dir='ltr'><strong>ego</strong></span> <span class='ocrx_word' id='word_1_823' title='bbox 937 2807 1051 2842; x_wconf 86' lang='lat' dir='ltr'><strong>cognovi</strong></span> 
     </span>
    </p>
   </div>
   <div class='ocr_carea' id='block_1_105' title="bbox 269 2853 1055 2891">
    <p class='ocr_par' dir='ltr' id='par_1_105' title="bbox 269 2853 1055 2891">
     <span class='ocr_line' id='line_1_105' title="bbox 269 2853 1055 2891; baseline -0.006 -6"><span class='ocrx_word' id='word_1_824' title='bbox 269 2857 350 2891; x_wconf 70' lang='lat' dir='ltr'><strong>longo</strong></span> <span class='ocrx_word' id='word_1_825' title='bbox 362 2861 492 2890; x_wconf 84' lang='lat' dir='ltr'><strong>tempore,</strong></span> <span class='ocrx_word' id='word_1_826' title='bbox 504 2864 564 2884; x_wconf 87' lang='lat' dir='ltr'><strong>cum</strong></span> <span class='ocrx_word' id='word_1_827' title='bbox 572 2855 745 2889; x_wconf 81' lang='lat' dir='ltr'><strong>comederet,</strong></span> <span class='ocrx_word' id='word_1_828' title='bbox 756 2855 828 2884; x_wconf 88' lang='lat' dir='ltr'><strong>uumi</strong></span> <span class='ocrx_word' id='word_1_829' title='bbox 839 2854 907 2890; x_wconf 65' lang='lat' dir='ltr'><strong>gulae</strong></span> <span class='ocrx_word' id='word_1_830' title='bbox 915 2853 1055 2881; x_wconf 79' lang='lat' dir='ltr'><strong>affectione</strong></span> 
     </span>
    </p>
   </div>
   <div class='ocr_carea' id='block_1_106' title="bbox 1100 2304 1479 2332">
    <p class='ocr_par' dir='ltr' id='par_1_106' title="bbox 1100 2304 1479 2332">
     <span class='ocr_line' id='line_1_106' title="bbox 1100 2304 1479 2332; baseline -0.008 0"><span class='ocrx_word' id='word_1_831' title='bbox 1100 2312 1158 2332; x_wconf 85' lang='lat' dir='ltr'><strong>rum</strong></span> <span class='ocrx_word' id='word_1_832' title='bbox 1175 2308 1201 2331; x_wconf 86' lang='lat' dir='ltr'><strong>et</strong></span> <span class='ocrx_word' id='word_1_833' title='bbox 1212 2304 1347 2331; x_wconf 88' lang='lat' dir='ltr'><strong>beatorum</strong></span> <span class='ocrx_word' id='word_1_834' title='bbox 1364 2304 1479 2330; x_wconf 85' lang='lat' dir='ltr'><strong>Patrum.</strong></span> 
     </span>
    </p>
   </div>
   <div class='ocr_carea' id='block_1_107' title="bbox 1136 2344 1891 2383">
    <p class='ocr_par' dir='ltr' id='par_1_107' title="bbox 1136 2344 1891 2383">
     <span class='ocr_line' id='line_1_107' title="bbox 1136 2344 1891 2383; baseline -0.011 -6"><span class='ocrx_word' id='word_1_835' title='bbox 1136 2350 1175 2377; x_wconf 90' lang='lat' dir='ltr'><strong>Tu</strong></span> <span class='ocrx_word' id='word_1_836' title='bbox 1190 2354 1279 2377; x_wconf 88' lang='lat' dir='ltr'><strong>autem</strong></span> <span class='ocrx_word' id='word_1_837' title='bbox 1291 2370 1300 2383; x_wconf 90' lang='lat'><strong>,</strong></span> <span class='ocrx_word' id='word_1_838' title='bbox 1315 2349 1468 2376; x_wconf 85' lang='lat' dir='ltr'><strong>fidelissime</strong></span> <span class='ocrx_word' id='word_1_839' title='bbox 1482 2347 1580 2375; x_wconf 80' lang='lat' dir='ltr'><strong>Christi</strong></span> <span class='ocrx_word' id='word_1_840' title='bbox 1603 2353 1679 2374; x_wconf 87' lang='lat' dir='ltr'><strong>serve</strong></span> <span class='ocrx_word' id='word_1_841' title='bbox 1693 2353 1724 2373; x_wconf 88' lang='lat' dir='ltr'><strong>ac</strong></span> <span class='ocrx_word' id='word_1_842' title='bbox 1738 2344 1891 2372; x_wconf 88' lang='lat' dir='ltr'><strong>venerande</strong></span> 
     </span>
    </p>
   </div>
   <div class='ocr_carea' id='block_1_108' title="bbox 1101 2391 1892 2428">
    <p class='ocr_par' dir='ltr' id='par_1_108' title="bbox 1101 2391 1892 2428">
     <span class='ocr_line' id='line_1_108' title="bbox 1101 2391 1892 2428; baseline -0.01 -5"><span class='ocrx_word' id='word_1_843' title='bbox 1101 2396 1198 2428; x_wconf 82' lang='lat' dir='ltr'><strong>Lause,</strong></span> <span class='ocrx_word' id='word_1_844' title='bbox 1212 2401 1237 2423; x_wconf 90' lang='lat' dir='ltr'><strong>et</strong></span> <span class='ocrx_word' id='word_1_845' title='bbox 1251 2399 1330 2428; x_wconf 83' lang='lat' dir='ltr'><strong>caput</strong></span> <span class='ocrx_word' id='word_1_846' title='bbox 1341 2394 1405 2421; x_wconf 88' lang='lat' dir='ltr'><strong>mihi</strong></span> <span class='ocrx_word' id='word_1_847' title='bbox 1417 2393 1606 2421; x_wconf 87' lang='lat' dir='ltr'><strong>amicissimum</strong></span> <span class='ocrx_word' id='word_1_848' title='bbox 1618 2394 1645 2419; x_wconf 73' lang='lat' dir='ltr'><strong>et</strong></span> <span class='ocrx_word' id='word_1_849' title='bbox 1658 2391 1773 2418; x_wconf 88' lang='lat' dir='ltr'><strong>maxime</strong></span> <span class='ocrx_word' id='word_1_850' title='bbox 1786 2397 1892 2424; x_wconf 82' lang='lat' dir='ltr'><strong>germa-</strong></span> 
     </span>
    </p>
   </div>
   <div class='ocr_carea' id='block_1_109' title="bbox 1102 2435 1892 2474">
    <p class='ocr_par' dir='ltr' id='par_1_109' title="bbox 1102 2435 1892 2474">
     <span class='ocr_line' id='line_1_109' title="bbox 1102 2435 1892 2474; baseline -0.011 -5"><span class='ocrx_word' id='word_1_851' title='bbox 1102 2449 1177 2474; x_wconf 89' lang='lat' dir='ltr'><strong>num,</strong></span> <span class='ocrx_word' id='word_1_852' title='bbox 1194 2441 1264 2468; x_wconf 90' lang='lat' dir='ltr'><strong>hunc</strong></span> <span class='ocrx_word' id='word_1_853' title='bbox 1277 2440 1375 2467; x_wconf 93' lang='lat' dir='ltr'><strong>librum</strong></span> <span class='ocrx_word' id='word_1_854' title='bbox 1392 2439 1508 2467; x_wconf 69' lang='lat' dir='ltr'><strong>libenter</strong></span> <span class='ocrx_word' id='word_1_855' title='bbox 1524 2439 1626 2473; x_wconf 83' lang='lat' dir='ltr'><strong>legens,</strong></span> <span class='ocrx_word' id='word_1_856' title='bbox 1640 2443 1762 2471; x_wconf 80' lang='lat' dir='ltr'><strong>magnam</strong></span> <span class='ocrx_word' id='word_1_857' title='bbox 1778 2441 1829 2462; x_wconf 70' lang='lat' dir='ltr'><strong>tuae</strong></span> <span class='ocrx_word' id='word_1_858' title='bbox 1841 2435 1892 2461; x_wconf 85' lang='lat' dir='ltr'><strong>im-</strong></span> 
     </span>
    </p>
   </div>
   <div class='ocr_carea' id='block_1_110' title="bbox 1102 2481 1891 2519">
    <p class='ocr_par' dir='ltr' id='par_1_110' title="bbox 1102 2481 1891 2519">
     <span class='ocr_line' id='line_1_110' title="bbox 1102 2481 1891 2519; baseline -0.011 -5"><span class='ocrx_word' id='word_1_859' title='bbox 1102 2486 1208 2514; x_wconf 84' lang='lat' dir='ltr'><strong>mortali</strong></span> <span class='ocrx_word' id='word_1_860' title='bbox 1229 2485 1327 2513; x_wconf 68' lang='lat' dir='ltr'><strong>animaa</strong></span> <span class='ocrx_word' id='word_1_861' title='bbox 1341 2484 1473 2519; x_wconf 78' lang='lat' dir='ltr'><strong>pra-bebis</strong></span> <span class='ocrx_word' id='word_1_862' title='bbox 1489 2483 1639 2513; x_wconf 87' lang='lat' dir='ltr'><strong>utilitatem,</strong></span> <span class='ocrx_word' id='word_1_863' title='bbox 1659 2483 1683 2507; x_wconf 95' lang='lat' dir='ltr'><strong>in</strong></span> <span class='ocrx_word' id='word_1_864' title='bbox 1695 2481 1828 2515; x_wconf 87' lang='lat' dir='ltr'><strong>justorum</strong></span> <span class='ocrx_word' id='word_1_865' title='bbox 1845 2486 1891 2506; x_wconf 89' lang='lat' dir='ltr'><strong>re-</strong></span> 
     </span>
    </p>
   </div>
   <div class='ocr_carea' id='block_1_111' title="bbox 1103 2523 1891 2564">
    <p class='ocr_par' dir='ltr' id='par_1_111' title="bbox 1103 2523 1891 2564">
     <span class='ocr_line' id='line_1_111' title="bbox 1103 2523 1891 2564; baseline -0.013 -5"><span class='ocrx_word' id='word_1_866' title='bbox 1103 2532 1280 2562; x_wconf 87' lang='lat' dir='ltr'><strong>surrectione,</strong></span> <span class='ocrx_word' id='word_1_867' title='bbox 1292 2530 1451 2564; x_wconf 86' lang='lat' dir='ltr'><strong>inelytorum</strong></span> <span class='ocrx_word' id='word_1_868' title='bbox 1466 2532 1545 2555; x_wconf 63' lang='lat' dir='ltr'><strong>recta;</strong></span> <span class='ocrx_word' id='word_1_869' title='bbox 1558 2528 1618 2553; x_wconf 66' lang='lat' dir='ltr'><strong>vita:</strong></span> <span class='ocrx_word' id='word_1_870' title='bbox 1633 2526 1792 2552; x_wconf 90' lang='lat' dir='ltr'><strong>athletarum</strong></span> <span class='ocrx_word' id='word_1_871' title='bbox 1809 2523 1891 2550; x_wconf 80' lang='lat' dir='ltr'><strong>inSli-</strong></span> 
     </span>
    </p>
   </div>
   <div class='ocr_carea' id='block_1_112' title="bbox 1103 2570 1890 2610">
    <p class='ocr_par' dir='ltr' id='par_1_112' title="bbox 1103 2570 1890 2610">
     <span class='ocr_line' id='line_1_112' title="bbox 1103 2570 1890 2610; baseline -0.013 -4"><span class='ocrx_word' id='word_1_872' title='bbox 1103 2583 1169 2610; x_wconf 86' lang='lat' dir='ltr'><strong>tuta,</strong></span> <span class='ocrx_word' id='word_1_873' title='bbox 1186 2578 1301 2610; x_wconf 86' lang='lat' dir='ltr'><strong>labores,</strong></span> <span class='ocrx_word' id='word_1_874' title='bbox 1313 2581 1341 2603; x_wconf 89' lang='lat' dir='ltr'><strong>et</strong></span> <span class='ocrx_word' id='word_1_875' title='bbox 1355 2579 1454 2603; x_wconf 90' lang='lat' dir='ltr'><strong>tantam</strong></span> <span class='ocrx_word' id='word_1_876' title='bbox 1471 2574 1648 2604; x_wconf 87' lang='lat' dir='ltr'><strong>tolerantiam,</strong></span> <span class='ocrx_word' id='word_1_877' title='bbox 1661 2572 1774 2605; x_wconf 75' lang='lat' dir='ltr'><strong>vitatque</strong></span> <span class='ocrx_word' id='word_1_878' title='bbox 1783 2570 1890 2597; x_wconf 87' lang='lat' dir='ltr'><strong>duriter</strong></span> 
     </span>
    </p>
   </div>
   <div class='ocr_carea' id='block_1_113' title="bbox 1103 2616 1890 2659">
    <p class='ocr_par' dir='ltr' id='par_1_113' title="bbox 1103 2616 1890 2659">
     <span class='ocr_line' id='line_1_113' title="bbox 1103 2616 1890 2659; baseline -0.014 -7"><span class='ocrx_word' id='word_1_879' title='bbox 1103 2629 1170 2652; x_wconf 64' lang='lat' dir='ltr'><strong>aetat</strong></span> <span class='ocrx_word' id='word_1_880' title='bbox 1184 2623 1337 2659; x_wconf 90' lang='lat' dir='ltr'><strong>patientiam</strong></span> <span class='ocrx_word' id='word_1_881' title='bbox 1353 2626 1442 2648; x_wconf 88' lang='lat' dir='ltr'><strong>mente</strong></span> <span class='ocrx_word' id='word_1_882' title='bbox 1456 2620 1647 2653; x_wconf 87' lang='lat' dir='ltr'><strong>complectens.</strong></span> <span class='ocrx_word' id='word_1_883' title='bbox 1661 2616 1841 2651; x_wconf 87' lang='lat' dir='ltr'><strong>Quamobrem</strong></span> <span class='ocrx_word' id='word_1_884' title='bbox 1855 2622 1890 2642; x_wconf 78' lang='lat' dir='ltr'><strong>ea</strong></span> 
     </span>
    </p>
   </div>
   <div class='ocr_carea' id='block_1_114' title="bbox 1105 2664 1891 2706">
    <p class='ocr_par' dir='ltr' id='par_1_114' title="bbox 1105 2664 1891 2706">
     <span class='ocr_line' id='line_1_114' title="bbox 1105 2664 1891 2706; baseline -0.013 -8"><span class='ocrx_word' id='word_1_885' title='bbox 1105 2673 1229 2706; x_wconf 88' lang='lat' dir='ltr'><strong>prompto</strong></span> <span class='ocrx_word' id='word_1_886' title='bbox 1241 2673 1267 2696; x_wconf 91' lang='lat' dir='ltr'><strong>et</strong></span> <span class='ocrx_word' id='word_1_887' title='bbox 1281 2668 1361 2694; x_wconf 85' lang='lat' dir='ltr'><strong>alacri</strong></span> <span class='ocrx_word' id='word_1_888' title='bbox 1377 2667 1467 2694; x_wconf 88' lang='lat' dir='ltr'><strong>animo</strong></span> <span class='ocrx_word' id='word_1_889' title='bbox 1481 2672 1603 2698; x_wconf 86' lang='lat' dir='ltr'><strong>sequere,</strong></span> <span class='ocrx_word' id='word_1_890' title='bbox 1615 2664 1684 2690; x_wconf 90' lang='lat' dir='ltr'><strong>bona</strong></span> <span class='ocrx_word' id='word_1_891' title='bbox 1699 2667 1726 2689; x_wconf 89' lang='lat' dir='ltr'><strong>et</strong></span> <span class='ocrx_word' id='word_1_892' title='bbox 1739 2664 1891 2694; x_wconf 79' lang='lat' dir='ltr'><strong>incorrupta</strong></span> 
     </span>
    </p>
   </div>
   <div class='ocr_carea' id='block_1_115' title="bbox 1107 2708 1893 2750">
    <p class='ocr_par' dir='ltr' id='par_1_115' title="bbox 1107 2708 1893 2750">
     <span class='ocr_line' id='line_1_115' title="bbox 1107 2708 1893 2750; baseline -0.015 -7"><span class='ocrx_word' id='word_1_893' title='bbox 1107 2723 1155 2750; x_wconf 88' lang='lat' dir='ltr'><strong>spe</strong></span> <span class='ocrx_word' id='word_1_894' title='bbox 1171 2714 1298 2746; x_wconf 90' lang='lat' dir='ltr'><strong>nutritus,</strong></span> <span class='ocrx_word' id='word_1_895' title='bbox 1312 2720 1418 2747; x_wconf 83' lang='lat' dir='ltr'><strong>semper</strong></span> <span class='ocrx_word' id='word_1_896' title='bbox 1433 2716 1505 2738; x_wconf 91' lang='lat' dir='ltr'><strong>retro</strong></span> <span class='ocrx_word' id='word_1_897' title='bbox 1520 2710 1613 2737; x_wconf 85' lang='lat' dir='ltr'><strong>videns</strong></span> <span class='ocrx_word' id='word_1_898' title='bbox 1628 2709 1685 2735; x_wconf 86' lang='lat' dir='ltr'><strong>dies</strong></span> <span class='ocrx_word' id='word_1_899' title='bbox 1696 2708 1740 2742; x_wconf 90' lang='lat' dir='ltr'><strong>qui</strong></span> <span class='ocrx_word' id='word_1_900' title='bbox 1755 2711 1815 2733; x_wconf 90' lang='lat' dir='ltr'><strong>ante</strong></span> <span class='ocrx_word' id='word_1_901' title='bbox 1829 2709 1893 2732; x_wconf 86' lang='lat' dir='ltr'><strong>sunt</strong></span> 
     </span>
    </p>
   </div>
   <div class='ocr_carea' id='block_1_116' title="bbox 1108 2751 1894 2792">
    <p class='ocr_par' dir='ltr' id='par_1_116' title="bbox 1108 2751 1894 2792">
     <span class='ocr_line' id='line_1_116' title="bbox 1108 2751 1894 2792; baseline -0.013 -5"><span class='ocrx_word' id='word_1_902' title='bbox 1108 2762 1263 2791; x_wconf 85' lang='lat' dir='ltr'><strong>breviores;</strong></span> <span class='ocrx_word' id='word_1_903' title='bbox 1279 2763 1305 2786; x_wconf 90' lang='lat' dir='ltr'><strong>et</strong></span> <span class='ocrx_word' id='word_1_904' title='bbox 1320 2765 1367 2785; x_wconf 83' lang='lat' dir='ltr'><strong>ora</strong></span> <span class='ocrx_word' id='word_1_905' title='bbox 1383 2765 1431 2792; x_wconf 86' lang='lat' dir='ltr'><strong>pro</strong></span> <span class='ocrx_word' id='word_1_906' title='bbox 1446 2763 1500 2790; x_wconf 86' lang='lat' dir='ltr'><strong>me,</strong></span> <span class='ocrx_word' id='word_1_907' title='bbox 1517 2755 1630 2789; x_wconf 87' lang='lat' dir='ltr'><strong>teipsum</strong></span> <span class='ocrx_word' id='word_1_908' title='bbox 1644 2760 1806 2780; x_wconf 80' lang='lat' dir='ltr'><strong>conservans</strong></span> <span class='ocrx_word' id='word_1_909' title='bbox 1824 2751 1894 2778; x_wconf 83' lang='lat' dir='ltr'><strong>alie-</strong></span> 
     </span>
    </p>
   </div>
   <div class='ocr_carea' id='block_1_117' title="bbox 1108 2799 1896 2839">
    <p class='ocr_par' dir='ltr' id='par_1_117' title="bbox 1108 2799 1896 2839">
     <span class='ocr_line' id='line_1_117' title="bbox 1108 2799 1896 2839; baseline -0.015 -6"><span class='ocrx_word' id='word_1_910' title='bbox 1108 2813 1171 2833; x_wconf 91' lang='lat' dir='ltr'><strong>num</strong></span> <span class='ocrx_word' id='word_1_911' title='bbox 1185 2812 1200 2832; x_wconf 91' lang='lat' dir='ltr'><strong>a</strong></span> <span class='ocrx_word' id='word_1_912' title='bbox 1215 2803 1425 2839; x_wconf 85' lang='lat' dir='ltr'><strong>reprehensione</strong></span> <span class='ocrx_word' id='word_1_913' title='bbox 1440 2806 1468 2828; x_wconf 90' lang='lat' dir='ltr'><strong>et</strong></span> <span class='ocrx_word' id='word_1_914' title='bbox 1484 2799 1636 2828; x_wconf 87' lang='lat' dir='ltr'><strong>custodiens</strong></span> <span class='ocrx_word' id='word_1_915' title='bbox 1651 2800 1781 2833; x_wconf 84' lang='lat' dir='ltr'><strong>integrum</strong></span> <span class='ocrx_word' id='word_1_916' title='bbox 1806 2805 1813 2823; x_wconf 92' lang='lat'><strong>:</strong></span> <span class='ocrx_word' id='word_1_917' title='bbox 1828 2804 1896 2831; x_wconf 83' lang='lat' dir='ltr'><strong>qua-</strong></span> 
     </span>
    </p>
   </div>
   <div class='ocr_carea' id='block_1_118' title="bbox 1110 2843 1896 2881">
    <p class='ocr_par' dir='ltr' id='par_1_118' title="bbox 1110 2843 1896 2881">
     <span class='ocr_line' id='line_1_118' title="bbox 1110 2843 1896 2881; baseline -0.013 -3"><span class='ocrx_word' id='word_1_918' title='bbox 1110 2852 1161 2878; x_wconf 87' lang='lat' dir='ltr'><strong>lem</strong></span> <span class='ocrx_word' id='word_1_919' title='bbox 1177 2853 1202 2877; x_wconf 85' lang='lat' dir='ltr'><strong>te</strong></span> <span class='ocrx_word' id='word_1_920' title='bbox 1216 2849 1278 2876; x_wconf 88' lang='lat' dir='ltr'><strong>novi</strong></span> <span class='ocrx_word' id='word_1_921' title='bbox 1300 2853 1327 2876; x_wconf 90' lang='lat' dir='ltr'><strong>et</strong></span> <span class='ocrx_word' id='word_1_922' title='bbox 1349 2848 1446 2881; x_wconf 87' lang='lat' dir='ltr'><strong>habui,</strong></span> <span class='ocrx_word' id='word_1_923' title='bbox 1461 2854 1476 2874; x_wconf 89' lang='lat' dir='ltr'><strong>a</strong></span> <span class='ocrx_word' id='word_1_924' title='bbox 1491 2845 1630 2874; x_wconf 88' lang='lat' dir='ltr'><strong>consulatu</strong></span> <span class='ocrx_word' id='word_1_925' title='bbox 1645 2843 1748 2872; x_wconf 83' lang='lat' dir='ltr'><strong>Tatiani</strong></span> <span class='ocrx_word' id='word_1_926' title='bbox 1764 2849 1847 2877; x_wconf 82' lang='lat' dir='ltr'><strong>usque</strong></span> <span class='ocrx_word' id='word_1_927' title='bbox 1869 2843 1896 2869; x_wconf 82' lang='lat' dir='ltr'><strong>in</strong></span> 
     </span>
    </p>
   </div>
  </div>
