2067 3155
193 197 263 231 1257

807 195 991 227 HISTORIA
1010 195 1207 226 LAUSIACA.

1751 197 1820 231 1258

193 254 294 282 στόλων
321 253 491 287 επετέλεσεν,
510 253 596 280 ταῦτα
621 253 667 280 καὶ
690 252 738 280 νῦν
760 252 885 280 διατελεῖ.
908 252 977 278 Ἀλλ’
993 252 1016 281 Α
1030 249 1226 285 νηστεύσαντα,
1239 252 1398 287 νικήσαντα.
1411 252 1449 284 ὡς
1462 252 1574 286 νομίζω,
1587 251 1673 284 πάθος
1687 253 1822 289 φιλαργυ-

192 296 289 332 ἑπειδὴ
300 297 422 328 κίνδυνος
434 294 468 331 ἦν
484 296 512 322 έν
521 297 587 332 ἡμῖν
602 296 740 330 μέγιστος,
756 295 910 331 περαιτέρω
932 295 982 329 τῆς

192 338 275 365 Λυκῶ
301 337 434 369 ἀνελθεῖν,
449 337 493 364 διὰ
520 338 569 373 τὴν
593 337 648 364 τῶν
676 336 783 373 λῃστῶν
803 336 912 371 ἔφοδον,
932 335 983 362 οὐκ

194 379 382 415 ἐτολμήσαμεν
406 380 468 411 τοὺς
485 379 580 413 ἁγίους
599 379 720 411 ἐκείνους
745 378 821 405 [δεῖν.
836 378 903 405 Οὐδὲ
928 377 982 413 γὰρ

192 422 255 452 τοὺς
276 421 462 457 πορῤηθέντας
484 421 609 457 Πατέρας
637 421 785 453 ἀκινδύνως
808 421 908 455 ἴδομεν,
927 419 982 447 οὐδ’

192 463 299 495 ἀπόνως
312 463 372 490 οὐδὲ
395 463 499 498 ἁκμητὶ
525 463 575 495 τὰς
596 463 672 497 ἱερὰς
685 463 787 494 ταύτας
800 462 961 497 ἑωράκαμεν
973 471 982 479 ”

191 504 260 531 ἀλλὰ
275 505 361 532 πολλὰ
374 505 571 539 προπαθόντες,
589 505 637 532 καὶ
655 504 753 541 μικροῦ
772 505 827 532 δεῖν
842 505 982 532 κινδυνεύ-

193 554 300 578 σαντες,
316 547 395 581 μόγις
407 546 615 582 κατηξιώθημεν
625 547 711 575 ταῦτα
718 547 875 574 θεάσασθαι.
886 548 983 574 Ἕϐδο-

193 595 244 622 μον
257 589 311 623 γὰρ
330 587 436 623 θανάτῳ
452 589 667 624 περιεπέσαμεν,
685 591 713 616 ἐν
739 590 768 616 δέ
782 590 820 625 τῷ
836 590 921 625 ὀγδόῳ
934 591 982 626 οὺχ

192 629 281 665 ἥψατο
296 630 374 665 ὴμῶν
388 630 483 664 κακὸν,
499 631 545 658 τοῦ
566 631 634 658 Θεοῦ
656 632 773 658 πάντοτε
787 632 861 668 ἡμᾶς
884 633 983 660 διασώ-

195 680 302 703 σαντος.
316 672 407 705 Ἀπαξ
423 673 473 708 μὲν
488 673 542 708 γὰρ
557 673 630 708 λιμῷ
653 675 701 700 καὶ
715 674 787 709 δίψει
804 675 884 702 πέντε
902 676 983 710 νυχθ‹

193 714 286 748 ήμερα
304 714 347 741 διὰ
363 715 411 749 τῆς
424 715 530 751 ἐρήμου
545 717 794 751 περιπατήσαντες,
813 717 913 753 μικροῦ
928 717 982 744 δεῖν

194 756 445 793 ἐλιποψυχήσαμεν.
465 758 576 785 ΙἈλλοιιε
600 758 627 785 δὲ
649 758 723 792 ὀξέσι
740 761 786 786 καὶ
798 761 913 795 παχέσιν
926 760 983 787 ἕλε-

196 806 237 823 σιν
254 798 429 832 ἐμπεσόντες,
446 800 492 827 καὶ
509 801 572 832 τοὺς
592 800 675 833 πόδας
699 801 804 829 ἑαυτῶν
819 801 982 838 διατρήσαν-

193 847 249 871 τες,
268 839 305 871 ὡς
329 841 508 873 ἁνυποίστους
532 843 658 876 γενέσθαι
686 843 735 875 τὰς
756 843 916 879 ἀλγηδόνας,
940 853 983 879 μι-

194 880 262 915 κροῦ
281 881 335 908 δεῖν
350 882 538 917 ἀπεψύξαμεν.
557 883 654 918 Τρίτον
669 883 707 914 δὲ,
734 884 876 920 βορϐόροις
901 886 983 912 ἐνεπ-

194 921 302 957 άγημεν
314 923 393 958 ἄχρις
405 924 515 959 ὀσφύος,
530 925 576 951 καὶ
589 926 639 952 οὐκ
648 923 682 961 ἦν
695 927 708 952 6
722 928 862 961 ῥυόμενος·
875 929 923 954 καὶ
935 928 985 959 τὰς
1000 931 1021 959 Β

194 963 241 991 τοῦ
256 966 392 1001 μακαρίου
410 967 493 994 Δαϐὶδ
506 967 662 1002 άνεϐοῶμεν
676 969 778 1002 φωνάς*
793 968 899 996 Σῶσόν
907 979 956 1005 με,
968 972 984 998 d

195 1007 277 1040 Θεὸς,
301 1008 345 1035 ὅτι
366 1010 556 1042 εὶσήλθοσαν
578 1010 674 1037 ὕδατα
692 1011 747 1044 ἕως
770 1011 873 1046 ψυχῆς
903 1022 963 1047 μου
976 1022 982 1029 ·

193 1051 345 1085 ἐνεπάγην
361 1054 404 1085 εἰς
417 1054 603 1086 ῐλὺνβυθοῦ,
622 1055 670 1081 καὶ
681 1056 737 1081 οὐκ
750 1055 835 1082 ἔστιν
851 1056 984 1083 ὑπόστα-

193 1102 254 1126 σις.
268 1095 341 1121 Καί·
358 1095 508 1130 Σῶσόνμε
521 1097 581 1123 ἀπὸ
600 1097 710 1129 πηλοῦ,
728 1097 778 1124 ἵνα
792 1098 835 1132 μὴ
852 1098 983 1133 ἐμπαγῶ.

194 1137 331 1172 Τέταρτον
345 1137 378 1172 ἦν
389 1139 418 1165 τὸ
432 1139 486 1166 τῶν
499 1140 602 1166 ὑδάτων
625 1140 726 1174 πλῆθος
739 1141 872 1176 ὲπιρῤυέν
889 1142 920 1168 ἐκ
934 1142 985 1176 τῆς

193 1179 241 1206 τοῦ
256 1179 353 1207 Νείλου
372 1181 522 1216 αὐξήσεως,
537 1182 584 1208 ἐπὶ
608 1183 683 1217 τρεῖς
707 1182 813 1217 ἡμέρας
835 1183 870 1210 δι’
881 1183 985 1211 ὑδάτων

195 1222 385 1256 πορευόμενοι,
401 1223 449 1249 καὶ
465 1224 494 1250 ἐν
508 1224 565 1255 τοῖς
580 1223 703 1258 στομίοις
718 1224 818 1260 μικροῦ
830 1225 886 1252 δεῖν
901 1234 986 1253 κατα-ι

195 1263 361 1291 κλυσθεῖσιν.
385 1265 450 1291 Τότε
468 1265 590 1297 ἐϐοῶμεν
609 1265 734 1300 λέγοντες
748 1273 756 1281 θ
778 1267 826 1298 Μή
839 1276 878 1300 με
899 1277 986 1295 κατα-

195 1305 366 1333 ποντισιὴνω
380 1307 515 1341 καταιτίς
538 1307 648 1340 ὕδατος
666 1308 744 1343 μηδὲ
766 1311 932 1337 καταπιέτω
947 1320 986 1346 με

194 1347 302 1381 βυθός.
325 1348 456 1383 Πέμπτον
478 1350 520 1381 δὲ,
537 1349 649 1385 λῃσταῖς
684 1351 890 1386 περιεπέσαμεν
917 1354 987 1380 κατὰ

195 1389 246 1423 τὴν
260 1389 408 1416 θαλασσίαν
428 1391 511 1429 δχθαν
532 1392 579 1418 ἐπὶ
594 1392 644 1426 τὴν
665 1393 774 1419 Δίο).κον
803 1394 984 1429 ἀφικόμενοι·

195 1430 221 1471 οἳ
245 1431 310 1466 ἄχρι
328 1431 457 1458 τοσούτου
473 1433 547 1467 ἡμᾶς
564 1433 733 1466 κατεδίωξαν
747 1435 912 1463 καταλαϐεῖν
923 1435 987 1471 βου-

195 1470 313 1506 λόμενοι,
329 1473 407 1508 ᾶχρις
419 1474 452 1500 ἂν
474 1473 523 1509 τὴν
543 1475 627 1510 πνοὴν
646 1476 724 1510 ήμῶν
755 1477 857 1512 μικρὰν
877 1470 988 1504 ὑπολει-

196 1513 307 1549 φθῆναι,
319 1515 357 1547 ὡς
370 1516 418 1542 ἐπὶ
433 1515 500 1542 δέκα
514 1516 590 1550 μίλια
600 1516 679 1552 ἡμῶν
695 1517 873 1553 διωχθέντων.
888 1519 987 1546 Ἕκτον

195 1556 235 1590 δέ,
258 1557 304 1583 τὸν
324 1558 420 1585 Νεῖλον
439 1558 581 1590 πλέοντες.
610 1559 708 1594 μικρὸν
734 1561 988 1596 κατεποντίσθημεν

195 1600 580 1636 καταστραφέντες.Ἔϐδομον
589 1599 633 1637 ἦν,
640 1601 684 1628 ὅτε
693 1602 762 1628 κατὰ
773 1602 821 1638 τὴν
829 1603 990 1638 Μαρεώτιδα
1003 1596 1025 1624 c

194 1639 294 1675 λίμνην
308 1641 372 1668 ἔνθα
381 1643 394 1668 6
406 1641 507 1677 χάρτης
521 1644 659 1677 γεννᾶται,
669 1644 708 1674 είς
723 1643 804 1678 νῆσόν
811 1653 872 1672 τινα
888 1646 989 1681 μικρὰν

194 1683 389 1719 ἁπερῤίφημεν
409 1683 522 1720 ἔρημον,
533 1686 580 1712 καὶ
591 1686 656 1721 τρία
675 1686 833 1722 νυχθήμερα
850 1687 989 1723 ὑπαίθριοι

194 1725 356 1760 ἐμείναμεν,
373 1727 475 1761 κρύους
493 1727 610 1762 μεγάλου
621 1729 666 1755 καὶ
678 1728 790 1763 ὄμϐρων
803 1729 869 1764 ἡμῖν
882 1730 988 1755 ἐπικει-

196 1765 340 1802 μένων-ἦν
357 1769 411 1803 γὰρ
425 1769 439 1794 6
458 1769 553 1804 καιρὸς
565 1769 620 1795 τῶν
633 1770 813 1804 Ἐπιφανίων.
839 1771 882 1796 Ἐν
897 1770 924 1796 δὲ
949 1771 989 1803 τῷ

194 1808 293 1843 ὀγδόῳ,
311 1810 442 1844 περισσὸν
464 1812 513 1844 μέν
538 1811 596 1836 ἐστι
613 1811 644 1836 τὸ
663 1811 797 1846 διήγημα,
813 1813 888 1846 ὅμως
916 1813 988 1848 ὠφέ-

195 1849 285 1884 λιμον.
302 1850 457 1884 Παριόντων
473 1851 525 1886 γὰρ
540 1851 619 1885 ήμῶν
633 1851 678 1878 διά
688 1861 760 1883 τινος
771 1853 854 1879 τόπου
875 1854 915 1885 είς
939 1854 988 1886 τὰς

195 1892 322 1925 Νιτρίας,
335 1893 427 1924 κοιλάς
436 1902 478 1923 τις
488 1890 522 1927 ἦν
533 1893 604 1920 κατὰ
614 1893 663 1929 τὴν
672 1893 764 1930 χώραν
776 1896 881 1930 μεγάλη
892 1894 988 1927 ὓδατος

195 1933 319 1968 γέμουσα
333 1936 362 1960 ἐν
411 1936 640 1970 ἐναπομείναντες
652 1936 819 1971 κροκόδειλοι
832 1935 904 1972 ἦσαν
923 1939 987 1964 πολ·
1004 1952 1011 1958 -

195 1975 248 2008 λοι,
261 1976 308 2002 τοῦ
322 1976 416 2009 ὓδατος
428 1978 459 2004 ἐκ
467 1979 521 2005 τῶν
537 1979 634 2013 χωρῶν
646 1979 775 2014 ὑποχωρή
781 1987 886 2011 σαντος.
898 1979 987 2015 Τριῶν

196 2017 244 2045 οὖν
260 2018 440 2054 κροκοδείλων
456 2020 502 2046 ἐπὶ
513 2020 544 2046 τὺ
561 2020 649 2056 χεῖλος
662 2020 710 2047 τοῦ
722 2020 818 2057 βόθρου
835 2021 988 2056 ἐκτεταμέ-

197 2067 262 2090 νων,
278 2061 446 2096 προσῄειμεν
473 2063 556 2096 ἡμεῖς
585 2062 714 2097 ὀψόμενοι
735 2063 769 2089 τὰ
797 2064 879 2099 θηρία
908 2064 987 2098 νομί-

198 2110 296 2134 σαντες
307 2103 376 2129 αὐτὰ
386 2103 546 2139 τεθνηκέναι
562 2112 569 2119 ·
583 2105 617 2130 τὰ
639 2104 667 2131 δὲ
684 2104 765 2137 εὐθὺς
779 2105 821 2139 ἐφ’
842 2107 914 2141 ἡμᾶς
931 2106 986 2141 ὥρ-

200 2151 301 2178 μησαν.
319 2144 412 2179 ’Πμῶν
422 2145 450 2171 δὲ
464 2145 569 2182 μεγάλῃ
589 2147 623 2181 τῇ
640 2148 714 2181 φωνῇ
733 2146 778 2173 τὸν
795 2147 896 2183 Κύριον
925 2148 986 2174 ὀνο-

199 2186 354 2218 μασάντων,
370 2187 470 2222 Χριστὲ
488 2187 591 2223 βοήθει,
607 2188 688 2220 εὐθὺς
697 2189 721 2215 οἱ
733 2189 815 2224 θῆρες
828 2189 922 2224 ὥσπερ
935 2190 987 2217 ὑπο

197 2226 315 2261 ἀγγέλου
335 2229 566 2263 ἀτοοστραφέντες,
579 2230 692 2261 ἑαυτοὺς
718 2231 757 2261 είς
773 2231 803 2257 τὸ
819 2230 890 2265 ὕδωρ
906 2232 985 2266 ἡκόν-

196 2279 277 2297 τισαν
293 2279 299 2285 ·
315 2272 394 2306 ἡμεῖς
406 2271 435 2297 δὲ
456 2271 549 2307 δρόμῳ
562 2272 651 2307 συχνῷ
668 2273 714 2299 ἐπὶ
733 2274 781 2304 τὰς
796 2273 912 2308 Νιτρίας
933 2275 987 2298 rh:—
1004 2270 1025 2297 1)

198 2312 380 2347 εληλύθαμεν,
396 2313 444 2348 τὴν
460 2313 507 2339 τοῦ
537 2313 598 2340 Ἰὼϐ
618 2314 710 2348 φωνὴν
725 2314 903 2349 μελετῶντες,
923 2315 987 2342 ἔνθα

198 2355 283 2389 φησίν
296 2363 302 2369 ·
324 2355 461 2388 Ἐπτιὶκις
478 2356 513 2387 ἐξ
529 2355 669 2390 ἀναγκῶν
682 2356 829 2389 ἐξελεῖταί
841 2365 887 2390 σε,
905 2357 940 2384 ἐν
953 2358 988 2384 δὲ

198 2398 295 2433 ὀγδόῳ
314 2401 350 2426 οὺ
370 2399 413 2434 μὴ
439 2398 553 2433 ἅψηται
567 2407 625 2426 σου
637 2400 741 2426 κακόν.
767 2400 988 2435 Εύχαριστοῦμεν

199 2439 247 2467 οὖν
271 2442 310 2476 τῷ
329 2442 389 2476 Θεῷ
404 2441 443 2477 τῷ
458 2443 490 2468 ὲκ
512 2441 648 2468 τοσούτων
663 2443 736 2476 ἡμᾶς
761 2442 891 2469 κινδύνων
906 2444 989 2478 ῥυσα-

202 2483 288 2518 μένῳ,
300 2483 346 2509 καὶ
362 2483 485 2517 μεγάλας
496 2483 612 2514 θεωρίας
626 2484 693 2518 ἡμῖν
713 2484 887 2517 ἐπιδείξαντι.

480 2558 606 2586 ΚΕΦᾹΛ.
624 2557 707 2586 ΡΝΑ’.

325 2622 396 2657 Περὶ
415 2623 468 2650 τοῦ
482 2623 629 2656 συνόντος
654 2632 706 2658 μοι
723 2623 873 2661 ἀδελφοῦ,-

243 2695 337 2729 ὐλίγα
356 2695 445 2721 τοίνυν
456 2693 580 2730 περὶτοῦ
599 2695 724 2726 συνόντος
743 2703 788 2730 μοι
805 2695 921 2730 ἀδελφοῦ
936 2694 991 2722 ἀπὺ

202 2737 328 2772 νεότητος
341 2736 394 2768 ἕως
410 2738 459 2771 τῆς
483 2737 602 2772 σήμερον
619 2736 737 2771 εἰρηκὼς
750 2736 867 2764 ἐνταῦθα
898 2737 992 2764 λοιπὸν

203 2779 371 2806 καταπαύσω
384 2779 429 2806 τὸν
445 2778 532 2812 λόγον.
547 2778 647 2805 Τοῦτον
659 2778 714 2813 ἐγὼ
729 2778 814 2812 ἔγνων
824 2779 946 2815 ἀκριϐῶς
960 2780 992 2806 ὲκ

206 2821 319 2854 μακρῶν
334 2822 388 2849 τῶν
402 2821 505 2857 χρόνων
517 2821 561 2857 τὴν
571 2821 685 2857 ἀρίστην
700 2821 836 2848 πολιτείαν
851 2821 991 2856 κατορθώ-

205 2868 301 2896 σαντα,
324 2864 371 2890 καὶ
394 2864 488 2891 παθῶν
509 2864 744 2899 κατακρατοῦντα.
771 2865 824 2891 Καὶ
851 2862 910 2891 οἶδα
936 2864 991 2898 ἐγὼ

204 2902 298 2930 τοῦτον
313 2905 442 2940 ἀκριϐῶς,
457 2906 493 2941 μὴ
521 2907 639 2941 φανόννι
662 2906 752 2939 πάθει,
771 2907 807 2942 μὴ
826 2906 991 2941 προσπαθῶς

1037 291 1108 326 ρίας,
1124 292 1154 318 τὸ
1169 292 1294 320 πλεῖστον
1305 294 1456 326 κενοδοξίας
1472 294 1638 328 ἐκφυγόντα,
1653 295 1823 330 ἀρκούμενον

1036 333 1080 359 ἀεὶ
1102 335 1159 365 τοῖς
1189 335 1341 370 παροῦσιν,
1373 335 1411 371 μὴ
1433 335 1669 371 καλλωπιζόμενον
1694 336 1822 372 ἱματίοις,

1036 376 1291 410 καταφρονούμενον
1301 377 1353 404 ὑπό
1360 377 1464 412 τινωνῆ
1475 377 1732 413 κατευτελιξόμενον
1741 379 1823 414 εὐχα-

1036 418 1148 450 ριστεῖν,
1158 417 1419 452 ὑπερκινδυνεύοντα
1428 419 1547 453 γνησίων
1560 419 1655 454 φίλων,
1667 421 1765 455 πεῖραν
1776 421 1824 448 λα-

1035 457 1118 485 ϐόντα
1138 458 1275 494 δαιμόνων
1303 460 1356 492 ἕως
1376 461 1504 495 χιλιάκις,
1526 462 1572 488 καὶ
1593 462 1700 490 ἐπάνω·
1714 463 1751 495 ὡς
1775 463 1823 490 καὶ

1037 500 1087 535 μιᾷ
1097 499 1151 526 τῶν
1163 501 1274 537 ἡμερῶν
1293 502 1408 538 δαίμονα
1429 502 1504 538 αὐτῷ
1524 505 1762 539 συντετυχηκέναι,
1776 507 1824 533 καὶ

1035 542 1123 567 είπεῖν
1139 542 1229 576 μόνον’
1244 543 1343 570 Σύνθου
1362 553 1406 579 μοι
1421 544 1467 571 τοῦ
1483 545 1535 571 κᾶν
1558 545 1633 578 ἅπαξ
1653 547 1822 582 ἁμαρτῆσαι,

1036 584 1082 609 καὶ
1091 583 1125 619 ἢν
1148 584 1182 611 ἂν
1208 585 1271 621 δόξῃ
1287 594 1327 612 σοι
1345 588 1431 613 εἰπεῖν
1460 587 1592 621 εύγενίδα,
1611 588 1657 616 καὶ
1682 589 1822 621 πλουσίαν,

1036 624 1092 659 ἐγώ
1106 634 1147 652 σοι
1161 625 1218 659 ἄξω
1237 628 1368 664 εὐχερῶς.
1389 630 1444 656 Καὶ
1462 629 1543 656 πάλιν
1559 629 1652 657 ἄλλοτε
1668 631 1824 663 πυκτεύσας

1035 666 1049 692 6
1064 667 1112 702 τῆς
1121 667 1276 704 βλαφημίας
1292 670 1395 706 δαίμων
1409 672 1437 697 ἐν
1448 672 1630 708 νυχθημέροις
1645 673 1824 710 δεκατέσσαρ-

1037 717 1088 741 σιν,
1121 710 1159 742 ὡς
1184 711 1266 742 αὐτός
1294 720 1338 747 μοι
1364 713 1493 747 διηγεῖτο,
1511 715 1557 740 καὶ
1586 715 1616 740 ἐν
1633 714 1713 741 νυκτὶ
1738 715 1823 749 σύρας

1035 751 1131 778 τοῦτον
1148 753 1180 779 ἐκ
1207 753 1287 785 ποδὸς
1302 756 1378 790 φωνῇ
1401 756 1527 791 ὲπάνδρῳ
1541 756 1709 791 προσωμίλει
1724 756 1821 790 λέγων·

1035 794 1081 829 Μὴ
1098 794 1247 829 προσκύνει
1269 794 1315 821 τὸν
1334 796 1462 830 Χριστὸν,
1481 797 1527 825 καὶ
1540 797 1569 823 οὐ
1595 797 1633 831 μὴ
1654 805 1702 823 σου
1734 806 1822 832 προσ-

1036 836 1148 870 εγγίσω.
1176 836 1228 863 Τὸν
1256 837 1284 863 δὲ
1309 837 1529 872 ἀποκρινάμενον
1551 840 1638 866 εἰπεῖν
1663 839 1754 875 αὐτῷ·
1772 840 1824 869 Διά

1035 877 1115 904 τοῦτο
1140 877 1169 905 δέ
1193 878 1280 905 αὐτό·
1309 879 1402 914 ἐπειδὴ
1432 880 1464 906 σὺ
1492 880 1587 907 τοῦτον
1617 880 1736 917 ἅηδίζῃ,
1768 881 1823 915 ἐγὼ

1036 919 1117 945 αὑτὸν
1126 920 1307 955 προσκυνήσω
1333 920 1381 946 καὶ
1394 920 1508 952 δοξάσω.
1526 921 1581 948 Καὶ
1594 922 1686 954 πάλιν,
1700 923 1747 949 καὶ
1759 922 1824 949 πολ-

1036 961 1115 992 λάκις
1145 961 1338 992 πολυπλασίως
1361 961 1529 997 δεηθήσομαι
1546 983 1554 996 ,
1581 963 1629 989 καὶ
1656 963 1708 995 ἕως
1736 963 1824 990 ἔνεστί

1037 1010 1083 1036 μοι
1106 1002 1229 1037 Πνεῦμα,
1248 1002 1343 1029 τοῦτον
1367 1003 1508 1036 ἱκετεύσω,
1528 1003 1573 1030 διὰ
1590 1004 1621 1030 τό
1647 1013 1675 1030 σε
1691 1005 1824 1031 ἐναντιοῦ-

1037 1043 1098 1070 σθαι
1113 1045 1146 1079 τῇ
1158 1043 1206 1070 τοῦ
1223 1043 1291 1070 Θεοῦ
1305 1044 1427 1080 λατρεία.
1446 1044 1558 1072 Ἑκατὸν
1574 1045 1604 1077 ἓξ
1623 1046 1716 1077 πόλεις
1735 1048 1824 1081 πατή-

1037 1093 1097 1117 σας,
1107 1086 1135 1111 ἐν
1149 1085 1177 1112 δέ
1185 1086 1247 1117 ταῖς
1258 1085 1397 1117 πλείσταις
1413 1087 1460 1113 καὶ
1474 1087 1613 1122 χρονίσας,
1631 1089 1759 1122 γυναικὸς
1767 1090 1826 1115 πεῖ-

1038 1134 1087 1161 ραν
1106 1127 1156 1152 οὐκ
1171 1126 1250 1162 ἐσχεν
1269 1127 1339 1154 ἐλέει
1354 1128 1401 1154 τοῦ
1413 1128 1542 1163 Χριστοῦ,
1557 1129 1618 1155 οὐδὲ
1633 1129 1731 1156 τὸκατ’
1745 1130 1823 1165 ϐναρ,

1036 1167 1107 1202 πλὴν
1119 1167 1166 1193 τοῦ
1183 1168 1303 1202 πολέμου
1329 1168 1376 1195 τοῦ
1391 1169 1461 1196 κατὰ
1477 1169 1525 1205 τὴν
1539 1170 1667 1206 πορνείαν
1685 1170 1822 1205 δαίμονος.

1037 1208 1134 1244 Τρίτον
1156 1208 1250 1236 τοῦτον
1265 1210 1351 1244 ἐγνων
1376 1210 1473 1245 ἔχοντα
1500 1211 1592 1247 χρείαν
1613 1211 1775 1247 βρωμάτων,
1792 1213 1825 1239 ἐκ

1036 1251 1126 1286 χειρὸς
1143 1251 1228 1286 ἁγίων
1247 1252 1371 1286 ἀγγέλων
1384 1252 1509 1280 λαϐόντα.
1539 1253 1582 1280 Ἐν
1599 1255 1649 1289 μιᾷ
1674 1254 1728 1280 τῶν
1755 1255 1826 1289 ἠμε-

1038 1293 1093 1327 ρῶν
1111 1293 1233 1328 εὑρεθεὶς
1250 1296 1279 1320 ἐν
1298 1295 1438 1330 ἀκροτάτῃ
1462 1295 1576 1331 ἐρημίᾳ,
1597 1297 1645 1323 καὶ
1673 1296 1736 1331 μηδ’
1757 1297 1826 1328 ὅλως

1039 1334 1138 1370 βρῶμά
1156 1344 1182 1361 τι
1200 1335 1352 1370 βαστάζων,
1366 1337 1442 1371 τρεῖς
1454 1337 1552 1372 ἄρτους
1567 1333 1647 1373 εὗρεν
1664 1338 1783 1373 θερμοὺς
1796 1340 1826 1364 ἐν

1037 1378 1070 1411 τῇ
1094 1377 1216 1412 μηλωτῇ.
1237 1377 1348 1404 Ἀλλοτε
1371 1378 1452 1405 πάλιν
1478 1378 1651 1414 παξαμίδας·
1665 1380 1710 1406 καὶ
1734 1380 1773 1411 είς
1797 1380 1828 1406 τὸ

1038 1417 1138 1454 τρίτον,
1149 1416 1221 1445 οἶνον
1237 1420 1306 1454 μετὰ
1325 1419 1425 1455 ἄρτων.
1448 1420 1555 1455 Ἔγνων
1573 1420 1655 1448 πάλιν
1678 1421 1772 1448 τοῦτον
1788 1422 1828 1448 λι-

1038 1460 1156 1494 πόμενον
1178 1460 1364 1496 ἀναλωμάτων
1397 1461 1513 1489 ἀκοῦσαι
1540 1463 1605 1498 παρ’
1633 1463 1768 1497 ἀγγέλου,
1787 1465 1828 1490 ὅτι

1045 1502 1182 1528 ’Λπελθὼν
1203 1502 1268 1529 λάϐε
1288 1504 1364 1538 παρὰ
1383 1503 1460 1530 τοῦδε
1483 1503 1571 1530 ἔλαιον
1588 1505 1636 1531 καὶ
1659 1506 1730 1532 σῖτον
1752 1505 1781 1531 '0
1799 1506 1827 1532 δέ
1866 1538 1870 1541 _

1041 1543 1124 1578 μηδὲν
1137 1544 1278 1580 διακρίνας
1291 1545 1397 1580 ἀπῆλθε
1412 1545 1481 1580 πρὸς
1502 1546 1548 1571 τὸν
1561 1545 1715 1581 μηνυθέντα
1741 1547 1824 1582 αὐτῷ.

1048 1585 1076 1610 Ἰ)
1089 1585 1117 1611 δέ
1131 1585 1192 1612 ίδὼν
1220 1586 1311 1619 αὑτὸν,
1331 1587 1405 1621 λέγει
1433 1587 1517 1622 αὐτῷ·
1535 1587 1570 1614 Σὺ
1594 1585 1620 1614 εἷ
1636 1589 1650 1614 6
1678 1588 1753 1615 δεῖνα
1779 1597 1829 1623 μο-

1041 1625 1145 1660 νάζων;
1175 1627 1375 1663 ’Δποκρίνεται,
1398 1629 1446 1656 καὶ
1465 1629 1624 1663 λέγενΝαὶ,
1641 1630 1696 1663 ἐγώ
1719 1631 1777 1664 ειμι
1798 1630 1830 1657 ὃν

1040 1667 1139 1701 λέγεις.
1155 1668 1184 1694 ’0
1198 1669 1236 1695 δέ·
1258 1669 1287 1696 Ὁ
1300 1670 1492 1705 οἰκοδεσπότης
1508 1670 1651 1698 ἐκέλευσέν
1663 1679 1704 1698 σοι
1718 1671 1828 1707 δοθῆναι

1039 1710 1186 1743 τριάκοντα
1203 1710 1310 1745 μοδίους
1324 1711 1409 1745 σίτου,
1424 1713 1472 1739 καὶ
1490 1712 1594 1739 δώδεκα
1613 1713 1710 1746 ξέστας
1725 1713 1826 1741 ἐλαίου.

1047 1750 1133 1786 ’Υπὲρ
1144 1751 1190 1778 τοῦ
1206 1753 1327 1779 τοιούτου
1347 1754 1532 1788 καυχήσομαι,
1553 1752 1609 1785 οἷος
1639 1753 1673 1790 ἦν
1698 1752 1774 1787 οὗτος
1799 1755 1828 1782 ὃν

1038 1792 1094 1826 ἐγὼ
1109 1793 1196 1827 ἔγνων
1208 1801 1215 1809 ⁸
1233 1793 1326 1820 τοῦτον
1336 1792 1394 1821 οῖδα
1410 1795 1465 1829 ἐγὼ
1478 1796 1652 1831 δακρύσαντα
1663 1797 1708 1823 ἐπὶ
1723 1797 1829 1832 ἀνδρῶν

1039 1834 1068 1860 ἐν
1080 1835 1188 1871 ἀνάγκη
1199 1836 1293 1869 ὄντων,
1309 1837 1357 1864 καὶ
1375 1837 1570 1872 ἀπορουμένων
1584 1839 1613 1864 ἐν
1625 1839 1742 1870 πενίαις,
1758 1847 1831 1874 παρ-

1040 1876 1178 1909 εσχηκότα
1194 1877 1221 1902 εῐ
1231 1885 1258 1903 τι
1279 1875 1363 1912 εἶχεν,
1375 1877 1445 1913 πλὴν
1458 1878 1506 1913 τῆς
1518 1878 1616 1905 ἑαυτοῦ
1641 1879 1751 1914 σαρκός.
1763 1878 1829 1905 Οἶδα

1038 1918 1132 1945 τοῦτον
1152 1918 1208 1952 ἐγὼ
1225 1918 1383 1946 κλαύσαντα
1393 1920 1440 1946 καὶ
1455 1920 1501 1946 ἐπὶ
1515 1921 1677 1952 ἐκπεσόντος
1696 1921 1725 1947 ἐν
1738 1921 1832 1956 ἁμαρ-

1039 1963 1113 1994 τίαις
1126 1970 1132 1977 ·
1145 1962 1174 1994 ὃς
1188 1963 1243 1994 τοῖς
1258 1962 1389 1997 δάκρυσιν
1397 1964 1437 1995 είς
1447 1963 1591 1999 μετάνοιαν
1605 1964 1708 1999 ήγαγεν
1723 1964 1768 1990 τὸν
1783 1964 1830 1990 ἐκ·

1038 2005 1164 2032 πεσόντα.
1180 2001 1266 2037 Οὗτός
1287 2006 1332 2040 μοί
1359 2014 1425 2032 ποτε
1451 2006 1614 2040 διωμόσατο,
1630 2007 1671 2033 ὅτι
1693 2007 1740 2033 τοῦ
1761 2007 1828 2034 Θεοῦ

1039 2046 1150 2082 ἐδεήθην
1163 2047 1264 2081 μηδένα
1276 2047 1364 2080 νύξαι,
1375 2048 1491 2083 μάλιστα
1498 2048 1552 2075 τῶν
1565 2048 1673 2083 φαύλων
1681 2049 1827 2082 πλουσίων,

1041 2089 1088 2115 ἐπὶ
1103 2088 1142 2123 τῷ
1153 2088 1243 2116 δοῦναί
1261 2089 1306 2124 μοί
1326 2098 1352 2116 τι
1369 2089 1424 2116 τῶν
1442 2090 1541 2125 χρειῶν
1551 2091 1714 2126 λιπομένων.

1079 2165 1156 2199 Ἐμοὶ
1169 2164 1196 2191 δὲ
1210 2164 1290 2191 τοῦτο
1307 2165 1389 2200 ἀρκεῖ
1398 2165 1429 2192 τὸ
1443 2166 1554 2201 μνήμην
1570 2167 1736 2202 πεποιῆσθαι
1763 2175 1829 2194 κατ-

1037 2205 1185 2241 αξιωθῆναι
1201 2206 1276 2241 παρὰ
1295 2207 1343 2241 τῆς
1364 2207 1439 2238 θείας
1458 2207 1569 2243 χάριτος
1585 2208 1687 2235 τούτων
1701 2208 1829 2235 ἁπάντων

1040 2250 1087 2275 καὶ
1105 2248 1250 2282 δυνηθῆναι
1275 2248 1360 2275 ταῦτα
1378 2251 1471 2284 γραφῇ
1485 2245 1717 2284 παραδεδωκέναι.
1730 2250 1829 2277 Οὐκέτι

1039 2291 1105 2325 γὰρ.
1120 2290 1158 2321 ὼς
1172 2289 1261 2326 οἶμαι,
1271 2290 1302 2316 τδ
1316 2291 1459 2327 κινηθῆναί
1471 2300 1519 2318 σου
1534 2293 1583 2328 τὴν
1600 2292 1704 2327 ἀγαθὴν
1712 2292 1830 2320 διάνοιαν

1038 2333 1103 2359 ἄνευ
1121 2334 1170 2368 τῆς
1198 2333 1246 2359 τοῦ
1274 2332 1342 2359 Θεοῦ
1364 2334 1514 2368 ἐνεργείας,
1534 2335 1573 2365 εἰς
1597 2335 1627 2361 τὺ
1646 2334 1774 2366 ἐπιτάξαι
1796 2335 1828 2370 τῇ

1038 2376 1092 2411 ἐμῇ
1106 2375 1233 2410 οὐθενεία
1243 2375 1293 2410 τὴν
1309 2375 1435 2408 σύνταξιν
1444 2376 1490 2402 τοῦ
1511 2376 1613 2411 βιϐλίου
1627 2376 1722 2403 τούτου
1750 2377 1831 2411 ποιῆ-

1039 2428 1095 2452 σαι,
1112 2420 1159 2446 καὶ
1183 2421 1276 2454 γραφῇ
1304 2420 1472 2453 παραδοῦναι
1486 2421 1549 2452 τοὺς
1571 2420 1643 2455 βίους
1658 2421 1712 2448 τῶν
1745 2421 1831 2455 ἁγίων

1040 2463 1087 2489 καὶ
1107 2463 1249 2498 μακαρίων
1265 2463 1404 2497 Πατέρων.

1075 2525 1112 2552 Σὺ
1137 2525 1166 2551 δέ
1190 2533 1234 2558 γε,
1266 2526 1411 2552 πιστότατε
1425 2526 1502 2553 δοῦλε
1531 2527 1578 2554 τοῦ
1596 2528 1726 2563 Χριστοῦ,
1755 2528 1830 2564 τίμιε

1041 2566 1143 2599 Δαῢσε,
1157 2567 1204 2593 καὶ
1219 2567 1314 2594 πασῶν
1326 2568 1388 2602 ἐμοὶ
1400 2567 1465 2602 φίλη
1474 2569 1520 2595 καὶ
1529 2571 1702 2604 γνησιωτάτη
1712 2571 1829 2606 κεφαλὴ,

1041 2609 1128 2644 ἡδέως
1145 2609 1315 2644 ἐντυγχάνων
1325 2609 1411 2646 ταύτῃ
1427 2612 1460 2646 τῇ
1477 2610 1572 2646 βίϐλῳ,
1589 2612 1685 2647 ἱκανὴν
1694 2611 1830 2646 ὠφέλειαν

1041 2652 1088 2678 ἐπὶ
1109 2652 1142 2686 τῇ
1174 2651 1228 2677 τῶν
1256 2651 1367 2678 δικαίων
1390 2652 1538 2679 ἀναστάσει
1565 2653 1694 2688 παρέξεις
1726 2662 1773 2680 σου
1797 2655 1829 2689 τῇ

1041 2692 1258 2728 ἁθανάτῳψυχῇ,
1275 2692 1330 2719 τῶν
1343 2693 1473 2729 ἀοιδίμων
1488 2694 1612 2730 ἀθλητῶν
1627 2695 1675 2726 τὰς
1687 2695 1830 2730 ἐναρέτους

1042 2735 1190 2767 πολιτείας,
1200 2736 1247 2761 καὶ
1264 2736 1328 2767 τοὺς
1349 2735 1434 2771 βίους,
1454 2737 1501 2763 καὶ
1519 2736 1583 2768 τοὺς
1597 2737 1706 2769 πόνους,
1719 2742 1766 2763 και
1780 2738 1830 2773 τὴν

1042 2777 1176 2812 τοσαύτην
1199 2777 1409 2813 ὑπομονὴν,καὶ
1441 2779 1589 2814 καρτερίαν
1619 2779 1830 2814 σκληραγωγίας

1044 2820 1189 2855 λαμϐάνων
1209 2819 1238 2846 ἐν
1263 2820 1311 2855 νῷ.
1328 2820 1415 2847 Ἓπου
1432 2821 1537 2851 τούτοις
1549 2820 1708 2856 προθύμως,
1724 2823 1828 2856 χρηστῇ

1044 2863 1092 2889 καὶ
1102 2863 1233 2898 ἀκηρὰτῳ
1247 2863 1413 2898 τρεφόμενος
1425 2863 1522 2895 ἐλπίδι,
1537 2863 1707 2899 βραχυτέρας
1723 2864 1762 2891 ἀεὶ
1780 2863 1831 2894 τὰς

1044 2904 1258 2940 Ξμπροσθεντῶν
1269 2904 1459 2940 ὅπισθενὸρῶν
1473 2905 1578 2941 ἡμέρας
1595 2914 1601 2920 ·
1620 2906 1667 2932 καὶ
1682 2906 1749 2941 ὑπὲρ
1762 2904 1830 2941 ἐμοῦ
