4060 6376
264 351 3058 413 m

939 540 941 542 ’
996 702 1014 713 ο
1083 544 1242 649 ΙΝ
1345 545 2028 652 TERTIUM
2130 551 2655 657 TOMUM
2710 539 2712 542 ’

1519 799 2187 978 Ξιβταξΐᾱίὶο.

1653 1047 2065 1084 -ηοοι-

324 1139 452 1198 Cum
499 1137 781 1194 scientiam
808 1143 1111 1193 sanctarum
1135 1136 1525 1209 Scripturarum
1545 1179 1561 1206 ,
1605 1154 1704 1194 ceu
1748 1149 1922 1195 castas
1959 1140 2150 1196 anima:
2178 1154 2288 1196 suae
2331 1141 2547 1200 delicias
2580 1145 2835 1218 (Confess.
2865 1148 2952 1203 lib.
2984 1150 3072 1217 11,
3101 1167 3145 1204 c.
3173 1149 3253 1222 2),
3282 1151 3348 1205 ab
3374 1153 3504 1208 inito

261 1235 474 1292 maxime
497 1231 804 1286 sacerdotio
830 1245 987 1285 unam
1018 1231 1308 1286 excoluerit
1336 1231 1691 1302 Augustinus;
1723 1247 1899 1302 operae
1939 1234 2167 1303 pretium
2196 1245 2345 1304 erat,
2377 1244 2435 1292 ut
2471 1237 2539 1292 ab
2567 1239 2682 1308 ipso
2720 1243 2895 1296 statim
2939 1242 3120 1298 limine
3166 1245 3351 1314 primis
3394 1248 3510 1316 ejus

262 1327 453 1397 scriptis
473 1334 527 1381 et
543 1324 791 1394 epistolis
815 1322 1161 1378 succederent
1179 1336 1346 1379 sacrae
1371 1324 1537 1394 ipsius
1557 1325 2051 1392 commentationes,
2083 1336 2137 1381 et
2157 1335 2300 1382 recto
2319 1329 2530 1400 quidem
2547 1345 2609 1386 ac
2629 1333 2851 1387 naturali
2874 1334 3056 1390 ordine
3076 1335 3510 1405 disponerentur.

261 1417 412 1486 Nam,
455 1418 502 1474 si
551 1417 719 1472 libros
746 1417 1072 1488 polemicos,
1124 1417 1215 1488 qui
1253 1417 1512 1473 adversus
1539 1416 1889 1484 Manichaeos,
1939 1418 2273 1488 Donatistas,
2320 1422 2668 1493 Pelagianos,
2716 1427 2950 1497 aliosque
3002 1429 3280 1486 hmreticos
3330 1431 3398 1485 ab
3445 1447 3510 1486 eo

265 1509 526 1578 conscripti
552 1516 696 1576 sunt,
728 1508 786 1562 in
801 1523 956 1563 unam
974 1509 1201 1564 classem
1226 1509 1456 1564 editores
1481 1509 1838 1564 studiosorum
1864 1509 2030 1579 gratia
2060 1510 2426 1580 digesserunt;
2453 1514 2591 1570 idem
2617 1531 2744 1572 sane
2761 1518 2813 1572 in
2838 1520 3130 1589 Exegeticis
3155 1523 3511 1591 praestandum

264 1611 391 1665 erat,
436 1599 580 1670 quod
610 1601 662 1653 in
691 1599 1035 1654 recensendis
1076 1599 1318 1655 Patribus
1341 1641 1355 1664 ,
1408 1601 1721 1666 Ambrosio,
1752 1599 2045 1670 Gregorio,
2090 1603 2311 1673 aliisque
2358 1621 2526 1675 nuper
2572 1605 2767 1662 factum
2794 1619 2894 1664 est.
2927 1609 2982 1664 ld
3033 1612 3174 1664 enim
3218 1627 3323 1665 non
3353 1614 3512 1667 modo

265 1692 540 1765 argumenti
590 1691 852 1761 dignitas,
899 1691 994 1746 sed
1039 1692 1198 1746 etiam
1239 1691 1444 1761 piorum
1494 1691 1748 1746 lectorum
1796 1705 1988 1756 causa,
2043 1694 2130 1762 qui
2157 1694 2506 1764 Augustinum
2539 1697 2606 1752 de
2652 1701 2845 1753 sanctis
2899 1699 3114 1754 Litteris
3157 1701 3506 1758 disserentem

265 1785 544 1841 auscultare
572 1793 786 1848 amant,
819 1783 1088 1853 postulare
1116 1783 1426 1848 videbatur;
1459 1790 1515 1836 ut
1539 1783 1810 1852 dispositis
1837 1799 1901 1838 ex
1928 1783 2114 1838 ordine
2148 1783 2433 1854 Scripturis
2453 1827 2468 1851 ,
2501 1787 2776 1842 continuas
2804 1789 2971 1844 sancti
3017 1791 3254 1845 Doctoris
3295 1793 3510 1861 exposi-

266 1877 416 1934 tiones
443 1876 496 1930 in
524 1883 775 1945 promptu
807 1874 1087 1930 haberent.
1128 1874 1262 1930 Hinc
1288 1882 1372 1929 est
1397 1875 1536 1945 quod
1563 1889 1681 1928 cum
1711 1874 1826 1928 istae
1856 1875 2079 1929 antehac
2107 1875 2161 1929 in
2201 1875 2454 1946 quasdam
2485 1877 2644 1931 veluti
2671 1878 2891 1932 lacinias
2917 1879 3230 1936 inconcinne
3254 1879 3508 1948 ᾶίνυιδω,

263 1985 318 2025 ac
333 1968 581 2037 dispersa:
605 1975 847 2023 extarent
875 1981 970 2037 per
999 1967 1174 2021 varios
1199 1965 1323 2020 hinc
1344 1965 1467 2021 inde
1496 1974 1702 2031 tomos;
1734 1980 1824 2021 eas
1854 1967 1905 2020 in
1931 1981 2094 2020 unum
2124 1967 2334 2021 demum
2366 1967 2628 2023 adducere
2653 1969 2825 2024 visum
2853 1979 2932 2024 est
2953 2011 2966 2037 ,
3009 1985 3077 2026 ne
3106 1971 3192 2026 illa
3232 1988 3352 2043 pars
3394 1990 3512 2044 quae

263 2063 473 2134 potiores
510 2059 616 2114 sibi
640 2074 794 2115 curas
818 2100 836 2126 ,
878 2059 1242 2129 majoremquc
1267 2057 1578 2128 religionem
1610 2059 1799 2114 merito
1833 2058 2164 2124 vindicabat,
2220 2068 2466 2128 tanquam
2511 2059 2686 2114 minus
2715 2075 2745 2114 a
2783 2061 2935 2117 nobis
2964 2073 3144 2117 curata
3188 2063 3505 2133 haberetur,

263 2155 300 2210 si
320 2151 675 2224 perturbatum
701 2159 756 2207 et
779 2151 1055 2207 contusum
1085 2151 1416 2221 superiorum
1444 2150 1734 2206 editionum
1757 2150 1996 2206 ordinem
2026 2151 2397 2206 retineremus.
3343 2166 3346 2168 ·

324 2246 650 2315 Quapropter
667 2286 682 2312 ,
705 2259 824 2314 qua:
853 2243 1132 2314 Augustini
1156 2244 1208 2298 in
1234 2258 1410 2298 sacras
1437 2243 1666 2299 Litteras
1692 2243 2080 2299 lucubrationes
2105 2243 2158 2296 in
2191 2244 2347 2298 tertio
2364 2285 2377 2310 ,
2405 2255 2592 2313 quarto
2616 2259 2679 2299 ac
2707 2259 2848 2300 nono
2877 2254 3021 2301 tomo
3044 2246 3310 2303 distractae
3332 2259 3503 2316 erant,

263 2350 344 2390 cas
361 2336 408 2388 in
431 2333 535 2388 hoc
575 2333 820 2388 volumen
847 2348 944 2404 pro
969 2332 1107 2389 serie
1151 2334 1359 2389 Veteris
1405 2349 1467 2390 ac
1499 2333 1631 2390 Novi
1661 2335 1984 2390 Testamenti
2011 2334 2252 2390 ordinate
2273 2336 2628 2405 conjecimus;
2660 2337 2948 2407 praemissis
2979 2339 3030 2394 in
3061 2337 3236 2395 fronte
3265 2340 3414 2396 libris
3440 2341 3508 2398 de

264 2426 486 2482 Doctrina
508 2423 843 2490 Christiana,
875 2440 993 2494 qua:
1015 2425 1178 2480 veluti
1211 2426 1376 2482 clavis
1402 2435 1561 2498 atque
1588 2443 1673 2481 ars
1704 2438 1784 2482 est
1805 2437 1950 2482 recte
1977 2427 2359 2496 interpretandi
2388 2430 2608 2484 rationis
2633 2471 2646 2494 ,
2679 2446 2835 2500 quam
2874 2431 3112 2486 adhibuit
3141 2432 3468 2502 Augustinus
3488 2474 3506 2502 ,

265 2529 311 2575 et
345 2525 456 2589 post
482 2532 611 2573 eum
637 2517 885 2572 catholici
909 2526 1372 2574 commentatores.
1403 2520 1552 2575 Hunc
1579 2528 1756 2576 autem
1792 2521 2031 2574 ordinem
2063 2522 2202 2575 nulla
2232 2537 2358 2577 sane
2385 2524 2765 2594 singularitatis
2789 2524 3121 2582 affectatione
3149 2527 3472 2584 instituimus
3493 2572 3506 2597 ,

264 2609 345 2665 sed
378 2609 611 2663 virorum
642 2608 969 2664 eruditorum
997 2609 1258 2677 consilio,
1302 2619 1459 2680 atque
1508 2611 1686 2664 animo
1711 2611 1928 2680 juvandi
1976 2611 2203 2666 lectores
2245 2613 2593 2678 christianos,
2645 2617 2734 2684 qui
2773 2617 3077 2673 reconditos
3116 2617 3508 2689 Scripturarum

266 2715 435 2756 sensus
461 2715 529 2756 ex
558 2699 772 2755 Patrum
819 2700 1098 2756 traditione
1124 2700 1438 2772 depromere
1461 2718 1524 2756 ac
1549 2702 1754 2757 discere
1786 2703 2016 2768 malunt,
2050 2719 2207 2774 quam
2246 2718 2312 2758 ex
2353 2704 2501 2760 libris
2533 2707 2889 2763 recentiorum
2917 2718 3194 2766 auctorum
3214 2754 3229 2780 ,
3262 2715 3363 2769 rati
3394 2716 3510 2785 plus

259 2786 450 2844 latentis
484 2787 736 2845 elﬁcacize
765 2791 1101 2862 coelestisque
1138 2792 1344 2860 virtutis
1366 2792 1468 2847 illis
1500 2792 1675 2848 inesse
1693 2833 1709 2859 ,
1739 2795 1826 2863 qui
1857 2793 1923 2876 ad
1951 2793 2093 2864 ipsos
2122 2794 2295 2851 fontes
2321 2796 2535 2866 propius
2559 2797 2852 2867 accedunt,
2882 2815 2987 2857 non
3028 2803 3198 2858 solum
3228 2813 3467 2876 tempore
3487 2849 3503 2876 ,

258 2881 346 2937 sed
363 2881 512 2937 etiam
541 2883 843 2938 sanctitate.
1859 2871 1874 2892 ⁹
2545 2883 2550 2888 ’

318 2975 439 3030 Cum
477 2977 624 3031 enim
657 2977 944 3048 Scriptura:
985 2993 1152 3034 sacrae
1181 2979 1442 3051 expositio
1461 2977 1516 3033 in
1544 2978 1747 3034 duabus
1774 2980 2003 3034 maxime
2044 2981 2278 3050 partibus
2305 2983 2593 3049 consistat,
2625 2984 2873 3039 nimirum
2906 2986 2957 3040 in
2997 3003 3124 3042 vero
3148 3004 3506 3064 germanoque

256 3085 395 3125 sensu
421 3070 685 3125 eliciendo
703 3114 718 3139 ,
747 3073 876 3128 etin
901 3073 1191 3130 excitandis
1218 3073 1284 3127 ad
1306 3074 1557 3143 pietatem
1585 3072 1842 3127 lectorum
1866 3075 2091 3139 animis;
2129 3074 2198 3128 ita
2229 3077 2517 3143 comparati
2551 3086 2672 3130 sunt
2699 3078 2906 3147 piorum
2937 3079 3323 3152 doctorumque
3348 3086 3506 3141 simul

255 3161 505 3218 hominum
552 3164 790 3234 plerique
813 3209 829 3234 ,
860 3175 918 3221 ut
942 3181 1046 3221 non
1067 3166 1239 3221 solum
1267 3167 1386 3236 plus
1408 3166 1577 3220 valeat
1596 3165 1733 3236 apud
1761 3181 1852 3222 eos
1879 3175 2116 3222 veterum
2137 3184 2292 3238 quam
2321 3171 2671 3224 recentiorum
2700 3173 2986 3227 auctoritas
3007 3216 3021 3240 ,
3049 3175 3142 3229 sed
3164 3177 3320 3230 etiam
3351 3177 3506 3248 longe

251 3255 456 3325 amplius
478 3258 533 3312 in
565 3255 662 3313 Dei
688 3257 889 3311 cultum
919 3267 970 3311 et
1014 3271 1250 3311 amorem
1281 3272 1348 3311 ex
1389 3257 1601 3312 illorum
1645 3256 1870 3311 lebtione
1919 3258 2276 3312 accendantur
2305 3277 2318 3312 :
2350 3259 2463 3314 sive
2511 3259 2564 3314 id
2593 3261 2799 3316 oriatur
2841 3279 2906 3317 ex
2959 3264 3113 3319 insita
3162 3269 3504 3324 veneratione

253 3347 496 3416 majorum
519 3390 535 3414 ,
559 3350 672 3404 sive
699 3363 770 3403 ex
797 3348 999 3403 cmlcsti
1021 3348 1245 3418 quadam
1271 3347 1466 3402 virtute
1491 3363 1674 3402 eorum
1704 3347 1852 3402 libris
1877 3347 2046 3402 infusa
2069 3390 2083 3415 ,
2106 3357 2265 3419 atque
2295 3365 2359 3404 ex
2403 3350 2630 3419 quodam
2659 3352 2899 3420 genuinze
2929 3355 3224 3410 sanetitatis
3252 3371 3412 3411 succo
3453 3368 3508 3413 et

249 3447 395 3508 gustu
416 3480 431 3505 ,
456 3440 550 3510 qui
575 3456 639 3495 ex
668 3455 852 3495 eorum
884 3439 1096 3509 scriptis
1133 3438 1442 3508 percipitur.
1474 3438 1590 3493 Etsi
1618 3453 1776 3508 porro
1816 3437 1868 3492 in
1899 3438 2214 3508 explicando
2259 3454 2419 3493 sensu
2451 3441 2663 3494 litterali
2692 3457 2784 3495 seu
2825 3444 3207 3512 grammaticali
3252 3448 3507 3502 nonnulla

249 3528 446 3586 felicius
487 3533 709 3587 assecuti
749 3532 857 3587 sint
885 3531 1211 3586 recentiores
1237 3530 1482 3601 quidam,
1528 3545 1685 3600 quam
1718 3538 1959 3596 veteres;
1992 3530 2158 3599 magis
2205 3539 2380 3584 tamen
2425 3530 2489 3584 ad
2517 3530 2870 3584 roborandam
2909 3533 3065 3587 tidem
3114 3533 3420 3589 conducunt
3449 3535 3506 3592 hi

250 3637 394 3691 quam
417 3623 489 3677 illi
517 3641 531 3677 :
561 3635 614 3678 at
645 3624 687 3678 si
726 3623 1016 3679 recondita:
1057 3622 1270 3692 pietatis
1300 3635 1514 3676 sensum
1545 3621 1597 3674 in
1626 3621 1862 3690 utrisque
1887 3635 2167 3688 compares
2192 3661 2204 3682 ,
2235 3619 2289 3673 in
2329 3619 2479 3673 novis
2509 3635 2644 3689 pene
2670 3621 2938 3676 emarcida
2979 3630 3034 3676 et
3076 3622 3333 3693 languens
3363 3625 3509 3695 jacet

250 3715 577 3786 intelligentia
605 3717 999 3787 Scripturarum
1026 3733 1040 3782 ;
1075 3716 1126 3770 in
1155 3714 1384 3784 antiquis
1425 3727 1578 3769 sacro
1606 3712 1877 3766 cbaritatis
1909 3711 2030 3780 igne
2058 3725 2312 3765 succensa
2337 3710 2544 3766 animos
2571 3712 2859 3782 legentium
2904 3713 3046 3768 fovet
3074 3730 3138 3769 ac
3165 3725 3392 3772 recreat.
3445 3717 3502 3772 Id

248 3823 364 3864 sane
389 3812 616 3880 experiri
647 3812 770 3866 licet
797 3811 1062 3882 prmeipue
1092 3809 1146 3863 in
1170 3808 1462 3878 Augustino
1479 3849 1493 3872 ,
1524 3805 1631 3860 imo
1661 3805 1862 3874 experti
1893 3811 2017 3858 sunt
2042 3805 2359 3873 quicmnque
2385 3803 2625 3858 sedulam
2651 3803 2766 3873 ejus
2795 3806 3188 3861 commentariis
3209 3822 3271 3861 ac
3293 3807 3506 3877 scriptis

247 3915 490 3959 navarunt
529 3919 770 3976 operam.
807 3903 970 3968 Nam,
1012 3903 1057 3956 si
1083 3899 1308 3955 docendi
1348 3906 1471 3953 sunt
1496 3899 1722 3952 lectores
1747 3936 1762 3961 ,
1801 3895 1927 3949 sicut
1959 3894 2035 3948 sol
2062 3894 2114 3946 in
2143 3895 2329 3947 lumine
2350 3893 2542 3947 excedit
2571 3911 2739 3949 omnes
2774 3895 3033 3965 planetas,
3064 3896 3134 3950 ita
3175 3897 3485 3966 Augustinus

247 4008 400 4049 omna
425 3997 641 4051 excessit
667 3998 721 4050 in
751 3994 1046 4066 exponendo
1089 4008 1261 4047 sacras
1291 3989 1586 4060 Scripturas
1608 4030 1622 4054 ,
1654 3987 1824 4056 inquit
1873 3986 2143 4054 Remigius
2193 3984 2673 4039 Autissiodorensis
2707 3986 3024 4055 (Comment.
3054 3988 3105 4040 in
3133 3986 3197 4040 II
3222 3986 3386 4060 Cor.).
3435 3991 3490 4044 Si

247 4089 603 4145 commovendi
632 4098 686 4145 et
707 4087 970 4145 excitandi
998 4092 1121 4142 sunt
1163 4084 1456 4154 legentium
1484 4080 1740 4145 all‘eetus,
1772 4080 1946 4132 nullus
1973 4077 2026 4131 id
2064 4076 2282 4129 suavius
2321 4084 2374 4129 et
2418 4075 2683 4130 ellicaeius
2712 4087 2925 4145 praestat
2961 4093 3117 4150 quam
3158 4082 3500 4150 Augustinus.

247 4179 476 4236 Probavit
515 4182 624 4236 hoc
645 4182 757 4251 jam
797 4180 923 4235 olim
952 4177 1264 4248 Fulgentius
1295 4173 1426 4229 tanti
1455 4171 1684 4242 Magistri
1715 4168 2002 4238 discipulus
2020 4209 2033 4232 ,
2062 4167 2151 4236 qui
2186 4167 2268 4219 ubi
2297 4167 2464 4219 omnia
2483 4181 2595 4236 qua:
2633 4168 2726 4220 sibi
2750 4168 2877 4221 dura
2906 4169 3199 4224 videbantur
3235 4183 3467 4241 expertus
3486 4214 3501 4239 ,

246 4275 481 4343 adjutorio
509 4274 694 4346 gratiae
742 4272 1018 4344 spiritualis
1063 4269 1310 4324 voluntati
1350 4281 1456 4320 suae
1501 4264 1653 4318 sensit
1700 4269 1966 4331 suppetere
2008 4258 2338 4330 facultatem;
2381 4259 2512 4313 beati
2557 4260 2826 4332 Augustini
2874 4264 3166 4332 exponentis
3194 4264 3502 4335 trigesimum

246 4355 418 4426 sextum
447 4370 720 4427 Psalmum
745 4369 1086 4441 disputatione
1111 4364 1447 4420 commonitus
1469 4369 1513 4416 et
1534 4365 1863 4428 compunctus
1881 4397 1895 4422 ,
1927 4355 2178 4425 publicare
2201 4370 2348 4408 suum
2369 4354 2542 4408 statuit
2567 4364 2734 4409 votum
2764 4354 2854 4424 (In
2881 4356 2983 4410 vita
3019 4355 3080 4412 S.
3120 4356 3274 4429 Fulg.
3309 4376 3422 4429 cap.
3446 4358 3502 4428 5)

245 4463 371 4533 quod
394 4465 459 4520 de
492 4463 794 4519 monastico
823 4461 1063 4516 instituto
1092 4464 1426 4527 conceperat.

305 4559 406 4616 Has
423 4568 606 4615 autem
631 4557 801 4614 sancti
823 4554 1064 4610 Doctoris
1092 4553 1143 4607 in
1171 4547 1502 4621 exponendis
1525 4543 1813 4614 Scripturis
1833 4543 1984 4597 dotes
2010 4543 2081 4596 ita
2110 4555 2398 4610 suspexere
2425 4555 2527 4594 non
2557 4541 2717 4595 modo
2747 4544 2962 4609 posteri,
2994 4559 3178 4598 verum
3199 4547 3358 4600 etiam
3386 4548 3504 4617 ejus

247 4651 457 4722 aequales
475 4691 492 4716 ,
525 4658 589 4705 ut
614 4649 684 4704 ad
713 4640 886 4719 ipsum
914 4647 965 4700 in
988 4644 1230 4700 obscuris
1257 4657 1318 4697 ac
1348 4641 1521 4696 dubiis
1547 4637 1677 4691 locis
1694 4677 1708 4704 ,
1746 4643 1994 4705 tanquam
2020 4631 2086 4686 ad
2115 4632 2333 4687 cteleste
2360 4631 2632 4686 oraculum
2654 4673 2667 4698 ,
2700 4633 2876 4688 missis
2907 4635 3144 4703 epistolis
3170 4637 3505 4710 confugerint

246 4743 604 4814 Simplicianus
641 4739 1080 4805 Mediolanensis,
1125 4735 1376 4792 Paulinus
1404 4731 1648 4788 Nolensis
1669 4772 1683 4796 ,
1713 4728 1946 4784 Evodius
1982 4727 2256 4782 Uzaleusis
2295 4728 2557 4782 antistites
2586 4745 2600 4781 :
2629 4729 2737 4783 imo
2761 4729 2825 4783 ad
2853 4731 3096 4785 eumdem
3128 4731 3349 4788 Orosius
3383 4750 3505 4805 pre-

249 4835 442 4907 sbyter,
473 4835 552 4889 ab
577 4832 761 4888 ultima
786 4831 1035 4901 Hispania
1054 4870 1068 4894 ,
1109 4828 1224 4883 solo
1250 4833 1550 4881 sanctarum
1572 4822 1962 4892 Scripturarum
1991 4819 2181 4874 ardore
2216 4817 2569 4873 inﬂammatus
2598 4819 2871 4875 advenerit
2897 4821 3143 4894 (August.
3175 4825 3323 4894 epist.
3362 4826 3463 4882 169
3483 4870 3501 4896 ,

249 4941 293 4978 n.
315 4923 418 4996 15).
459 4922 604 4978 Hinc
631 4921 984 4992 Augustinum
1008 4917 1192 4974 Audax
1219 4915 1502 4972 Oraculum
1528 4913 1659 4984 legis
1684 4910 1914 4982 appellat
1939 4908 2130 4980 (Epist.
2157 4910 2285 4962 inter
2308 4909 2519 4980 August.
2549 4909 2712 4981 260);
2743 4913 3033 4982 asseritque
3059 4913 3374 4970 Volusianus
3402 4917 3502 4986 legi

253 5017 421 5074 deesse
442 5058 460 5084 ,
510 5013 773 5086 quidquid
810 5012 1088 5081 contigerit
1113 5010 1180 5065 ab
1217 5023 1283 5066 eo
1325 5007 1556 5080 ignorari
1599 5003 1756 5077 (Ibid.
1787 5003 1910 5070 155,
1941 5020 1997 5057 n.
2032 5002 2112 5073 2).
2142 5001 2246 5057 Sed
2292 5002 2418 5056 illud
2449 5002 2501 5058 in
2543 5004 2726 5072 primis
2753 5006 3216 5063 commendatione
3246 5009 3461 5079 dignum
3491 5051 3507 5077 ,

250 5110 370 5180 quod
412 5125 526 5164 non
556 5116 760 5163 tantum
787 5107 976 5178 privati
1019 5103 1314 5160 doctissimi
1361 5102 1556 5172 quique
1603 5099 1848 5154 homines
1873 5139 1886 5162 ,
1937 5095 2030 5151 sed
2076 5095 2186 5164 ipsa
2218 5094 2480 5162 Coucilia,
2513 5096 2718 5152 scilicet
2758 5097 3024 5154 Numidiae
3055 5109 3110 5154 et
3137 5100 3503 5171 Carthaginis,

252 5204 574 5258 sanctissimo
601 5202 817 5256 Doctori
837 5243 851 5268 ,
884 5209 1131 5270 tanquam
1163 5195 1419 5253 canonico
1444 5194 1754 5263 interpreti,
1781 5205 1964 5245 sacras
1994 5190 2296 5258 Scripturas
2322 5191 2619 5260 exponendi
2641 5205 2821 5246 curam
2851 5201 2905 5246 et
2927 5192 3250 5262 provinciam
3276 5195 3504 5250 commi-

251 5294 399 5348 serint
424 5292 624 5368 (Epist.
652 5292 792 5358 215,
823 5310 878 5347 n.
908 5291 985 5363 4),
1015 5299 1075 5346 ut
1119 5287 1260 5358 quod
1302 5287 1412 5358 jam
1455 5285 1630 5340 divina
1655 5281 1984 5353 providentia
2014 5281 2115 5351 ipsi
2144 5281 2401 5336 creditum
2431 5281 2631 5350 fuerat,
2665 5285 2822 5337 etiam
2860 5282 3184 5352 suffragante
3209 5298 3273 5338 ac
3317 5295 3506 5355 postu-

249 5382 376 5443 lante
400 5384 646 5441 Ecclesia
672 5392 1066 5454 exsequeretur.

312 5479 390 5534 Ad
416 5494 542 5535 eam
569 5492 696 5533 vero
727 5491 1000 5531 sacrorum
1039 5474 1318 5530 Librorum
1361 5469 1761 5540 intelligentiam
1792 5474 2110 5538 pervenerat
2138 5465 2227 5521 Vir
2255 5466 2621 5521 sanctissimus
2659 5466 2916 5536 imprimis
2940 5465 3062 5521 vitae
3102 5466 3400 5538 integritate
3441 5486 3505 5526 ae

249 5572 493 5642 puritate.
521 5569 678 5627 Unde
703 5569 954 5624 Paulinus
975 5567 1041 5622 ad
1064 5568 1237 5638 ipsum
1268 5583 1282 5622 :
1313 5564 1502 5619 Lucere
1522 5580 1623 5618 non
1643 5561 1814 5616 dubito
1842 5569 2030 5617 sancta:
2054 5561 2238 5614 animae
2266 5568 2382 5626 tute,
2415 5575 2526 5629 qua:
2552 5559 2614 5614 dc
2639 5559 2888 5613 interioris
2917 5559 3052 5614 oculi
3079 5561 3293 5632 puritate
3321 5564 3502 5617 meruit

249 5662 658 5716 illuminnttonem
702 5659 926 5730 Spiritus
959 5659 1151 5725 sancti,
1205 5673 1292 5728 per
1317 5672 1463 5726 quem
1493 5654 1708 5709 scrutari
1749 5661 1795 5707 et
1823 5654 2064 5724 inspicere
2107 5651 2262 5724 possit
2303 5649 2406 5705 alta
2450 5649 2563 5705 Dei.
2595 5648 2782 5724 (Epist.
2832 5650 2963 5703 inter
2985 5650 3115 5721 Aug.
3150 5652 3272 5718 121,
3305 5671 3357 5707 n.
3389 5655 3499 5725 18).

252 5752 442 5810 Deinde
481 5769 601 5824 qtae
643 5751 806 5821 ipsius
831 5761 946 5806 erat
992 5755 1046 5804 in
1088 5764 1292 5806 sacram
1316 5748 1639 5818 Scripturam
1668 5745 1852 5818 religio
1881 5754 1933 5802 et
1960 5747 2284 5815 reverentia,
2331 5753 2530 5800 tantum
2566 5744 2679 5799 eius
2717 5743 2894 5797 animo
2929 5744 3284 5799 venerationis
3315 5745 3494 5803 incus~

527 5845 750 5908 SANO'I'.
787 5845 1064 5907 Ausus'r.
1105 5843 1214 5905 III.

2152 5863 2155 5869 ι
2988 5835 3215 5913 (ΠΜ.)
