4032 6350
500 322 564 374 η
1960 303 2349 362 ΡΒᾸΞΡΑΤΙΟ.
3711 323 3777 382 ta

501 436 680 496 serat,
725 434 785 486 ut
832 431 1090 498 perpetuo
1140 424 1426 481 miraretur
1468 422 1886 497 profunditatem
1949 421 2282 495 eloquiorum
2344 423 2641 481 divinorum
2665 468 2681 496 ,
2725 435 2781 484 et
2829 425 2931 498 ipsi
2971 426 3166 485 horror
3211 436 3356 487 esset
3400 429 3680 489 intendere
3729 449 3778 489 in

508 505 627 579 edm
657 521 920 595 (Confeu.
951 521 1041 575 lib.
1073 520 1159 588 l2,
1189 537 1236 574 ο.
1271 520 1382 592 ﬂ).
1413 520 1602 590 Unde,
1644 519 2092 592 quemadmodum
2123 522 2438 578 temerarius
2475 523 2870 594 Scripturarum
2909 534 3176 581 scrutator
3201 527 3520 598 Opprimitur
3548 545 3578 584 a
3606 528 3771 600 gloria

502 616 686 692 (Prov.
717 632 854 685 xxv,
884 615 1016 690 27);
1067 615 1148 670 sic
1172 629 1205 672 e
1229 615 1500 671 contrario
1544 613 1659 685 ejus
1701 615 1985 688 splendore
2011 613 2129 686 ipse
2167 615 2446 688 religiosus
2475 618 2764 675 admirator
2785 628 2929 675 totus
2974 621 3357 679 illustrabatur.
3409 624 3506 678 llis
3551 625 3775 681 accessit

501 710 716 768 fervens
765 715 822 764 et
862 706 1187 764 indefessum
1219 708 1499 779 Augustini
1526 708 1580 763 in
1605 708 1822 766 easdem
1849 707 2146 780 Scripturas
2171 710 2439 781 studium,
2485 712 2619 768 adeo
2646 721 2704 768 ut
2727 722 2871 770 totus
2898 714 3260 773 inardesceret
3296 717 3546 774 meditari
3577 718 3630 774 in
3661 719 3776 790 lege

501 807 632 874 Dei,
659 807 929 878 nolletqne
952 807 1004 861 in
1029 803 1173 860 aliud
1199 803 1360 861 horas
1385 805 1659 875 diffluere,
1708 820 1841 877 quas
1872 821 1904 860 a
1931 805 2053 860 vitae
2096 805 2500 863 necessitatibus
2542 808 2738 866 liberas
2786 809 3087 866 inveniebat
3117 809 3366 883 (Confess.
3422 811 3510 866 lib.
3538 813 3592 877 2,
3623 829 3668 866 ο.
3696 811 3778 884 2).

500 900 626 956 Ideo
659 917 779 958 cum
809 899 879 956 ad
916 907 1214 956 extremam
1248 898 1377 954 vitae
1404 899 1680 969 periodum
1719 901 2085 970 pervenisset,
2129 914 2500 958 successorem
2540 901 2640 957 sibi
2693 903 2938 958 substitui
2989 905 3228 970 curavit,
3281 921 3387 975 quo
3419 905 3777 974 pastoralibus

498 995 646 1051 curis
670 993 982 1064 expeditus,
1015 998 1158 1048 totus
1186 991 1240 1046 in
1263 1006 1381 1048 eam
1408 990 1804 1062 meditationem
1849 992 2151 1050 intenderet
2175 994 2408 1050 animum
2441 990 2630 1065 (Epist.
2659 993 2785 1061 215,
2816 1011 2868 1049 n.
2897 993 2988 1066 4);
3016 995 3168 1067 quasi
3192 1010 3298 1051 non
3326 996 3482 1051 aliam
3504 1037 3518 1062 ,
3553 997 3779 1052 univer‘

497 1097 575 1140 sae
613 1084 868 1140 Ecclesiae
903 1083 1074 1155 magis
1101 1081 1285 1140 utilem
1337 1083 1798 1155 necessariamqne
1828 1100 2049 1155 operam
2086 1100 2283 1142 navare
2325 1095 2534 1157 posset.

531 1176 682 1234 'Sed
725 1177 850 1233 huic
891 1175 1254 1247 intelligentiae
1293 1177 1565 1233 cumulum
1596 1177 1911 1248 imposuisse
1935 1177 2186 1236 videntur
2210 1179 2326 1250 ejus
2372 1178 2603 1235 Charitas
2627 1177 2699 1236 ἐι
2742 1177 3024 1237 modestia.
3070 1179 3326 1236 Modestia
3372 1182 3569 1253 quippe
3621 1181 3774 1238 modo

495 1269 818 1343 imperitiam
842 1278 1004 1340 atque
1027 1268 1294 1324 inscitiam
1315 1283 1465 1324 suam
1495 1269 1786 1340 profitetur,
1821 1271 1979 1327 modo
2009 1271 2370 1344 expositiones
2397 1287 2520 1328 suas
2543 1272 2725 1328 timide
2754 1289 2850 1343 pro
2874 1273 3194 1344 coniecturis
3215 1274 3496 1344 proponit:
3523 1282 3630 1329 tum
3652 1274 3778 1330 alios

494 1364 562 1419 ad
597 1363 851 1420 meliores
877 1361 1222 1420 inveniendas
1250 1360 1533 1432 hortatur;
1560 1371 1615 1420 et
1643 1363 1690 1420 si
1715 1365 1841 1436 quid
1869 1366 1982 1437 ipse
2011 1365 2324 1437 profecerit,
2354 1384 2460 1423 non
2492 1383 2601 1423 suae
2631 1368 2799 1438 ipsius
2834 1369 3108 1425 industriae
3128 1412 3144 1438 ,
3178 1368 3272 1425 sed
3318 1369 3542 1425 aliorum
3572 1370 3774 1428 meritis

493 1465 550 1514 et
577 1457 906 1513 orationibus
932 1455 1171 1511 ascribit.
1201 1455 1440 1527 Denique
1467 1456 1700 1513 charitas
1729 1457 1889 1513 efficit
1909 1501 1924 1526 ,
1957 1466 2014 1513 ut
2054 1459 2108 1514 in
2154 1458 2334 1515 varias
2363 1475 2482 1516 sese
2524 1458 2725 1515 formas
2751 1470 3071 1532 componat,
3094 1470 3148 1516 et
3173 1460 3238 1516 ad
3269 1475 3358 1516 res
3404 1460 3774 1517 minutissima.

493 1543 775 1616 demittat,
804 1546 978 1618 qualis
1004 1554 1093 1604 est
1115 1563 1464 1605 numerorum
1491 1549 1751 1620 expOSitiO
1772 1593 1786 1619 ,
1820 1561 1878 1605 ut
1922 1551 2104 1606 saeculi
2131 1552 2212 1608 sui
2242 1553 2398 1624 genio
2424 1569 2487 1610 ac
2513 1555 2700 1611 studiis
2723 1570 2842 1611 sese
2880 1553 3264 1610 accommodet.
3298 1557 3428 1623 Quae
3456 1570 3544 1610 res
3574 1563 3779 1610 tantum

493 1637 647 1694 abest
675 1643 734 1693 ut
760 1638 1022 1694 minorem
1051 1635 1120 1694 de
1149 1637 1268 1710 ejus
1286 1639 1687 1696 commentariis
1712 1639 2014 1710 Opinionem
2039 1657 2298 1712 generare
2315 1683 2331 1708 ,
2361 1643 2485 1714 quin
2508 1660 2573 1699 ex
2595 1645 2820 1700 adverso
2851 1645 3107 1714 majorem
3139 1643 3214 1699 eis
3240 1645 3466 1716 gratiam
3495 1643 3786 1702 conciliare

493 1729 718 1796 debeat;
755 1743 862 1801 quo
891 1729 1061 1800 magis
1088 1729 1299 1786 accedit
1324 1730 1393 1786 ad
1420 1729 1567 1786 illam
1597 1731 1872 1801 sapientiae
1901 1732 2094 1786 divinae
2117 1732 2336 1788 formam
2356 1775 2372 1802 ,
2417 1751 2535 1806 qua:
2575 1735 2784 1791 rudium
2809 1744 2866 1791 et
2891 1736 3256 1806 imperitorum
3306 1735 3581 1791 hominum
3622 1751 3782 1793 causa

495 1823 890 1895 quodammodo
915 1837 1236 1894 puerascere
1264 1841 1371 1880 non
1402 1825 1631 1882 erubuit.
1660 1823 1773 1880 Non
1803 1841 1928 1896 ergo
1954 1825 2204 1881 audiendi
2226 1838 2346 1882 sunt
2370 1827 2586 1898 quidam
2617 1829 2790 1884 minus
2817 1828 3053 1899 religiosi
3079 1843 3328 1883 censores
3347 1871 3362 1897 ,
3397 1829 3486 1900 qui
3530 1829 3584 1882 in
3611 1829 3783 1884 sacris

493 1909 670 1971 Libris
713 1914 925 1972 nonnisi
959 1916 1379 1986 grammaticalia
1408 1914 1524 1973 fere
1551 1915 1812 1972 elementa
1843 1917 2207 1986 pensitantes,
2253 1917 2306 1972 in
2333 1919 2670 1974 sanctissimo
2705 1915 2932 1974 Doctore
2960 1934 3184 1988 carpere
3210 1919 3323 1973 ausi
3372 1928 3498 1975 sunt
3529 1919 3783 1975 humilem
3877 1975 3887 1982 ,

498 2007 884 2080 interpretandi
905 2007 1122 2064 modum
1147 2050 1164 2078 ,
1194 2010 1286 2081 qui
1314 2009 1382 2066 ad
1411 2011 1623 2082 regulas
1651 2011 1783 2066 artis
1807 2009 1999 2065 divina:
2025 2019 2165 2065 totus
2185 2011 2510 2081 compositus
2533 2019 2618 2066 est
2635 2052 2651 2080 ,
2683 2026 2787 2065 non
2807 2009 2875 2065 ad
2901 2005 3148 2064 humanae
3169 2009 3340 2076 illius,
3372 2023 3530 2080 quam
3563 2009 3649 2064 isti
3671 2016 3780 2064 tam

492 2100 730 2156 studiose
771 2110 1184 2171 consectantur,
1232 2102 1477 2160 humana:
1527 2103 1846 2174 eloquentiae
1885 2118 2158 2174 pompam.

569 2194 753 2266 Neque
781 2210 1102 2266 quemquam
1133 2195 1404 2252 offendere
1441 2196 1640 2253 debent
1665 2197 1956 2268 allegoriae,
2000 2195 2194 2266 quibus
2219 2193 2504 2266 aliquando
2531 2194 2625 2251 Vir
2653 2206 2867 2252 sanctus
2895 2212 3022 2251 usus
3047 2205 3128 2252 est
3171 2195 3224 2250 in
3259 2194 3599 2266 explananda
3637 2209 3784 2265 prae-

493 2287 648 2356 cipue
674 2287 853 2344 Veteri
880 2289 1248 2345 Testamento.
1282 2290 1398 2346 Hac
1429 2290 1571 2345 enim
1598 2290 1856 2361 religione
1893 2290 1944 2344 in
1976 2290 2235 2359 ejusmodi
2283 2290 2443 2345 rebus
2469 2306 2625 2360 agere
2657 2291 2883 2355 solebat,
2919 2299 2973 2344 ut
3007 2289 3154 2344 illum
3192 2288 3400 2343 cmteris
3427 2288 3783 2359 expositorem

499 2378 795 2448 praeferret,
827 2380 919 2450 qui
940 2381 1118 2436 omnia
1145 2399 1264 2452 qua:
1289 2382 1432 2438 dicta
1456 2391 1604 2450 sunt,
1637 2381 1928 2437 secundum
1958 2381 2192 2436 litteram
2221 2383 2507 2452 acciperet,
2538 2382 2826 2436 dummodo
2849 2391 3030 2453 posset
3055 2381 3254 2436 evitare
3281 2381 3642 2450 blaSphemias
3671 2380 3692 2452 (
3708 2379 3785 2435 Ds

493 2465 672 2526 Genesi
701 2482 884 2526 contra
909 2471 1142 2528 Manich.
1173 2473 1264 2529 tib.
1286 2475 1340 2541 2,
1368 2490 1418 2530 ο.
1458 2473 1532 2546 2)
1560 2492 1574 2540 ;
1614 2474 1665 2528 id
1705 2482 1787 2528 est
1816 2474 2085 2542 indignum
2113 2475 2224 2529 Deo
2246 2489 2485 2528 sensum.
2517 2473 2612 2528 Sin
2644 2473 2836 2538 minus,
2879 2473 2944 2527 ad
2984 2472 3322 2542 allegoricum
3352 2487 3567 2526 sensum
3599 2469 3757 2527 confu

493 2565 745 2636 gicndum
775 2581 898 2622 esse
932 2565 1160 2623 docebat
1183 2567 1435 2640 exemplo
1472 2568 1871 2638 Apostolorum,
1905 2567 1992 2636 qui
2033 2583 2099 2622 eo
2132 2582 2292 2622 sensu
2320 2583 2426 2620 non
2465 2567 2630 2622 semel
2659 2566 2737 2621 usi
2763 2574 2906 2621 sunt.
2939 2563 3008 2620 Et
3035 2573 3180 2620 certe
3222 2564 3473 2635 quoniam
3511 2563 3780 2634 Scriptura

490 2667 640 2713 vetus
669 2659 930 2716 rationem
952 2657 1116 2714 habet
1139 2658 1402 2727 historiae,
1429 2658 1722 2730 pr0phetite
1749 2668 1907 2730 atque
1934 2659 2093 2729 legis;
2128 2673 2225 2728 pro
2255 2659 2446 2727 triplici
2472 2659 2572 2712 ista
2601 2657 2806 2712 ratione
2835 2657 3026 2726 triplex
3055 2672 3244 2711 sensus
3273 2673 3302 2711 a
3329 2657 3493 2711 sacris
3523 2655 3755 2733 interpre

493 2751 632 2805 tibus
671 2751 867 2805 merito
893 2757 1182 2820 usurpatus
1212 2760 1330 2817 est;
1354 2751 1595 2807 litteralis
1624 2751 1713 2822 qui
1738 2751 1996 2818 historiae,
2023 2750 2341 2821 allegoricus
2382 2750 2472 2821 qui
2501 2751 2812 2821 prophetiae,
2847 2750 3063 2804 moralis
3091 2749 3178 2820 qui
3210 2749 3310 2820 legi
3339 2748 3644 2819 respondet.
3674 2747 3781 2804 Ita-

491 2856 612 2912 que,
643 2843 744 2896 etsi
783 2857 972 2898 sensus
996 2845 1085 2899 ille
1123 2845 1381 2916 mysticus
1405 2845 1474 2900 ad
1515 2845 1746 2900 finienda
1782 2856 1836 2899 et
1877 2845 2192 2899 stabilienda
2231 2845 2485 2899 Ecclesiae
2511 2844 2758 2914 dogmata
2788 2843 2932 2898 solus
2972 2859 3076 2896 non
3105 2841 3368 2909 sufﬁciat,
3407 2842 3509 2894 nisi
3540 2842 3592 2895 in
3617 2838 3784 2896 sacris

491 2933 704 2991 Litteris
735 2935 1104 3004 contineatur;
1143 2937 1460 2992 utilissimus
1493 2945 1667 2993 tamen
1699 2947 1799 3004 est,
1832 2938 1920 2992 ubi
1967 2937 2340 3008 promovendae
2373 2937 2506 3006 legis
2551 2937 2864 3007 perfectioni
2897 2936 3142 3003 inservit,
3189 2935 3393 2990 scilicet
3415 2933 3688 2998 charitati;
3727 2941 3783 2988 et

494 3027 579 3082 ubi
607 3027 752 3082 ducit
771 3027 839 3082 ad
863 3028 1160 3097 Christum,
1187 3030 1276 3101 qui
1299 3031 1420 3085 finis
1445 3040 1532 3088 est.
1555 3030 1687 3102 legis
1707 3046 1770 3086 ac
1793 3031 2087 3086 charitatis.
2117 3032 2390 3102 Duplicem
2416 3032 2557 3086 hunc
2576 3045 2816 3100 scopum,
2841 3044 2937 3083 ceu
2964 3028 3225 3097 duplicem
3249 3028 3503 3097 regulam,
3533 3025 3631 3080 sibi
3651 3041 3782 3096 pro-

499 3121 649 3192 ponit
669 3122 992 3193 Augustinus
1016 3124 1069 3178 in
1096 3125 1496 3180 commentariis
1519 3125 1630 3180 suis
1657 3143 1673 3180 :
1703 3125 1843 3180 unde
1865 3127 1923 3180 fit
1951 3135 2008 3180 ut
2035 3126 2168 3180 nihil
2189 3127 2392 3196 Spirare
2415 3126 2711 3191 videantur,
2741 3124 2843 3179 nisi
2867 3121 3136 3177 Christum
3159 3136 3174 3186 ;
3207 3120 3340 3175 nihil
3364 3120 3644 3190 inspirare,
3669 3119 3774 3175 nisi

503 3213 842 3270 eboritatem.
876 3216 1093 3274 Accedit
1121 3217 1262 3288 quod
1284 3217 1574 3288 prudenter
1601 3217 1888 3273 admodum
1917 3217 2058 3273 hunc
2084 3233 2298 3273 sensum
2329 3218 2551 3284 inducit,
2578 3232 2806 3286 eumque
2835 3216 3121 3286 plurimum
3146 3209 3290 3268 elicit
3310 3228 3374 3266 ex
3406 3211 3654 3278 litterali;
3679 3226 3780 3266 nec

514 3304 582 3359 ad
604 3321 727 3361 eum
755 3305 963 3362 facilius
984 3309 1238 3380 confugit,
1268 3309 1430 3364 etiam
1462 3309 1516 3363 in
1543 3309 1650 3365 illis
1673 3309 1823 3365 libris
1851 3325 1986 3380 quos
2005 3303 2178 3365 edidit
2201 3310 2456 3365 adversus
2476 3309 2796 3364 Manichacus
2821 3310 3198 3380 (praeterquam
3220 3305 3272 3360 in
3299 3305 3469 3376 primo
3497 3320 3594 3359 suo
3619 3318 3782 3374 super

502 3396 752 3454 Genesim
780 3399 1012 3472 opere),
1045 3402 1256 3457 tametsi
1283 3410 1580 3471 Opportuna
1618 3401 1734 3474 ejus
1762 3418 1924 3474 scopo
1953 3403 2070 3457 haec
2106 3403 2242 3458 ratio
2273 3402 2544 3458 videretur
2572 3403 2640 3457 ad
2679 3401 2988 3472 explicanda
3015 3400 3258 3472 quaedam
3287 3407 3533 3454 veterum
3561 3395 3780 3452 Patrum

497 3485 660 3554 facta,
691 3489 883 3558 quibus
907 3491 1144 3547 haeretici
1175 3492 1248 3547 illi
1275 3493 1645 3548 abolebantur.
1671 3493 1851 3550 Sicubi
1873 3509 2000 3550 vero
2021 3493 2216 3551 Doctor
2240 3495 2664 3564 sapientissimus
2690 3496 2904 3549 unicum
2935 3493 3134 3565 profert
3161 3493 3776 3562 allegoricnmsensun;

497 3578 551 3634 id
581 3579 816 3638 facito'el
845 3582 968 3651 quia
997 3583 1280 3640 litteralem
1311 3585 1412 3640 sibi
1440 3585 1723 3641 obscurum
1763 3587 2066 3656 ignotumve
2103 3586 2417 3651 confitetur;
2459 3585 2545 3641 vel
2570 3587 2692 3656 quia
2719 3585 2960 3639 litteralis
2987 3584 3101 3653 ipse
3143 3597 3239 3652 per
3267 3597 3387 3635 sese
3416 3579 3486 3634 ita
3515 3578 3780 3634 dilucidus

505 3681 610 3739 est,
642 3682 710 3727 ut
722 3674 1077 3744 explicatione
1103 3687 1212 3730 nan
1240 3686 1424 3747 egeat;
1448 3678 1533 3732 vel
1560 3678 1791 3748 denique
1819 3679 1959 3748 quod
1981 3680 2098 3734 aliis
2127 3679 2179 3733 in
2206 3680 2336 3733 locis
2355 3694 2480 3733 eum
2518 3679 2844 3749 exposuerit.
2869 3679 2980 3732 Hoc
3003 3677 3148 3732 enim
3178 3675 3407 3744 pertinet
3443 3675 3510 3728 ad
3541 3674 3780 3744 pruden-

501 3765 632 3820 tiam
659 3767 904 3821 catholici
934 3768 1197 3832 Doctoris,
1227 3777 1418 3823 utnon
1443 3771 1628 3840 quavis
1653 3770 1934 3824 occasione
1955 3769 2262 3836 litteralem,
2289 3784 2358 3823 ne
2385 3769 2624 3834 vilescat,
2660 3767 2926 3833 inculcet;
2958 3764 3052 3821 sed
3081 3765 3364 3835 aliquando
3391 3763 3639 3836 praeferat
3666 3779 3782 3836 my-

494 3859 687 3913 sticum
714 3874 779 3914 ac
805 3859 1160 3930 spiritualem,
1185 3860 1274 3915 ubi
1307 3861 1610 3917 auditorum
1645 3861 1820 3918 studia
1843 3870 1898 3918 et
1923 3861 2144 3918 affectus
2167 3861 2222 3918 id
2247 3861 2518 3932 postulare
2537 3859 2892 3925 videbuntur;
2923 3859 3030 3913 imo
3057 3859 3216 3914 etiam
3245 3859 3359 3928 ipsa
3381 3873 3490 3926 res,
3517 3873 3638 3914 cum
3661 3874 3782 3914 sen-

497 3965 588 4007 sus
617 3951 932 4022 allegoricus
961 3953 1206 4008 litteralis
1230 3955 1370 4024 gerit
1397 3956 1586 4010 vicem.
2399 3971 2404 3974 ·

562 4042 663 4098 llic
690 4043 913 4100 fortasse
939 4045 1329 4100 occurrendum
1358 4055 1501 4102 esset
1537 4061 1779 4102 censurae
1810 4043 2160 4115 quorumdam
2187 4043 2462 4098 hominum
2494 4041 2629 4098 levis
2663 4040 2992 4096 auctoritatis
3015 4082 3030 4108 ,
3063 4041 3152 4112 qui
3182 4039 3362 4096 verbis
3411 4036 3782 4096 inverecundis

494 4136 786 4207 Augustino
811 4138 1140 4206 exprobrare
1164 4139 1278 4193 ausi
1301 4148 1424 4193 sunt
1452 4139 1770 4208 imperitiam
1799 4139 2120 4208 linguarum,
2141 4153 2209 4192 ex
2235 4152 2458 4207 quarum
2489 4135 2820 4208 ignoratione
2844 4134 3025 4205 lapsus
3047 4135 3119 4190 sit
3144 4134 3449 4205 aliquando,
3478 4143 3538 4188 ut
3565 4133 3781 4190 mollius

493 4227 783 4284 reddamus
808 4229 1090 4300 cujusdam
1121 4231 1380 4286 neoterici
1417 4230 1636 4296 dictum,
1666 4231 1806 4302 quod
1832 4231 1998 4286 atroci
2026 4238 2082 4286 et
2117 4229 2410 4300 impudenti
2447 4228 2706 4284 vocabulo
2729 4228 3010 4297 expressit.
3037 4227 3148 4282 Sed
3167 4226 3428 4298 ejusmodi
3457 4225 3697 4281 convicia
3723 4225 3781 4282 in

493 4332 767 4376 auctorem
797 4322 970 4392 ipsum
1000 4323 1282 4391 recidunt,
1325 4332 1637 4396 constatque
1667 4323 1806 4394 apud
1847 4339 2028 4394 azquos
2065 4339 2245 4378 rerum
2275 4321 2630 4377 aestimatores
2652 4362 2668 4388 ,
2715 4322 3067 4392 Augustinum
3097 4321 3163 4375 ad
3209 4320 3609 4391 intelligentiam
3647 4317 3782 4375 Novi

497 4413 826 4471 Testamenti
854 4416 1092 4470 subsidio
1119 4432 1311 4487 graeca:
1341 4401 1564 4486 linguai,
1584 4416 1651 4471 ad
1679 4431 1834 4486 quam
1861 4431 2048 4471 omnes
2079 4417 2254 4470 latinae
2280 4415 2542 4470 editiones
2570 4413 2806 4494 conditze
2825 4423 2970 4480 sunt,
3002 4413 3132 4468 satis
3161 4409 3476 4466 instructum
3509 4413 3690 4480 fuisse,
3722 4419 3784 4469 ut

505 4505 736 4576 probant
762 4507 922 4560 variae
948 4506 1230 4562 Lectiones
1267 4522 1334 4562 ex
1357 4505 1547 4578 graecis
1575 4505 1808 4562 fontibus
1835 4505 2098 4576 deductae,
2129 4522 2263 4578 quas
2298 4506 2392 4562 Vir
2411 4515 2626 4560 sanctus
2656 4505 2708 4559 in
2735 4504 2868 4559 locis
2893 4505 3069 4559 dubiis
3094 4513 3186 4558 aut
3214 4503 3483 4558 mendosis
3515 4503 3777 4560 adhibuit.

510 4597 732 4653 Fatetur
767 4599 981 4669 quidem
1011 4599 1064 4654 in
1091 4597 1533 4656 Confessionibus
1563 4601 1673 4656 suis
1703 4600 1798 4656 Vir
1821 4600 2246 4657 modestissimus
2272 4615 2352 4666 se,
2381 4616 2502 4656 cum
2527 4600 2778 4670 puerulus
2817 4599 3006 4655 latinas
3032 4599 3236 4654 litteras
3259 4597 3550 4664 adamaret,
3579 4613 3780 4670 graecas

503 4687 682 4743 odisse
704 4688 722 4759 (
745 4686 974 4760 Confeas.
1000 4690 1086 4745 lib.
1116 4692 1170 4759 1,
1196 4708 1247 4746 c.
1274 4690 1377 4763 15)
1401 4707 1416 4758 ;
1438 4691 1530 4746 sed
1547 4694 1664 4763 jam
1689 4693 1974 4769 episwpu,
1996 4694 2106 4764 jam
2135 4709 2307 4758 senem,
2339 4695 2413 4747 ait
2437 4691 2718 4759 Erasmus,
2748 4691 2816 4745 ad
2846 4709 3000 4763 puero
3035 4693 3128 4746 sibi
3152 4693 3405 4765 fastiditus
3425 4707 3616 4762 ειν-(εσσε
3641 4691 3782 4769 litte-

504 4797 590 4834 ras
615 4797 840 4836 reversus
864 4791 956 4837 est.
986 4783 1104 4851 Qua
1126 4783 1180 4838 in
1206 4799 1269 4839 re
1294 4785 1564 4855 egregium
1589 4783 1736 4839 dedit
1762 4785 2033 4855 specimen
2057 4801 2168 4841 sua:
2189 4786 2242 4840 in
2270 4799 2448 4840 sacras
2476 4785 2777 4855 Scripturas
2798 4784 3096 4839 sedulitatis
3123 4793 3177 4838 et
3200 4785 3534 4851 reverentiae,
3559 4784 3648 4856 qui
3669 4783 3780 4854 jam

509 4887 675 4928 senex
701 4881 780 4928 tot
806 4875 1033 4944 negotiis
1058 4875 1365 4942 distractus,
1396 4877 1461 4930 ad
1483 4877 1746 4932 elementa
1769 4892 1941 4949 graeca
1975 4877 2303 4934 descendere
2325 4893 2433 4933 non
2459 4887 2708 4948 gravatus
2732 4885 2837 4946 est,
2867 4885 2925 4933 ut
2960 4877 3027 4932 ad
3054 4891 3325 4933 sacrarum
3351 4877 3672 4934 Litterarum
3700 4876 3782 4933 in-

499 4961 848 5034 telligendum
876 4973 1075 5021 textum
1105 4976 1248 5022 esset
1272 4966 1598 5022 instructior.

581 5054 736 5121 Quod
758 5056 950 5112 attinet
977 5057 1044 5112 ad
1073 5057 1238 5114 Vetus
1263 5057 1688 5129 Testamentum,
1711 5058 1762 5114 in
1789 5075 1856 5116 eo
1881 5059 2197 5132 exponendo
2222 5060 2316 5116 Vir
2336 5067 2550 5115 sanctus
2577 5074 2685 5130 pne
2709 5060 2879 5116 oculis
2899 5055 3083 5115 habuit
3107 5059 3404 5115 versionem
3434 5057 3775 5130 Septuaginta

499 5145 874 5219 interpretum,
903 5165 1022 5219 qua:
1049 5151 1160 5205 sola
1188 5159 1316 5206 tunc
1345 5152 1398 5206 in
1423 5153 1738 5210 auctoritate
1770 5162 1886 5209 erat
1908 5153 2017 5224 jam
2049 5153 2172 5209 inde
2195 5152 2262 5208 ab
2285 5154 2662 5224 Apostolorum
2692 5154 3020 5224 temporibus
3047 5171 3060 5207 :
3087 5152 3180 5208 sed
3201 5169 3318 5208 eam
3342 5154 3411 5208 ita
3439 5162 3651 5208 secutus
3673 5162 3783 5222 est,

500 5249 560 5296 ut
578 5241 633 5294 in
663 5243 862 5297 nullum
889 5242 1136 5298 inductus
1164 5243 1233 5299 sit
1251 5259 1412 5314 grave
1433 5253 1708 5312 erratum;
1744 5246 1952 5301 tametsi
1982 5246 2257 5303 uberiores
2283 5245 2508 5301 fortasse
2536 5255 2587 5302 et
2612 5243 2990 5317 locupletiores
3014 5245 3238 5300 fuissent
3265 5247 3430 5316 ipsius
3449 5257 3782 5304 commenta-

499 5334 590 5401 rii,
621 5335 663 5389 si
690 5335 746 5388 in
778 5335 1052 5390 hebraicas
1080 5337 1290 5392 litteras
1317 5347 1669 5407 penetrasset.
1698 5339 1866 5395 Porro
1893 5355 2096 5410 graecus
2123 5349 2403 5396 contextus
2427 5341 2768 5410 Septuaginta
2787 5341 2853 5395 ab
2877 5355 2942 5395 eo
2971 5348 3236 5411 receptus,
3264 5340 3352 5397 ille
3380 5343 3495 5414 ipse
3515 5355 3595 5398 est
3623 5358 3781 5414 quem

499 5429 770 5483 recensuit
788 5429 1065 5497 Nobilius;
1097 5431 1247 5501 cujus
1279 5432 1546 5504 pleraeque
1566 5434 1832 5490 variantes
1859 5451 1926 5491 ex
1949 5437 2241 5506 Augustino
2266 5437 2521 5493 lectiones
2541 5437 2782 5492 oriuntur
2805 5454 2871 5494 ex
2897 5437 3190 5494 editionum
3217 5442 3379 5506 vitiis,
3402 5458 3522 5513 qua:
3542 5441 3780 5499 subsidio

500 5527 740 5576 veterum
767 5521 1021 5578 librorum
1065 5525 1122 5578 in
1149 5525 1248 5580 hac
1272 5527 1505 5581 editione
1535 5529 1870 5585 sustulimus.
1919 5528 2050 5584 Eam
2081 5541 2256 5585 autem
2299 5531 2788 5602 interpretationem
2810 5533 3095 5587 ‘credimns
3125 5535 3266 5587 illam
3296 5550 3415 5590 esse
3434 5577 3448 5598 ,
3476 5552 3632 5604 quam
3667 5535 3779 5606 ipso

507 5607 760 5669 Usitatam
791 5617 1021 5685 appellat
1045 5616 1161 5687 (De
1182 5616 1447 5674 Consensu
1475 5619 1674 5692 Evang.
1706 5622 1795 5676 lib.
1827 5621 1882 5690 2,
1911 5639 1958 5676 c.
1989 5623 2058 5677 66
2077 5629 2122 5693 ),
2149 5623 2503 5696 Hieronymus
2530 5623 2774 5680 Veterem
2802 5635 2855 5680 et
2887 5626 3152 5697 Vulgatam
3181 5628 3200 5700 (
3225 5627 3338 5681 Lib.
3361 5628 3424 5680 de
3456 5628 3659 5698 Optimo
3688 5645 3777 5699 ge-

505 5721 624 5761 nere
661 5707 918 5777 interpret.
951 5717 998 5764 et
1037 5709 1091 5764 in
1130 5710 1302 5766 Eccte.
1331 5727 1373 5777 ι,
1407 5712 1459 5780 7,
1489 5713 1646 5787 θείῃ),
1679 5713 1923 5770 eamdem
1953 5713 2179 5770 fortasse
2205 5731 2363 5785 quam
2391 5716 2598 5770 ezeusris
2627 5717 2845 5787 praefert
2869 5719 3212 5787 Augustinus,
3257 5733 3450 5786 nempe
3474 5716 3682 5785 Italam,
3712 5717 3778 5774 ab

505 5799 626 5870 ipso
659 5801 922 5860 laudatam
950 5805 1006 5862 in
1034 5804 1170 5862 libro
1197 5806 1432 5863 secundo
1465 5807 1531 5864 de
1558 5809 1807 5866 Doctrina
1833 5809 2152 5879 Christiana,
2180 5810 2351 5882 capite
2379 5809 2587 5868 decimo
2610 5811 2816 5882 quinto,
2844 5819 3092 5881 tanquam
3136 5812 3417 5871 verborum
3447 5809 3772 5868 tenaciorem

3794 4763 3806 4813 l
