4060 6470
328 377 414 435 ca
1083 375 1458 435 ADMONITIO
1493 375 1562 435 IN
1599 375 1840 436 tiones
1883 375 1972 434 ne
2012 372 2351 434 DOCTRINA
2386 373 2813 436 cumsuam.
3550 387 3620 448 ιι

334 504 478 546 cum.
494 486 874 560 perspicuitate
903 491 1180 546 sententiae
1209 507 1224 547 :
1253 493 1298 547 si
1326 500 1502 548 tamen
1535 491 1716 554 Italica
1736 492 1849 548 hinc
1869 491 2014 548 aliud
2033 491 2482 562 complectebatur
2507 508 2661 565 quam
2685 491 2891 552 Novum
2915 493 3348 561 Testamentum;
3379 499 3520 568 quod
3547 517 3618 564 ex

335 584 626 656 Augustini
656 584 838 640 verbis
865 601 970 640 non
1000 586 1209 655 penitus
1235 588 1567 657 exploratum
1589 599 1689 642 est.
1715 589 1976 644 Caeterum
2000 589 2051 644 in
2078 589 2227 644 libris
2251 588 2596 646 Locutionum
2623 602 2676 648 et
2703 593 3064 660 Quaestionum
3089 591 3141 650 in
3173 596 3614 666 Heptateuchum,

332 689 476 746 quos
504 675 808 745 composuit
830 677 941 745 jam
967 692 1154 746 senex,
1179 680 1481 736 versionem
1513 695 1577 735 ex
1607 679 1835 736 hebraeis
1868 679 2104 742 fontibus
2129 681 2374 751 proxime
2389 681 2678 740 derivatum
2705 686 2984 742 consulere
3005 686 3158 753 solet,
3187 686 3391 758 vulgari
3416 696 3616 743 nostra:

330 770 784 836 scammoniam;
819 770 996 824 for-san
1021 786 1142 840 quae
1183 783 1402 828 auclore
1446 774 1772 845 Hieronymo
1801 775 2086 845 prodierat,
2114 792 2271 846 quam
2296 777 2540 834 versione
2574 777 2915 851 Septuaginta
2968 781 3178 838 tandem
3230 783 3618 840 accuratiorem

334 863 588 933 agnoscit
613 863 670 918 in
691 863 829 918 libro
855 875 1042 934 quarto
1069 864 1138 919 de
1165 866 1410 921 Doctrina
1441 867 1739 924 Christiana
1768 866 1928 942 (Cap.
1961 871 2015 938 7,
2045 887 2096 925 η.
2127 870 2252 943 15),
2283 872 2477 942 scripto
2505 889 2598 943 per
2627 875 2678 929 id
2716 884 2944 947 tempus,
2973 893 3078 947 quo
3106 876 3456 935 retractandis
3479 893 3617 948 opu-

336 962 508 1016 sculis
534 963 647 1016 suis
675 962 1033 1018 incumbebat.
1063 962 1229 1018 Paulo
1257 972 1396 1034 post,
1432 964 1490 1018 id
1515 975 1616 1033 est,
1649 967 1746 1021 sub
1772 966 1927 1021 ﬁnem
1945 966 2066 1021 vitae
2091 981 2220 1034 suae,
2248 966 2384 1022 hanc
2408 969 2702 1022 versionem
2721 969 2960 1026 adhibuit
2986 971 3040 1026 in
3069 971 3342 1026 condendo
3368 970 3615 1041 Speculo,

337 1054 486 1124 quod
521 1070 587 1109 ex
620 1055 908 1124 Scriptura:
936 1056 1248 1110 centonibus
1273 1056 1339 1111 ad
1369 1072 1524 1111 usum
1550 1058 1691 1127 vulgi
1720 1068 1828 1112 tum
1861 1059 2216 1114 meditabatur
2244 1076 2258 1113 :
2291 1059 2472 1130 sicque
2500 1059 2692 1115 factum
2715 1071 2797 1116 est
2826 1071 2883 1117 ut
2911 1063 3024 1117 haec
3049 1062 3100 1117 in
3127 1078 3313 1118 manus
3343 1063 3520 1133 populi
3550 1063 3619 1118 ab

338 1147 648 1218 Augustino
674 1147 886 1215 tradita,
917 1151 1146 1204 evaserit
1173 1149 1404 1220 vulgaris
1431 1165 1494 1206 ac
1521 1153 1909 1222 receptissima,
1939 1153 2189 1208 versione
2214 1154 2554 1227 Septuaginta
2595 1156 2804 1212 interim
2829 1158 3111 1228 quamdam
3140 1158 3401 1213 retinente
3428 1165 3618 1211 aucto-

327 1238 554 1301 ritatem
577 1240 742 1296 etiam
769 1241 820 1298 in
847 1241 1093 1302 Ecclesia
1123 1243 1384 1312 Romani,
1415 1252 1472 1300 ut
1503 1245 1671 1302 sancti
1693 1243 1938 1315 Gregorii
1965 1245 2034 1301 ad
2057 1246 2364 1304 Leandrum.
2383 1249 2748 1320 Hispalensem
2775 1265 2936 1321 super
2961 1250 3077 1306 Jobi
3101 1251 3484 1324 expositionem
3507 1251 3620 1320 epi-

329 1331 471 1384 stola
500 1338 848 1386 contestatur.

407 1423 649 1493 Denique
676 1424 720 1478 si
752 1431 990 1479 nostram
1034 1425 1087 1479 in
1115 1425 1457 1482 recensendis
1496 1425 1614 1483 istis
1642 1428 1921 1501 Augustini
1961 1429 2113 1486 libris
2139 1445 2355 1501 operam
2383 1446 2805 1489 commemorare
2828 1433 3010 1505 juvat;
3037 1449 3242 1489 summa
3269 1450 3392 1490 cum
3425 1434 3619 1506 ubique

334 1529 460 1569 cura
482 1523 539 1569 et
561 1513 684 1580 ﬁde,
718 1527 827 1570 tum
850 1518 1079 1572 maxime
1108 1519 1196 1572 ubi
1228 1519 1279 1573 in
1307 1534 1459 1575 sacro
1487 1529 1635 1576 textu
1662 1522 1972 1576 mutandum
1995 1523 2192 1593 aliquid
2221 1525 2301 1579 vel
2327 1525 2589 1580 tantillum
2617 1525 2733 1594 fuit,
2761 1527 3023 1598 agendum
3046 1542 3164 1582 esse
3187 1527 3455 1583 duximus.
3479 1527 3619 1594 Qua-

334 1619 557 1676 propter
577 1621 700 1662 cum
724 1607 776 1661 in
805 1610 1076 1665 nonnullis
1093 1609 1386 1682 Scripturac
1404 1613 1724 1668 testimoniis
1744 1615 2050 1670 varietatem
2068 1614 2206 1684 apud
2233 1616 2582 1686 Augustinum
2610 1628 2849 1674 nostrum
2866 1618 3228 1689 deprehendet
3253 1618 3436 1686 lector,
3460 1627 3620 1690 atque

333 1715 501 1754 unam
533 1700 884 1770 eamdemque
911 1705 1230 1759 sententiam
1268 1720 1374 1758 non
1399 1714 1706 1760 constanter
1734 1721 1762 1760 a
1791 1707 1943 1761 nobis
1969 1707 2020 1760 in
2051 1708 2312 1775 integrum
2339 1709 2552 1778 ubique,
2579 1709 2672 1765 sed
2699 1711 2857 1765 certis
2883 1710 3195 1780 quibusdam
3221 1711 3270 1764 in
3297 1710 3429 1766 locis
3455 1711 3615 1766 resti-

332 1800 544 1854 tutam;
576 1791 630 1846 id
654 1793 872 1848 minime
897 1794 1092 1852 tribuet
1121 1795 1454 1866 negligentiae
1477 1805 1572 1852 aut
1595 1798 1901 1864 temeritati,
1927 1797 2021 1853 sed
2048 1797 2288 1868 religioni
2315 1806 2370 1854 et
2395 1799 2616 1854 sincerae
2643 1799 2764 1854 ﬁdei
2792 1809 3006 1855 nostrae.
3038 1801 3168 1854 Nam
3198 1815 3260 1854 ea
3289 1799 3340 1854 in
3364 1815 3423 1854 re
3449 1801 3617 1856 secuti

328 1900 523 1941 sumus
555 1895 790 1941 veterum
820 1887 1065 1943 codicum
1110 1889 1290 1956 ﬁdem,
1324 1890 1492 1945 sicubi
1519 1891 1644 1960 quid
1671 1891 1755 1945 vel
1796 1891 2158 1960 castigandum
2197 1903 2344 1958 erat,
2373 1891 2458 1946 vel
2487 1891 2824 1948 retinendum
2855 1910 2868 1945 :
2901 1908 2971 1948 ne
2999 1894 3041 1946 si
3072 1908 3169 1962 pro
3203 1891 3423 1947 arbitrio
3460 1908 3617 1948 unam

326 1986 689 2054 eandemque
715 1984 1059 2050 sententiam,
1091 2000 1254 2058 quam
1295 1985 1580 2055 aliquando
1609 1985 1981 2056 corrigendum
2009 2000 2132 2041 esse
2157 1984 2422 2040 docebant
2450 1985 2691 2042 melioris
2730 1995 2870 2044 nota:
2894 1986 3128 2054 codices.
3159 1987 3212 2040 in
3238 1986 3353 2040 aliis
3383 1987 3512 2044 locis
3535 1985 3619 2042 (Ii-

326 2091 544 2132 versam
572 2076 776 2145 absque
803 2076 1056 2146 suifragio
1085 2076 1330 2133 codicum
1359 2077 1608 2132 similiter
1635 2077 2077 2141 emendaremus;
2106 2075 2377 2130 excideret
2402 2092 2506 2131 non
2535 2077 2686 2144 levis,
2715 2078 2810 2147 qui
2831 2093 2899 2133 ex
2926 2078 3083 2136 variis
3105 2078 3384 2148 Augustini
3403 2077 3615 2149 scripti

327 2170 627 2242 percipitur
655 2168 1084 2239 fructus,nempe
1111 2179 1173 2225 ut
1213 2186 1277 2226 ex
1309 2170 1644 2226 variantibus
1665 2170 1782 2240 ejus
1822 2170 2144 2227 lectionibus
2167 2177 2475 2239 argumenta
2505 2168 2834 2230 deducantur
2867 2179 2975 2225 tum
3016 2169 3082 2224 ad
3113 2169 3491 2225 restituendam
3528 2169 3618 2226 Bi-

326 2262 559 2320 bliorum
581 2275 702 2331 quae
734 2260 896 2316 modo
924 2261 977 2316 in
1006 2261 1246 2318 Ecclesia
1273 2262 1521 2334 leguntur
1545 2262 1925 2332 integritatem,
1954 2270 2068 2320 tum
2088 2260 2160 2318 ad
2183 2275 2374 2320 eorum
2389 2262 2766 2320 auctoritatem
2786 2260 3176 2317 stabiliendam.

1434 2577 2482 2710 ADMONITIO

1300 2830 1369 2888 ΙΝ
1404 2828 1650 2888 LIBROS
1688 2829 1777 2886 DE
1816 2827 2157 2886 DOCTRINA
2192 2825 2628 2884 CHRISTIANA.

1745 3000 2169 3032 -οοθΘΘθθο-

396 3139 700 3211 Exegeticis
724 3139 1017 3210 opusculis,
1053 3152 1174 3209 quae
1201 3145 1375 3193 tomus
1415 3136 1502 3192 hic
1529 3136 1719 3191 tertius
1760 3133 2150 3205 complectitur,
2171 3133 2522 3203 praeﬁgendos
2549 3131 2850 3188 curavimus
2869 3130 3033 3188 libros
3071 3131 3141 3188 de
3173 3131 3422 3189 Doctrina
3450 3132 3612 3189 Chri-

322 3231 524 3297 ctiam,
539 3246 768 3302 quorum
794 3230 1043 3284 videlicet
1071 3238 1440 3299 argumentum
1467 3241 1535 3282 eo
1560 3227 1807 3297 pertinet,
1839 3234 1898 3280 ut
1917 3226 1983 3280 ad
2009 3239 2278 3280 sacrarum
2307 3224 2700 3293 Scripturarum
2729 3222 3131 3292 intelligentiam
3157 3231 3211 3278 et
3239 3224 3610 3282 tractationem

322 3325 648 3381 necessariis
675 3323 994 3394 quibusdam
1039 3323 1374 3376 documentis
1399 3330 1453 3376 et
1482 3320 1759 3391 praeceptis
1790 3319 2108 3373 imbuamur.
2139 3317 2284 3386 Opus
2313 3332 2410 3386 pro
2443 3316 2522 3372 rei
2562 3316 2820 3386 dignitate
2852 3317 3088 3372 studiose
3112 3317 3461 3385 elaboratum,
3512 3333 3616 3378 nec

320 3414 574 3486 profecto
601 3415 901 3484 indignum,
932 3413 1016 3469 cui
1044 3415 1190 3467 locus
1207 3411 1259 3466 in
1287 3412 1578 3468 Bibliorum
1608 3411 1788 3465 lim-ine
1836 3424 1956 3464 cum
1990 3408 2414 3478 Hieronymianis
2441 3408 2836 3477 praefationibus
2883 3409 3223 3463 concedatur.
3264 3408 3320 3463 Id
3360 3418 3608 3480 suscepto

323 3520 446 3560 non
475 3506 545 3558 ita
573 3505 770 3575 pridem
789 3505 1119 3574 episcopatu,
1154 3504 1308 3558 sicuti
1339 3518 1400 3558 ex
1436 3501 1888 3557 Retractationum
1926 3501 2065 3556 serie
2093 3501 2452 3569 intelligimus,
2482 3500 2533 3554 id
2585 3510 2686 3566 est,
2720 3502 2820 3554 sub
2846 3501 3043 3554 Christi
3070 3517 3264 3556 annum
3296 3501 3609 3558 trecentesi-

322 3611 483 3654 ωυω
510 3596 902 3666 nonagesimum
922 3596 1208 3665 septimum
1236 3593 1574 3648 inchoaverat
1598 3593 1943 3663 Augustinus,
1975 3599 2029 3646 et
2055 3607 2177 3646 cum
2217 3591 2284 3646 ad
2313 3607 2430 3647 eam
2457 3591 2714 3647 duntaxat
2737 3592 2856 3647 libri
2888 3594 3026 3648 tertii
3049 3605 3272 3663 partem,
3305 3595 3390 3649 cui
3421 3610 3616 3652 nunc-

332 3687 454 3744 rica
483 3697 608 3742 nota
637 3688 708 3742 36
732 3704 872 3743 nunc
895 3688 1206 3757 praeﬁgitur,
1256 3686 1612 3757 perduxisset,
1659 3684 1920 3756 impedire
1943 3697 2057 3738 non
2098 3684 2273 3755 potuit.
2298 3696 2405 3753 quo
2433 3682 2610 3738 minus
2659 3684 2911 3738 continuo
2955 3686 3190 3754 prodiret
3218 3685 3270 3740 in
3299 3686 3570 3755 publicum
3597 3705 3616 3746 :

323 3781 545 3850 quando
563 3781 774 3850 quidem
802 3781 857 3834 in
887 3780 1036 3835 libris
1064 3789 1246 3835 contra
1278 3777 1555 3843 Faustum,
1579 3778 1790 3832 circiter
1827 3791 2022 3830 annum
2069 3775 2649 3846 quadringentesimum
2671 3776 3009 3845 conscriptis,
3040 3777 3214 3832 locum
3253 3792 3320 3832 ex
3344 3793 3409 3833 eo
3433 3792 3620 3849 quem-

323 3874 454 3930 dam
480 3873 548 3929 de
571 3874 836 3945 Egyptiis
860 3887 957 3944 per
1010 3872 1264 3926 Hebraeos
1288 3871 1380 3925 Dei
1408 3872 1559 3940 jussu
1591 3869 1897 3940 eXSpoliatis
1924 3875 2312 3924 commemorat
2332 3869 2385 3923 in
2413 3868 2530 3925 haec
2565 3869 2728 3924 verba
2759 3885 2772 3922 :
2804 3870 2938 3935 Quid
2986 3871 3402 3942 pra'ﬁguraverit,
3431 3872 3538 3940 iant
3565 3874 3621 3930 in

325 3967 636 4036 quibusdam
662 3965 822 4029 libris,
855 3981 976 4033 quos
1003 3964 1067 4017 de
1088 3963 1333 4016 Doctrina
1353 3963 1641 4017 Christiana
1669 3963 1968 4033 prwnotavi,
1997 3971 2240 4032 quantum
2263 3963 2390 4015 mihi
2407 3971 2527 4016 tunc
2556 3965 2792 4029 occurrit,
2822 3979 2901 4017 nte
2923 3964 3090 4017 recolo
3112 3965 3336 4034 posuisse
3366 3963 3502 4036 (Lib.
3523 3966 3617 4036 22,

322 4068 464 4113 cont.
493 4057 673 4111 Faust.
721 4073 768 4109 c.
797 4057 910 4126 9t).
940 4043 1286 4109 Postmodtim
1315 4069 1444 4109 vero
1474 4067 1861 4122 recognoscens
1889 4053 2142 4122 opuscula
2167 4066 2292 4119 sua,
2319 4067 2439 4107 cum
2484 4052 2855 4122 imperfectum
2884 4053 3011 4107 illud
3061 4054 3432 4122 comperisset,
3466 4055 3615 4125 prius

319 4150 606 4206 absolvere
633 4148 819 4210 voluit,
845 4163 1001 4216 quam
1028 4147 1094 4200 ad
1117 4146 1218 4200 alia
1234 4147 1571 4200 retractanda
1589 4145 1806 4215 gradum
1835 4143 2034 4200 faceret
2063 4161 2076 4198 :
2110 4155 2338 4216 tuncque
2385 4159 2490 4211 non
2520 4147 2679 4202 modo
2721 4147 2912 4202 librum
2941 4146 3152 4202 tertium
3179 4148 3491 4216 complevit,
3522 4149 3619 4205 sed

321 4245 492 4300 etiam
532 4250 781 4311 quartum
809 4237 1021 4307 adjecit,
1070 4252 1213 4291 anno
1237 4251 1266 4289 a
1297 4251 1394 4290 sua
1432 4236 1483 4289 in
1517 4236 1886 4290 Mauritaniam
1913 4234 2309 4291 Caesareensem
2352 4238 2675 4306 profectione
2702 4239 2916 4293 circiter
2957 4246 3164 4303 octavo,
3216 4237 3269 4293 id
3298 4246 3384 4293 est
3414 4237 3617 4293 Christi

323 4335 456 4398 426,
475 4342 566 4387 aut
585 4333 711 4395 427,
734 4329 1179 4400 quemadmodum
1208 4330 1292 4383 hic
1318 4329 1383 4383 ad
1405 4328 1641 4399 ejusdem
1670 4330 1840 4398 quarti
1870 4327 1990 4382 libri
2006 4338 2163 4398 caput
2189 4331 2499 4399 vigesimum
2521 4342 2765 4401 quartum
2788 4332 3149 4386 observamus.

401 4428 686 4481 Librorum
717 4432 893 4476 autem
918 4433 1230 4491 argumenta
1254 4421 1366 4475 lucc
1395 4430 1539 4476 sunt.
1570 4420 1624 4473 ln
1651 4421 1824 4489 primo
1851 4419 2062 4489 quidem
2092 4419 2228 4474 libro
2248 4421 2382 4475 facta
2409 4421 2585 4490 operis
2624 4422 2929 4491 partitione,
2963 4421 3252 4490 suscipitur
3270 4421 3517 4476 tractatio
3541 4420 3610 4478 de

323 4520 494 4578 rcbus
520 4537 534 4573 :
559 4517 752 4588 quibus
772 4515 1071 4584 explicatis,
1097 4516 1322 4569 docetur
1342 4514 1496 4584 Legis
1518 4522 1570 4568 et
1598 4515 1830 4568 omnium
1855 4513 2154 4569 divinarum
2198 4514 2586 4583 Scripturarum
2616 4514 2994 4584 plenitudinem
3025 4529 3086 4568 ac
3129 4516 3290 4570 tinem
3330 4529 3450 4571 esse
3477 4515 3614 4573 dile-

321 4613 562 4669 ctionem
593 4609 670 4664 rei
693 4622 794 4677 qua
824 4607 1105 4661 fruendum
1129 4617 1232 4673 est,
1261 4617 1312 4661 et
1335 4608 1412 4662 rei
1437 4622 1554 4676 quae
1578 4606 1733 4661 nobis
1761 4622 1880 4660 cum
1904 4621 1966 4660 ea
1993 4621 2052 4659 re
2080 4606 2177 4659 frui
2205 4614 2393 4675 potest,
2429 4606 2479 4660 id
2499 4615 2581 4661 est
2612 4607 2702 4660 Dei
2732 4616 2785 4661 et
2812 4607 3062 4676 proximi.

397 4703 460 4759 In
480 4699 714 4757 secundo
741 4697 877 4751 libro
920 4697 986 4750 de
1013 4698 1178 4768 signis
1210 4698 1489 4767 verbisque
1513 4697 1798 4766 Scripturae
1819 4711 1987 4750 sacrae
2006 4695 2323 4766 disputatur.
2343 4697 2603 4764 Quoniam
2626 4713 2754 4753 vero
2780 4698 2936 4769 hujus
2962 4711 3150 4753 sensus
3179 4695 3495 4770 plerumque
3520 4707 3613 4757 aut

322 4811 442 4868 pra:
470 4795 739 4866 signorum
769 4789 1088 4858 ignorantia,
1110 4798 1199 4845 aut
1228 4805 1335 4860 pne
1355 4805 1540 4845 eorum
1566 4789 1902 4859 ambiguitate
1933 4804 2038 4843 non
2061 4788 2352 4859 percipitur
2377 4806 2393 4857 ;
2428 4790 2546 4845 ideo
2573 4792 2778 4861 prolato
2805 4793 2854 4846 in
2889 4793 3071 4863 primis
3098 4791 3396 4847 divinorum
3423 4793 3615 4852 Libro-

323 4903 454 4942 rum
484 4903 711 4953 canone,
739 4889 1014 4944 declarare
1040 4884 1209 4955 pergit
1245 4883 1569 4953 Augustinus
1596 4897 1944 4952 quarumnam
1975 4881 2308 4952 potissimum
2335 4881 2633 4954 linguarum
2663 4885 2872 4954 peritia,
2897 4900 3206 4955 qumnatnve
3231 4885 3522 4954 disciplina:
3549 4899 3617 4943 ac

324 4982 567 5040 scientia;
587 4985 866 5038 conferant
886 4980 950 5035 ad
976 4980 1117 5034 illam
1150 4978 1418 5047 signorum
1444 4976 1791 5046 ignorantiam
1819 4976 2215 5032 removendam.
2255 4975 2378 5044 Ubi,
2412 4976 2531 5032 data
2551 4980 2847 5044 occasione,
2881 4979 2947 5034 de
2971 4979 3313 5049 repudiandis
3351 4978 3613 5050 supersti-

325 5075 484 5130 tiosis
507 5075 711 5130 artibus
731 5076 857 5145 agit.
892 5069 1353 5142 Quemadmodum
1398 5068 1560 5123 etiam
1591 5068 1769 5122 animo
1807 5076 2145 5139 comparatus
2190 5069 2236 5124 is
2262 5084 2382 5125 esse
2415 5068 2625 5136 debeat,
2655 5071 2745 5141 qui
2771 5085 2989 5140 operam
3015 5069 3190 5126 studio
3214 5070 3610 5140 Scripturarum

329 5178 624 5231 navaturus
644 5169 735 5235 sit,
755 5167 991 5222 declarat
1013 5165 1114 5220 sub
1137 5163 1342 5218 initium
1371 5169 1426 5217 et
1453 5160 1517 5214 ad
1551 5159 1709 5213 ﬁnem
1736 5159 1873 5213 libri.

400 5263 460 5320 In
481 5262 786 5318 teniolibro
809 5259 997 5315 transit
1021 5259 1079 5314 S.
1103 5258 1296 5313 Doctor
1323 5254 1388 5308 ad
1427 5252 1911 5308 considerationem
1935 5252 2314 5322 ambiguitatis,
2338 5268 2456 5324 quas
2479 5267 2602 5308 cum
2640 5252 2696 5308 in
2727 5251 2976 5323 propriis,
3006 5259 3118 5308 tum
3146 5251 3199 5307 in
3243 5251 3514 5307 translatis
3535 5253 3612 5309 si-

329 5359 450 5430 gnis
474 5370 758 5412 occurrere
781 5361 958 5425 potest
988 5371 1000 5407 :
1025 5349 1242 5407 discutit
1263 5347 1448 5403 sedulo
1469 5345 1662 5417 quibus
1682 5361 1745 5400 ex
1773 5343 2007 5401 fontibus
2032 5349 2233 5399 oriatur
2249 5345 2430 5399 isthmc
2442 5343 2774 5415 ambiguitas,
2791 5360 2958 5415 quave
2985 5345 3188 5398 ratione
3211 5344 3378 5413 possit
3394 5344 3605 5401 auferri.
3648 5411 3653 5416 ‘

325 5452 470 5508 Ilinc
487 5449 651 5505 tradit
674 5448 881 5516 regulas
905 5446 1097 5516 quibus
1125 5443 1469 5512 dignoscatur
1493 5455 1561 5492 an
1584 5439 1778 5493 locutio
1805 5437 2020 5504 ﬁgurata
2038 5438 2133 5503 sit;
2161 5446 2218 5492 et
2242 5438 2289 5492 si
2311 5435 2522 5507 quidem
2546 5436 2785 5506 ﬁgurata,
2809 5453 2914 5506 quo
2939 5447 3090 5505 pacto
3114 5435 3308 5490 debeat
3334 5436 3610 5506 explicari.

325 5545 467 5600 Tum
497 5541 664 5611 ipsius
691 5538 934 5593 Tichonii
966 5547 1172 5604 septem
1198 5533 1425 5601 Regulos
1452 5531 1752 5598 singulatim
1776 5529 2043 5597 expendit.

399 5633 671 5690 Hactenus
695 5630 764 5684 de
791 5626 1158 5697 investigando
1177 5625 1469 5692 Scripturze
1497 5638 1678 5676 sensu.
1705 5621 1819 5676 iam
1854 5629 2025 5673 autem
2058 5621 2110 5674 in
2129 5629 2317 5691 quarto
2341 5621 2477 5674 libro
2503 5624 2693 5675 tractat
2713 5620 2779 5674 de
2805 5617 3138 5680 disserendo,
3162 5619 3338 5688 ibique
3360 5625 3539 5687 partes
3559 5624 3613 5671 et

327 5713 505 5780 ofﬁcia
534 5722 812 5778 christiani
834 5720 1064 5775 oratoris
1083 5717 1455 5789 persequitur;
1507 5714 1592 5768 cui
1625 5729 1896 5769 sacrarum
1936 5711 2251 5766 Litterarum
2275 5720 2520 5768 auctores
2550 5724 2601 5767 et
2623 5713 2868 5766 doctores
2893 5709 3281 5764 ecclesiasticos
3327 5709 3612 5764 imitandos

329 5819 602 5890 propenit,
631 5832 700 5873 ex
725 5831 908 5872 eorum
951 5813 1165 5885 scriptis
1208 5826 1352 5866 sanae
1372 5810 1692 5880 eloquentia:
1721 5807 1963 5878 exetnpla
1992 5807 2044 5862 in
2066 5809 2214 5863 vario
2240 5807 2449 5863 dicendi
2470 5821 2664 5876 genere
2690 5804 2993 5875 subiiciens.
3026 5803 3306 5860 Postremo
3329 5801 3501 5873 ipsum
3524 5816 3613 5857 ec-
