4060 6458
442 1665 519 1728 νυ,

1209 389 1293 446 DE
1330 386 1672 445 DOCTRINA
1707 383 2141 453 CHRISTIANA,
2170 383 2227 442 S.
2266 380 2630 441 AUGUSTINI
2666 378 2846 436 LIBRI
2879 377 2969 435 ιν.

3675 381 3744 440 16

479 509 761 566 clcsiasten
788 506 1045 572 hortatur,
1075 511 1133 560 ut
1165 503 1218 559 in
1252 502 1439 574 primis
1465 499 1692 558 orationi
1718 497 1812 554 det
1852 512 2100 569 operam;
2126 503 2183 555 et
2204 486 2556 569 quod'verbis
2589 493 2745 551 docet
2770 492 2922 561 alios,
2953 491 3008 547 id
3051 492 3268 549 omnino
3281 494 3389 551 vita
3409 502 3466 550 et
3491 494 3734 554 moribus

480 600 749 658 exhibeat.
839 632 845 639 ο
1004 618 1008 624 λ
1734 614 1737 619 ’
1936 647 1945 653 .

555 695 671 750 lloc
693 694 867 764 ipsum
886 704 1022 764 opus
1048 690 1175 745 olim
1218 686 1561 759 Angilbertus
1578 683 1820 740 Corbeia:
1844 681 2025 738 Abbas
2065 682 2122 739 in
2144 695 2299 738 usum
2327 679 2580 736 Ludovici
2619 677 2946 734 Francorum
2968 674 3145 749 Regis,
3174 676 3354 734 fratris
3372 678 3739 747 Carolomani,

485 785 719 843 describi
744 784 969 853 curavit,
998 782 1075 838 uti
1095 787 1461 839 contestantur
1503 790 1691 835 versus
1718 775 1776 831 in
1797 773 2136 832 Corbeiensis
2178 772 2381 830 codicis
2409 773 2581 829 fronte
2604 771 2827 843 praefixi,
2858 770 2912 827 in
2955 770 3146 843 quibus
3173 770 3229 825 hi
3257 781 3452 843 pratter
3499 773 3635 830 alios
3662 774 3741 831 le-
3806 815 3810 820 .

478 885 674 950 guntur
697 892 713 932 :

1490 898 1626 991 nunc
1646 938 1800 990 Abbas
1818 935 2017 989 humilis
2032 908 2180 1002 jussit
2198 934 2433 987 fabricare
2454 931 2675 985 libellum

1547 1017 2478 1093 Angllbertuseninnilisetexiguus:
2614 1056 2625 1077 ,

1486 1113 1637 1175 Quem
1650 1100 1791 1157 daret
1814 1102 1900 1155 ille
1921 1103 2002 1168 pio
2234 1101 2434 1152 numine
2455 1098 2579 1152 fulto

1559 1188 1784 1239 nlodoico
1801 1182 1935 1252 Regi,
1957 1186 2042 1251 qui
2065 1191 2143 1237 est
2162 1186 2271 1249 pius
2291 1191 2441 1249 atque
2456 1183 2667 1237 humilis.

477 1374 694 1436 usque
725 1355 805 1417 ad
829 1356 1050 1427 verba,
1077 1353 1396 1433 Prwcepta
1416 1348 1711 1451 quadam.
1876 1348 1962 1410 M.

1427 1479 1749 1489 .——————————-

430 1225 444 1245 ‘
510 1272 515 1275 ⁷
565 1276 726 1338 Vide
747 1276 861 1337 lib.
889 1274 931 1335 2
950 1256 1518 1346 Retractationum,
2291 1225 2880 1344 staﬁva”
2907 1267 2980 1331 de
3005 1269 3320 1333 Doctrina
3350 1268 3736 1342 Christiana,

3348 1477 3728 1489 .———.—.—————,

830 1488 851 1491 _
898 1487 1573 1537 .._____-,,Ln

949 1475 3254 1817 ἑῗῖὗιῖξῖἓὶἶξξρςξρβτιὲῑ

476 1904 795 2183 »Ε
911 1806 2191 2125 uoci}???
2256 1806 3726 2133 ἚῗὶἰξιδτιΑΝΑ

602 2184 625 2195 ”
1296 2202 1797 2315 LIBRI
1880 2183 2894 2347 QUATUORW.
3188 2264 3197 2279 -
3590 2194 3595 2197 ·
3740 2311 3744 2315 ⁴

1478 2377 2016 2413 ———--=

2022 2371 2734 2417 060m—

1809 2571 1821 2579 .
1915 2482 2378 2591 protegas.
2431 2584 2439 2593 ,

1381 2651 1647 2703 Doctrinam
1665 2650 1731 2701 de
1752 2650 1992 2711 Scriptura
2014 2626 2259 2697 tractanda
2280 2645 2408 2696 haud
2429 2647 2678 2711 superfluo
2699 2647 2840 2698 tradi.

543 2769 599 2826 1.
636 2767 770 2824 Sunt
799 2770 1059 2836 praecepta
1100 2759 1341 2833 quaedam
1378 2756 1771 2815 tractandarum
1807 2755 2051 2841 Scriptu-

475 2874 649 2917 rarum
672 2900 688 2924 ,
718 2872 836 2927 quae
872 2854 1123 2910 studiosis
1159 2867 1341 2909 earum
1374 2850 1528 2906 video
1569 2865 1675 2905 non
1715 2847 2050 2904 incommode

472 2965 630 3023 posse
652 2947 783 3003 tradi
810 2963 825 3012 ;
849 2954 904 3001 ut
929 2960 1036 2999 non
1054 2944 1224 2999 solum
1247 2941 1471 3012 legendo
1491 2940 1623 2995 alios
1642 2940 1729 3011 qui
1751 2938 2049 3006 divinarum

471 3040 790 3096 Litterarum
830 3045 1014 3106 operta
1044 3040 1399 3104 aperuerunt,
1440 3030 1532 3085 sed
1561 3038 1615 3085 et
1646 3030 1763 3083 aliis
1792 3027 1892 3099 ipsi
1925 3043 2051 3097 ape-

469 3128 658 3186 riendo
688 3114 986 3197 proﬁciant.
1013 3124 1134 3178 Hmc
1179 3121 1387 3177 tradere
1430 3120 1630 3175 institui
1664 3118 1962 3174 volentibus
1997 3125 2052 3173 et

471 3219 764 3276 valentibus
788 3217 1013 3283 discere,
1038 3220 1084 3271 si
1112 3216 1249 3269 Dens
1277 3228 1340 3269 ac
1370 3212 1624 3268 Dominus
1646 3221 1823 3267 noster
1844 3227 1907 3267 ea
1932 3227 2051 3282 qua:
2102 3256 2105 3259 .

468 3311 538 3368 de
562 3312 664 3365 hac
691 3325 750 3364 re
778 3298 1030 3379 cogitanti
1056 3307 1192 3361 solet
1234 3319 1534 3375 suggerere,
1583 3303 1743 3359 etiam
1794 3302 2050 3358 scribenti

472 3401 604 3457 mihi
633 3416 739 3455 non
763 3388 1006 3469 deneget.
1044 3397 1192 3465 Quod
1222 3404 1501 3467 antequam
1529 3394 1803 3462 exordiar,
1842 3393 2051 3449 videtur

470 3492 599 3548 mibi
626 3489 1049 3562 respondendum
1092 3504 1210 3544 esse
1248 3488 1330 3543 his
1380 3488 1468 3558 qui
1521 3486 1638 3542 haec
1680 3486 2050 3556 reprehensuri
2106 3544 2107 3547 η

468 3590 614 3648 sunt,
648 3592 737 3637 aut
759 3580 1133 3653 reprehensuri
1159 3588 1358 3646 essent,
1390 3578 1436 3634 si
1462 3594 1555 3635 eos
1578 3593 1685 3634 non
1725 3588 1846 3633 ante
1876 3578 2053 3648 placa-

464 3684 667 3730 remus.
686 3666 852 3739 Quod
883 3673 927 3728 si
957 3671 1196 3726 nonnulli
1217 3671 1375 3726 etiam
1405 3678 1526 3741 post
1566 3670 1667 3725 ista
1696 3667 2050 3740 reprehende-

470 3764 612 3829 rint,
634 3765 819 3819 saltem
850 3764 984 3818 alios
1011 3778 1114 3817 non
1148 3762 1452 3827 movebunt,
1477 3777 1578 3817 nec
1612 3763 1681 3818 ab
1718 3762 1834 3816 utili
1874 3760 2047 3816 studio

471 3854 538 3909 ad
558 3854 833 3924 imperitiae
854 3854 1118 3924 pigritiam
1141 3853 1484 3917 revocabunt,
1513 3867 1647 3923 quos
1673 3866 1888 3907 movere
1923 3866 2048 3923 pos-

471 3954 610 4009 sent,
636 3945 736 4002 nisi
766 3944 1108 4014 praemonitos
1133 3955 1565 4014 prteparatosque
1592 3942 1906 3997 invenirent.

544 4037 600 4091 2.
639 4036 860 4105 Quidam
889 4036 1029 4091 enim
1072 4034 1446 4106 reprehensuri
1490 4042 1613 4089 sunt
1648 4034 1749 4088 hoc
1779 4047 1913 4102 opus
1949 4046 2047 4086 no-

472 4135 639 4183 strum
661 4167 675 4193 ,
706 4142 825 4181 cum
854 4142 913 4181 ea
941 4141 1058 4195 qua“:
1087 4124 1396 4194 praecepturi
1424 4139 1615 4195 sumus.
1634 4138 1738 4178 non
1771 4122 2045 4177 intellexe-

474 4218 601 4271 rint.
649 4216 875 4283 Quidam
912 4231 1055 4270 .vero
1096 4230 1217 4269 cum
1275 4215 1554 4269 intellectis
1620 4214 1696 4268 uti
1754 4212 2046 4279 voluerint,

471 4307 753 4376 conatique
791 4305 984 4360 fuerint
1027 4305 1330 4376 Scripturas
1357 4304 1562 4359 divinas
1601 4302 1890 4358 secundum
1933 4302 2049 4358 hmo

472 4407 737 4467 prmcepta
793 4406 1054 4463 tractare,
1102 4413 1274 4468 neque
1341 4396 1599 4451 valuerint
1650 4397 1855 4466 aperire
1893 4404 2050 4465 atque

470 4488 737 4556 explicare
764 4487 904 4558 quod
944 4488 1183 4557 cupiunt,
1231 4488 1455 4542 inaniter
1484 4502 1569 4542 me
1605 4486 1873 4541 laborasse
1909 4486 2051 4540 arbi-

2153 2751 2356 2806 nullum
2384 2751 2621 2822 adjuvari
2650 2766 2804 2823 posse
2826 2752 3130 2808 censebunt.
3172 2752 3404 2810 Tertium
3427 2770 3595 2828 genus
3636 2768 3720 2817 est

2153 2843 2619 2913 reprehensorum,
2672 2845 2762 2914 qui
2816 2843 3017 2899 divinas
3058 2843 3354 2915 Scripturas
3407 2848 3490 2903 vel
3539 2865 3724 2907 revera

2154 2935 2291 2991 bene
2346 2944 2593 3003 tractant,
2623 2936 2705 2991 vel
2754 2936 2887 2991 bene
2927 2944 3152 2991 tractare
3194 2937 3294 2994 sibi
3320 2939 3565 2996 videntur
3596 2958 3609 2995 :
3644 2942 3735 3013 qui

2154 3026 2403 3097 quoniam
2461 3027 2620 3081 nullis
2660 3025 2956 3096 hujnsmodi
3012 3025 3466 3092 observationibus
3520 3030 3671 3085 lectis
3715 3071 3731 3098 ,

2149 3118 2343 3189 quales
2360 3132 2500 3172 nunc
2522 3116 2730 3172 tradere
2748 3115 2966 3180 institui,
2983 3114 3288 3172 facultatem
3299 3118 3735 3188 exponendorum

2155 3219 2461 3267 sanctorum
2510 3209 2787 3264 Librorum
2827 3223 2888 3263 se
2934 3217 3206 3264 assecutos
3248 3209 3334 3265 vel
3383 3210 3598 3279 vident,
3648 3212 3735 3269 vel

2155 3312 2360 3375 putant,
2383 3303 2578 3359 nemini
2609 3317 2729 3358 esse
2753 3301 2854 3356 ista
2883 3311 3145 3373 prtecepta
3169 3306 3487 3373 necessaria,
3514 3307 3607 3363 sed
3637 3322 3735 3378 po-

2162 3397 2269 3451 tius
2290 3405 2458 3451 totum
2489 3394 2633 3465 quod
2660 3393 2727 3449 de
2755 3393 2965 3469 illarum
2983 3393 3299 3451 Litterarum
3324 3386 3736 3455 obscuritatibus

2159 3487 2495 3543 laudabiliter
2513 3485 2747 3556 aperitur
2769 3525 2785 3552 ,
2815 3483 2995 3542 divino
3017 3501 3238 3544 munere
3271 3486 3386 3543 fieri
3414 3502 3573 3559 posse
3618 3487 3735 3544 ela-

2155 3596 2209 3636 m
2222 3580 2446 3636 itabunt.

2231 3670 2285 3725 5.
2327 3669 2531 3738 Quibus
2583 3669 2830 3725 omnibus
2867 3668 3100 3727 breviter
3144 3666 3489 3739 respondens,
3519 3665 3623 3724 illis
3643 3669 3734 3739 qui

2155 3759 2274 3816 hare
2292 3775 2412 3830 qua:
2433 3760 2715 3815 scribimus
2741 3775 2844 3816 non
2876 3760 3198 3830 intelligunt,
3232 3759 3333 3814 hoc
3356 3758 3475 3814 dico
3504 3777 3517 3815 :
3548 3775 3633 3815 me
3662 3758 3736 3815 ita

2152 3868 2257 3908 non
2282 3868 2401 3909 esse
2426 3853 2942 3921 reprehendendum,
2969 3853 3091 3922 quia
3118 3851 3234 3907 haec
3260 3867 3363 3907 non
3393 3851 3731 3923 intelligunt;

2153 3952 2401 4014 tanquam
2426 3944 2469 3998 si
2498 3944 2676 3998 lunam
2696 3951 2931 3999 veterem
2952 3942 3034 3997 vel
3055 3957 3265 4010 novam,
3289 3941 3500 3998 sidusve
3515 3941 3730 4012 aliquod

2152 4032 2371 4089 minime
2394 4034 2595 4089 clarum
2620 4034 2818 4092 vellent
2834 4033 3035 4100 videre,
3054 4032 3193 4103 quod
3219 4048 3319 4104 ego
3344 4032 3549 4089 intento
3568 4033 3735 4105 digito

2160 4122 2617 4189 demonstrarem;
2676 4124 2780 4179 illis
2814 4132 2988 4178 autem
3031 4138 3131 4179 nec
3184 4122 3249 4177 ad
3304 4124 3474 4193 ipsum
3517 4123 3736 4194 digitum

2152 4229 2328 4270 meum
2368 4215 2649 4270 videndum
2685 4214 2957 4270 sufﬁciens
2975 4222 3119 4270 esset
3139 4214 3278 4268 acies
3301 4214 3598 4281 oculorum,
3630 4230 3735 4273 non

2153 4316 2443 4376 propterea
2487 4305 2618 4360 mihi
2663 4320 2982 4361 succensere
3025 4304 3298 4360 deberent.
3340 4304 3418 4359 llli
3463 4319 3590 4360 vero
3643 4305 3732 4377 qui

2152 4399 2309 4453 etiam
2333 4399 2447 4453 istis
2466 4399 2743 4468 praeceptis
2763 4398 2991 4468 cognitis
3018 4406 3176 4467 atque
3208 4397 3493 4467 perceptis,
3525 4412 3586 4452 ea
3614 4413 3732 4467 quae

2153 4491 2205 4545 in
2233 4490 2425 4546 divinis
2443 4491 2729 4562 Scripturis
2757 4491 2982 4545 obscura
3010 4498 3132 4545 sunt
3158 4487 3349 4544 intueri
3376 4487 3729 4557 nequiverint,

473 4579 791 4647 trahuntur;
823 4588 878 4635 et
901 4579 1023 4651 quia
1053 4580 1152 4651 ipsi
1183 4596 1289 4635 non
1319 4578 1706 4650 adjuvabuntur
1736 4577 1836 4633 hoc
1864 4593 2046 4647 opere,
2154 4583 2477 4638 arbitrentur
2519 4598 2578 4639 se
2614 4582 2834 4654 digitum
2874 4581 3088 4652 quidem
3128 4594 3303 4636 meum
3333 4576 3513 4634 videre
3539 4592 3733 4649 posse,

1675 4683 1934 4724 ADIONITIO
1964 4686 2037 4720 PP.
2069 4687 2494 4725 BINEDlC'ﬂINOIUI.

531 4764 599 4807 De
618 4757 839 4821 Doctrina
859 4756 1118 4821 christiana
1139 4758 1263 4806 Libri
1298 4762 1501 4821 quatuor
1513 4754 1759 4821 recogniti
1794 4762 1909 4805 sunt
1929 4756 1994 4806 de
2015 4768 2141 4805 novo
2162 4756 2223 4805 ad
2243 4757 2435 4821 codices
2456 4759 2803 4821 manuscriptos
2817 4759 3029 4821 triginta,
3041 4756 3225 4821 scilicet
3252 4757 3313 4808 ad
3345 4760 3594 4821 Vaticanos
3616 4764 3734 4821 tres.

471 4818 530 4866 ad
552 4817 873 4882 corbeienses
891 4819 1029 4882 duos,
1053 4830 1259 4880 quorum
1281 4817 1403 4865 alter
1427 4818 1619 4878 optimae
1650 4822 1776 4882 notae
1810 4825 1861 4867 et
1898 4825 2021 4882 ante
2041 4830 2191 4867 annos
2226 4820 2418 4882 circiter
2453 4818 2587 4882 mille
2615 4817 3124 4882 des'criptus‘videtur;
3147 4819 3205 4868 ad
3230 4831 3379 4882 unum
3395 4832 3426 4869 e
3448 4818 3738 4869 Bibliotheca

473 4880 642 4944 Regia,
659 4891 806 4944 unum
826 4894 861 4944 _e
883 4878 1108 4929 'rbuanea
1130 4886 1182 4928 et
1201 4891 1352 4944 unum
1375 4879 1736 4944 e_Germanens_i
1757 4887 1937 4944 nostra.
1958 4878 2084 4944 alios
2100 4880 2467 4944 suppeditarunt
2486 4880 2750 4944 Collegium
2770 4878 3068 4944 Savarricum
3092 4878 3144 4944 et
3159 4881 3582 4944 sorbentem”.
3594 4886 3737 4944 tiran-

669 4941 865 5014 ιξιεὶριῖίδ
884 4938 1484 5014 Mrsnl'lst’arisisssia
1497 4945 1580 5014 "1-.
1599 4940 1890 5014 Ψφίρὲοξειί
1921 4940 2005 5014 Eia
2027 4938 2250 5013 ἔασοιίεῗει
2274 4948 2351 5014 PF-
2376 4938 2708 5014 βυευειίιξῦωὲ
2740 4942 2799 4991 ad
2828 4950 3060 5014 Sequanae
3080 4942 3251 5014 ι’ἱιιωιιν
3276 4948 3338 5014 0-.
3355 4938 3735 5014 “1594.4??-

470 5000 653 5063 rouval,
679 4999 1277 5066 D.'13igot,_t_‘.isterciensis
1299 5001 1513 5066 Abbatia,
1549 5000 1669 5066 item
1693 5001 1888 5066 Abbatia
1921 4999 2251 5066 Floriacensis,
2274 4999 2650 5063 viudocinensis,
2677 4999 3090 5066 Gemmeticensis,
3116 4999 3382 5066 Beccensis,
3409 4999 3735 5066 Pratellensis,

469 5058 709 5127 Lyrensis,
729 5070 775 5111 s.
800 5058 974 5127 {multi
998 5063 1239 5127 Metensis,
1259 5068 1303 5110 S.
1329 5058 1483 5127 Albini
1502 5058 1881 5127 'Andegavensis,
1905 5070 1949 5112 s.
1973 5062 2187 5113 Audoeni
2222 5058 2597 5127 tiotomagensis,
2620 5058 2665 5127 ἑ,
2698 5064 2921 5114 Martialis
2953 5058 3325 5127 Lemovicensis,
3348 5058 3394 5113 s'.
3416 5059 3656 5127 licbaelis
3677 5058 3735 5127 in

469 5120 868 5186 Periculo'maris,
890 5133 934 5173 s.
962 5124 1158 5186 Remigii
1182 5122 1446 5186 Remensis,
1463 5129 1509 5171 s.
1533 5120 1828 5186 '(beéderici
1843 5120 1995 5186 prope
2032 5132 2201 5174 nemos
2237 5131 2290 5186 et
2300 5120 2481 5186 ,(‘asalis
2503 5120 2763 5176 Benedicti.
2790 5132 3044 5186 Praeterea,
3070 5122 3207 5174 libris
3228 5120 3401 5186 iisdem
3423 5120 3736 5186 emendandis

469 5162 1361 5248 iam;25a“ta}a;.12;"igaiaxgs,
1385 5162 2201 5248 ηὖᾷεριῖιῖἒὶᾞὲιξίᾶἕέθὲἷεὲῗ
2221 5162 3737 5248 ὧίι“ἐξέ’τῖιήῖῖῖ›ΐαέί’ὲὶιέὲέ’ἱῖἰὲὄίοξῖἔῖοὶἱῖιέὲιῖεᾘῖιῗᾱῶἦ

469 5247 772 5309 antiquiores
790 5254 840 5296 et
862 5246 1073 5308 potiores
1091 5245 1349 5303 editiones,
1372 5245 1481 5293 Bad.
1506 5245 1554 5294 id
1578 5252 1656 5295 est
1675 5257 1785 5308 quae
1806 5245 1967 5295 Jodoci
1998 5247 2127 5296 Badii
2143 5245 2373 5297 Ascensii'
2394 5248 2552 5297 studio
2586 5260 2641 5296 re
2769 5248 2855 5306 ita,
2872 5255 3019 5310 atque
3039 5245 3234 5297 Joannis
3254 5248 3388 5309 parvi
3410 5254 3430 5296 t
3491 5247 3533 5295 is
3556 5256 3736 5295 excusa

472 5314 552 5356 est
575 5309 777 5359 Parisiis.
800 5320 879 5357 an.
898 5305 1041 5359 1502;
1068 5314 1167 5354 Am.
1192 5318 1302 5359 qua:
1328 5318 1390 5356 ex
1414 5307 1606 5355 Joannis
1630 5307 1927 5356 Amerbacbii
1949 5307 2136 5357 ofﬁcina
2157 5308 2334 5359 prodiit
2355 5308 2568 5359 Basileaa.
2590 5261 2840 5359 “(30%:
2864 5315 2940 5357 Er.
2959 5321 3103 5359 uuam
3118 5306 3304 5357 scilicet
3325 5260 3603 5357 Desigerius
3623 5312 3734 5355 Era-

472 5314 552 5356 est
575 5305 777 5368 Parisiis,
800 5305 1041 5371 “21502;
1068 5314 1167 5354 Am.
1192 5318 1316 5371 qua3_
1328 5318 1390 5356 ex
1414 5307 1614 5371 Joannis,
1630 5305 1927 5371 Arnerbaebii
1949 5307 2136 5371 ofﬁcina
2157 5308 2334 5371 prodiit
2355 5308 2568 5371 Basileaa,
2590 5321 2668 5358 an.
2694 5305 2840 5371 {596;
2864 5305 3103 5371 Eriquam
3118 5305 3304 5357 scilicet
3325 5305 3603 5371 Desiderius
3623 5312 3734 5371 Era-

470 5381 653 5432 smusa
674 5382 731 5419 se
752 5366 1043 5418 recensitam
1068 5374 1128 5432 et
1143 5366 1445 5432 emendatam
1457 5369 1947 5432 curavitlu'obeniano
1961 5366 2099 5432 prelo
2115 5366 2288 5420 eicudi
2311 5369 2526 5432 basileas,
2547 5366 2626 5419 an.
2650 5369 2798 5431 1528;
2826 5366 2878 5421 et
2894 5366 3003 5419 Lov'.
3026 5369 3072 5418 id
3095 5375 3191 5429 est,
3206 5381 3350 5432 quam
3374 5369 3737 5432 quaniensium

473 5429 822 5494 The-elegorum
846 5440 995 5491 opera
1015 5429 1372 5492 castigatiorem
1389 5431 1583 5479 caeteris
1604 5431 1838 5503 hactenus
1859 5429 2177 5493 habebamus,
2201 5444 2265 5482 ex
2288 5429 2580 5481 Plantiniana
2601 5429 2911 5496 typograpbia
2931 5432 3194 5494 profectam
3212 5429 3291 5481 an.
3318 5430 3454 5481 1576.
3540 5470 3541 5473 η

554 5510 1061 5589 Comparavimtts
1097 5518 1393 5589 praeterea
1434 5531 1533 5571 eas
1563 5500 1766 5573 omnes
1796 5513 2096 5575 editiones
2131 5512 2318 5575 initio
2364 5514 2946 5587 Retr.etConfess.,
2968 5522 3014 5574 ι.
3051 5515 3109 5589 1,
3139 5522 3521 5584 memoratas,
3552 5500 3737 5575 etin-

473 5607 664 5667 super
696 5587 1046 5669 Lov.k1586
1066 5587 1298 5669 {idest
1333 5589 1591 5651 alteram
1619 5592 2125 5669 Lavaniensium,
2155 5592 2361 5653 datam
2393 5592 2665 5653 Parisiis
2688 5611 2856 5654 anno
2907 5587 3359 5669 1586,7tecnon
3401 5593 3635 5664 Helm,
3669 5590 3737 5655 id

474 5666 583 5736 est,
620 5685 800 5747 quam
830 5666 1136 5747 Georgius
1163 5668 1457 5731 Calixtus
1485 5669 1659 5757 juris
1680 5666 1927 5750 publici
1950 5666 2549 5751 fecitfHelmestadii,
2578 5690 2745 5737 anno
2779 5671 2954 5737 1655.
3068 5666 3076 5669 ’
3447 5671 3532 5737 Μ.

534 5790 607 5857 (ι)
637 5787 842 5842 lnchoati
857 5794 1046 5844 circiter
1067 5792 1237 5843 (inisti
1258 5802 1436 5845 annum
1455 5791 1546 5843 397
1590 5793 1794 5845 absoluti
1810 5792 1905 5844 sub
1930 5805 2008 5843 an.
2031 5795 2140 5846 426.
