4060 6522
327 461 392 517 l7
1158 458 1159 461 “
1717 454 1878 511 PROI

1980 455 2093 514 tus.
2392 430 2403 440 ’
2587 424 2611 447 κ
3497 468 3563 526 ω

326 572 490 629 sidera
526 584 653 625 vero
678 569 870 637 quibus
897 569 1321 626 demonstrandis
1346 569 1634 625 intenditur
1652 610 1667 634 ,
1701 568 1886 624 videre

327 679 424 719 non
454 677 628 733 posse.
662 662 729 716 Et
750 662 824 718 illi
850 676 998 732 ergo,
1026 669 1079 717 et
1107 661 1191 717 isti
1217 676 1303 716 me
1328 659 1719 730 reprehendere
1747 659 1888 715 desi—

325 761 462 819 nant,
491 761 546 809 et
570 752 748 808 lumen
768 753 1043 807 oculorum
1063 750 1318 806 divinitus
1338 750 1438 805 sibi
1460 750 1682 819 praeberi
1698 750 1887 819 depre-

320 854 516 902 centur.
548 845 665 901 Non
703 845 846 900 enim
890 844 949 921 si
984 858 1205 913 possum
1256 842 1551 898 membrum
1595 857 1772 898 meum
1818 841 1887 896 ad

320 937 503 1009 aliquid
532 935 1003 993 demonstrandum
1029 950 1277 1003 movere,
1305 950 1519 1005 possum
1552 936 1713 990 etiam
1755 948 1884 989 ocu-

321 1029 394 1085 los
430 1028 740 1093 accendere,
790 1027 981 1098 quibus
1031 1026 1115 1082 vel
1145 1027 1257 1095 ipsa
1306 1025 1689 1081 demonstratio
1740 1038 1881 1093 mea,
1931 1038 1935 1041 '

322 1122 401 1176 vel
427 1121 586 1176 etiam
614 1119 739 1175 illud
758 1118 901 1190 quod
921 1117 1042 1174 volo
1066 1118 1453 1183 demonstrare,
1496 1123 1761 1172 cernatur.
1808 1120 1809 1125 ‘

380 1213 431 1268 4.
461 1211 712 1268 Jamvero
732 1226 918 1267 eorum
944 1210 1033 1282 qui
1058 1209 1238 1266 divino
1256 1224 1477 1265 munere
1497 1208 1800 1277 exsultant,
1827 1217 1882 1265 et
1934 1204 1937 1207 ⁷

320 1304 423 1358 sine
441 1302 635 1356 talibus
652 1302 951 1371 praeceptis,
976 1300 1148 1368 qualia
1174 1315 1315 1356 nunc
1338 1300 1547 1355 tradere
1568 1298 1790 1366 institui,
1820 1313 1880 1355 se

319 1402 516 1449 sanctos
543 1392 735 1448 Libros
777 1392 1069 1462 intelligere
1106 1400 1264 1462 atque
1294 1399 1521 1446 tractare
1553 1391 1875 1462 gloriantur,

318 1494 367 1541 et
390 1493 666 1554 propterea
710 1483 976 1553 superﬂua
1014 1483 1245 1540 voluisse
1288 1498 1375 1538 me
1420 1483 1653 1539 scribere
1698 1483 1880 1539 existi-

324 1584 471 1642 mant,
492 1576 571 1629 sic
590 1584 673 1629 est
691 1574 935 1629 lenienda
961 1574 1247 1629 commotio
1267 1615 1282 1640 ,
1313 1580 1371 1627 ut
1406 1574 1645 1643 quamvis
1688 1588 1878 1643 magno

324 1670 403 1722 Dei
430 1668 565 1722 dono
595 1668 716 1738 jure
740 1668 1017 1732 laetentur,
1070 1666 1413 1722 recordentur
1453 1681 1511 1721 se
1556 1675 1729 1720 tamen
1784 1682 1878 1736 per

322 1760 549 1815 homines
577 1759 825 1815 didicisse
850 1759 935 1815 vel
957 1760 1162 1814 litteras
1185 1776 1199 1825 ;
1222 1771 1322 1813 nec
1342 1768 1621 1829 pr0pterea
1668 1759 1765 1813 sibi
1810 1760 1877 1814 ab

318 1854 534 1907 Antonio
576 1861 759 1908 saneto
792 1862 847 1909 et
892 1852 1124 1922 perfecto
1165 1852 1280 1906 viro
1317 1852 1568 1923 [Egyptio
1615 1851 1877 1907 monacho

317 1944 541 1997 insultari
585 1944 807 2009 debere,
858 1944 947 2014 qui
989 1944 1104 1998 sine
1151 1943 1253 1997 ulla
1307 1943 1526 1997 scientia
1578 1942 1873 1997 litterarum

315 2038 605 2108 Scripturas
628 2038 832 2093 divinas
849 2046 903 2092 et
921 2036 1228 2092 memoriter
1254 2036 1517 2091 audiendo
1542 2036 1792 2103 tenuisse,
1821 2044 1876 2091 et

314 2130 592 2197 prudenter
626 2129 903 2200 cogitando
943 2128 1270 2184 intellexisse
1305 2127 1657 2196 praedicatur;
1690 2138 1781 2181 aut
1805 2127 1875 2181 ab

313 2222 393 2274 illo
417 2235 577 2275 servo
606 2220 837 2274 Barbare
874 2218 1162 2273 christiano
1189 2218 1206 2249 ¹
1229 2258 1245 2285 ,
1280 2218 1345 2271 de
1366 2233 1469 2287 quo
1495 2234 1522 2270 a
1551 2217 1876 2288 gravissimis

312 2310 507 2380 ﬁdeque
536 2311 861 2381 dignissimis
887 2311 1017 2365 viris
1043 2325 1213 2380 nuper
1237 2310 1537 2379 accepimus
1557 2351 1572 2377 ,
1610 2310 1701 2380 qui
1729 2309 1874 2364 litte-

312 2418 386 2455 ras
409 2418 622 2473 quoque
668 2402 808 2471 ipsas
829 2401 974 2456 nullo
1017 2401 1239 2457 docente
1293 2402 1526 2467 homine,
1573 2402 1625 2456 in
1664 2401 1873 2472 plenam

308 2496 539 2550 notitiam
570 2495 773 2550 orando
802 2502 859 2548 ut
886 2495 986 2549 sibi
1016 2494 1397 2560 revelarentur,
1426 2495 1631 2564 accepit
1678 2494 1875 2548 tridua-

307 2586 380 2640 nis
414 2586 665 2654 precibus
712 2586 999 2655 impetrans
1028 2593 1085 2639 ut
1123 2586 1282 2639 etiam
1333 2584 1567 2640 codicem
1616 2585 1871 2654 oblatum,

306 2678 631 2747 stupentibus
655 2678 743 2747 qui
770 2677 1017 2742 aderant,
1051 2676 1273 2749 legendo
1296 2686 1647 2747 percurreret.

369 2771 418 2825 5.
460 2771 567 2828 Aut
598 2771 618 2800 ²
646 2769 693 2825 si
722 2768 836 2825 hare
865 2768 1087 2841 quisque
1113 2770 1244 2825 falsa
1272 2784 1391 2824 esse
1420 2770 1703 2823 arbitratur
1724 2810 1737 2835 ,
1766 2782 1873 2822 non

307 2876 403 2931 ago
427 2863 752 2931 pugnaciter.
775 2861 931 2918 Certe
959 2862 1101 2916 enim
1138 2861 1384 2930 quoniam
1416 2875 1534 2913 eum
1561 2858 1874 2913 Christianis

304 2954 451 3009 nobis
485 2968 576 3009 res
622 2962 723 3021 est,
768 2954 857 3024 qui
892 2968 949 3008 se
993 2952 1292 3021 Scripturas
1334 2960 1544 3005 sanctas
1578 2950 1693 3006 sine
1739 2949 1874 3004 duce

306 3045 510 3100 homine
536 3044 768 3115 gaudent
792 3059 971 3111 nosse,
1000 3052 1053 3099 et
1081 3043 1126 3098 si
1155 3044 1226 3097 ita
1250 3050 1331 3097 est
1350 3084 1365 3108 ,
1393 3057 1521 3096 vero
1546 3051 1599 3096 et
1623 3057 1730 3096 non
1758 3056 1872 3097 me-

304 3134 461 3193 diocri
508 3134 741 3205 gaudent
760 3134 935 3200 bono;
963 3132 1257 3188 concedant
1288 3147 1506 3186 necesse
1554 3140 1637 3186 est
1682 3146 1873 3185 unum-

302 3240 563 3294 quemque
590 3232 833 3280 nostrum
860 3232 916 3279 et
941 3223 1007 3277 ab
1028 3223 1239 3278 ineunte
1255 3221 1477 3291 pueritia
1494 3220 1875 3276 consuetudine

302 3316 550 3372 audiendi
581 3316 811 3387 linguam
856 3330 1003 3370 suam
1049 3314 1316 3379 didicisse,
1361 3323 1413 3367 et
1440 3312 1595 3367 aliam
1646 3313 1874 3382 aliquam

302 3406 380 3461 vel
400 3421 630 3475 grzecam
658 3405 742 3459 vel
766 3405 1034 3461 hebrteam
1081 3404 1165 3458 vel
1206 3403 1492 3472 quamlibet
1539 3411 1885 3470 czetcrarum,

299 3506 387 3552 aut
411 3498 659 3552 similiter
686 3495 947 3552 audiendo
970 3537 985 3563 ,
1019 3504 1109 3551 aut
1135 3511 1229 3566 per
1270 3495 1539 3549 hominem
1579 3502 1874 3564 praecepto-

297 3604 417 3643 rem
452 3589 733 3658 accepisse.
762 3588 878 3644 Jam
912 3604 1040 3659 ergo
1064 3589 1107 3643 si
1140 3589 1330 3657 placet,
1358 3602 1672 3641 moneamus
1691 3602 1875 3642 omnes

297 3677 512 3745 fratres,
547 3693 615 3732 ne
641 3679 886 3747 parvulos
915 3692 1040 3733 suos
1060 3679 1159 3731 ista
1185 3677 1426 3741 doceant,
1455 3677 1574 3746 quia
1604 3685 1876 3733 momento

298 3784 403 3823 ἰηο
430 3769 688 3838 temporis
708 3768 1020 3824 adveniente
1044 3767 1242 3836 Spiritu
1274 3774 1474 3833 sancto,
1504 3766 1690 3835 repleti
1726 3766 1875 3837 Apo-

296 3859 419 3913 stoli
446 3859 685 3913 omnium
706 3844 951 3930 gentium
996 3858 1192 3927 linguis
1242 3857 1403 3911 locuti
1454 3866 1605 3922 sunt;
1656 3866 1747 3913 aut
1790 3858 1875 3913 cui

299 3950 414 4004 talia
446 3966 554 4004 non
585 3950 941 4019 provenerint,
971 3964 1077 4004 non
1098 3964 1155 4003 se
1180 3948 1466 4003 arbitretur
1484 3962 1603 4003 esse
1627 3948 1875 4003 christia-

298 4056 441 4104 num,
473 4051 569 4095 aut
588 4041 844 4112 Spiritum
873 4048 1113 4095 sanctum
1138 4040 1404 4108 accepisse
1433 4055 1492 4094 se
1513 4040 1734 4095 dubitet.
1765 4039 1875 4095 lmo

296 4145 419 4184 vero
444 4141 499 4185 et
522 4131 668 4202 quod
694 4147 791 4201 per
810 4131 1075 4186 hominem
1097 4130 1406 4185 discendum
1431 4139 1530 4198 est,
1554 4131 1668 4185 sine
1690 4145 1876 4200 super-

294 4221 375 4276 bia
402 4224 612 4289 discat;
638 4233 691 4278 et
719 4240 813 4293 per
854 4239 1009 4293 quem
1040 4223 1262 4278 docetur
1285 4223 1450 4289 alius,
1484 4223 1598 4277 sine
1629 4222 1874 4291 superbia

295 4323 346 4368 et
374 4315 489 4368 sine
520 4314 722 4368 invidia
753 4314 922 4368 tradat
946 4314 1084 4382 quod
1112 4314 1315 4383 accepit
1347 4330 1359 4365 :
1393 4328 1563 4384 neque
1606 4320 1874 4368 tentemus

297 4420 414 4459 eum
442 4407 530 4460 cui
555 4404 899 4471 credidimus,
939 4420 1007 4459 ne
1048 4405 1240 4459 talibus
1286 4404 1485 4458 inimici
1526 4403 1776 4458 versutiis
1821 4414 1875 4458 et

294 4498 651 4566 perversitate
688 4495 912 4565 decepti,
958 4494 1028 4550 ad
1081 4496 1251 4565 ipsum
1304 4510 1511 4564 quoque
1554 4493 1871 4549 audiendum

297 4588 649 4659 Evangelium
680 4596 838 4657 atque
855 4586 1164 4642 discendum
1182 4587 1406 4642 nolimus
1423 4585 1498 4640 ire
1525 4587 1576 4640 in
1598 4586 1869 4654 ecclesias,

293 4689 381 4735 aut
404 4681 653 4735 codicem
698 4679 896 4749 legere,
944 4686 1035 4733 aut
1083 4678 1346 4748 legentem
1392 4676 1874 4747 praedicantemque

297 4771 575 4827 hominem
606 4772 820 4838 audire;
843 4781 897 4827 et
923 4782 1288 4841 exspectemus
1326 4768 1440 4840 rapi
1474 4785 1639 4839 usque
1673 4770 1725 4824 in
1767 4778 1873 4825 ter-

295 4863 421 4917 tium
454 4864 678 4929 caelum,
711 4864 821 4917 sive
843 4864 893 4917 in
926 4878 1169 4931 corpore,
1196 4863 1305 4918 sive
1331 4871 1477 4916 extra
1505 4877 1717 4930 corpus,
1741 4862 1871 4915 sicut

290 4953 414 5009 dicit
437 4954 751 5024 Apostolus,
788 4963 842 5009 et
869 4954 938 5008 ibi
967 4953 1151 5008 audire
1200 4952 1478 5009 ineffabilia
1526 4953 1704 5019 verba,
1757 4968 1874 5022 qnze

294 5061 392 5098 non
419 5046 551 5100 licet
580 5045 783 5099 homini
820 5045 960 5114 loqui
991 5044 1057 5112 (ll
1088 5042 1204 5100 Cor.
1239 5062 1333 5111 xu,
1364 5044 1485 5115 2-4)
1515 5087 1527 5110 ,
1566 5054 1655 5099 aut
1686 5044 1753 5099 ibi
1797 5044 1874 5098 vi-

292 5136 415 5191 dere
468 5136 754 5191 Dominum
785 5134 966 5190 Jesum
1015 5131 1305 5197 Christum,
1350 5142 1403 5189 et
1445 5135 1511 5189 ab
1561 5135 1651 5189 illo
1702 5135 1873 5204 potius

292 5244 448 5297 quam
474 5228 544 5283 ab
573 5226 875 5282 hominibus
896 5225 1078 5280 audire
1108 5226 1465 5295 Evangelium.

358 5320 737 5375 GJCaveamus
755 5319 883 5374 tales
917 5318 1232 5373 tentationes
1253 5317 1655 5387 superhissimas
1666 5328 1719 5371 et
1732 5317 1871 5386 peri-

283 5412 676 5479 culosissimas,
709 5412 980 5483 magisque
1001 5412 1294 5481 cogitemus
1321 5421 1372 5466 et
1391 5412 1560 5481 ipsum
1577 5412 1871 5481 apostolum

282 5500 533 5569 Paulum,
547 5502 672 5558 licet
683 5502 855 5557 divina
867 5511 919 5558 et
934 5502 1134 5558 caelesti
1146 5517 1275 5558 voce
1287 5511 1604 5572 prostratum
1617 5511 1669 5558 et
1681 5503 1875 5559 instru-

343 5657 359 5686 ¹
385 5663 506 5705 Mss.
546 5670 577 5706 e
599 5656 835 5718 Vaticanis
868 5655 963 5718 duo
982 5690 996 5714 ,
1024 5653 1283 5705 Barbarico
1299 5654 1513 5718 (Macario
1540 5666 1557 5704 :
1580 5655 1709 5718 quod
1743 5658 1875 5706 servi

282 5715 412 5767 illius
438 5731 625 5766 nomen
648 5719 697 5765 in
719 5717 826 5765 aliis
846 5717 1091 5767 codicibus
1113 5723 1165 5766 et
1185 5717 1310 5778 apud
1330 5715 1656 5766 Cassiodorum
1677 5724 1875 5768 Senato-

280 5789 405 5841 rem,
435 5782 525 5841 qui
548 5781 595 5828 id
618 5778 831 5828 miraculi
856 5779 1039 5841 profert
1061 5780 1110 5827 in
1142 5778 1420 5841 prtefatiouc
1445 5780 1501 5828 ad
1528 5780 1873 5830 institutionum

280 5837 665 5904 librosffrustra
686 5837 1035 5904 quaesivimus,
1069 5903 1074 5904 γ
1142 5837 1159 5841 “
1300 5854 1303 5857 λ

341 5903 364 5934 ³
389 5904 471 5953 sic
624 5902 739 5952 miti
762 5916 896 5966 vero,
917 5910 972 5953 At
994 5902 1036 5954 si
1057 5903 1178 5958 hac.

1993 576 2154 637 ctum,
2176 570 2242 625 ad
2267 570 2536 629 hominem
2565 581 2743 632 tamen
2763 560 2985 632 missum
3003 591 3142 645 esse,
3162 587 3218 632 ut
3233 588 3561 637 sacramenta

1998 662 2314 731 perciperet,
2336 672 2492 735 atque
2514 653 2852 745 copularetur
2872 667 3126 745 Ecclesiae
3155 668 3287 739 (Act.
3314 683 3390 736 ix,
3412 669 3559 739 5-7):

1990 760 2044 807 ct
2068 754 2428 811 centurionem
2466 744 2771 814 Cornelium
2794 744 3033 830 quamvis
3060 760 3334 817 exauditus
3359 761 3560 817 oratio-

1991 860 2084 900 nes
2113 847 2227 916 ejus
2251 888 2266 912 ,
2306 834 2777 922 eleemosynasque
2804 862 3075 921 respectas
3103 852 3150 908 ei
3180 852 3397 923 angelus
3425 868 3559 908 nun-

1990 938 2215 1005 tiaverit,
2238 936 2394 997 Petro
2411 952 2586 997 tamen
2614 928 2861 998 traditum
2880 943 3220 1000 imbuendum
3239 961 3253 1009 ;
3275 960 3371 1015 per
3397 960 3559 1015 quem

1987 1044 2094 1083 non
2122 1030 2293 1085 solum
2333 1041 2662 1088 sacramenta
2705 1018 3023 1104 perciperet,
3073 1034 3167 1089 sed
3221 1035 3379 1091 etiam
3431 1035 3559 1106 quid

1986 1121 2328 1190 credendum,
2360 1121 2484 1194 quid
2513 1124 2854 1194 sperandum,
2886 1124 3010 1195 quid
3037 1123 3364 1194 diligendum
3391 1134 3554 1192 esset,

1984 1214 2191 1269 audiret
2219 1213 2326 1287 (Id.
2360 1215 2578 1288 x,l-6).
2607 1206 2691 1271 Et!
2718 1226 2963 1287 poterant
3009 1217 3189 1288 utique
3236 1218 3413 1272 omnia
3462 1234 3558 1289 per
3607 1240 3610 1243 λ

1983 1308 2225 1378 angelum
2255 1308 2365 1364 ﬁeri
2387 1351 2402 1375 ,
2432 1309 2524 1365 sed
2553 1310 2754 1381 abjecta
2784 1321 2927 1367 esset
2962 1311 3190 1367 humana
3210 1311 3442 1367 conditio
3465 1353 3480 1378 ,
3508 1312 3555 1367 si

1984 1412 2077 1466 per
2102 1399 2342 1455 homines
2360 1399 2658 1455 hominibus
2675 1394 2813 1457 Deus
2834 1401 3051 1456 verbum
3073 1417 3227 1456 suum
3252 1402 3556 1456 ministrare

1940 1495 1945 1499 ’
1982 1489 2122 1545 nolle
2157 1491 2445 1546 videretur.
2484 1491 2761 1559 Quomodo
2790 1493 2931 1547 enim
2966 1484 3165 1547 verum
3218 1500 3363 1548 esset
3412 1491 3554 1563 quod

1980 1579 2178 1635 dictum
2208 1591 2288 1636 est
2312 1624 2325 1647 ,
2349 1580 2613 1654 Templum
2640 1578 2771 1636 enim
2794 1582 2890 1637 Dei
2907 1592 3136 1636 sanctum
3160 1593 3253 1650 est,
3276 1582 3412 1653 quod
3435 1582 3553 1637 estis

1980 1689 2065 1727 vos
2096 1672 2138 1739 (Ι
2161 1671 2276 1727 Cor.
2303 1689 2379 1739 ut,
2415 1674 2539 1744 l7);
2563 1674 2606 1728 si
2639 1674 2777 1729 Deus
2829 1673 2894 1728 de
2939 1673 3172 1727 humano
3227 1672 3422 1741 templo
3468 1687 3555 1728 re-

1979 1777 2172 1832 sponsa
2208 1779 2310 1817 non
2342 1763 2620 1829 redderet,
2652 1772 2705 1818 et
2734 1773 2900 1818 totum
2939 1763 3081 1833 quod
3110 1761 3419 1817 discendum
3449 1761 3551 1817 ho-

1979 1854 2208 1909 minibus
2253 1853 2386 1908 tradi
2433 1855 2624 1919 vellet,
2669 1853 2736 1909 de
2786 1854 2923 1909 caelo
2970 1863 3128 1922 atque
3181 1866 3275 1921 per
3324 1852 3553 1920 Angelos

1978 1944 2326 2014 personaret?
2356 1944 2557 2013 Deinde
2591 1945 2701 2014 ipsa
2747 1943 2994 2009 charitas,
3019 1958 3137 2012 quae
3191 1942 3291 1995 sibi
3329 1942 3553 1996 invicem

1983 2035 2229 2091 homines
2261 2037 2401 2092 nodo
2432 2036 2645 2091 unitatis
2672 2036 2931 2106 astringit,
2974 2051 3079 2091 non
3112 2035 3327 2089 haberet
3353 2033 3554 2089 aditum

1978 2127 2423 2181 refun'dendornm
2450 2136 2504 2182 et
2528 2127 2675 2197 quasi
2704 2126 3093 2181 miscendorum
3112 2124 3323 2180 sibimet
3348 2122 3555 2179 animo-

1979 2234 2119 2283 rum,
2152 2219 2195 2272 si
2225 2218 2469 2273 homines
2496 2233 2591 2288 per
2620 2218 2862 2273 homines
2889 2216 3019 2270 nihil
3046 2216 3329 2271 discerent.
3524 2202 3527 2205 ⁷

2049 2313 2101 2364 7.
2142 2311 2211 2365 Et
2236 2321 2379 2366 certe
2421 2311 2712 2380 spadonem
2737 2311 2886 2366 illum
2913 2310 3002 2381 qui
3028 2310 3215 2364 lsaiam
3242 2308 3553 2380 prophetam

1978 2404 2157 2474 legens
2186 2419 2290 2457 non
2328 2402 2679 2473 intelligebat,
2710 2417 2879 2472 neque
2907 2401 2971 2456 ad
3008 2401 3251 2471 angelum
3284 2399 3554 2477 apostolus

1978 2493 2139 2557 misit,
2166 2509 2260 2547 nec
2286 2493 2333 2547 ei
2365 2494 2459 2561 per
2493 2492 2735 2561 angelum
2778 2491 2829 2546 id
2875 2491 3015 2561 quod
3057 2508 3162 2545 non
3216 2476 3548 2560 intelligebat

1978 2586 2298 2655 expositum,
2330 2595 2419 2639 aut
2437 2584 2687 2639 divinitus
2714 2584 2766 2638 in
2790 2574 2966 2639 mente
3001 2583 3115 2638 sine
3144 2582 3372 2637 hominis
3397 2580 3558 2636 mini-

1977 2677 2139 2731 sterio
2190 2676 2477 2730 revelatum
2502 2683 2620 2742 est;
2649 2674 2741 2729 sed
2781 2675 2954 2743 potius
2990 2675 3328 2744 suggestione
3373 2670 3557 2727 divina

1977 2768 2171 2822 missus
2190 2770 2281 2822 est
2304 2767 2369 2821 ad
2396 2782 2538 2833 eum,
2582 2766 2820 2837 seditque
2860 2782 2977 2821 cum
3015 2781 3079 2820 eo
3122 2766 3415 2836 Philippus,
3464 2762 3558 2833 qui

1980 2866 2197 2912 noverat
2230 2857 2416 2911 lsaiam
2446 2852 2788 2927 prophetam,
2816 2857 2973 2927 eique
3008 2856 3259 2911 humanis
3288 2854 3462 2910 verbis
3502 2862 3558 2909 et

1979 2952 2153 3023 lingua
2191 2953 2343 3024 “quod
2392 2954 2443 3007 in
2484 2950 2754 3022 Scriptura
2793 2952 2882 3007 illa
2929 2959 3123 3007 tectum
3179 2958 3311 3016 erat,
3352 2948 3559 3018 aperuit

1979 3045 2114 3115 (Act.
2147 3061 2255 3109 vm,
2278 3045 2488 3116 27-55).
2515 3044 2699 3099 Nonne
2742 3059 2863 3098 cum
2902 3028 3082 3113 Moyse
3123 3040 3265 3096 Deus
3298 3038 3556 3108 loqueba-

1980 3145 2064 3191 tur
2088 3177 2101 3200 ,
2124 3147 2176 3191 et
2216 3146 2389 3192 tamen
2418 3136 2695 3192 consilium
2724 3134 2939 3206 regendi
2967 3142 3123 3204 atque
3152 3128 3558 3187 administrandi

1979 3237 2085 3283 tam
2120 3222 2294 3299 magni
2324 3228 2500 3298 populi
2541 3244 2572 3283 a
2610 3243 2795 3283 socero
2840 3232 2959 3295 suo,
3012 3225 3307 3295 alienigena
3354 3222 3558 3279 scilicet

1980 3318 2215 3382 homine,
2256 3328 2308 3373 et
2354 3320 2581 3374 maxime
2628 3317 2880 3388 providus
2932 3324 2988 3372 et
3035 3315 3251 3370 minime
3295 3304 3556 3383 Superbus

1978 3411 2181 3480 accepit
2211 3410 2403 3480 (Exod.
2431 3426 2578 3477 xvtu,
2608 3407 2839 3481 14-96)?
2879 3406 3108 3462 Noverat
3136 3404 3388 3460 enimille
3431 3402 3515 3458 vir
3533 3442 3551 3469 ,

1979 3520 2045 3558 ex
2072 3514 2402 3573 quacumque
2443 3502 2617 3556 anima
2644 3514 2829 3555 verum
2858 3492 3137 3553 censilium
3168 3495 3553 3565 processisset,

1980 3610 2085 3648 non
2118 3595 2186 3659 ei,
2215 3595 2307 3648 sed
2348 3593 2421 3647 illi
2460 3593 2549 3662 qui
2591 3601 2672 3648 est
2718 3591 2933 3657 veritas,
2976 3584 3393 3644 incommutabili
3443 3585 3556 3640 Deo

1980 3686 2315 3741 tribuendum
2339 3700 2477 3741 esse.
2722 3682 2723 3689 “
2776 3696 2779 3699 ·

2051 3777 2103 3831 8.
2146 3777 2422 3831 Postremo
2470 3774 2707 3845 quisquis
2752 3786 2811 3829 se
2848 3771 3011 3826 nullis
3052 3768 3332 3839 praeceptis
3360 3767 3557 3823 instru-

1981 3878 2121 3925 ctum
2143 3869 2320 3923 divino
2346 3856 2565 3923 munere
2586 3879 2929 3937 quaecumque
2944 3863 2998 3917 in
3018 3860 3305 3931 Scripturis
3328 3860 3555 3914 obscura

1980 3969 2103 4014 sunt
2148 3960 2441 4028 intelligere
2491 3958 2761 4027 gloriatur,
2807 3956 2943 4011 bene
2982 3953 3196 4023 quidem
3245 3951 3452 4016 credit,
3500 3957 3555 4004 et

1980 4064 2162 4104 verum
2191 4058 2291 4113 est,
2317 4048 2422 4102 non
2449 4062 2567 4102 esse
2615 4047 2758 4100 illam
2785 4060 2934 4099 suam
2982 4042 3285 4098 facultatem
3329 4039 3481 4110 quasi
3521 4053 3555 4092 a

1980 4141 2155 4209 seipso
2201 4139 2544 4204 existentem,
2575 4136 2669 4192 sed
2706 4136 2956 4191 divinitus
2984 4133 3259 4198 traditam;
3302 4131 3373 4185 ita
3410 4128 3571 4185 enim

1981 4228 2072 4282 Dei
2102 4228 2321 4298 gloriam
2354 4229 2543 4297 quaerit
2570 4236 2624 4281 et
2660 4241 2762 4281 non
2792 4240 2943 4279 suam
2976 4242 2991 4278 :
3022 4223 3117 4278 sed
3143 4236 3266 4278 cum
3295 4220 3421 4291 legit
3451 4259 3467 4285 ,
3499 4227 3555 4274 et

1980 4320 2127 4373 nullo
2148 4319 2246 4372 sibi
2272 4318 2544 4372 hominum
2570 4324 2867 4386 exponente
2882 4314 3148 4384 intelligit,
3177 4328 3273 4367 cur
3292 4310 3404 4381 ipse
3432 4309 3554 4364 aliis

1980 4411 2188 4465 allectat
2215 4424 2499 4479 exponere,
2529 4423 2590 4464 ac
2609 4423 2713 4463 non
2748 4407 2924 4477 potius
2948 4420 3040 4461 eos
3067 4402 3289 4459 remittit
3313 4403 3425 4457 Deo
3447 4442 3463 4468 ,
3495 4409 3553 4455 ut
3640 4392 3645 4399 ’

1980 4502 2079 4571 ipsi
2110 4515 2318 4570 quoque
2338 4515 2442 4555 non
2474 4515 2568 4568 per
2594 4498 2883 4565 hominem,
2915 4495 3010 4551 sed
3039 4496 3130 4550 illo
3157 4494 3301 4549 intus
3327 4492 3553 4548 docente

1979 4581 2306 4663 intelligant?
2334 4592 2439 4648 Sed
2461 4590 2705 4647 videlicet
2729 4591 2878 4644 timet
2915 4603 2984 4644 ne
3017 4587 3197 4643 audiat
3231 4601 3263 4640 a
3299 4572 3550 4651 Domino,

1982 4684 2135 4740 Serve
2178 4700 2392 4756 nequam
2421 4725 2435 4749 ,
2486 4683 2631 4736 dares
2683 4681 3155 4751 pecuniam'meam
3201 4676 3553 4735 nummulariis

1982 4776 2191 4850 (Matth.
2219 4791 2351 4843 xxv,
2377 4775 2467 4843 26,
2494 4771 2607 4847 27).
2635 4773 2783 4830 Sicut
2810 4788 2937 4843 ergo
2975 4772 3030 4827 hi
3075 4786 3140 4828 ea
3186 4787 3305 4842 qua:
3350 4769 3553 4825 intelli-

1979 4876 2127 4939 gunt,
2155 4867 2381 4937 produnt
2431 4866 2638 4921 caeteris
2668 4864 2751 4919 vel
2789 4863 3053 4934 loquendo
3100 4863 3184 4918 vel
3228 4861 3549 4926 scribendo;
3580 4864 3581 4867 “

1980 4961 2050 5014 ita
2077 4975 2176 5029 ego
2201 4974 2407 5029 quoque
2435 4958 2478 5012 si
2504 4973 2609 5012 non
2636 4956 2809 5010 solum
2834 4970 2897 5011 ea
2920 4970 3039 5025 qua:
3067 4953 3362 5024 intelligant
3391 4954 3430 5020 ί,
3456 4950 3552 5007 sed

1979 5055 2138 5109 etiam
2167 5051 2502 5122 intelligendo
2523 5066 2583 5105 ea
2616 5064 2734 5119 quae
2768 5048 3069 5114 observent,
3104 5043 3550 5127 prodidero,‘cul-

1980 5149 2095 5218 pari
2124 5148 2191 5202 ab
2234 5146 2312 5201 eis
2356 5144 2591 5215 profecto
2633 5149 2760 5198 non
2786 5141 2955 5197 debeo
2988 5160 3003 5197 :
3039 5155 3336 5211 quanquam
3394 5153 3552 5192 nemo

1980 5237 2139 5291 debet
2165 5235 2359 5305 aliquid
2389 5234 2462 5289 sic
2489 5233 2684 5288 habere
2724 5231 2874 5302 quasi
2915 5246 3069 5285 suum
3114 5229 3406 5299 proprium,
3447 5226 3553 5282 nisi

1976 5328 2116 5387 forte
2156 5326 2505 5381 mendacium.
2536 5323 2668 5379 Nam
2701 5336 2861 5377 omne
2889 5336 3071 5375 verum
3100 5320 3169 5375 ab
3208 5318 3296 5372 illo
3318 5327 3399 5372 est
3417 5359 3433 5385 ,
3460 5318 3554 5387 qui

1980 5420 2056 5475 ait
2084 5435 2098 5473 :
2130 5419 2241 5489 Ego
2262 5434 2372 5472 sum
2398 5416 2576 5470 veritas
2606 5413 2784 5486 (Joan.
2813 5430 2921 5480 xlv,
2945 5413 3023 5483 6).
3051 5410 3185 5479 Quid
3214 5412 3355 5467 enim
3386 5408 3555 5464 habeo

1982 5528 2099 5566 mus
2124 5509 2262 5580 quod
2290 5524 2391 5563 non
2426 5505 2764 5577 accepimus?
2793 5505 2944 5572 Quod
2978 5506 3022 5559 si
3062 5503 3391 5574 accepimus,
3424 5499 3552 5571 quid

1982 5604 2269 5674 gloriamur
2296 5602 2443 5672 quasi
2465 5616 2568 5655 non
2597 5600 2955 5669 acceperimus
2987 5598 3027 5670 (l
3055 5596 3171 5651 Cor.
3198 5613 3269 5662 tv,
3299 5596 3400 5666 7)?

2053 5696 2104 5750 9.
2136 5694 2234 5762 Qui
2264 5695 2385 5763 legit
2411 5692 2742 5746 audientibus
2768 5691 2987 5756 litteras,
3020 5690 3199 5760 utique
3233 5704 3362 5759 quas
3391 5702 3556 5758 agno—

1984 5788 2082 5842 scit
2113 5787 2373 5847 enuntiat;
2403 5784 2489 5853 qui
2520 5791 2694 5837 autem
2722 5782 2862 5851 ipsas
2887 5782 3089 5838 litteras
3113 5778 3290 5853 tradit,
3321 5778 3422 5833 hoc
3445 5776 3553 5848 agit

2051 5902 2066 5931 ι
2096 5906 2198 5949 Mss.
2225 5898 2388 5961 viginti
2412 5903 2531 5959 trCS,
2556 5892 2779 5958 intelligo.
