4060 6460
522 393 598 454 ιο
1417 390 1510 449 DE
1547 386 1891 447 DOCTRINA
1928 385 2362 459 umnam,
2399 388 2462 448 S.
2502 390 2875 451 AUGUSTINI
2931 343 2946 357 .
3719 397 3794 460 ΞΟ

520 514 581 564 ut
605 506 695 564 alii
721 520 936 580 quoque
956 504 1137 579 legere
1172 501 1456 562 noverint:
1481 498 1706 574 uterque
1733 507 1912 559 tamen
1939 499 1995 556 id
2022 500 2109 557 in-

520 601 700 657 sinuat
732 599 874 671 quod
898 598 1127 671 accepit.
1151 592 1241 655 Sic
1263 597 1421 655 etiam
1448 596 1539 668 qui
1563 610 1627 651 ea
1650 609 1770 665 qua:
1786 593 1841 650 iu
1865 591 2107 663 Scriptu-

518 692 595 749 ris
620 692 898 763 intelligit,
937 690 1159 762 exponit
1195 686 1569 754 audientibus,
1614 694 1862 758 tanquam
1903 683 2108 740 litteras

519 800 653 856 quas
676 785 920 857 agnoscit
957 784 1263 856 pronuntiat
1297 781 1511 839 lectoris
1543 778 1757 846 officio;
1797 777 1888 849 qui
1926 783 2106 833 autem

520 875 762 947 praecipit
803 875 1071 946 quomodo
1099 872 1498 945 intelligendum
1536 871 1631 938 sit,
1671 869 1862 926 similis
1885 876 1969 924 est
1990 875 2106 924 tra-

519 963 664 1022 denti
686 966 910 1033 litteras,
938 958 1047 1024 hoc
1068 975 1151 1022 est
1176 962 1507 1038 praecipienti
1528 961 1797 1035 quomodo
1824 959 1895 1018 sit
1914 958 2105 1031 legen-

519 1050 643 1112 dum
669 1075 684 1113 :
712 1066 769 1112 ut
792 1052 1063 1129 quomodo
1090 1057 1179 1112 ille
1207 1056 1298 1126 qui
1335 1055 1512 1126 legere
1550 1052 1864 1120 novit,.alio
1886 1050 2107 1132 lectore

519 1162 625 1202 non
673 1146 908 1220 indiget,
951 1165 1073 1205 cum
1109 1147 1349 1203 codicem
1386 1146 1681 1225 invenerit,
1722 1160 1755 1201 a
1795 1157 1903 1214 quo
1927 1141 2109 1198 audiat

519 1238 645 1310 quid
684 1239 756 1295 ibi
787 1241 1041 1310 scriptum
1072 1240 1170 1305 sit;
1203 1239 1280 1294 sic
1306 1238 1407 1295 iste
1447 1238 1537 1311 qui
1576 1244 1840 1308 praecepta
1868 1250 1987 1307 quae
2009 1249 2105 1290 co-

517 1336 710 1387 namur
733 1334 942 1388 tradere
965 1331 1248 1404 acceperit,
1274 1347 1397 1389 cum
1423 1331 1477 1387 in
1508 1330 1658 1385 libris
1682 1326 1881 1399 aliquid
1905 1327 2101 1383 obscu-

517 1421 689 1478 ritatis
720 1422 1017 1491 invenerit,
1059 1423 1315 1494 quasdam
1342 1422 1551 1495 regulas
1586 1418 1751 1477 veluti
1777 1420 1980 1474 litteras
2020 1425 2104 1472 te-

2210 515 2347 561 nens
2368 500 2755 562 intellecturum
2776 505 2941 561 alium
2972 520 3080 562 non
3098 506 3359 579 requiras,
3376 522 3483 581 per
3503 522 3663 583 quem
3684 502 3794 571 sibi

2211 595 2353 667 quod
2379 605 2623 667 opertum
2650 606 2736 653 est
2758 604 3058 669 retegtur;
3084 599 3183 656 sed
3206 601 3525 672 quibusdam
3548 603 3791 675 vestigiis

2211 685 2474 758 indagatis
2508 688 2579 744 ad
2610 689 2880 747 coctilium
2910 698 3124 747 sensum
3155 692 3271 749 sine
3306 695 3417 751 ullo
3444 708 3640 752 *errore
3666 698 3795 768 iipse

2214 781 2513 849 perveniat,
2536 788 2630 837 aut
2651 791 2799 839 certe
2830 781 2887 837 in
2906 783 3289 841 absurditatem
3308 800 3493 856 prava;
3514 790 3796 846 sententia:

2210 885 2320 927 non
2358 870 2573 927 incidat.
2613 870 2968 944 Quapropter,
2988 890 3294 945 quanqum
3319 886 3376 933 et
3394 878 3452 933 in
3480 878 3601 951 ipse
3618 892 3796 951 'opere

2206 961 2339 1016 satis
2360 977 2621 1032 apparere
2646 964 2816 1033 possit
2850 963 2976 1020 huic
3011 964 3251 1022 ofﬁcim
3276 968 3448 1025 labori
3474 978 3792 1029 nestronon

2210 1062 2358 1111 recte
2398 1056 2632 1126 aliquem
2676 1057 3078 1124 contradicere;
3130 1066 3342 1128 tamen,
3394 1063 3442 1117 si
3486 1062 3797 1135 huiustmdi

2211 1147 2473 1217 prommio
2496 1149 2821 1219 quibuslibet
2836 1151 3224 1207 obsistentibus
3238 1154 3627 1211 convenienter
3646 1157 3797 1214 evide-

2212 1246 2299 1295 tur
2324 1253 2446 1296 esse
2468 1254 2812 1310 respomum,
2844 1242 3000 1311 hujus
3025 1242 3126 1296 vite
3154 1257 3315 1313 quam
3334 1243 3396 1299 in
3427 1244 3690 1303 hoc'libro
3702 1247 3797 1304 in-

2202 1331 2362 1403 perii
2380 1333 2651 1402 «volumus,
2678 1334 2788 1390 tale
2808 1335 2966 1391 nobis
2986 1335 3228 1392 oocurrit
3244 1337 3522 1394 elordium

1555 1625 2047 1738 LIBER
2117 1623 2781 1733 PRIMUS.

572 1836 810 1900 modulo
827 1835 883 1887 ﬁt
904 1837 1095 1899 partitio
1120 1837 1277 1887 totius
1296 1836 1481 1900 oreris.
1499 1847 1598 1899 quo
1619 1834 1967 1900 scripturam!
1987 1828 2231 1900 studiosus
2253 1838 2369 1900 tum,
2400 1827 2460 1876 ad
2479 1839 2665 1900 sarem
2686 1830 3073 1900 investigandum
3107 1842 3333 1900 sensum.
3371 1837 3475 1900 tum
3507 1828 3571 1900 ad.
3605 1830 3794 1900 edisse-

511 1889 1034 1963 rendumjinstituatnr.
1060 1906 1162 1950 Ilox
1186 1889 1444 1948 observata
1466 1889 1634 1949 eorum
1650 1889 1731 1963 de
1742 1894 1918 1957 quibus
1938 1889 2399 1963 doctrinq‘trqdepda
2419 1894 2498 1963 est
2506 1890 2815 1963 distinctione
2844 1889 2893 1963 in
2915 1901 3067 1963 reset
3092 1896 3248 1963 agna,
3548 1896 3608 1945 *ln

509 1960 675 2070 Εςὲἓπθ
698 1948 823 2010 libro
848 1948 1067 2011 tractatio
1087 1948 1152 2011 de
1173 1964 1342 2011 rebus.
1377 1968 1468 2009 Res
1489 1948 1633 2022 porro
1655 1948 1775 2006 alias
1804 1967 1916 2003 esse
1948 1954 2125 2026 quibus
2146 1951 2261 2037 frui,
2281 1948 2400 2000 alias
2419 1952 2596 2014 quibus
2606 1956 2804 2026 nonnisi
2826 1957 2895 2007 uti
2931 1957 3071 2030 nobis
3102 1948 3272 2029 liceat:
3296 1964 3352 2007 et
3371 1948 3571 2019 quidem
3585 1964 3686 2032 Deo
3701 1948 3794 2014 soli

609 2022 743 2070 tione
764 2022 1097 2070 inhaerendum
1121 2035 1253 2070 eme.
1278 2034 1438 2070 eouue
1460 2034 1549 2070 nos
1564 2021 1720 2070 ipsius
1750 2019 2076 2067 incarnatione
2101 2013 2242 2062 Verbi
2268 2020 2321 2062 et
2348 2014 2500 2063 rebus
2520 2016 2582 2062 ab
2603 2028 2709 2070 lDSO
2743 2017 3072 2070 temporahter
3095 2026 3266 2070 gestis.
3306 2026 3455 2070 atque
3494 2018 3679 2070 traditis
3708 2026 3794 2070 Ec.

609 2022 743 2094 tione
764 2022 1097 2094 ιηῑιεετοηάιιω
1121 2035 1261 2094 θδξθῑ
1278 2034 1438 2094 eoque
1460 2013 1549 2070 οδε
1564 2021 1720 2094 usus
1750 2013 2080 2094 saeuiens
2101 2013 2321 2094 Υεὲῖέίξι
2348 2013 3266 2094 {simitiuawewalitetstetis»
3299 2013 3679 2094 ,κιαῖξεηςξςλίιῖε
3704 2013 3794 2094 ξερέ

504 2079 675 2133 desim
695 2083 909 2146 clavibus
927 2086 1224 2146 promoveri;
1239 2074 1376 2135 inter
1399 2074 1621 2133 eas-verb
1642 2093 1726 2146 res
1744 2091 1856 2146 quas
1872 2079 1923 2127 in
1943 2089 2086 2125 usum
2108 2076 2324 2146 veniunt,
2348 2074 2604 2146 nonnullas
2622 2074 2737 2146 iege

2874 2093 2936 2130 us
2953 2079 3149 2153 dilectio
3163 2081 3276 2155 jure
3630 2081 3730 2155 sed
3743 2083 3793 2155 i9

509 2146 663 2209 Deum
686 2143 856 2195 relata.
880 2135 1061 2205 Quibus
1083 2135 1335 2209 explicatis
1355 2145 1556 2198 docetur
1571 2145 1718 2195 totius
1738 2135 1993 2204 scripturae
2011 2149 2161 2188 sacra:
2177 2135 2534 2200 plenitudinem
2552 2144 2604 2190 et
2617 2138 2767 2191 linem
2777 2135 2899 2194 esse
2917 2135 3484 2207 geminant'chariuttem,
3496 2135 3786 2207 υθῴωικθῖ

509 2206 745 2270 seipsum,
762 2217 825 2257 ac
842 2208 1052 2273 proximi
1073 2206 1271 2272 propter
1286 2214 1457 2259 Deum.

2035 2319 2043 2325 ι.
2209 2318 2214 2326 ε
2237 2317 2260 2328 κε
2307 2317 2328 2323 ν

507 2438 733 2500 CAPUT
772 2442 1058 2501 PRIMUM.
1095 2472 1169 2486 —
1209 2441 1505 2501 Insaniens
1545 2448 1596 2495 et
1632 2434 1967 2513 enuntiatione
2006 2428 2092 2483 ni-

577 2534 701 2589 titur
726 2534 1010 2606 Scriptum
1036 2535 1305 2602 tractatio;
1330 2548 1446 2607 qua
1470 2548 1587 2590 cum
1604 2531 1701 2587 Dei
1724 2527 1915 2585 auxilio
1935 2523 2095 2581 susci-

622 2623 787 2679 ienda.

664 2640 787 2679 nae.

566 2640 813 2772 renuas
854 2726 983 2774 sunt
1025 2733 1117 2773 res
1158 2717 1350 2788 quibus
1398 2715 1587 2772 nititur
1629 2713 1804 2770 omnis
1851 2710 2094 2766 tractatio

504 2804 941 2880 Scriptor-arum;
987 2811 1179 2867 modus
1224 2810 1527 2867 inveniendi
1580 2824 1705 2881 quae
1749 2803 2093 2876 intelligenda

503 2909 652 2967 sunt,
680 2911 735 2956 et
761 2903 953 2957 modus
978 2901 1283 2972 proferendi
1307 2918 1427 2974 quae
1452 2902 1722 2958 intellecta
1748 2907 1890 2955 sunt.
1916 2898 1991 2953 De
2010 2896 2091 2951 in-

506 2992 766 3048 veniendo
787 2994 953 3063 prius,
978 2994 1047 3050 de
1073 2993 1391 3064 proferendo
1412 3002 1595 3065 postea
1616 2993 1963 3048 disseremus.
1983 2987 2094 3043 Ma-

502 3098 668 3155 suum
698 3100 835 3156 opus
857 3088 875 3118 ί
905 3096 962 3144 et
988 3086 1247 3157 arduum,
1278 3097 1331 3143 et
1370 3087 1417 3143 si
1443 3087 1511 3142 ad
1551 3083 1923 3142 sustinendum
1948 3080 2091 3139 difﬂ-

505 3178 630 3245 cile,
660 3193 853 3235 vereor
877 3196 946 3234 ne
969 3180 1038 3235 ad
1064 3180 1460 3251 suscipiendum
1481 3179 1844 3236 temerarium.
1864 3174 1943 3232 Ita
1963 3188 2093 3231 sane

502 3267 550 3324 si
586 3268 655 3325 de
676 3270 834 3326 nobis
869 3270 1000 3341 ipsis
1027 3286 1473 3341 praesumeremus
1497 3288 1511 3324 :
1540 3286 1682 3326 nunc
1709 3283 1836 3325 vero
1880 3282 2004 3323 cum
2033 3265 2091 3321 in

500 3358 593 3415 illo
618 3359 690 3415 sit
728 3374 851 3431 spes
893 3362 1182 3433 peragendi
1218 3362 1374 3433 hujus
1401 3360 1617 3432 operis,
1658 3375 1691 3417 a
1716 3373 1825 3430 quo
1853 3358 2008 3413 nobis
2035 3357 2090 3412 in

500 3452 822 3523 cogitatione
847 3454 1014 3509 multa
1042 3454 1110 3511 de
1140 3455 1238 3509 hac
1260 3470 1321 3511 re
1337 3454 1448 3526 jam
1476 3451 1666 3510 tradita
1697 3462 1958 3516 tenemus,
1980 3463 2089 3504 non

501 3554 585 3601 est
610 3547 952 3603 metuendum
977 3563 1048 3603 ne
1073 3548 1205 3605 dare
1240 3547 1453 3604 desinat
1477 3556 1669 3603 caetera
1685 3587 1700 3612 ,
1732 3560 1856 3600 cum
1883 3558 1946 3601 ea
1968 3556 2089 3613 qum

498 3635 622 3694 data
648 3648 772 3695 sunt
790 3642 1112 3710 cmperimus
1133 3642 1462 3711 impendere.
1489 3641 1677 3697 Omnis
1698 3640 1843 3697 enim
1862 3653 1951 3695 res
1969 3650 2089 3709 qua

498 3726 676 3785 dando
703 3731 1056 3800 non-deﬁcit,
1094 3732 1223 3788 dum
1258 3732 1491 3788 habetur
1512 3740 1573 3787 et
1612 3746 1717 3786 non
1742 3731 1919 3798 datur,
1948 3744 2087 3785 non-

497 3819 623 3876 dum
662 3820 891 3881 habetur
917 3824 1187 3896 quomodo
1213 3824 1455 3881 habenda
1491 3833 1593 3881 est.
1622 3823 1718 3880 Ille
1754 3832 1932 3878 autem
1961 3821 2037 3876 ait
2067 3837 2084 3876 :

500 3909 601 3976 Qui
625 3911 789 3979 habet,
820 3914 1027 3971 dabitur
1046 3917 1093 3970 ei
1118 3914 1329 3988 (Matth.
1356 3931 1473 3984 xm,
1502 3914 1615 3989 12).
1648 3914 1804 3969 Dabit
1834 3927 1965 3983 ergo
1991 3910 2088 3966 ha-

496 4003 765 4072 bentibus,
795 4006 851 4062 id
879 4015 997 4074 est,
1041 4022 1160 4063 cum
1190 4006 1513 4077 benignitate
1550 4006 1826 4061 utentibus
1849 4019 1916 4059 eo
1943 4000 2087 4073 quod

494 4103 840 4164 acceperunt,
873 4097 1184 4166 adimplebit
1219 4106 1378 4167 atque
1405 4095 1699 4152 cumulabit
1737 4093 1881 4165 quod
1915 4091 2080 4148 dedit.

497 4185 580 4242 Illi
604 4189 836 4258 quinque
864 4198 918 4244 et
941 4189 1017 4243 illi
1044 4197 1250 4259 septem
1282 4198 1434 4244 erant
1458 4204 1653 4259 panes,
1685 4196 1966 4256 antequam
1996 4185 2082 4240 iu-

495 4277 733 4347 ciperem
752 4279 874 4335 dari
911 4281 1300 4344 esurientibus;
1335 4281 1477 4351 quod
1508 4279 1599 4335 ubi
1626 4278 1740 4333 ﬁeri
1768 4277 1952 4347 coepit,
1986 4290 2080 4331 co-

494 4369 689 4439 phines
731 4381 785 4427 et
812 4381 1022 4439 mortals
1050 4374 1253 4427 satiatis
1282 4383 1359 4429 tot
1402 4373 1675 4427 hominum
1715 4371 1949 4425 millibus
1976 4369 2081 4424 im-

493 4460 911 4534 pleveruntlld.
938 4478 1045 4529 xiv,
1074 4464 1272 4529 317-21;
1298 4472 1349 4518 et
1382 4478 1481 4528 xv,
1510 4460 1723 4534 54-38).
1765 4460 1914 4516 Sicut
1952 4473 2081 4529 ergo

494 4550 586 4605 ille
608 4549 773 4621 panis‘
784 4552 910 4608 dum
932 4553 1266 4625 frangeretur
1286 4555 1540 4620 accrevit,
1560 4552 1642 4607 sic
1660 4566 1724 4608 ea
1746 4566 1868 4623 qua:
1888 4549 1957 4606 ad
1977 4550 2082 4606 hoc

493 4656 630 4712 opus
651 4645 1062 4715 WMOB
1097 4647 1208 4717 jam
1242 4646 1511 4701 (Dominus
1546 4644 1800 4716 praebuit,
1830 4657 1955 4697 cum
1991 4641 2079 4697 di-

492 4739 735 4805 spensari
763 4741 1042 4810 ceperint,
1070 4754 1137 4796 eo
1164 4740 1281 4811 ipso
1303 4746 1624 4810 suggerente
1640 4736 2078 4805 multiplicabun-

494 4833 599 4893 tur,
629 4838 687 4883 ut
712 4830 765 4883 in
791 4830 907 4900 ipso
935 4830 1038 4886 hoc
1058 4843 1242 4887 nostro
1263 4832 1577 4896 ministerio,
1611 4845 1719 4884 non
1748 4829 1925 4884 solum
1952 4829 2076 4884 nul-

492 4916 600 4973 lan
643 4920 905 4988 patiamur
932 4922 1163 4992 inopiam
1185 4964 1199 4989 ,
1231 4921 1328 4978 sed
1352 4921 1423 4978 de
1448 4921 1678 4978 mirabili
1698 4922 1864 4978 etiam
1901 4921 2075 4977 abun-

491 5007 669 5067 dantia
686 5012 1037 5083 gaudeamus.

754 5105 981 5162 CAPUT
1004 5104 1068 5161 11.
1095 5135 1171 5148 --
1194 5106 1333 5173 Quid
1358 5123 1467 5174 res,
1496 5106 1618 5178 quid
1638 5107 1806 5178 signa.

558 5195 617 5253 2.
627 5197 814 5253 Omnis
826 5198 1067 5255 doctrina
1080 5200 1163 5255 vel
1183 5216 1362 5256 rerum
1384 5200 1564 5257 estvel
1574 5201 1868 5271 signorum,
1880 5198 1976 5256 sed
1986 5214 2076 5256 res

490 5300 589 5361 per
628 5291 780 5362 signa
820 5292 1118 5347 discuntur.
1150 5293 1373 5362 Proprie
1400 5303 1578 5349 autem
1605 5308 1745 5348 nunc
1773 5308 1862 5349 res
1888 5293 2074 5363 appel-

487 5380 629 5449 lavi,
677 5396 798 5454 quze
838 5400 945 5439 non
972 5384 1037 5440 ad
1068 5386 1472 5457 significandum
1500 5387 1693 5457 aliquid
1719 5385 2071 5453 adhibentur,

482 5472 638 5529 sicuti
659 5480 743 5529 est
768 5473 1001 5544 lignum,
1041 5475 1194 5546 lapis,
1225 5493 1384 5547 pecus
1406 5519 1424 5545 ,
1453 5488 1610 5547 atque
1639 5476 1939 5546 huiusmodi
1962 5490 2073 5530 ca:-

483 5570 622 5619 tera.
669 5564 777 5621 Sed
824 5581 933 5622 non
974 5567 1106 5623 illud
1151 5569 1348 5640 lignum
1390 5569 1532 5640 quod
1574 5570 1628 5623 in
1670 5581 1834 5636 aquas
1860 5582 2069 5623 amaras

485 5655 707 5729 Moysen
759 5660 971 5715 misisse
1014 5661 1275 5732 legimus,
1326 5674 1382 5718 ut
1428 5659 1779 5716 amaritudine
1821 5668 2068 5715 carerent

458 5743 686 5814 (Exod.
722 5765 823 5819 xv,
859 5750 993 5824 25);
1021 5767 1197 5824 neque
1225 5754 1313 5808 ille
1338 5752 1473 5823 lapis
1495 5766 1655 5824 quem
1680 5749 1844 5807 Jacob
1870 5749 1973 5808 sibi
1998 5743 2068 5808 ad

553 5859 1425 5930 ιωιιιοοιηοιιιιίιηιιθνωιο.

2199 2436 2355 2497 caput
2393 2442 2641 2500 posuerat
2666 2432 2874 2505 (Gener.
2902 2452 3088 2503 xxvm,
3119 2436 3249 2508 li);
3278 2451 3453 2509 neque
3470 2436 3604 2495 illud
3619 2446 3790 2508 'peeus

2198 2521 2341 2591 quod
2368 2538 2466 2591 pro
2490 2526 2603 2580 tilio
2626 2528 2921 2584 immolavit
2948 2527 3215 2584 Abraham
3240 2527 3351 2603 (Id.
3382 2540 3526 2597 xm,
3555 2528 3791 2599 “illa:

2198 2624 2430 2683 namque
2458 2616 2529 2670 ita
2553 2633 2642 2673 res
2672 2625 2831 2685 sunt,
2861 2629 2921 2674 ut
2947 2619 3173 2675 aliarum
3200 2620 3362 2675 etiam
3386 2621 3535 2691 signa
3562 2620 3671 2675 sint
3688 2633 3788 2676 re-

2200 2719 2342 2759 rum.
2372 2706 2508 2763 Sunt
2536 2719 2715 2767 autem
2740 2713 2843 2767 alia
2868 2713 3019 2784 signa
3044 2729 3275 2784 quorum
3301 2714 3477 2769 omnis
3492 2726 3625 2769 usus
3644 2713 3697 2769 in
3717 2714 3789 2769 si«

2195 2797 2499 2866 gnificando
2540 2811 2659 2867 est,
2707 2806 2861 2860 sicuti
2888 2815 3019 2862 sum
3048 2808 3226 2863 verba.
3252 2806 3421 2863 Nemo
3442 2808 3588 2864 enim
3616 2809 3787 2864 utitur

2196 2889 2405 2956 verbis,
2451 2891 2552 2947 nisi
2594 2894 2792 2966 aliquid
2821 2897 3149 2968 signiﬁcandi
3176 2900 3361 2969 gratia.
3391 2900 3472 2953 Ex
3498 2914 3605 2969 quo
3634 2899 3786 2953 intel-

2195 2979 2377 3051 ligitur
2411 2984 2536 3054 quid
2565 2988 2827 3057 appellem
2854 2991 3043 3059 signa;
3073 3004 3161 3046 res
3184 3004 3276 3045 eas
3298 2988 3549 3044 videlicet
3571 3002 3690 3061 qua
3717 2989 3784 3045 ad

2195 3074 2603 3145 significandum
2643 3081 2841 3151 aliquid
2870 3081 3205 3136 adhibentur.
3225 3081 3596 3148 Quamobrem
3622 3092 3785 3137 me

2190 3164 2403 3235 signum
2428 3171 2589 3225 etiam
2615 3186 2703 3227 res
2728 3173 2903 3243 aliqua
2929 3181 3011 3227 est
3032 3190 3049 3239 ;
3072 3173 3210 3243 quod
3232 3173 3377 3228 enim
3397 3173 3551 3228 nulla
3568 3186 3660 3229 res
3678 3186 3781 3243 est,

2191 3260 2414 3336 omnino
2443 3263 2570 3317 nihil
2597 3272 2682 3319 est
2710 3279 2727 3320 :
2759 3280 2864 3318 non
2888 3272 3066 3319 autem
3086 3264 3372 3320 omnis‘res
3390 3266 3551 3319 etiam
3568 3265 3782 3336 signum

2195 3329 2409 3421 βειδΕι
2434 3353 2556 3409 ideo
2585 3355 2639 3409 in
2669 3354 2769 3411 hac
2791 3356 3053 3412 divisione
3080 3369 3258 3412 rerum
3282 3366 3448 3429 atque
3474 3329 3780 3428 signorum,

2193 3458 2315 3501 cum
2343 3445 2410 3501 de
2436 3447 2595 3501 rebus
2619 3449 2927 3519 loquemur,
2961 3450 3033 3505 ita
3055 3451 3415 3521 loquemur-ut
3440 3451 3652 3508 etiamsi
3691 3465 3782 3508 ea-

2192 3554 2312 3594 rum
2358 3540 2549 3611 aliqua:
2584 3543 2827 3599 adhiberi
2868 3544 2935 3601 ad
2974 3545 3378 3615 significandum
3408 3545 3644 3617 possint,
3670 3554 3781 3603 non

2193 3632 2484 3703 impediant
2526 3637 2897 3706 partitionem,
2944 3653 3045 3708 qua
3091 3640 3237 3709 prius
3273 3638 3340 3693 de
3364 3638 3557 3705 rebus,
3588 3644 3776 3709 postea

2191 3721 2259 3778 de
2278 3723 2446 3794 signis
2465 3724 2822 3793 disseremus;
2843 3729 3258 3798 memoriterque
3280 3738 3552 3783 teneamus
3568 3726 3621 3783 id
3637 3738 3780 3783 nunc

2189 3829 2243 3874 tn
2292 3817 2453 3871 rebus
2495 3819 2941 3875 considerandum
2980 3835 3100 3876 esse
3133 3816 3277 3891 quod
3318 3828 3474 3888 sunt,
3500 3834 3609 3875 non
3635 3818 3777 3891 quod

2187 3907 2331 3964 aliud
2360 3909 2521 3966 etiam
2546 3918 2745 3981 praeter
2769 3911 2972 3981 seipsas
2996 3908 3318 3982 signiﬁcant.

2541 4002 2768 4061 CAPUT
2793 4001 2879 4058 ΙΠ.
2906 4034 2978 4044 -
2998 4002 3191 4058 Rerum
3220 4002 3400 4059 divisio

2256 4092 2311 4147 3.
2358 4092 2465 4147 Res
2507 4109 2635 4163 ergo
2679 4094 2795 4149 alias
2825 4102 2951 4149 sunt
2978 4095 3170 4166 quibus
3198 4094 3481 4150 fruendum
3510 4098 3625 4161 est,
3655 4090 3791 4150 alia).

2185 4183 2380 4255 quibus
2417 4185 2669 4240 utendum
2693 4227 2710 4254 ,
2748 4185 2867 4240 alize
2906 4200 3025 4257 quas
3049 4184 3296 4241 fruuntur
3322 4191 3634 4240 etutuntur.
3666 4181 3775 4238 Illae

2185 4275 2378 4346 quibus
2402 4275 2683 4331 fruendum
2714 4285 2795 4333 est
2815 4318 2830 4344 ,
2859 4278 3042 4333 beatos
3068 4293 3167 4333 nos
3191 4277 3410 4333 faciunt.
3431 4273 3558 4331 Istis
3583 4272 3773 4345 quibus

2185 4368 2442 4423 utendum
2479 4378 2591 4435 est,
2619 4369 2898 4425 tendentes
2922 4370 2988 4426 ad
3014 4369 3394 4427 beatitudinem
3422 4367 3769 4437 adjuvamur,

2185 4470 2238 4517 et
2262 4463 2413 4533 quasi
2435 4462 2897 4531 adminiculamur,
2926 4472 2984 4520 ut
3003 4463 3070 4519 ad
3096 4464 3213 4519 illas
3234 4478 3352 4534 quae
3372 4477 3470 4517 nos
3489 4461 3674 4516 beatos
3694 4461 3772 4514 fa-

2183 4544 2363 4622 ciunt,
2407 4558 2686 4627 pervenire
2708 4599 2724 4623 ,
2763 4566 2922 4627 atque
2950 4555 3034 4611 his
3062 4555 3326 4611 inhaerere
3352 4555 3634 4626 possimus.
3652 4550 3770 4608 ‘Nos

2183 4663 2312 4703 vero
2339 4649 2428 4718 qui
2448 4649 2675 4705 fruimur
2694 4657 2749 4705 et
2772 4650 2973 4703 utimur
2989 4690 3004 4716 ,
3030 4650 3168 4703 inter
3192 4656 3446 4718 utrasque
3470 4645 3766 4715 constituti,

2181 4738 2332 4796 sicis
2360 4741 2552 4811 quibus
2579 4741 2829 4796 utendum
2854 4750 2936 4796 est
2960 4738 3066 4795 frui
3091 4740 3419 4794 voluerimus
3437 4780 3452 4804 ,
3483 4737 3768 4808 impeditur

2181 4848 2375 4890 cursus
2416 4842 2626 4903 noster,
2666 4843 2718 4890 et
2754 4832 3041 4904 aliquando
3065 4833 3223 4888 etiam
3246 4831 3545 4887 deﬂectitur
3565 4871 3582 4897 ,
3614 4840 3672 4887 ut
3697 4830 3767 4886 ab

2182 4927 2270 4982 his
2288 4928 2448 4983 rebus
2471 4928 2661 4999 quibus
2681 4925 2964 4981 fruendum
2990 4932 3073 4980 est
3098 4924 3401 4981 obtinendis
3424 4923 3507 4979 vel
3527 4921 3767 4978 retarde-

2179 5034 2334 5085 mur,
2380 5020 2468 5074 vel
2504 5019 2665 5074 etiam
2704 5031 3054 5084 revocemur,
3080 5014 3392 5071 inferiorum
3416 5028 3597 5069 amore
3619 5029 3764 5085 prte-

2177 5111 2365 5182 pediti.

2460 5199 2682 5257 CAPUT
2700 5200 2789 5257 IV.
2805 5230 2880 5242 —
2894 5198 3028 5255 Frui
3047 5200 3213 5265 etuti,
3243 5198 3366 5272 quid
3388 5200 3471 5255 sit.

2246 5295 2301 5350 4.
2345 5293 2469 5350 Frui
2506 5294 2647 5349 enim
2667 5303 2750 5349 est
2768 5306 2951 5348 amore
2975 5292 3130 5348 alicui
3156 5292 3231 5347 rei
3258 5292 3521 5348 inhaerere
3547 5300 3764 5363 propter

2175 5386 2426 5457 seipsam.
2448 5386 2535 5443 Uti
2557 5395 2732 5441 autem
2753 5429 2769 5455 ,
2796 5386 2937 5458 quod
2966 5386 3018 5441 in
3046 5400 3205 5442 usum
3226 5386 3436 5442 venerit
3454 5384 3521 5440 ad
3546 5384 3598 5440 id
3618 5384 3760 5456 quod

2173 5493 2322 5533 amas
2368 5476 2716 5533 obtinendum
2761 5477 2991 5547 referre,
3039 5479 3084 5533 si
3127 5486 3304 5533 tamen
3342 5476 3627 5531 amandum
3653 5484 3755 5533 est.

2171 5570 2305 5627 Nam
2345 5587 2474 5629 usus
2520 5571 2769 5638 illicitas,
2816 5572 3017 5628 abusus
3053 5571 3229 5642 potius
3253 5569 3338 5626 vel
3358 5569 3549 5626 abusio
3579 5569 3757 5625 uomi-

2172 5665 2379 5721 nandns
2405 5673 2507 5720 est.
2533 5665 2811 5733 Quomodo
2830 5679 2981 5736 ergo,
3007 5663 3055 5719 si
3083 5678 3321 5719 essemus
3353 5661 3633 5733 peregrini,
3665 5656 3755 5733 qui

2171 5758 2325 5815 beate
2350 5756 2528 5815 vivere
2553 5757 2651 5813 nisi
2679 5759 2731 5813 in
2754 5756 2923 5829 patria
2947 5771 3052 5812 non
3083 5769 3380 5826 possemus,
3408 5769 3577 5839 eaque
3595 5768 3760 5823 pere.

2152 5851 2464 5926 grinatione
2488 5850 2669 5922 utique
2696 5850 2877 5907 miseri
2899 5856 2955 5905 et
2980 5847 3247 5905 miseriam
3272 5845 3426 5904 finire
3445 5844 3747 5920 cupientes,
