4060 6452
278 403 347 459 gi
1026 428 1027 431 η
1721 405 1929 466 ιω
1962 406 2239 467 PRIMUS.
3484 426 3557 483 22

280 516 338 572 in
355 514 581 585 patriam
598 512 781 571 retire
800 514 1076 581 vellemus,
1100 530 1234 587 opus
1248 524 1397 575 esset
1418 517 1503 575 vel
1527 523 1870 581 Win

279 608 369 665 vd
394 608 620 664 marinis
642 607 901 666 vehiculis
923 610 1113 681 quibus
1139 612 1393 668 utendum
1422 624 1566 670 esset
1590 624 1651 671 ut
1668 616 1743 671 ad
1766 632 1868 687 pa—

280 700 475 766 triam,
520 714 627 770 qua
674 699 960 757 fruendum
1004 711 1155 769 erat,
1203 706 1484 774 pervenire
1530 707 1865 775 valeremus;

280 792 421 865 quod
466 793 510 847 si
548 793 885 853 amantes
913 797 1113 851 itineris
1132 838 1149 861 ,
1180 807 1234 852 et
1258 800 1371 869 ipsa
1400 802 1627 871 gestatio
1651 803 1869 857 vehicu-

280 885 452 941 lorum
495 900 596 941 nos
630 885 958 955 delectaret,
1000 897 1058 945 et
1092 892 1339 946 conversi
1379 893 1444 947 ad
1478 893 1755 949 fruendum
1784 894 1868 949 his

280 976 470 1048 quibus
514 977 589 1032 uti
631 976 946 1044 debuimus,
994 980 1255 1037 nollemus
1296 984 1402 1039 cito
1428 984 1565 1039 viam
1593 986 1781 1053 ﬁnire,
1808 994 1869 1041 et

279 1081 530 1139 perversa
586 1068 849 1125 suavitate
894 1071 1147 1140 implicati
1187 1074 1542 1131 alienarentur
1584 1093 1614 1131 a
1658 1079 1865 1147 patria,

280 1157 427 1228 cujus
470 1160 704 1214 suavitas
742 1159 942 1219 faceret
979 1164 1163 1221 beatos
1204 1182 1218 1221 :
1259 1167 1336 1222 sie
1367 1168 1416 1222 in
1444 1168 1601 1238 hujus
1628 1172 1865 1225 mortali-

282 1250 401 1304 tatis
440 1249 545 1304 vita
590 1254 990 1321 peregrinantes
1029 1272 1061 1309 ι
1101 1257 1323 1315 Domino
1353 1259 1417 1330 (ll
1444 1258 1562 1315 Cor.
1597 1277 1629 1315 ν
1650 1303 1663 1325 ,
1697 1261 1789 1333 6),
1818 1264 1866 1318 si

282 1339 456 1396 redire
486 1341 536 1393 in
568 1342 795 1409 patriam
826 1344 1070 1405 volumus
1089 1388 1104 1412 ,
1136 1348 1221 1403 ubi
1253 1348 1393 1404 beati
1414 1364 1537 1405 esse
1562 1352 1859 1421 possimus,

283 1431 530 1488 utendum
550 1442 635 1488 est
662 1434 762 1489 hoc
786 1437 1002 1501 minuto,
1029 1454 1135 1492 non
1154 1436 1433 1495 fruendum
1460 1458 1474 1505 ;
1499 1450 1556 1495 ut
1579 1442 1863 1498 invisibilia

285 1522 417 1589 Dei,
459 1540 550 1593 per
583 1540 647 1580 ea
687 1542 807 1596 quae
836 1525 970 1582 facta
997 1539 1150 1591 sunt,
1183 1529 1444 1587 intellecta
1476 1532 1865 1600 conspiciantur

282 1612 455 1681 (Ιὲοηι.
486 1631 505 1670 ι
523 1657 537 1683 ,
565 1616 657 1688 20)
680 1660 694 1683 ,
726 1618 827 1673 hoc
852 1627 934 1673 est
951 1659 966 1685 ,
993 1629 1049 1674 ut
1073 1621 1139 1676 de
1165 1624 1526 1690 corporalibus
1556 1616 1863 1694 temporali-

282 1706 478 1777 busque
503 1710 661 1765 rebus
682 1722 881 1767 aeterna
903 1722 956 1767 et
974 1714 1265 1784 spiritualia
1284 1717 1577 1784 capiamus.
1636 1786 1641 1789 ἱ

345 1819 573 1877 CAPUT
607 1822 667 1877 ν.
698 1854 769 1864 -
810 1824 949 1880 Deus
977 1825 1195 1881 Trinitas
1218 1868 1233 1894 ,
1265 1844 1343 1882 res
1372 1845 1469 1891 qua
1498 1829 1785 1899 fruendum.

342 1933 394 1985 5.
441 1934 550 1988 Res
580 1936 737 2005 igitur
766 1940 958 2008 quibus
985 1942 1262 1995 fruendum
1294 1953 1402 2007 est,
1436 1945 1593 2000 Pater
1618 1955 1670 1999 et
1695 1946 1859 2001 Filius

275 2033 323 2077 et
347 2024 578 2095 Spiritus
608 2040 823 2084 sanctus
843 2072 855 2091 ,
889 2033 1180 2104 eademque
1205 2035 1466 2104 Trinitas,
1491 2053 1591 2091 una
1616 2038 1858 2107 quaedam

272 2128 476 2171 summa
501 2134 588 2173 res
607 2161 623 2188 ,
654 2125 1055 2194 communisque
1082 2126 1328 2180 omnibus
1356 2128 1651 2183 [ruentibus
1679 2145 1741 2183 ea
1766 2147 1780 2196 ;
1811 2131 1857 2185 si

272 2214 445 2263 tamen
494 2226 583 2267 res
616 2222 670 2267 et
698 2230 801 2268 non
829 2232 1007 2270 rerum
1036 2220 1269 2272 omnium
1296 2234 1453 2275 causa
1479 2222 1579 2287 sit,
1607 2222 1652 2277 si
1679 2230 1855 2278 tamen

270 2311 320 2356 et
357 2320 540 2359 causa.
590 2307 704 2362 Non
743 2310 886 2365 enim
920 2310 1072 2367 facile
1102 2329 1294 2369 nomen
1325 2314 1462 2384 quod
1492 2323 1649 2369 tautae
1675 2318 1853 2371 excel-

268 2397 441 2452 lentia:
473 2404 755 2455 conveniat
782 2412 955 2471 potest
980 2405 1202 2460 inveniri
1227 2450 1239 2471 ,
1269 2408 1371 2461 nisi
1399 2409 1539 2478 quod
1567 2410 1756 2465 melius
1782 2410 1855 2466 ita

266 2488 457 2543 dicitur
506 2491 735 2547 Trinitas
779 2494 922 2559 haec,
962 2513 1096 2550 unus
1130 2499 1267 2553 Deus
1297 2515 1359 2553 ex
1389 2517 1491 2569 quo
1521 2506 1726 2569 omnia,
1758 2520 1854 2573 per

266 2596 418 2650 quem
450 2586 650 2649 oninia,
672 2586 724 2639 in
753 2603 857 2657 quo
886 2590 1061 2643 omnia
1093 2589 1262 2659 (Rom.
1285 2608 1356 2656 xt,
1378 2593 1487 2662 56).
1522 2595 1593 2648 ita
1621 2596 1778 2650 Pater
1800 2606 1854 2651 et

265 2672 424 2729 Filius
452 2685 505 2730 et
533 2676 759 2747 Spiritus
786 2694 999 2736 sanctus
1020 2724 1032 2747 ,
1063 2694 1115 2737 et
1141 2686 1377 2755 singulos
1406 2688 1628 2758 quisque
1658 2688 1851 2744 horum

263 2762 422 2827 Deus,
452 2778 503 2820 et
528 2770 689 2822 simul
715 2786 900 2826 omnes
930 2789 1065 2827 unus
1092 2775 1231 2830 Deus
1255 2792 1269 2842 ;
1299 2787 1351 2831 et
1371 2779 1608 2847 singulos
1629 2780 1851 2851 quisque

264 2855 459 2911 horum
487 2860 640 2931 plena
665 2863 991 2931 substantia,
1018 2877 1071 2921 et
1095 2868 1247 2921 simul
1271 2883 1457 2925 omnes
1482 2888 1583 2925 una
1606 2873 1850 2927 substan-

260 2949 347 3003 tia.
390 2951 546 3006 Pater
584 2970 685 3009 nec
726 2954 892 3011 Filius
922 2970 1001 3013 est
1030 2975 1127 3014 nec
1153 2960 1382 3030 Spiritus
1404 2973 1617 3017 sanctus
1641 3006 1655 3030 ,
1684 2963 1849 3019 Filius

258 3055 354 3095 nec
398 3043 557 3097 Pater
598 3054 684 3101 est
722 3064 820 3102 nec
845 3048 1072 3120 Spiritus
1099 3060 1316 3107 sanctus
1335 3096 1349 3120 ,
1378 3054 1605 3124 Spiritus
1632 3064 1848 3111 sanctus

259 3146 355 3186 nec
398 3135 557 3189 Pater
584 3146 668 3191 est
694 3154 791 3192 nec
814 3140 1011 3205 Filius;
1043 3144 1136 3196 scd
1166 3143 1320 3198 Pater
1344 3154 1545 3200 tantum
1571 3147 1729 3202 Pater
1748 3188 1761 3212 ,
1794 3159 1848 3206 et

253 3222 418 3279 Filius
462 3236 667 3282 tantum
694 3230 861 3287 Filius
879 3272 894 3297 ,
928 3243 981 3287 et
1009 3233 1237 3303 Spiritus
1260 3246 1472 3292 sanctus
1500 3247 1705 3292 tantum
1726 3238 1845 3307 Spi-

251 3318 385 3373 ritus
407 3331 649 3379 sanctus.
678 3324 876 3379 Eadem
906 3327 1071 3382 tribus
1098 3332 1363 3386 aeternitas
1382 3372 1399 3399 ,
1431 3332 1614 3387 eadem
1642 3334 1845 3386 incom-

250 3414 578 3470 mutabilitas
596 3458 612 3482 ,
643 3418 826 3472 eadem
857 3420 1134 3489 majeslas,
1168 3424 1353 3477 eadem
1378 3432 1629 3493 potestas.
1657 3426 1715 3479 in
1742 3425 1842 3479 Pa-

249 3510 333 3558 tre
373 3506 562 3560 unitas
584 3548 600 3574 ,
628 3508 679 3561 in
702 3508 837 3563 Filio
866 3513 1168 3581 azqualitas,
1199 3514 1252 3568 in
1283 3515 1481 3584 Spiritu
1512 3525 1695 3571 sancto
1725 3517 1843 3571 uni-

247 3597 374 3650 tatis
423 3599 840 3670 :cqualitatisque
886 3606 1168 3660 concordia
1222 3624 1235 3661 :
1286 3616 1339 3662 et
1387 3609 1484 3662 tria
1528 3608 1645 3664 hazc
1677 3626 1841 3665 unum

249 3688 427 3741 omnia
459 3701 673 3760 propter
691 3692 925 3760 Patrem,
953 3697 1171 3765 :cqualia
1198 3698 1372 3753 omnia
1391 3707 1605 3770 propter
1620 3700 1835 3768 Filium,

247 3791 489 3834 connexa
512 3783 687 3836 omnia
711 3793 929 3855 propter
940 3786 1195 3858 Spiritum
1223 3799 1484 3845 sanctum.

426 3894 655 3952 CAPUT
680 3896 770 3952 Vl.
787 3930 859 3940 ——
883 3898 1021 3955 Deus
1048 3902 1318 3969 ine/rabilis
1338 3947 1352 3973 ,
1385 3908 1652 3975 quomodo.

317 4005 370 4061 6.
420 4008 731 4066 Diximnsnc
774 4014 969 4085 aliquid
1013 4025 1067 4072 et
1091 4020 1367 4074 sonuimus
1392 4023 1587 4092 aliquid
1619 4024 1837 4094 dignum

250 4097 356 4155 Deo
379 4101 405 4155 ἲ
456 4102 569 4158 imo
614 4121 743 4161 vero
768 4107 899 4162 nihil
930 4126 1013 4166 me
1042 4113 1186 4168 aliud
1214 4130 1370 4183 quam
1398 4116 1579 4172 dicere
1609 4119 1836 4176 voluisse

248 4193 424 4247 sentio
452 4212 466 4249 :
492 4196 537 4250 si
564 4205 743 4257 autem
770 4200 912 4267 dixi,
943 4219 1047 4258 non
1070 4204 1272 4261 hoccst
1294 4210 1433 4277 quod
1465 4211 1643 4266 dicere
1668 4212 1832 4268 volui.

248 4284 356 4340 Hoc
404 4289 547 4343 unde
596 4292 741 4358 scio,
789 4295 888 4349 nisi
929 4297 1048 4365 quia
1080 4298 1218 4353 Deus
1246 4300 1524 4357 inetl'abilis
1547 4314 1665 4369 est;
1693 4306 1834 4374 quod

245 4388 421 4434 autem
449 4396 479 4435 a
504 4398 590 4436 me
615 4383 811 4440 dictum
837 4396 939 4454 est,
970 4390 1014 4443 si
1037 4390 1300 4448 ineliabile
1322 4405 1483 4462 esset,
1509 4397 1704 4452 dictum
1726 4413 1833 4454 non

244 4485 382 4528 esset
408 4475 433 4528 ?
477 4476 553 4530 Ac
580 4492 676 4549 per
702 4478 803 4534 hoc
829 4496 896 4535 ne
924 4482 1203 4539 inetiabilis
1232 4486 1446 4556 quidem
1473 4488 1726 4546 dicendus
1752 4491 1834 4545 est

245 4562 385 4621 Deus
407 4610 425 4633 ,
458 4569 581 4638 quia
612 4579 664 4624 ct
690 4571 791 4626 hoc
816 4588 937 4628 cum
966 4574 1157 4632 dicitur
1177 4618 1192 4644 ,
1217 4579 1413 4648 aliquid
1441 4582 1652 4639 dicitur.
1686 4586 1749 4639 Et
1774 4587 1832 4641 ﬁt

244 4659 428 4713 nescio
475 4676 591 4730 quae
640 4678 814 4733 pugna
856 4668 1169 4736 verborum,
1212 4672 1459 4739 quoniam
1508 4675 1551 4727 si
1595 4676 1720 4731 illud
1750 4687 1833 4733 est

243 4746 531 4815 ineffabile,
555 4754 692 4821 quod
720 4754 823 4808 dici
847 4771 949 4819 non
968 4768 1161 4827 potest,
1184 4776 1290 4816 non
1313 4772 1392 4817 est
1410 4764 1672 4821 inell‘abile
1690 4769 1830 4836 quod

243 4840 325 4892 vel
352 4840 622 4897 ineliabile
652 4844 755 4897 dici
784 4854 981 4914 potest.
1010 4849 1137 4914 Qum
1158 4866 1334 4921 pugna
1365 4856 1645 4910 verborum
1670 4858 1831 4912 silen-

244 4927 314 4981 tio
348 4931 585 4984 cavenda
620 4935 793 5003 potius
822 4952 977 5005 quam
1007 4955 1137 4994 voce
1165 4944 1394 5011 pacanda
1427 4955 1525 5001 est.
1556 4947 1623 5001 Et
1654 4960 1827 5005 tanton

242 5018 418 5090 Deus,
468 5039 587 5078 cum
630 5025 697 5079 de
738 5027 828 5081 illo
875 5030 1003 5084 nihil
1044 5031 1201 5102 digne
1234 5035 1337 5092 dici
1375 5041 1569 5109 possit,
1616 5044 1828 5100 admisit

241 5113 492 5169 humana:
537 5119 684 5172 vocis
710 5120 1019 5191 obsequium
1042 5166 1056 5191 ,
1090 5134 1141 5179 et
1167 5128 1342 5185 verbis
1370 5133 1566 5189 nostris
1594 5136 1643 5189 in
1672 5137 1827 5197 laude

241 5221 334 5261 sua
372 5210 611 5279 gaudere
642 5228 738 5267 nos
764 5214 947 5268 voluit.
979 5216 1107 5271 Nam
1136 5219 1260 5276 inde
1284 5231 1366 5289 est
1391 5234 1445 5279 et
1470 5229 1607 5295 quod
1635 5230 1826 5289 dicitur

239 5297 399 5353 Deus.
442 5300 562 5356 Non
602 5304 743 5357 enim
792 5321 977 5361 revera
1024 5309 1075 5362 in
1111 5313 1330 5380 strepitu
1358 5314 1575 5372 istarum
1602 5320 1822 5379 duarum

238 5390 561 5460 syllabarum
592 5394 705 5466 ipse
726 5400 1098 5467 cognoscitur;
1127 5404 1218 5457 sed
1247 5415 1419 5462 tamen
1442 5426 1627 5468 omnes
1649 5415 1824 5474 latinae

238 5480 430 5552 lingua:
460 5486 601 5539 scios
630 5487 677 5553 ‘,
705 5503 823 5542 cum
854 5505 1011 5544 aures
1039 5508 1221 5549 eorum
1248 5511 1411 5554 sonus
1440 5499 1539 5558 iste
1562 5507 1819 5577 tetigerit,

236 5584 417 5629 movet
446 5575 511 5628 ad
542 5578 871 5648 cogitandam
904 5584 1401 5645 excellentissimam
1419 5575 1697 5663 quamdam
1720 5599 1821 5655 im-

236 5669 625 5741 mortalemque
652 5682 916 5731 naturam.

294 5836 323 5869 ι
354 5834 491 5900 Apul
518 5844 621 5891 Am.
641 5843 720 5891 Ir.
744 5846 799 5893 et
815 5846 925 5894 uss.
947 5844 1319 5911 septemdecim,
1340 5848 1510 5905 socios.

1978 518 2203 577 CAPUT
2247 518 2357 576 VII.
2392 551 2467 565 --
2500 522 2664 580 Deum
2698 542 2873 585 me:
2902 529 3189 603 intelligunt
3216 533 3272 590 in
3296 549 3399 607 quo
3424 537 3551 592 nihil

2669 621 2868 679 naeuus.

2046 705 2097 759 7.
2142 704 2274 760 Nam
2313 722 2434 765 cum
2472 710 2564 767 ille
2595 728 2730 771 unus
2757 717 3016 787 cogitatur
3041 719 3263 777 deorum
3290 723 3461 790 Deus,
3490 725 3557 780 ab

1974 794 2057 850 his
2094 798 2253 853 etiam
2287 800 2377 868 qui
2406 803 2537 858 alios
2561 814 2615 860 et
2640 808 2976 878 suspicantur
2999 821 3053 867 et
3080 823 3276 871 vocant
3298 824 3353 871 et
3376 817 3558 873 colunt

1973 886 2100 945 deos
2136 891 2247 945 sive
2283 891 2337 947 in
2366 895 2503 950 coelo
2535 897 2646 953 sive
2669 899 2725 955 in
2754 908 2925 969 terra,
2956 903 3030 960 ita
3055 894 3351 977 cogitatur,
3381 918 3439 965 ut
3459 912 3558 967 ali-

1972 980 2097 1050 quid
2116 997 2222 1052 quo
2249 984 2377 1040 nihil
2404 989 2595 1045 melius
2622 991 2692 1046 sit
2709 1001 2868 1064 atque
2892 997 3168 1054 sublimius
3198 1000 3286 1057 illa
3306 1000 3556 1073 Cogitatio

1972 1084 2191 1129 conetur
2229 1078 2511 1148 attingere.
2555 1082 2695 1140 Sane
2734 1087 2983 1156 quoniam
3022 1090 3248 1152 diversis
3276 1106 3555 1154 moventur

1971 1163 2158 1233 bonis,
2209 1171 2402 1237 partim
2440 1172 2517 1227 eis
2556 1190 2673 1243 quae
2710 1176 2779 1233 ad
2812 1182 3054 1251 corporis
3082 1198 3329 1254 sensum,
3362 1189 3555 1257 partim

1972 1256 2048 1311 eis
2090 1274 2208 1327 quae
2253 1261 2318 1317 ad
2361 1264 2524 1319 animi
2571 1267 2973 1339 intelligentiam
3018 1277 3321 1346 pertinent;
3364 1256 3437 1336 illi
3463 1283 3557 1353 qui

1942 1366 1943 1369 η
1970 1345 2133 1403 dediti
2172 1360 2295 1406 sunt
2321 1357 2562 1425 corporis
2586 1361 2833 1416 sensibus
2850 1372 2986 1429 ,.aut
3010 1366 3181 1435 ipsum
3208 1371 3400 1426 calum
3421 1413 3437 1439 ,

1970 1442 2107 1508 quod
2135 1443 2187 1498 in
2209 1447 2346 1501 coelo
2372 1449 2812 1518 fulgentissimum
2834 1456 3010 1513 vident
3028 1501 3045 1526 ,
3078 1468 3170 1516 aut
3196 1461 3368 1532 ipsum
3392 1481 3553 1521 mun-

1967 1532 2123 1600 dum,
2165 1535 2333 1593 Deum
2372 1538 2590 1596 deorum
2631 1559 2750 1599 esse
2790 1546 3150 1605 arbitrantur:
3178 1559 3303 1620 aut,
3330 1556 3375 1609 si
3399 1565 3550 1617 extra

1965 1624 2220 1679 mundum
2264 1628 2342 1683 ire
2384 1632 2742 1700 contendunt,
2774 1637 2971 1706 aliquid
3002 1640 3233 1698 lucidum
3260 1642 3552 1715 imaginan-
3626 1694 3629 1697 .

1966 1721 2081 1781 tur,
2116 1715 2272 1786 idque
2292 1722 2375 1775 vel
2402 1722 2665 1779 inﬁnitum
2683 1768 2696 1792 ,
2722 1729 2808 1782 vel
2836 1745 2894 1783 ea
2924 1730 3090 1787 forma
3117 1750 3235 1802 qua!
3262 1738 3459 1805 optima
3473 1740 3554 1795 vi-

1964 1803 2151 1871 detur,
2183 1808 2326 1864 inani
2355 1814 2659 1882 suspicione
2681 1820 3043 1889 constituunt,
3076 1834 3166 1880 aut
3194 1826 3407 1883 humani
3432 1846 3553 1887 cor-

1963 1899 2108 1967 poris
2149 1900 2373 1971 ﬁgurant
2402 1908 2674 1976 cogitant,
2703 1909 2747 1964 si
2779 1927 2893 1966 eam
2925 1914 2940 1944 ι
2970 1916 3174 1970 caeteris
3202 1928 3548 1990 anteponunt.

1963 1988 2114 2055 Quod
2144 1992 2186 2045 si
2218 2010 2381 2050 unum
2408 1997 2572 2053 Deum
2597 2000 2817 2056 deorum
2848 2020 2965 2059 esse
2996 2022 3099 2060 non
3126 2018 3341 2077 putant,
3377 2022 3431 2067 et
3451 2029 3549 2083 po-

1962 2080 2065 2135 tius
2113 2086 2308 2141 multos
2345 2097 2435 2143 aut
2470 2091 2881 2150 innumerabiles
2907 2099 3123 2166 :equalis
3148 2102 3348 2158 ordinis
3377 2105 3545 2174 deos;

1961 2174 2119 2228 etiam
2142 2192 2237 2231 eos
2264 2188 2438 2235 tamen
2466 2193 2620 2251 prout
2643 2187 2834 2255 cuique
2858 2188 3054 2258 aliquid
3079 2196 3315 2261 corporis
3340 2196 3549 2254 videtur

1959 2269 2256 2339 excellere,
2308 2273 2379 2328 ita
2424 2274 2678 2347 ﬁguratus
2705 2280 2884 2335 animo
2916 2292 3113 2339 tenent.
3147 2285 3224 2340 illi
3254 2297 3429 2345 autem
3455 2292 3546 2361 qui

1957 2374 2054 2427 per
2076 2361 2473 2434 intelligentiam
2500 2382 2724 2440 pergunt
2750 2372 2930 2429 videre
2958 2376 3099 2444 quod
3125 2377 3264 2433 Deus
3284 2389 3399 2448 est,
3424 2396 3543 2436 om-

1957 2451 2113 2507 nibus
2138 2470 2262 2510 eum
2291 2466 2494 2515 naturis
2516 2461 2813 2518 visibilibus
2844 2472 2899 2521 et
2920 2470 3284 2537 corporalibus
3304 2512 3322 2539 ,
3346 2471 3542 2528 intelliv

1955 2546 2205 2614 gibilibus
2231 2551 2392 2606 etiam
2419 2562 2473 2609 et
2497 2556 2864 2624 spiritualibus
2889 2600 2904 2623 ,
2933 2564 3177 2618 omnibus
3203 2566 3543 2623 mutabilibus

1954 2640 2261 2706 prazt'erunt.
2290 2643 2491 2702 Omnes
2515 2654 2694 2705 tamen
2717 2654 2958 2708 certatim
2984 2671 3078 2723 pro
3106 2658 3419 2712 excellentia
3447 2659 3542 2715 Dei

1953 2722 2209 2780 dimicant
2230 2744 2243 2791 ;
2276 2744 2378 2784 nec
2397 2732 2671 2802 quisquam
2694 2737 2915 2791 inveniri
2938 2722 3118 2808 potest
3135 2742 3223 2812 qui
3247 2742 3348 2797 hoc
3370 2745 3537 2799 Deum

1953 2815 2137 2869 credat
2163 2831 2284 2873 esse
2308 2836 2413 2889 quo
2438 2824 2625 2878 melius
2654 2826 2851 2897 aliquid
2878 2838 2979 2884 est.
3014 2830 3197 2903 Itaque
3228 2834 3328 2890 hoc
3353 2850 3541 2892 omnes

1953 2905 2119 2961 Deum
2150 2913 2489 2969 consentiunt
2516 2930 2635 2971 esse
2653 2958 2669 2986 ,
2699 2920 2841 2989 quod
2871 2924 3079 2978 caeteris
3106 2926 3267 2983 rebus
3296 2927 3539 2984 omnibus

1950 3006 2297 3068 anteponunt.
3212 3020 3217 3023 ⁷

1951 3090 2175 3149 CAPUT
2213 3094 2350 3151 Vili.
2386 3127 2458 3139 —
2495 3098 2635 3155 Deus
2679 3118 2794 3157 cum
2846 3105 2913 3159 sit
2937 3105 3186 3176 sapientia
3208 3108 3538 3165 incommuta-

2264 3188 2399 3254 bilis,
2430 3190 2575 3245 rebus
2596 3194 2823 3250 amnibus
2850 3199 3249 3267 anteponendas.

2020 3278 2073 3331 8.
2120 3279 2187 3334 Et
2216 3283 2467 3350 quoniam
2495 3301 2681 3341 omnes
2707 3289 2794 3357 qui
2826 3289 2890 3344 de
2920 3291 3031 3346 Deo
3057 3294 3321 3363 cogitant,
3353 3295 3533 3354 vivum

1948 3371 2147 3440 aliquid
2186 3376 2455 3445 cogitant,
2497 3378 2571 3433 illi
2600 3379 2702 3435 soli
2730 3392 2950 3451 possunt
2977 3400 3084 3440 non
3113 3385 3342 3440 absurda
3371 3395 3429 3443 et
3454 3389 3536 3444 iu-

1947 3462 2103 3534 digua
2130 3465 2437 3523 existimare
2456 3469 2525 3526 de
2546 3472 2656 3527 Deo
2679 3512 2697 3541 ,
2720 3475 2807 3543 qui
2830 3476 2989 3531 vitam
3013 3477 3179 3546 ipsam
3201 3480 3455 3549 cogitant,
3476 3489 3535 3537 et

1945 3570 2291 3629 quaecumque
2329 3562 2432 3616 illis
2472 3562 2640 3619 forma
2674 3569 2965 3623 occurrerit
2985 3573 3253 3640 corporis,
3278 3587 3398 3629 eam
3418 3572 3527 3631 vita

1944 3650 2122 3706 vivere
2168 3653 2253 3707 vel
2292 3669 2396 3709 non
2423 3656 2602 3713 vivere
2630 3663 2902 3726 statuunt,
2934 3670 2990 3717 et
3016 3663 3279 3720 viventem
3307 3681 3415 3721 non
3441 3667 3524 3722 vi-

1943 3742 2087 3796 venti
2130 3752 2494 3813 anteponunt;
2540 3762 2764 3820 eamque
2806 3750 2973 3820 ipsam
3002 3753 3265 3809 viventem
3291 3757 3531 3825 corporis

1944 3830 2167 3887 formam
2185 3875 2199 3898 ,
2226 3837 2553 3905 quantalibet
2581 3840 2697 3895 luce
2722 3842 3049 3912 praefulgeat,
3077 3846 3399 3913 quantalibet
3418 3862 3531 3900 ma-

1942 3923 2213 3991 gnitudine
2241 3928 2605 3997 prmemineat,
2627 3933 2953 3997 quantalibet
2974 3934 3362 4003 pulchritudine
3374 3952 3529 3994 orne-

1944 4020 2059 4080 tur,
2105 4015 2247 4071 aliud
2287 4033 2406 4073 esse
2436 4019 2632 4089 ipsam,
2663 4022 2803 4077 aliud
2835 4025 2994 4079 vitam
3025 4043 3127 4096 qua
3154 4038 3424 4099 vegetatur
3447 4030 3529 4086 in-

1943 4105 2215 4174 telligunt,
2261 4123 2486 4180 eamque
2528 4112 2599 4166 illi
2648 4113 2775 4167 moli
2814 4132 2932 4184 qua:
2967 4116 3037 4172 ab
3064 4118 3151 4172 illa
3182 4129 3454 4190 vegetatur
3472 4130 3527 4176 et

1940 4195 2206 4251 animatur
2226 4238 2242 4265 ,
2269 4199 2522 4269 dignitate
2552 4204 2955 4273 incomparabili
2984 4208 3287 4277 praeferunt.
3321 4211 3519 4268 Deinde

1942 4285 2107 4357 ipsam
2149 4289 2310 4343 vitam
2356 4302 2582 4364 pergunt
2608 4296 2899 4365 inspicere,
2931 4309 2986 4354 et
3011 4301 3194 4356 sicam
3225 4303 3338 4359 sine
3364 4318 3521 4359 sensu

1940 4388 2271 4449 vegetantcm
2318 4382 2642 4451 invenerint,
2690 4390 2858 4457 qualis
2887 4401 2967 4445 cst
2997 4392 3279 4460 arborum,
3313 4411 3523 4465 praepo-

1938 4481 2071 4529 nunt
2091 4475 2167 4529 eis
2189 4478 2503 4533 sentientem
2525 4522 2537 4544 ,
2559 4481 2728 4550 qualis
2752 4493 2833 4537 est
2864 4499 3145 4552 pecorum;
3176 4495 3229 4540 et
3254 4486 3375 4543 huic
3400 4505 3521 4545 rur-

1938 4581 2029 4623 sus
2073 4568 2487 4640 intelligentem,
2534 4575 2703 4643 qualis
2747 4584 2827 4629 est
2867 4576 3161 4634 hominum.
3202 4580 3369 4645 Quam
3399 4597 3520 4639 cum

1938 4658 2109 4713 adhuc
2132 4661 2435 4716 mutabilem
2459 4663 2683 4717 viderint
2706 4706 2719 4730 ,
2744 4668 2901 4721 etiam
2927 4667 3050 4723 huic
3066 4670 3293 4740 aliquam
3321 4674 3523 4728 incom-

1938 4751 2241 4805 mutabilem
2282 4765 2543 4823 coguntur
2580 4771 2925 4827 praeponere,
2958 4759 3101 4814 illam
3131 4765 3334 4818 scilicet
3358 4765 3517 4820 vitam

1935 4858 2053 4912 qua:
2100 4860 2202 4898 non
2239 4846 2523 4915 aliquando
2550 4848 2774 4917 desipit,
2808 4851 3091 4920 aliquando
3119 4857 3289 4925 sapit,
3319 4858 3411 4912 sed
3440 4868 3522 4913 est

1934 4936 2109 5003 potius
2136 4936 2246 5007 ipsa
2267 4937 2552 5005 Sapientia.
2577 4939 2798 5009 Sapiens
2820 4942 2962 4997 enim
2990 4959 3161 5011 mens,
3187 4946 3237 5000 id
3264 4956 3366 5014 est,
3389 4948 3518 5002 ade-

1934 5032 2023 5095 pta
2052 5027 2364 5097 sapientiam
2385 5070 2400 5095 ,
2432 5039 2711 5100 antequam
2741 5033 3124 5102 adipisceretur
3150 5054 3253 5091 non
3281 5048 3396 5092 erat
3424 5054 3513 5093 sa-

1933 5115 2125 5186 piens;
2168 5126 2222 5171 at
2261 5133 2389 5173 vero
2431 5119 2542 5189 ipsa
2586 5120 2853 5191 Sapientia
2884 5139 2984 5179 nec
3012 5126 3105 5180 fuit
3133 5142 3359 5196 unquam
3389 5128 3516 5183 insi-

1931 5211 2083 5281 piens
2102 5254 2118 5279 ,
2146 5229 2245 5269 nec
2264 5230 2381 5285 esse
2403 5232 2628 5286 unquam
2654 5226 2847 5287 potest.
2872 5220 3038 5287 Quam
3061 5221 3105 5276 si
3126 5236 3231 5275 non
3249 5221 3511 5291 viderent,

1932 5306 2076 5361 nullo
2119 5307 2279 5362 modo
2320 5308 2472 5377 plena
2501 5309 2690 5364 ﬁducia
2717 5311 2877 5366 vitam
2905 5312 3407 5370 incommutabilitcr
3428 5332 3515 5371 sa-

1928 5400 2161 5470 pientem
2183 5402 2540 5456 commutabili
2560 5404 2681 5458 vitae
2702 5414 3099 5475 anteponerent.
3124 5408 3297 5478 ipsam
3317 5411 3511 5480 quippe

1930 5492 1952 5522 ⁸
1981 5492 2213 5562 regulam
2243 5492 2495 5558 veritatis,
2520 5510 2622 5563 qua
2648 5496 2788 5551 illam
2818 5499 3046 5553 clamant
3072 5514 3190 5553 esse
3211 5501 3506 5567 meliorem,

1928 5585 2411 5643 incommutabilem
2440 5588 2655 5658 vident;
2690 5607 2787 5647 nec
2814 5592 3017 5661 uspiam
3044 5592 3145 5650 nisi
3170 5609 3330 5667 supra
3351 5609 3507 5651 suam

3021 5748 3208 5802 sicam.

1991 5802 2018 5880 ξ
2035 5808 2099 5850 tta
2122 5802 2170 5850 in
2196 5811 2296 5853 uss.
2324 5805 2591 5867 plerisque,
2615 5802 2699 5856 tibi
2721 5802 2773 5858 in
2791 5807 2938 5862 editis
2956 5802 3183 5880 hibetur,
3202 5814 3372 5879 Ipsam
3392 5826 3507 5879 quo-

1927 5874 2035 5917 aue.

1994 5739 2009 5819 ξ
2035 5740 2171 5819 editi,
2284 5754 2406 5819 eam.
2434 5750 2487 5815 at
2504 5749 2609 5794 Mss.
2636 5757 2787 5819 prope
2808 5757 2997 5819 omnes,

3690 5510 3721 5524 α
