4032 6350
498 416 569 473 επ
947 473 950 476 ,
1401 402 1486 457 ne
1524 395 1864 455 DOCTRINA
1900 392 2337 463 cumsuam,
2379 394 2438 452 s.
2478 393 2861 451 AUGUSTINI.
3001 355 3006 358 ’
3696 401 3772 461 2,,

503 538 742 586 naturam
772 523 971 592 vident,
999 517 1424 594 quandoquidem
1470 532 1528 572 se
1569 515 1750 570 vident
1775 511 2074 568 mutabiles.

571 617 796 676 CAPUT
837 617 928 672 IX.
956 646 1028 656 —
1052 613 1370 684 Sapientiam
1397 607 1760 664 immutabilem
1782 604 2013 660 mutabili

835 706 1201 780 preferendam
1221 720 1327 760 esse
1351 718 1522 758 omnes
1546 707 1748 754 norunt.

574 806 628 862 9.
670 802 837 858 Nemo
876 808 958 856 est
995 799 1136 854 enim
1180 807 1288 852 tam
1334 793 1703 865 impudenter‘
1735 788 1968 845 insulsus
2001 787 2086 858 qui

505 898 680 952 dicat:
707 895 860 951 Unde
903 893 1010 948 scis
1048 888 1550 948 incommutabiliter
1590 885 1882 956 sapientem
1923 881 2087 936 vitam

509 987 747 1042 mutabili
789 1000 910 1041 esse
953 980 1374 1056 prteferendam?
1403 978 1633 1048 ldipsum
1665 977 1805 1032 enim
1835 973 1977 1044 quod
2005 973 2089 1028 in-

512 1087 763 1150 terrogat,
812 1076 955 1132 unde
995 1075 1181 1140 sciam,
1223 1071 1470 1127 omnibus
1512 1069 1578 1124 ad
1627 1064 2090 1136 contemplandum

510 1168 868 1225 communiter
909 1174 1070 1236 atque
1116 1160 1617 1218 incommutabiliter
1659 1166 1855 1229 praesto
1882 1165 1983 1211 est.
2029 1155 2094 1209 Et

513 1264 615 1319 hoc
640 1263 728 1333 qui
758 1277 864 1316 non
894 1259 1056 1326 videt,
1090 1258 1159 1312 ita
1203 1264 1285 1312 est
1326 1255 1478 1326 quasi
1515 1266 1689 1309 caecus
1734 1251 1789 1305 in
1830 1249 1963 1314 sole,
2007 1247 2095 1303 cui

512 1354 644 1409 nihil
692 1351 907 1424 prodest
935 1347 1064 1419 ipsis
1096 1346 1226 1404 locis
1255 1346 1531 1402 oculorum
1562 1343 1676 1413 ejus
1708 1351 1814 1397 tam
1851 1339 2009 1395 clarae
2035 1351 2097 1392 ac

514 1445 794 1516 prmsentis
819 1441 952 1497 lucis
980 1435 1398 1511 fulgor'infusus.
1435 1435 1538 1504 Qui
1566 1443 1742 1490 autem
1765 1432 1910 1488 videt
1937 1439 1990 1485 et
2011 1444 2097 1484 re-

516 1539 666 1608 fugit,
696 1534 1081 1592 consuetudine
1129 1533 1434 1588 umbrarum
1483 1528 1774 1584 carnalium
1819 1522 2101 1579 invalidam

515 1631 708 1686 mentis
754 1629 924 1685 aciem
973 1627 1128 1699 gerit.
1177 1626 1469 1680 Pravorum
1520 1622 1679 1692 igitur
1707 1633 1913 1674 morum
1947 1615 2102 1687 quasi

515 1721 798 1778 contrariis
828 1720 1040 1774 ﬂatibus
1068 1719 1136 1774 ab
1158 1717 1269 1787 ipsa
1295 1715 1459 1786 patria
1481 1711 1908 1784 repercutiuntur
1929 1706 2102 1762 homi-

518 1831 648 1880 nes;
683 1813 978 1883 posteriora
1006 1820 1166 1881 atque
1192 1808 1444 1863 inferiora
1472 1813 1758 1870 sectantes,
1791 1817 1950 1873 quam
1973 1799 2103 1856 illud

517 1907 658 1978 quod
686 1921 804 1962 esse
834 1905 1023 1960 melius
1049 1911 1207 1974 atque
1229 1899 1567 1972 praestantius
1586 1896 1922 1952 conﬁtentur.

517 1997 742 2054 CAPUT
769 1996 838 2050 Χ.
860 2027 930 2036 -
959 1994 1039 2048 Ad
1074 1993 1342 2048 videndum
1369 1990 1534 2044 Deum
1562 1987 1856 2060 purgandus
1883 1985 2102 2040 animus.

592 2090 678 2144 10.
719 2089 1071 2158 Quapropter,
1100 2099 1222 2140 cum
1250 2084 1338 2139 illa
1363 2082 1586 2137 veritate
1617 2077 1993 2150 perfruendum
2011 2077 2101 2143 sit,

519 2197 638 2252 quae
670 2178 1174 2235 incommutabiliter
1199 2176 1346 2238 vivit,
1381 2185 1435 2230 et
1478 2173 1530 2228 in
1573 2188 1636 2227 ea
1679 2171 1910 2226 Trinitas
1943 2169 2104 2233 Deus,

519 2281 704 2327 auctor
737 2280 790 2326 et
822 2271 1066 2325 conditor
1093 2266 1480 2331 universitatis,
1518 2263 1678 2320 rebus
1707 2277 1839 2332 quas
1869 2259 2107 2316 condidit

519 2365 795 2432 consulat;
824 2363 1126 2434 purgandus
1151 2370 1233 2417 est
1256 2361 1487 2427 animus,
1517 2366 1574 2413 ut
1617 2367 1672 2414 et
1709 2358 2014 2430 perspicere
2037 2355 2106 2410 il-

521 2455 624 2510 lam
651 2457 823 2511 lucem
850 2455 1044 2520 valeat,
1062 2460 1117 2508 et
1136 2452 1398 2508 inhaerere
1418 2457 1710 2520 perspecta:
1726 2450 1769 2501 ².
1789 2447 1956 2515 Quam
1978 2462 2106 2518 pur-

519 2549 784 2618 gationem
807 2548 955 2618 quasi
978 2546 1393 2600 ambulationem
1423 2543 1730 2614 quamdam,
1762 2551 1818 2598 et
1837 2541 1987 2612 quasi
2009 2555 2108 2596 na-

519 2640 841 2710 vigationem
871 2639 936 2693 ad
966 2638 1188 2708 patriam
1218 2651 1338 2694 esse
1363 2635 1706 2691 arbitremur.
1724 2633 1842 2690 Non
1871 2635 2013 2690 enim
2039 2633 2106 2689 ad

521 2748 642 2789 eum
673 2733 764 2804 qui
791 2732 988 2803 ubique
1012 2745 1250 2802 przesens
1267 2739 1368 2796 est,
1387 2729 1516 2785 locis
1531 2744 1826 2796 movemur,
1849 2729 1945 2786 sed
1965 2729 2108 2787 bono

429 2818 434 2823 ’
521 2829 697 2883 studio
725 2827 984 2896 bonisque
1011 2825 1268 2880 moribus.

555 2919 780 2976 CAPUT
810 2919 901 2974 XI.
930 2949 995 2959 —
1024 2917 1290 2990 Purgandi
1310 2917 1467 2971 animi
1487 2915 1769 2986 exemplum
1807 2915 2073 2982 Sapientia

793 3015 796 3018 ’
1173 3011 1456 3065 incuruata.

597 3106 686 3161 ll.
726 3104 880 3174 Quod
905 3119 1011 3160 non
1035 3118 1334 3174 possemus,
1369 3100 1469 3157 nisi
1508 3103 1618 3173 ipsa
1646 3102 1912 3174 Sapientia
1947 3108 2109 3156 tantae

523 3199 682 3255 etiam
709 3207 905 3252 nostra
936 3195 1226 3251 inﬁrmitati
1252 3210 1546 3266 congruere
1587 3195 1914 3265 dignaretur,
1944 3201 1999 3250 et
2026 3193 2108 3246 vi-

523 3288 681 3345 vendi
711 3287 866 3343 nobis
895 3285 1160 3357 prmberet
1185 3287 1508 3356 exemplum,
1541 3301 1646 3342 non
1677 3287 1833 3340 aliter
1857 3301 2015 3356 quam
2056 3286 2108 3340 in

523 3381 762 3447 homine,
805 3379 1054 3450 quoniam
1099 3388 1152 3434 et
1192 3392 1290 3433 nos
1329 3378 1574 3434 homines
1603 3391 1806 3434 sumus.
1850 3375 1956 3434 Sed
1985 3378 2108 3448 quia

524 3489 622 3530 nos
645 3489 764 3528 cum
794 3472 860 3526 ad
891 3471 1034 3526 illam
1064 3470 1328 3536 venimus,
1379 3471 1649 3541 sapienter
1696 3471 1948 3538 facimus;
1993 3471 2110 3540 ipsa

524 3581 646 3622 cum
675 3564 740 3619 ad
768 3578 866 3619 nos
893 3564 1058 3630 venit,
1084 3562 1150 3618 ab
1177 3563 1483 3618 hominibus
1508 3563 1752 3634 superbis
1773 3563 1923 3634 quasi
1949 3562 2111 3618 stulte

526 3659 721 3715 fecisse
749 3665 925 3726 putata
967 3665 1068 3712 est.
1102 3655 1172 3710 Et
1195 3657 1445 3726 quoniam
1475 3672 1572 3711 nos
1600 3671 1720 3711 cum
1750 3655 1816 3710 ad
1852 3656 1993 3710 illam
2019 3651 2116 3710 ve-'

524 3753 720 3816 nimus,
749 3749 1198 3814 convaleseimus;
1231 3749 1342 3817 ipsa
1368 3764 1489 3804 cum
1528 3748 1595 3804 ad
1631 3763 1729 3804 nos
1761 3747 1929 3814 venit,
1959 3748 2110 3818 quasi

524 3841 732 3898 inﬁrma
761 3841 1061 3896 existimata
1083 3849 1183 3896 est.
1207 3840 1313 3896 Sed
1340 3840 1482 3910 quod
1517 3841 1736 3895 stultum
1764 3847 1847 3895 est
1877 3839 1994 3906 Dei,
2026 3855 2113 3894 sa-

525 3935 754 4006 pientius
794 3944 878 3991 est
921 3935 1254 3992 hominibus:
1301 3944 1355 3990 et
1391 3934 1534 4006 quod
1577 3933 1844 3990 inﬁrmum
1885 3943 1968 3991 est
1992 3935 2107 4000 Dei,

526 4027 713 4084 fortius
734 4037 815 4084 est
840 4029 1138 4083 hominibus
1170 4027 1212 4100 (l
1237 4025 1356 4084 Cor.
1381 4045 1418 4096 I,
1449 4027 1563 4100 25).
1591 4028 1724 4083 Cum
1753 4043 1882 4100 ergo
1909 4029 2020 4100 ipsa
2041 4029 2112 4085 sit

524 4119 719 4188 patria,
752 4119 893 4173 viam
921 4135 978 4174 se
1004 4133 1218 4188 quoque
1246 4119 1398 4173 nobis
1431 4118 1554 4173 fecit
1584 4119 1647 4173 ad
1673 4119 1918 4188 patriam.

523 4205 748 4264 CAPUT
797 4209 910 4264 XII.
935 4239 1006 4250 —-
1029 4208 1292 4274 Quomodo
1323 4209 1589 4280 Sapientia
1621 4208 1717 4263 Dei
1741 4211 1809 4264 ad
1837 4227 1928 4265 nos
1956 4213 2106 4267 venit.

595 4299 666 4354 Et
691 4315 810 4354 cum
831 4315 961 4356 sano
979 4311 1032 4356 et
1058 4317 1191 4372 puro
1222 4302 1461 4357 interiori
1482 4303 1638 4357 oculo
1659 4302 1857 4375 ubique
1879 4305 1946 4359 sit
1969 4320 2108 4376 pra:-

523 4406 670 4459 sens,
700 4408 883 4447 eorum
911 4394 1000 4464 qui
1027 4393 1238 4449 oculum
1266 4395 1412 4449 illum
1447 4395 1718 4451 inﬁrmum
1747 4396 2108 4452 immundum-

523 4497 628 4553 que
649 4484 863 4552 habent,
891 4487 1060 4542 oculis
1086 4487 1246 4542 etiam
1269 4486 1477 4543 carneis
1495 4477 1754 4559 apparere
1771 4487 1982 4559 dignata
2003 4472 2118 4544 est.

524 4571 657 4642 Quia
683 4576 823 4630 enim
852 4576 903 4630 in
941 4576 1212 4647 Sapientia
1251 4579 1343 4634 Dei
1375 4593 1478 4634 non
1506 4589 1712 4650 poterat
1741 4579 1971 4634 mundus
2011 4595 2109 4649 per

521 4662 847 4735 Sapientiam
877 4681 1202 4737 cognoscere
1227 4670 1416 4736 Deum,
1445 4669 1645 4738 placuit
1677 4669 1790 4724 Deo
1816 4684 1912 4740 per
1937 4661 2120 4725 stulti?

517 4757 650 4815 tiam
681 4757 1073 4827 prtedicationis
1097 4759 1273 4815 salvos
1306 4759 1480 4816 facere
1516 4759 1799 4816 credentes
1844 4760 1888 4833 (l
1916 4758 2034 4816 Cor.
2067 4777 2104 4831 I,

515 4845 632 4922 2i).

588 4941 677 4999 12.
722 4941 839 4998 Non
877 4943 1034 5013 igitur
1079 4959 1172 5015 per
1218 4944 1458 4999 locorum
1489 4944 1658 5014 spatia
1694 4944 1978 5013 veniendo,
2012 4946 2105 5001 sed

518 5036 572 5090 in
612 5051 774 5091 carne
815 5035 1024 5090 mortali
1067 5036 1378 5092 mortalibus
1425 5035 1752 5107 apparendo,
1801 5036 2010 5092 venisse
2038 5037 2106 5092 ad

519 5140 616 5179 nos
645 5125 855 5206 dicitur.
902 5127 1032 5204 Illuc
1060 5143 1188 5198 ergo
1231 5128 1374 5182 venit
1415 5128 1503 5183 ubi
1547 5135 1680 5192 erat,
1723 5127 1844 5198 quia
1896 5127 1949 5184 in
2003 5128 2106 5185 hoc

467 4095 506 4145 Ἳι

521 5219 716 5273 mundo
747 5230 880 5285 erat,
915 5229 966 5274 et
997 5221 1224 5275 mundus
1255 5236 1349 5290 per
1374 5235 1490 5275 eam
1515 5219 1684 5276 factus
1709 5229 1812 5276 est.
1839 5219 1945 5276 Sed
1966 5211 2123 5292 quo:

521 5309 660 5364 niam
689 5313 978 5382 cupiditate
1009 5311 1217 5368 fruendi
1255 5328 1350 5383 pro
1397 5314 1512 5384 ipso
1556 5313 1808 5369 Creatore
1833 5324 2097 5381 creatura,

505 5401 762 5458 ‘Iltll'llIneS
789 5398 1102 5475 conﬁgurati
1149 5405 1269 5460 huic
1301 5406 1521 5472 mundo,
1573 5415 1627 5462 et
1670 5406 1853 5462 mundi
1885 5408 2101 5464 nomine

515 5497 992 5564 congruentissime
1017 5498 1208 5563 vocati,
1245 5513 1352 5554 non
1397 5514 1514 5553 eam
1545 5509 1927 5570 cognoverunt,
1971 5515 2098 5570 pro-

517 5594 694 5656 plerea
726 5587 857 5642 dixit
889 5588 1256 5660 Evangelista:
1286 5590 1354 5645 Et
1378 5592 1598 5646 mundus
1639 5609 1750 5646 eum
1785 5609 1885 5646 non
1913 5609 2100 5663 cogno-

523 5815 532 5822 ι
577 5755 1019 5864 1tl1!,e,x‘etisis,tam
1054 5756 1402 5824 imprudenter.
1449 5767 1499 5809 tu
1546 5768 1651 5810 Mss.
1699 5759 1954 5821 tredecim,
1998 5765 2099 5811 tam

523 5829 830 5864 ritmmiler.
1472 5836 1474 5840 ’
1555 5838 1560 5843 ’

515 5829 830 5866 mmuaemer.
1472 5836 1474 5840 ’
1555 5838 1560 5843 ⁴

591 5881 610 5913 ³
627 5880 763 5945 aditi,
785 5878 1021 5936 iit/uetere
1033 5884 1260 5949 perfecte.
1281 5883 1556 5948 Llegautlus
1575 5891 1699 5948 Mss.,
1720 5889 2000 5950 perspecta.

2189 510 2260 564 ait
2287 508 2464 582 (Ιοᾶη.
2493 523 2532 575 ι,
2561 507 2673 578 10).
2706 508 2888 578 itaque
2916 508 2972 565 in
2997 506 3266 580 Sapientia
3294 509 3388 566 Dei
3415 525 3522 568 non
3560 521 3772 583 poterat

2190 603 2418 660 mundus
2459 618 2556 673 per
2594 602 2920 672 Sapientiam
2945 599 3268 675 cognoscere
3295 601 3623 662 Deum.‘Cur
3646 623 3777 679 ergo

2191 697 2337 752 venit
2360 711 2479 752 eum
2511 695 2600 751 hic
2629 705 2792 762 esset,
2825 696 2928 751 nisi
2957 698 3079 768 quia
3107 695 3306 770 plaeuit
3336 699 3447 756 Deo
3475 714 3572 771 per
3599 701 3776 758 stulti-

2192 789 2320 844 tiam
2349 787 2743 859 praedicationis
2769 789 2946 844 salvos
2973 788 3149 846 facere
3177 790 3495 848 credentes?

2367 880 2592 937 CAPUT
2631 879 2769 937 XIII.
2811 913 2884 923 —
2915 881 3134 938 Verbum
3155 901 3275 939 caro
3295 889 3488 956 factum
3508 895 3603 942 est.

2263 972 2541 1042 Quomodo
2569 974 2737 1043 venit,
2760 975 2861 1030 nisi
2880 975 3025 1046 quod
3045 976 3279 1034 Verbum
3311 993 3438 1034 caro
3461 980 3654 1036 factum
3676 988 3778 1049 est,

2194 1070 2251 1118 et
2302 1062 2558 1118 habitavit
2609 1065 2662 1119 in
2713 1065 2869 1122 nobis
2923 1063 3114 1140 (Joan.
3165 1085 3204 1136 ι,
3256 1070 3398 1141 Id)?
3445 1069 3611 1128 Sicuti
3661 1087 3783 1128 cum

2196 1154 2486 1225 loquimur,
2530 1163 2589 1211 ut
2632 1156 2686 1212 id
2730 1158 2873 1228 quod
2921 1159 3102 1216 animo
3149 1162 3402 1232 gerimus,
3437 1163 3490 1219 in
3518 1165 3782 1222 audientis

2197 1247 2433 1303 animum
2459 1262 2555 1317 per
2569 1263 2727 1305 aures
2756 1265 2979 1307 carneas
3005 1251 3272 1322 illabatur,
3298 1254 3355 1309 [it
3374 1269 3537 1312 sonus
3561 1257 3783 1313 verbum

2200 1338 2342 1408 quod
2369 1341 2532 1398 corde
2554 1351 2846 1412 gestamus,
2887 1355 2942 1401 et
2967 1346 3166 1402 locutio
3193 1358 3442 1416 vocatur;
3478 1365 3576 1406 nec
3607 1358 3784 1406 tamen

2201 1429 2253 1484 in
2283 1430 2532 1491 eumdem
2577 1448 2771 1489 sonum
2811 1437 3064 1507 cogitatio
3093 1448 3277 1494 nostra
3305 1441 3656 1508 convertitur,
3689 1441 3788 1497 sed

2203 1521 2340 1591 apud
2361 1537 2421 1578 se
2441 1538 2665 1581 manens
2690 1525 2914 1598 integra,
2941 1527 3166 1584 formam
3187 1533 3333 1588 vocis
3353 1547 3456 1602 qua
3476 1547 3536 1588 se
3558 1532 3790 1588 insinuet

2203 1615 2438 1680 auribus,
2467 1617 2582 1674 sine
2607 1619 2784 1689 aliqua
2823 1620 2943 1678 labe
2987 1637 3098 1678 sua:
3134 1626 3440 1682 mutationis
3469 1626 3487 1657 ¹
3515 1626 3738 1680 assumit
3769 1642 3788 1680 :

2205 1705 2276 1760 ita
2311 1705 2540 1762 Verbum
2574 1709 2664 1765 Dei
2688 1725 2796 1766 non
2815 1723 3219 1782 commutatum,
3243 1730 3368 1772 caro
3389 1724 3568 1772 tamen
3589 1715 3790 1773 factum

2204 1805 2308 1862 est,
2337 1807 2396 1852 ut
2423 1799 2688 1857 habitaret
2712 1802 2766 1857 in
2796 1804 2970 1861 nobis.

2219 1948 2224 1953 ,
2279 1891 2508 1949 CAPUT
2547 1893 2684 1950 XIV.
2722 1925 2793 1938 -—
2824 1895 3092 1951 Hominem
3128 1899 3378 1969 quomodo
3405 1897 3600 1954 sanari!
3629 1896 3720 1954 Dei

2859 1989 3144 2058 Sapientia.
3789 2049 3792 2058 ι

2279 2078 2367 2133 I3.
2407 2077 2558 2136 Sicut
2590 2090 2770 2136 autem
2809 2083 3013 2138 curatio
3042 2084 3126 2138 via
3171 2091 3257 2140 est
3284 2083 3351 2139 ad
3380 2083 3685 2150 sanitatem,
3715 2083 3796 2140 sic

2208 2169 2308 2225 ista
2337 2173 2542 2226 curatio
2570 2181 2879 2242 peccatores
2907 2167 3174 2231 sanandos
3217 2174 3642 2248 reﬁciendasque
3670 2191 3795 2233 sus-

2208 2263 2370 2333 cepit.
2397 2263 2463 2319 Et
2480 2265 2932 2335 quemadmodum
2953 2267 3146 2323 medici
3172 2282 3294 2324 cum
3316 2268 3531 2339 alligant
3549 2267 3792 2337 vulnera,

2209 2373 2316 2413 non
2344 2359 2717 2429 incomposite,
2741 2359 2834 2415 sed
2858 2368 2981 2430 apte
3003 2360 3054 2415 id
3077 2360 3294 2428 faciunt,
3339 2369 3395 2417 ut
3427 2361 3626 2418 vinculi
3653 2361 3796 2417 utili-

2209 2460 2373 2509 tatem
2418 2453 2664 2524 quaedam
2709 2453 3050 2523 pulchritudo
3093 2457 3252 2512 etiam
3297 2464 3687 2527 consequatur:
3718 2455 3798 2513 sic

2210 2545 2470 2600 medicina
2493 2545 2780 2616 Sapientiae
2811 2563 2906 2617 per
2931 2547 3162 2604 hominis
3184 2549 3580 2618 susceptionem
3598 2547 3798 2605 nostris

2209 2643 2291 2691 est
2305 2637 2707 2692 accommodata
2726 2638 3065 2704 vulneribus;
3087 2639 3156 2695 de
3174 2639 3493 2711 quibusdam
3513 2639 3797 2695 contrariis

2211 2743 2426 2797 curans,
2473 2737 2528 2785 et
2567 2730 2635 2785 de
2677 2731 2994 2801 quibusdam
3019 2732 3304 2788 similibus.
3337 2732 3488 2789 Sicut
3513 2733 3676 2789 etiam
3705 2733 3797 2790 ille

2211 2822 2302 2890 qui
2351 2821 2598 2877 medetur
2625 2823 2832 2879 vulneri
2859 2824 3120 2894 corporis,
3147 2825 3364 2882 adhibet
3391 2825 3637 2897 quaedam
3663 2839 3798 2882 eon-

2213 2912 2395 2978 traria,
2427 2913 2568 2968 sicut
2595 2913 2844 2984 frigidum
2871 2916 3064 2981 calido,
3095 2917 3185 2972 vel
3219 2917 3494 2972 humidum
3520 2919 3685 2984 sicco,
3713 2918 3799 2976 vel

2211 3008 2258 3062 si
2286 3005 2412 3076 quid
2442 3006 2584 3062 aliud
2611 3005 2944 3076 huiusmodi;
2975 3007 3192 3064 adhibet
3233 3009 3394 3064 etiam
3437 3009 3680 3080 quaedam
3726 3010 3800 3067 si-

2211 3098 2377 3164 milia,
2408 3099 2548 3154 sicut
2568 3099 2849 3154 linteolum
2879 3100 2964 3156 vel
2990 3100 3218 3156 rotundo
3247 3101 3458 3158 vulneri
3486 3104 3799 3171 rotundum,

2212 3189 2295 3243 vel
2321 3190 2610 3261 oblongum
2630 3190 2881 3262 oblongo,
2913 3191 3301 3264 ligaturamque
3322 3194 3489 3264 ipsam
3519 3209 3626 3250 non
3655 3211 3800 3252 eam-

2211 3280 2333 3336 dem
2349 3282 2603 3338 membris
2619 3281 2885 3348 omnibus,
2908 3282 3002 3339 sed
3027 3283 3254 3340 similem
3279 3285 3546 3341 similibus
3565 3295 3800 3360 coaptat:

2211 3374 2290 3431 sic
2327 3374 2585 3445 sapientia
2615 3374 2710 3430 Dei
2750 3374 3022 3431 hominem
3051 3390 3266 3444 curans,
3296 3377 3529 3448 seipsam
3557 3379 3802 3437 exhibuit

2213 3469 2279 3524 ad
2307 3469 2626 3536 sanandum,
2652 3470 2766 3540 ipsa
2793 3469 3052 3538 medicus,
3081 3470 3197 3542 ipsa
3215 3473 3497 3530 medicina.
3525 3476 3658 3544 Quia
3675 3491 3806 3549 ergo

2215 3577 2314 3633 per
2332 3563 2638 3633 superbiam
2662 3562 2823 3617 homo
2843 3564 3024 3634 lapsus
3045 3572 3150 3630 est,
3179 3563 3527 3620 humilitatem
3563 3566 3805 3624 adhibuit

2213 3655 2281 3709 ad
2319 3653 2635 3708 sanandum.
2665 3653 2941 3722 Serpentis
2971 3653 3230 3722 sapientia
3251 3653 3459 3725 decepti
3478 3671 3684 3725 sumus,
3708 3659 3806 3719 Dei

2215 3745 2436 3802 stultitia
2459 3745 2767 3800 liberamur.
2791 3743 3254 3810 Quemadmodum
3277 3755 3454 3803 autem
3476 3748 3564 3804 illa
3590 3749 3806 3822 Sapienc

2215 3840 2286 3895 tia
2318 3838 2632 3902 vocabatur,
2679 3841 2800 3890 erat
2845 3843 3023 3890 autem
3064 3837 3286 3892 stultitia
3335 3833 3806 3902 contemnentibus
3897 3839 3908 3856 ’

2216 3929 2412 3994 Deum;
2441 3928 2518 3983 sic
2553 3927 2653 3982 ista
2695 3942 2815 3997 qua:
2858 3935 3078 3983 vocatur
3119 3930 3363 3998 stultitia,
3409 3931 3678 4006 Sapientia
3722 3944 3807 3994 est

2214 4019 2551 4076 vincentibus
2599 4019 2888 4075 diabolum.
2943 4019 3050 4076 Nos
3103 4021 3498 4082 immortalitate
3540 4028 3680 4086 male
3720 4029 3807 4087 usi

2215 4129 2420 4180 sumus,
2439 4120 2502 4168 ut
2521 4127 2883 4178 moreremur;
2912 4109 3158 4171 Christus
3178 4116 3502 4174 mortalitate
3521 4119 3659 4177 bene
3674 4135 3808 4180 usus

2213 4213 2314 4270 est,
2339 4212 2397 4260 ut
2417 4205 2736 4260 viveremus.
2775 4202 3042 4275 Corrupto
3075 4207 3253 4262 animo
3287 4207 3500 4266 feminae
3531 4211 3806 4283 ingressus

2213 4307 2297 4355 est
2325 4298 2577 4365 morbus;
2607 4298 2814 4369 integro
2841 4312 3067 4368 corpore
3097 4297 3310 4357 femina:
3341 4305 3603 4372 processit
3633 4305 3802 4363 salus.

2214 4391 2297 4446 Ad
2326 4390 2515 4446 eadem
2562 4390 2830 4444 contraria
2874 4390 3127 4462 pertinet,
3176 4393 3319 4464 quod
3347 4395 3508 4450 etiam
3556 4397 3809 4468 exemplo

2213 4485 2469 4539 virtutum
2494 4483 2613 4554 ejus
2633 4484 2762 4540 vitia
2788 4493 2974 4541 nostra
3016 4484 3289 4544 curantur.
3317 4487 3567 4546 Jamvero
3608 4490 3804 4549 similia

2214 4576 2364 4648 quasi
2391 4577 2677 4648 ligamenta
2701 4578 2958 4634 membris
2997 4588 3053 4635 et
3079 4579 3390 4638 vulneribus
3419 4583 3616 4639 nostris
3644 4583 3804 4641 adhi-

2213 4668 2345 4737 bita,
2376 4668 2463 4723 illa
2493 4678 2637 4735 sunt,
2665 4668 2808 4738 quod
2849 4685 2944 4742 per
2971 4668 3226 4727 feminam
3250 4670 3505 4744 deceptos
3529 4690 3627 4746 per
3647 4674 3804 4734 femio

2212 4775 2336 4816 nam
2365 4769 2541 4828 natus,
2571 4761 2732 4817 homo
2760 4761 3026 4828 homines,
3059 4763 3300 4821 mortalis
3321 4769 3595 4837 mortales,
3626 4779 3804 4826 morte

2214 4860 2454 4908 mortuos
2485 4853 2757 4909 liberavit.
2785 4853 2948 4911 Multa
2972 4870 3187 4927 quoque
3213 4857 3318 4913 alia
3342 4857 3651 4930 diligentius
3671 4875 3804 4919 con-

2212 4945 2573 5002 siderantibus
2591 4962 2727 5018 quos
2753 4948 2979 5004 instituti
2996 4951 3176 5021 operis
3199 4953 3484 5024 peragendi
3507 4956 3806 5016 necessitas

2212 5054 2318 5095 non
2347 5040 2504 5110 rapit,
2538 5040 2681 5095 vela
2707 5041 3013 5109 contrariis,
3046 5043 3129 5099 vel
3158 5058 3189 5099 a
3228 5043 3490 5103 similibus
3519 5047 3804 5108 medicina

2211 5132 2517 5188 christiana:
2544 5142 2768 5204 apparet
2796 5134 3095 5192 instructio.

2209 5223 2434 5281 CAPUT
2473 5215 2591 5280 XV.
2607 5256 2678 5266 —
2703 5223 3088 5282 ResurrectiOne
3106 5236 3152 5282 et
3177 5230 3467 5287 ascensione
3485 5232 3672 5290 Christi
3689 5219 3811 5309 ful—I

2597 5320 2730 5374 citur
2750 5320 2897 5389 ﬁdes,
2920 5322 3170 5376 excitatur
3182 5324 3402 5392 judicio.

2281 5410 2368 5464 14.
2409 5409 2658 5466 Jamvcro
2687 5412 2886 5468 credita
2913 5413 3121 5471 Domini
3151 5432 3182 5473 a
3209 5419 3435 5476 mortuis
3452 5423 3795 5493 resurrectio,

2208 5500 2326 5555 etin
2343 5501 2537 5555 coelum
2566 5503 2829 5568 ascensio,
2848 5518 3036 5576 magna
3061 5522 3156 5578 spe
3188 5509 3333 5565 fulcit
3354 5511 3512 5566 ﬁdem
3533 5523 3792 5572 nostram.

2207 5591 2426 5646 Multum
2471 5592 2614 5646 enim
2656 5596 2893 5650 ostendit
2934 5615 3091 5670 quam
3149 5602 3452 5658 voluntarie
3493 5619 3590 5674 pro
3639 5608 3796 5666 nobis

2207 5685 2436 5738 animam
2469 5686 2724 5753 posuerit,
2755 5690 2843 5758 qni
2874 5706 2990 5744 eam
3020 5693 3096 5746 sic
3129 5693 3310 5748 habuit
3336 5695 3387 5748 in
3411 5705 3676 5764 potestate
3701 5716 3794 5758 re-

2193 5787 2436 5828 .sumcre.
2467 5775 2672 5843 Quanta
2701 5795 2830 5850 ergo
2859 5798 2917 5836 se
2948 5782 3136 5838 ﬁducia
3159 5799 3283 5854 spes
3309 5786 3643 5847 credentium
3662 5806 3796 5852 con-

2268 5885 2285 5919 ι
2321 5893 2421 5938 Am.
2445 5894 2496 5942 et
2519 5895 2626 5942 Er.:
2651 5889 2759 5946 sine
2779 5891 2942 5960 aliqua
2962 5894 3085 5962 labe,
3110 5895 3212 5949 sine
3233 5897 3509 5962 mutatione.

2915 6057 2970 6070 “—
