4060 6452
272 477 345 533 25

276 593 499 657 solatur,
554 587 901 644 considerans
952 592 1180 657 quantus
1225 592 1423 656 quanta
1472 599 1570 655 pro
1622 585 1856 640 nondum

278 684 618 741 credentibus
660 696 850 752 passus
900 679 1007 735 sit?
1055 678 1186 735 Cum
1234 692 1364 733 vero
1411 676 1574 748 judex
1616 678 1857 732 vivorum

277 787 433 845 atque
457 782 791 829 mortuorum
815 777 1152 841 exspectatur
1178 784 1209 826 e
1236 770 1393 834 caelo,
1425 783 1673 839 magnum
1702 768 1859 823 timo-

278 883 389 921 rem
421 866 612 920 incutit
631 864 1039 937 negligentibus,
1068 870 1125 917 ut
1151 877 1209 917 se
1234 861 1300 915 ad
1326 860 1649 931 diligentiam
1680 861 1697 891 ί
1726 874 1857 914 con-

280 965 507 1022 vertant,
528 971 755 1026 eumque
781 956 948 1025 magis
968 954 1104 1009 bene
1127 952 1332 1023 agendo
1356 952 1676 1017 desiderent,
1700 965 1858 1022 quam

282 1047 417 1101 male
462 1048 670 1117 agendo
716 1044 1033 1119 formident._
1067 1044 1269 1112 Quibus
1292 1053 1469 1098 autem
1494 1043 1667 1098 verbis
1716 1042 1817 1097 dici
1840 1083 1873 1115 ,λ

283 1146 367 1191 ant
396 1154 503 1207 qua
531 1137 849 1207 cogitatione
871 1136 986 1206 capi
1017 1142 1190 1205 potest
1210 1135 1503 1204 praemium,
1530 1134 1669 1204 quod
1692 1133 1781 1187 ille
1805 1133 1858 1187 in

286 1230 383 1283 line
411 1229 637 1282 daturus
661 1238 775 1293 est;
810 1226 1022 1297 quando
1050 1226 1114 1280 ad
1144 1226 1558 1281 consolationem
1588 1224 1743 1294 hujus
1772 1223 1859 1278 ili-

286 1322 424 1375 ueris
460 1320 528 1374 de
558 1304 773 1389 ’Spiritu
818 1332 915 1373 suo
954 1326 1157 1372 tantum
1184 1316 1349 1383 dedit,
1394 1332 1501 1387 quo
1528 1318 1581 1371 in
1625 1316 1859 1371 adversis

286 1413 400 1465 vita:
427 1411 587 1480 hujus
614 1410 859 1464 fiduciam
885 1409 1300 1478 cbaritatemque
1327 1417 1522 1463 tantam
1546 1408 1680 1477 ejus,
1702 1422 1861 1477 quem

289 1502 517 1556 nondum
560 1501 840 1565 videmus,
891 1499 1210 1567 habeamus,
1259 1508 1315 1555 et
1369 1499 1506 1554 dona
1535 1501 1554 1530 ³
1586 1498 1862 1569 unicuique

290 1592 501 1663 prepria
540 1591 607 1644 ad
638 1592 1042 1646 instructionem
1084 1590 1338 1646 Ecclesiae
1367 1604 1498 1657 sua},
1531 1598 1588 1643 ut
1627 1589 1679 1643 id
1721 1589 1861 1659 quod

289 1683 513 1737 ostendit
540 1698 659 1737 esse
697 1682 1018 1748 faciendum,
1060 1698 1168 1737 non
1198 1683 1369 1738 solum
1395 1683 1510 1738 sine
1553 1698 1824 1737 murmure
1845 1723 1859 1747 ,

286 1775 373 1830 sed
403 1776 565 1830 etiam
594 1792 715 1831 cum
743 1764 1096 1832 delectatione
1122 1777 1142 1807 ³
1160 1770 1465 1831 faciamus?

349 1866 578 1922 CAPUT
615 1865 755 1921 XVI.
779 1896 851 1906 —
880 1866 1107 1921 Ecclesia
1137 1866 1322 1921 Christi
1365 1883 1547 1936 corpus
1589 1875 1634 1919 et
1678 1865 1865 1935 conjua:

485 1957 864 2019 medicinalibus
894 1958 1134 2013 molestiis
1164 1958 1223 2011 ab
1251 1959 1361 2027 ipso
1391 1966 1653 2027 purgatur.

352 2050 439 2105 15.
484 2049 584 2105 Est
605 2051 750 2105 enim
774 2050 1008 2107 Ecclesia
1034 2064 1227 2121 corpus
1251 2050 1386 2119 ejus,
1416 2050 1551 2104 sicut
1573 2048 1862 2119 apostolica

284 2141 519 2196 doctrina
549 2143 889 2198 commendat
927 2142 1140 2214 (Eplies.
1172 2159 1211 2210 ι,
1241 2140 1365 2214 25),
1405 2158 1521 2212 quae
1548 2142 1702 2197 etiam
1731 2157 1859 2195 con-

278 2234 367 2301 jux
401 2234 522 2303 ejus
552 2233 767 2288 dicitur.
811 2233 1015 2304 Corpus
1040 2249 1167 2304 ergo
1207 2249 1360 2288 suum
1403 2234 1579 2287 multis
1609 2231 1861 2287 membris

283 2323 490 2378 diversa
510 2324 686 2379 oflieia
710 2326 1018 2394 gerentibus
1045 2325 1218 2396 (llam.
1248 2330 1342 2392 xit,
1373 2322 1454 2395 4),
1484 2322 1623 2378 nodo
1648 2323 1862 2378 unitatis

282 2424 331 2468 et
354 2414 633 2469 charitatis
672 2425 917 2487 tanquam
946 2416 1188 2470 sanitatis
1225 2415 1484 2486 astringit,
1516 2416 1741 2470 Exercet
1768 2430 1863 2469 au»

284 2514 384 2559 lem
412 2505 519 2561 hoc
547 2515 787 2577 tempore
816 2516 870 2562 et
906 2514 1093 2577 purgat
1121 2504 1523 2561 medicinalibus
1550 2504 1861 2574 quibusdam

282 2599 560 2664 molestiis,
593 2606 649 2653 ut
677 2609 879 2654 erutam
920 2597 986 2653 de
1012 2598 1114 2653 hoc
1138 2598 1354 2662 saeculo,
1387 2598 1438 2651 in
1465 2606 1723 2652 :cternum
1761 2595 1863 2650 sibi

280 2693 489 2761 copulet
513 2693 794 2762 conjugem
820 2691 1132 2757 Ecclesiam,
1165 2706 1270 2745 non
1295 2690 1575 2745 habentem
1603 2687 1862 2742 maculam

282 2792 370 2837 aut
393 2799 600 2854 rugam,
628 2792 720 2838 aut
745 2782 941 2854 aliquid
966 2782 1266 2853 hujusmodi
1295 2782 1523 2854 (Ephes.
1556 2797 1608 2848 v,
1642 2780 1859 2849 23-52).

352 2875 577 2932 CAPUT
614 2875 779 2931 XVII.
814 2907 885 2916 —
923 2876 1151 2930 Christus
1195 2875 1429 2929 donando
1484 2882 1685 2944 peccata
1732 2873 1864 2926 viam

796 2969 990 3038 aperuit
1020 2968 1086 3022 ad
1115 2968 1351 3038 patriam.
1622 3020 1623 3023 η

351 3058 439 3115 16.
481 3058 649 3115 Porro
677 3044 1001 3129 quoniam‘in
1040 3059 1125 3114 via
1155 3074 1357 3125 sumus,
1404 3074 1503 3115 nec
1541 3059 1624 3113 via
1655 3058 1754 3113 ista
1781 3058 1863 3112 lo-

281 3162 469 3207 eorum
495 3158 598 3215 est,
627 3150 722 3205 sed
747 3150 1052 3215 affectuum,
1085 3165 1241 3220 quam
1271 3149 1675 3215 intereludebat,
1715 3147 1865 3218 quasi

281 3250 431 3309 septa
450 3241 692 3309 quaadam
708 3242 942 3311 spinosa,
960 3242 1346 3311 prazteritorum
1366 3242 1562 3296 malitia
1580 3240 1599 3272 ⁸
1616 3250 1861 3312 peccato-

279 3346 437 3397 rum;
468 3332 595 3402 quid
621 3331 889 3387 liberalius
914 3341 968 3386 et
1010 3332 1403 3387 misericordius
1451 3332 1627 3388 facere
1662 3333 1859 3402 potuit,

278 3429 366 3491 qui
393 3427 635 3494 seipsum
664 3426 837 3492 nobis,
868 3440 970 3495 qua
996 3426 1019 3458 ⁸
1047 3425 1339 3480 rediremus
1359 3466 1373 3493 ,
1403 3425 1743 3479 substernere
1767 3438 1864 3478 vo-

278 3517 543 3583 luit,-nisi
564 3526 617 3571 ut
644 3518 812 3573 omnia
840 3518 1065 3573 donaret
1091 3528 1304 3589 peccata
1345 3519 1633 3583 conversis,
1664 3527 1717 3573 et
1741 3533 1865 3587 gra-

277 3611 424 3663 viter
459 3609 558 3665 fixa
599 3611 869 3666 interdicta
913 3611 1114 3667 reditus
1158 3612 1322 3666 nostri
1368 3626 1462 3681 pro
1502 3610 1653 3665 nobis
1690 3609 1863 3664 eruci-

280 3700 419 3754 fixus
456 3702 749 3757 evelleret?

442 3793 668 3851 CAPUT
706 3794 891 3849 XVIII.
914 3824 983 3834 —
1002 3794 1177 3850 Claves
1204 3795 1399 3847 tradita:
1424 3792 1686 3847 Ecclesiw.

350 3887 441 3939 17.
484 3885 590 3939 Ilas
640 3886 796 3956 igitur
825 3887 1001 3941 claves
1026 3885 1171 3940 dedit
1202 3885 1454 3939 Ecclesia:
1485 3900 1615 3950 suae,
1646 3892 1703 3937 ut
1745 3898 1865 3953 quae

280 3977 513 4031 solveret
551 3977 603 4031 in
632 3987 791 4043 terra,
825 3977 996 4031 soluta
1026 3984 1204 4031 essent
1232 3976 1284 4029 in
1313 3976 1448 4030 coelo
1473 3992 1486 4039 ;
1515 3991 1633 4045 qua:
1680 3975 1865 4044 ligaret

281 4068 330 4121 in
365 4078 531 4135 terra,
580 4068 733 4138 ligata
761 4077 939 4123 essent
965 4076 1020 4123 et
1060 4068 1110 4122 in
1140 4067 1277 4123 caelo
1317 4066 1537 4138 (Matth.
1566 4083 1673 4132 xvi,
1719 4065 1815 4137 l9)
1848 4083 1860 4118 :

279 4159 486 4214 scilicet
517 4168 574 4213 ut
614 4159 852 4229 quisquis
882 4158 933 4212 in
961 4158 1199 4213 Ecclesia
1239 4158 1354 4227 ejus
1382 4157 1570 4211 dimitti
1600 4156 1695 4210 sibi
1742 4172 1864 4225 pec-

278 4259 391 4303 cata
418 4265 527 4303 non
554 4248 815 4313 crederet,
840 4262 943 4302 non
970 4248 1019 4302 ei
1044 4248 1471 4313 dimitterentur;
1503 4247 1738 4317 quisquis
1765 4260 1863 4299 au-

280 4352 385 4397 tem
430 4342 695 4407 crederet,
746 4356 907 4413 seque
949 4342 1016 4396 ab
1062 4341 1146 4395 his
1175 4350 1446 4395 correctus
1492 4349 1777 4404 averteret,
1812 4340 1865 4393 in

278 4434 523 4502 ejusdem
554 4433 806 4488 Ecclesia:
832 4434 1032 4503 gremio
1060 4432 1395 4497 constitutus,
1428 4432 1612 4486 eadem
1641 4430 1741 4484 lide
1781 4438 1864 4484 at-

279 4541 381 4593 que
410 4525 746 4579 correctione
774 4532 1069 4579 sanarclur.
1114 4522 1361 4591 Quisquis
1391 4522 1535 4576 enim
1565 4536 1669 4575 non
1697 4520 1867 4575 eiedit

279 4616 480 4670 dimitti
520 4616 617 4670 sibi
647 4631 803 4685 posse
834 4624 1069 4685 peccata,
1119 4613 1176 4667 fit
1222 4613 1455 4667 deterior
1491 4611 1821 4682 desperando
1847 4652 1862 4677 ,

278 4708 436 4776 quasi
462 4706 592 4760 nihil
610 4706 684 4760 illi
706 4705 891 4761 melius
916 4720 1073 4775 quam
1101 4704 1294 4758 malum
1314 4718 1433 4758 esse
1454 4713 1747 4771 remaneat,
1776 4702 1865 4757 ubi

280 4799 344 4854 de
377 4799 557 4855 fructu
577 4815 686 4854 sua:
713 4799 1074 4855 conversionis
1098 4797 1287 4853 infidus
1312 4806 1413 4852 est.

348 4888 583 4947 CAPUT
620 4889 762 4945 XIX.
783 4920 854 4930 —
894 4888 1128 4959 Corporis
1170 4897 1216 4943 et
1243 4887 1399 4942 animi
1443 4903 1576 4941 mors
1605 4896 1751 4957 atque
1782 4902 1868 4942 re-

955 4980 1212 5034 surrectio.

354 5074 447 5128 l8.
487 5071 737 5128 Jamvero
765 5072 902 5127 sicut
937 5071 1097 5126 animi
1140 5069 1380 5140 quaedam
1429 5082 1573 5123 mors
1603 5077 1701 5135 est,
1746 5069 1868 5123 vitae

286 5167 481 5235 prioris
511 5181 823 5237 morumque
865 5165 1067 5221 relictio
1096 5165 1136 5231 ⁸,
1166 5181 1283 5235 qua:
1312 5164 1369 5218 lit
1410 5164 1759 5233 paenitendo;
1791 5164 1868 5217 sic

284 5260 447 5313 etiam
477 5259 720 5328 corporis
749 5273 894 5313 mors
918 5267 999 5313 est
1027 5256 1365 5312 aniinationis
1395 5257 1629 5327 pristinre
1661 5257 1867 5310 resolu-

328 5370 514 5481 ἰέαωίὲε
538 5377 640 5419 Am.
668 5376 719 5420 et
739 5376 835 5431 En,
856 5367 1221 5434 indulgentiam.
1260 5366 1427 5419 Melius
1447 5369 1615 5418 caeteri
1661 5367 1864 5429 codices,

414 5446 473 5481 en
495 5446 611 5481 tam.

285 5430 611 5496 diligentiam.

349 5493 533 5554 "Lam,
558 5495 719 5543 donat.
772 5495 1109 5544 Substituimus
1156 5493 1314 5555 dona,
1340 5505 1402 5543 ex
1438 5500 1535 5540 am.
1578 5498 1652 5540 Er.
1680 5497 1731 5542 et
1759 5497 1865 5540 Mss.

282 5554 539 5625 plerisque
561 5555 773 5625 melioris
786 5564 932 5606 notae.
958 5615 987 5625 η

352 5620 371 5649 ³
532 5620 777 5681 quinque,
802 5632 913 5681 cum
935 5615 1201 5681 dilectione.

348 5689 371 5709 θ
398 5681 516 5729 Editi
533 5677 1046 5739 ,'irttercludebant.....
1294 5690 1311 5728 :
1334 5690 1421 5741 pro
1443 5689 1540 5740 quo
1563 5684 1669 5728 Mss.
1696 5690 1870 5739 magno

284 5753 553 5801 cmnsensu,
576 5740 960 5791 intercliulebat..
988 5778 999 5789 .
1028 5739 1228 5790 malitia.

350 5805 371 5833 ⁵
399 5803 536 5871 aliti,
558 5802 963 5871 quo_redireu_n_ts._
981 5812 1035 5853 Al.
1056 5812 1161 5871 Mss.
1188 5801 1551 5865 septemdecim,
1578 5815 1673 5866 qua
1702 5814 1719 5852 :
1744 5815 1869 5864 prte-

286 5870 373 5956 μειὶ
390 5863 607 5925 quinque
628 5863 761 5921 alios,
780 5866 1089 5935 quihabent,
1113 5863 1371 5929 viamqua.

400 5933 499 5976 Ani.
526 5934 575 5979 et
595 5933 689 5992 η,
716 5932 927 5993 rejectto.

489 5962 499 5975 ο
526 5962 575 5979 ν’
595 5962 689 5992 ..⁸,
717 5962 927 5992 υνδε-θυνννο

1858 6004 1869 6011 κ

1848 6038 1875 6044 η.
1914 6022 1957 6038 1⁸

1654 469 1855 525 LIBER
1872 546 1875 549 ν
1894 469 2159 525 PRIMUS.
2197 435 2203 444 ’

3462 469 3535 527 26

1965 584 2039 638 tio
2072 601 2084 637 :
2115 590 2169 637 et
2194 583 2457 653 quomodo
2482 584 2687 639 animus
2712 592 2831 655 post
2858 583 3241 654 pmnitentiam,
3267 598 3368 655 qua
3388 585 3534 655 prio-

1963 689 2049 731 res
2076 690 2256 732 mores
2285 678 2520 747 perditos
2549 678 2833 743 interemit,
2866 678 3181 733 reformatur
3209 678 3261 732 in
3304 677 3530 747 melius;

1962 767 2039 821 sic
2062 769 2222 823 etiam
2260 784 2452 839 corpus
2497 780 2615 841 post
2657 770 2812 826 istam
2852 762 3099 838 mortem,
3139 784 3298 841 quam
3326 770 3533 825 vinculo

1962 860 2165 929 peccati
2207 876 2393 917 omnes
2434 862 2705 929 debemus,
2755 862 3074 919 credendum
3118 870 3171 917 et
3214 862 3533 932 Speraudum

1963 960 2045 1007 est
2090 955 2493 1010 resurrectionis
2523 964 2761 1027 tempore
2798 956 2851 1009 in
2890 954 3080 1009 melius
3109 952 3442 1018 commutari,
3474 961 3533 1007 ut

1965 1058 2071 1098 non
2096 1060 2221 1098 caro
2247 1054 2300 1099 et
2323 1046 2534 1117 sanguis
2550 1062 2768 1116 regnum
2796 1046 2887 1101 Dei
2913 1044 3238 1117 possideant,
3262 1044 3399 1116 quod
3418 1044 3534 1100 fieri

1965 1149 2072 1189 non
2098 1144 2269 1205 potest
2294 1155 2307 1200 ;
2338 1136 2431 1192 sed
2458 1138 2796 1207 corruptibile
2824 1136 2922 1191 hoe
2961 1136 3145 1190 induat
3187 1136 3527 1203 incorruptio-

1967 1242 2107 1295 nem,
2131 1236 2183 1283 et
2202 1229 2423 1283 mortale
2445 1229 2545 1284 hoe
2565 1228 2744 1283 induat
2765 1229 3204 1283 immortalitatem
3241 1225 3406 1298 (ICor.
3442 1240 3533 1294 xv,

1964 1320 2049 1381 50,
2094 1321 2215 1390 55),
2244 1322 2543 1392 nullamque
2600 1322 2796 1397 faciens
2831 1322 3147 1386 molestiam,
3190 1319 3310 1391 quia
3340 1319 3535 1374 nullam

1964 1412 2190 1479 patietur
2218 1413 2578 1483 indigentiam,
2608 1429 2638 1467 a
2679 1414 2829 1469 beata
2857 1413 3191 1484 perfectaque
3215 1410 3390 1465 anima
3414 1424 3537 1465 cum

1964 1519 2171 1559 summa
2199 1505 2375 1574 (ιυὶριρ
2401 1514 2689 1575 vegetetur.

2035 1594 2259 1651 CAPUT
2298 1595 2417 1649 XX.
2438 1626 2511 1659 ——_
2539 1595 2637 1661 Qui
2661 1612 2759 1649 non
2794 1595 2861 1648 ad
2891 1595 3041 1648 vitam
3068 1594 3155 1649 sed
3194 1593 3263 1647 ad
3288 1593 3536 1666 supplicia

2572 1697 2911 1741 renascantur.

2038 1780 2121 1835 19.
2161 1779 2322 1848 Cujus
2351 1788 2525 1833 autem
2555 1780 2763 1833 animus
2793 1794 2899 1833 non
2924 1778 3144 1832 moritur
3172 1777 3297 1831 huic
3317 1774 3533 1843 smculo,

1963 1887 2135 1942 neque
2163 1872 2347 1941 incipit
2371 1871 2686 1941 configurari
2731 1871 2955 1935 veritati,
2988 1870 3041 1923 in
3069 1870 3363 1939 graviorem
3393 1882 3538 1924 mor-

1964 1974 2070 2019 tem
2100 1973 2271 2018 morte
2301 1964 2536 2032 corporis
2564 1962 2824 2027 trahitur;
2858 1976 3029 2031 neque
3066 1960 3133 2014 ad
3162 1958 3535 2015 commutatio-

1966 2072 2087 2110 nem
2116 2057 2132 2089 ι
2164 2055 2398 2110 caelestis
2430 2053 2775 2122 habitudinis,
2824 2052 2915 2108 sed
2945 2052 3009 2107 ad
3050 2050 3240 2106 luenda
3285 2048 3538 2119 supplicia

1962 2147 2258 2202 reviviscet.

2034 2256 2257 2312 CAPUT
2297 2255 2713 2311 XXIa—Rursus
2738 2254 2961 2325 corporis
2996 2254 3058 2307 de
3087 2252 3463 2309 resurrectione.

2034 2348 2147 2401 Hoc
2190 2348 2367 2418 itaque
2397 2348 2527 2402 fides
2564 2347 2741 2414 habet,
2794 2355 2949 2416 atque
2993 2346 3062 2400 ita
3092 2361 3151 2401 se
3180 2362 3290 2399 rem
3338 2345 3538 2401 habere

1966 2439 2289 2494 credendum
2311 2448 2413 2507 est,
2450 2455 2622 2509 neque
2646 2440 2899 2503 animum,
2933 2454 3105 2508 neque
3132 2452 3324 2507 corpus
3345 2436 3536 2491 huma-

1964 2548 2090 2586 num
2117 2531 2476 2585 omnimodum
2509 2532 2775 2585 interitum
2821 2532 2925 2601 pati
2952 2548 2965 2595 ;
2997 2530 3088 2585 sed
3128 2532 3316 2600 impios
3354 2544 3536 2585 resur-

1963 2638 2088 2693 gere
2117 2622 2183 2677 ad
2229 2639 2413 2693 ptenas
2444 2625 2855 2689 intestiniabiles,
2903 2625 3016 2693 pios
3060 2632 3235 2679 autem
3278 2623 3345 2678 ad
3373 2623 3536 2678 vitam

1965 2726 2217 2773 aeternam
2226 2757 2239 2771 .

2174 2830 2399 2887 CAPUT
2436 2830 2601 2885 XXII.
2624 2860 2692 2873 ——
2728 2830 2853 2885 Solo
2903 2830 3010 2885 Deo
3038 2829 3328 2903 fruendum.

2036 2923 2124 2978 20.
2166 2924 2222 2978 In
2268 2924 2350 2978 his
2380 2923 2537 2994 igitur
2578 2923 2824 2978 omnibus
2868 2924 3028 2979 rebus
3054 2924 3159 2978 illze
3188 2930 3389 2978 tantum
3417 2931 3539 2978 sunt

1966 3017 2155 3087 quibus
2196 3016 2474 3071 fruendum
2501 3025 2601 3080 est,
2644 3030 2775 3086 quas
2804 3022 3029 3070 mternas
3057 3026 3215 3085 atque
3250 3015 3540 3071 incommu‘

1967 3110 2156 3164 labiles
2195 3109 2765 3173 commemoravimus;
2815 3108 3022 3162 ueteris
3067 3096 3251 3162 autem
3290 3100 3563 3162 utendum

1968 3209 2068 3265 est,
2100 3200 2243 3254 utad
2276 3200 2482 3253 illarum
2514 3198 2920 3269 perfructionem
2951 3198 3227 3268 pervenire
3258 3198 3539 3267 possimus.

1966 3292 2073 3347 Nos
2099 3294 2273 3361 itaque
2302 3291 2390 3361 qui
2416 3289 2640 3345 fruimur
2664 3299 2717 3344 et
2742 3290 2937 3344 utimur
2961 3289 3077 3344 aliis
3116 3288 3297 3353 rebus,
3328 3300 3415 3342 res
3441 3286 3540 3341 ali—

1968 3400 2083 3454 qure
2112 3396 2314 3437 sumus.
2348 3381 2544 3451 Magna
2573 3382 2713 3437 enim
2756 3380 2995 3450 quaedam
3031 3395 3119 3435 res
3144 3389 3224 3434 est
3256 3378 3437 3443 homo,
3470 3383 3545 3431 ta-

1967 3484 2083 3529 etus
2111 3474 2177 3527 ad
2204 3474 2484 3542 imaginem
2511 3481 2563 3527 et
2591 3472 2986 3527 similitudinem
3017 3470 3128 3536 Dei,
3160 3486 3264 3525 non
3288 3469 3344 3524 in
3374 3484 3542 3539 quan-

1968 3574 2075 3619 tum
2103 3564 2313 3619 mortali
2333 3578 2554 3633 corpore
2580 3564 2877 3627 includitur,
2896 3562 2987 3617 sed
3008 3562 3057 3615 in
3075 3569 3327 3631 quantum
3346 3559 3544 3615 bestias

1968 3656 2238 3710 rationalis
2282 3657 2471 3709 animae
2516 3653 2717 3708 honore
2767 3653 3015 3723 prmcedit
3042 3654 3081 3705 ².
3130 3651 3309 3721 Itaque
3354 3664 3542 3719 magna

1969 3748 2190 3817 qumstio
2220 3756 2303 3802 est
2351 3756 2525 3801 utrum
2551 3744 2651 3799 frui
2694 3760 2752 3799 se
2783 3744 3023 3798 homines
3055 3742 3301 3808 debeant,
3331 3756 3397 3795 an
3428 3740 3543 3807 uti,

1970 3858 2036 3896 an
2064 3851 2367 3911 utrumque.
2400 3842 2727 3909 Prreeeptum
2751 3847 2836 3893 est
2857 3837 2997 3892 enim
3017 3836 3170 3891 nobis
3195 3844 3251 3890 ut
3268 3834 3546 3905 diligamus

1969 3938 2197 3991 invicem
2220 3953 2233 4001 ;
2262 3934 2353 3989 sed
2381 3934 2632 4004 quaaritur
2655 3942 2830 3985 utrum
2853 3938 3066 3999 propter
3087 3943 3143 3982 se
3173 3926 3336 3982 homo
3358 3928 3424 3981 ab
3444 3925 3546 3980 ho-

1970 4029 2110 4082 mine
2134 4026 2430 4095 diligendus
2450 4026 2538 4089 sit,
2568 4040 2632 4078 an
2658 4032 2870 4093 propter
2892 4020 3051 4076 aliud.
3084 4020 3138 4075 Si
3161 4020 3300 4074 enim
3328 4027 3543 4088 propter

1969 4134 2050 4184 se,
2092 4118 2315 4172 fruimur
2340 4132 2404 4171 eo
2428 4133 2442 4182 ;
2472 4117 2515 4170 si
2544 4125 2760 4185 propter
2788 4112 2949 4171 aliud.
2977 4112 3173 4166 utimur
3201 4126 3284 4166 eo.
3325 4109 3548 4165 Videtur

1969 4220 2145 4265 autem
2172 4210 2299 4263 mihi
2327 4216 2541 4278 propter
2560 4207 2701 4261 aliud
2729 4204 3043 4274 diligendus.
3075 4202 3226 4271 Quod
3246 4202 3386 4257 enim
3416 4216 3541 4271 pro-

1968 4312 2086 4372 pter
2110 4317 2166 4357 se
2186 4301 2507 4372 diligendum
2534 4308 2634 4366 est,
2676 4300 2730 4354 in
2769 4312 2832 4353 eo
2861 4297 3195 4352 constituitur
3227 4297 3333 4350 vita
3356 4294 3544 4362 beata;
3618 4362 3629 4371 .

1969 4394 2120 4463 cujus
2148 4393 2354 4449 etiamsi
2399 4391 2630 4445 nondum
2658 4404 2765 4456 res,
2799 4398 2973 4443 tamen
3013 4402 3134 4457 Spes
3169 4387 3283 4458 ejus
3323 4402 3420 4443 nos
3448 4386 3550 4441 hoc

1970 4494 2207 4554 tempore
2235 4482 2554 4538 consolatur.
2587 4481 2892 4535 Maledictus
2921 4488 3096 4534 autem
3114 4478 3201 4548 qui
3227 4492 3377 4546 spem
3398 4490 3547 4531 suam

1970 4577 2119 4646 ponit
2158 4576 2208 4629 in
2237 4575 2449 4629 homine
2478 4573 2690 4643 (Jercm.
2716 4588 2841 4636 xvii,
2872 4569 2948 4642 5).

2039 4667 2130 4720 21.
2171 4665 2275 4721 Sed
2297 4680 2395 4720 nec
2416 4664 2591 4734 seipse
2620 4664 2893 4734 quisquam
2927 4660 3031 4716 frui
3070 4660 3246 4725 debet,
3274 4659 3319 4714 si
3346 4659 3547 4731 liquido

1970 4757 2251 4821 advertas;
2294 4756 2415 4826 quia
2445 4771 2541 4809 nec
2591 4754 2821 4823 seipsum
2867 4752 3024 4808 debet
3058 4761 3274 4821 propter
3317 4751 3549 4820 seipsum

1970 4848 2208 4918 diligere,
2248 4848 2340 4901 sed
2372 4854 2588 4916 propter
2616 4845 2763 4899 illum
2794 4860 2899 4915 quo
2944 4844 3220 4899 fruendum
3254 4851 3355 4899 est.
3402 4843 3550 4898 Tunc

1972 4948 2055 4994 est
2082 4939 2276 5009 quippe
2311 4938 2539 5007 optimus
2569 4936 2748 5001 homo,
2780 4951 2900 4990 eum
2941 4943 3047 4990 tota
3078 4936 3181 4989 vita
3210 4950 3304 4990 sua
3333 4934 3504 5005 pergit
3528 4933 3549 4965 ³

1973 5032 2025 5085 in
2048 5029 2530 5085 incomnmtabilem
2557 5028 2736 5094 vitam,
2767 5037 2819 5082 et
2847 5036 2959 5082 toto
2979 5026 3167 5081 affectu
3192 5025 3411 5080 inhmret
3438 5025 3509 5079 illi
3531 5040 3549 5090 ξ
3626 5044 3639 5059 ·

1973 5123 2017 5177 si
2047 5130 2223 5175 autem
2244 5136 2302 5175 se
2326 5129 2538 5189 propter
2559 5133 2617 5172 se
2641 5118 2831 5187 diligit,
2855 5132 2961 5171 non
2989 5132 3046 5170 se
3067 5115 3231 5172 refert
3254 5115 3319 5168 ad
3343 5114 3507 5169 Deum
3531 5130 3548 5181 ;

1972 5214 2068 5270 sed
2111 5214 2176 5268 ad
2223 5213 2453 5281 seipsum
2507 5224 2810 5273 conversus,
2857 5224 2963 5262 non
3008 5208 3074 5262 ad
3123 5205 3549 5262 incommutabile

1973 5305 2171 5375 aliquid
2214 5302 2554 5358 convertitur.
2606 5302 2670 5355 Et
2708 5308 2984 5370 propterea
3022 5298 3132 5369 jam
3178 5312 3298 5352 cum
3344 5296 3555 5352 defectu

1974 5399 2150 5466 aliquo
2181 5411 2238 5450 sc
2281 5395 2506 5461 fruitur;
2550 5392 2672 5463 quia
2715 5392 2904 5447 melior
2944 5400 3169 5446 estcum
3215 5398 3354 5444 totus
3384 5389 3554 5467 haeret

2041 5553 2056 5583 ί
2084 5559 2201 5600 'l‘res
2224 5563 2255 5600 e
2279 5556 2376 5599 vat.
2403 5557 2537 5609 5158.,
2563 5547 2627 5598 ad
2651 5543 3132 5596 conmmm'cationem.
3170 5542 3298 5609 Illius
3333 5549 3431 5609 Vat.
3449 5577 3466 5603 ,
3488 5542 3554 5609 ad

1976 5611 2367 5664 communionem.
2406 5606 2538 5675 Huic:
2561 5617 2776 5659 Erasmus
2820 5610 3083 5675 consentit;
3122 5607 3208 5657 sed
3250 5606 3355 5655 libri
3389 5606 3555 5675 ueteri

1977 5678 2154 5734 ferunt,
2178 5677 2242 5724 ad
2267 5671 2675 5735 connitutationegn
2698 5684 2722 5735 ;Δ
2732 5682 2941 5735 moxque
2966 5669 3016 5716 in
3038 5667 3142 5719 Mss.
3167 5682 3315 5735 prolie
3332 5667 3557 5735 omnibus

1976 5725 2278 5800 legebamus,
2304 5734 2503 5800 cwlestis
2524 5730 2845 5800 Itubitudinis;
2862 5725 2947 5800 pro
2970 5744 3065 5800 quo
3080 5725 3202 5793 apud
3224 5725 3345 5791 Am,
3368 5725 3555 5780 habita-

1976 5791 2131 5854 tionis,
2159 5808 2205 5847 et
2230 5791 2351 5859 apud
2379 5805 2449 5844 Pr.
2477 5803 2527 5844 et
2549 5802 2676 5861 Lov.,
2704 5791 3021 5861 beatiytdinis.

2040 5864 2059 5892 ³
2082 5853 2155 5909 sic
2176 5853 2398 5909 undecim
2444 5865 2553 5905 Mss.
2600 5858 2618 5916 [
2642 5853 2911 5918 pra'cellil].

2044 5924 2065 5955 ³
2089 5931 2187 5971 Am.
2216 5928 2267 5973 et
2288 5928 2382 5984 Κικ,
2404 5918 2663 5985 peragitur.
