4060 6446
483 395 557 452 27
1400 385 1490 444 DE
1525 377 1867 442 DOCTRINA
1901 376 2333 444 CHRISTIANA,
2375 375 2434 434 S.
2471 375 2843 436 AUGUSTINI
3214 422 3220 429 .
3694 385 3778 444 23

487 519 651 582 atque
686 506 1066 581 constringitur
1104 502 1522 561 incommutabili
1549 501 1711 567 bono,
1741 509 1899 568 quam
1944 509 2066 550 cum

485 602 611 661 inde
633 601 721 659 vel
746 600 815 658 ad
835 601 1070 673 seipsum
1092 598 1389 656 relaxatur.
1434 595 1494 653 Si
1532 608 1663 665 ergo
1688 592 1919 663 teipsum
1960 603 2068 643 non

485 704 703 768 propter
727 701 783 751 te
806 694 973 752 debes
999 693 1241 765 diligere,
1264 690 1364 747 sed
1395 696 1619 761 propter
1639 686 1789 743 illum
1820 683 1911 739 tibi
1935 683 2072 739 dile-

485 786 677 843 ctionis
705 795 811 842 tuae
834 785 1164 843 rectissimus
1178 784 1305 839 linis
1330 791 1433 849 est,
1461 795 1567 836 non
1597 784 1909 835 succenseat
1928 776 2068 831 alios

485 877 667 946 homo,
689 878 735 933 si
757 877 917 934 etiam
939 877 1109 947 ipsum
1126 873 1529 947 propterﬁeum
1551 871 1747 943 diligis.
1766 869 1901 924 limo
1925 868 2069 924 enim

484 970 666 1041 regula
691 969 988 1025 dilectionis
1018 968 1268 1024 divinitus
1298 965 1580 1022 constituta
1606 971 1721 1019 est:
1745 959 1956 1033 Diliges,
1987 960 2072 1014 in-

484 1062 618 1134 quit,
652 1062 937 1133 proximum
962 1060 1251 1116 tuumsicut
1272 1058 1520 1128 teipstsm;
1550 1054 1715 1111 Deum
1733 1069 1860 1110 vero
1887 1070 1950 1109 ea:
1968 1060 2070 1107 toto

484 1152 651 1215 corde,
689 1161 737 1207 et
766 1168 828 1207 ea:
849 1161 952 1206 tota
975 1151 1205 1205 animaet
1230 1157 1407 1204 artata
1420 1157 1591 1203 mente
1614 1144 1793 1221 (Leuit.
1818 1161 1933 1212 ιη,
1968 1144 2065 1209 l8;

483 1241 635 1305 Deut.
651 1259 728 1311 v1,
757 1244 820 1311 5;
849 1252 895 1299 et
919 1242 1106 1297 Matth.
1137 1258 1272 1309 xm,
1303 1241 1392 1309 57,
1418 1240 1547 1312 59);
1578 1248 1636 1295 ut
1659 1254 1844 1294 omnes
1872 1237 2069 1305 cogita-

483 1336 657 1391 tiones
684 1345 804 1392 tuas
829 1344 878 1391 et
908 1350 1126 1390 omnem
1149 1335 1311 1389 vitam
1342 1342 1391 1389 et
1419 1347 1632 1388 omnem
1656 1330 1988 1386 intellectum
2016 1329 2068 1383 in

482 1426 632 1482 illum
654 1427 964 1495 conteras,a
987 1441 1093 1496 quo
1114 1425 1278 1482 habes
1303 1441 1365 1481 ea
1393 1426 1504 1498 ipsa
1532 1440 1650 1495 qua:
1672 1423 1904 1478 confers.
1932 1420 2070 1475 Cum

488 1528 666 1574 autem
692 1520 787 1585 ait,
814 1528 916 1574 toto
953 1519 1124 1585 corde,
1168 1529 1273 1574 tota
1295 1519 1486 1585 animo,
1526 1525 1632 1571 tota
1660 1524 1840 1583 mente,
1868 1513 2069 1569 nullam

489 1610 613 1665 vitae.
648 1619 847 1666 nostra)
878 1594 1082 1680 partem
1125 1611 1361 1681 reliquit,
1406 1623 1524 1679 quin
1568 1622 1759 1663 vacare
1800 1605 1988 1661 debeat
2017 1612 2072 1659 et

483 1703 635 1774 quasi
678 1704 852 1758 locum
878 1702 1007 1758 dare
1037 1711 1093 1757 ut
1121 1703 1222 1758 alia
1252 1718 1313 1759 re
1350 1702 1479 1757 velit
1500 1701 1643 1768 l‘rui;
1692 1699 1788 1755 sed
1814 1697 2070 1769 quidquid

480 1796 621 1851 aliud
651 1796 974 1867 diligendum
1005 1797 1211 1853 venerit
1254 1798 1308 1851 in
1337 1796 1596 1863 animum,
1646 1795 1771 1850 illuc
1794 1793 2065 1863 rapiatur,

479 1903 588 1959 quo
632 1897 772 1943 totus
814 1888 1113 1944 dilectionis
1152 1888 1379 1959 impetus
1421 1887 1609 1943 currit.
1656 1885 1911 1955 Quisquis
1941 1898 2070 1953 ergo

479 1989 624 2037 recte
664 1983 963 2053 proximum
992 1981 1181 2052 diligit,
1214 1981 1316 2037 hoc
1355 1995 1477 2036 cum
1504 1995 1569 2037 eo
1613 1978 1777 2034 debet
1802 1991 1984 2048 agere,
2012 1983 2072 2030 ut

481 2074 637 2131 etiam
670 2075 784 2145 ipse
817 2085 928 2131 toto
956 2076 1138 2142 corde,
1170 2086 1277 2131 tota
1306 2078 1503 2142 anima,
1532 2082 1642 2130 tota
1684 2080 1865 2129 mente
1890 2072 2072 2143 diligat

482 2168 669 2225 Deum.
697 2169 787 2226 Sic
800 2170 940 2225 enim
961 2186 1083 2225 eum
1109 2170 1333 2240 diligens
1356 2179 1601 2240 tanquam
1621 2168 1875 2238 seipsum,
1904 2174 2070 2221 totam

477 2259 814 2316 dilectionem
854 2263 946 2317 Sui
967 2270 1021 2317 et
1061 2262 1201 2317 illius
1231 2261 1392 2316 refert
1439 2261 1490 2315 in
1533 2260 1678 2315 illam
1724 2258 2069 2313 dilectionem

480 2350 597 2418 Dei,
629 2368 745 2421 quae
766 2353 971 2407 nullum
994 2369 1032 2407 a
1058 2369 1117 2408 se
1137 2354 1371 2409 rivulum
1393 2352 1515 2408 duci
1540 2361 1689 2408 extra
1715 2351 1933 2422 patitur,
1970 2365 2068 2406 cu-

478 2441 566 2512 jus
591 2441 921 2499 derivatione
945 2444 1236 2499 minuatur.

478 2556 708 2615 CAPUT
734 2555 923 2612 XXIII.
951 2586 1025 2597 —
1047 2556 1259 2612 Homini
1286 2565 1535 2626 praecepto
1561 2572 1662 2609 non
1702 2571 1830 2624 opus
1870 2561 1972 2621 est,
2014 2560 2071 2606 ut

625 2663 680 2702 se
699 2656 747 2703 et
769 2664 917 2701 suum
943 2663 1127 2719 corpus
1162 2647 1361 2718 diligat.
1394 2644 1565 2700 Praua
1590 2646 1669 2699 sui
1694 2644 1915 2717 dilectio.

549 2781 637 2836 22.
657 2780 773 2841 Non
801 2790 981 2841 autem
1010 2783 1187 2837 omnia
1205 2782 1396 2853 quibus
1412 2781 1664 2837 utendum
1681 2788 1783 2846 est,
1804 2778 2068 2847 diligenda

478 2881 625 2941 sunt,
654 2872 748 2931 sed
776 2888 840 2929 ea
867 2873 980 2929 sola
1002 2889 1120 2946 qua:
1147 2881 1238 2929 aut
1257 2874 1531 2931 nobiscum
1558 2872 1810 2926 societate
1839 2867 2067 2941 quadam

480 2966 786 3025 referuntur
814 2983 869 3027 tu
899 2967 1087 3034 Deum,
1138 2966 1293 3022 sicuti
1341 2976 1424 3023 est
1471 2965 1664 3032 homo,
1695 2963 1780 3019 vel
1810 2961 2067 3033 angelus;

481 3069 574 3117 aut
604 3059 674 3117 ad
710 3075 810 3117 nos
849 3059 1044 3129 relata,
1081 3057 1342 3116 beneﬁcio
1378 3058 1476 3112 Dei
1516 3072 1613 3129 per
1650 3072 1747 3112 nos
1791 3055 2067 3126 indigent,

483 3152 637 3207 sicuti
657 3158 742 3208 est
760 3167 975 3222 corpus.
996 3150 1129 3207 Nam
1158 3151 1338 3222 utique
1359 3163 1621 3221 martyres
1646 3163 1753 3203 non
1768 3146 2070 3203 dilexerunt

482 3244 656 3299 scelus
684 3244 1113 3316 persequentium
1140 3257 1219 3307 se,
1252 3258 1357 3312 quo
1387 3250 1564 3301 tamen
1595 3240 1674 3295 usi
1702 3247 1825 3295 sunt
1850 3239 1916 3294 ad
1942 3253 2069 3309 pro-

484 3335 801 3392 merendum
833 3336 1018 3393 Deum.
1047 3333 1182 3393 Cum
1212 3349 1340 3406 ergo
1369 3342 1597 3404 quatuor
1625 3332 1733 3387 sint
1760 3330 2025 3401 diligenda
2049 3370 2066 3399 ,

485 3442 651 3485 unum
678 3427 819 3498 quod
846 3442 1005 3504 supra
1026 3441 1131 3482 nos
1168 3432 1270 3491 est,
1315 3425 1541 3485 alterum
1568 3422 1707 3494 quod
1737 3436 1835 3477 nos
1863 3436 2067 3487 sumus,

486 3517 700 3575 tertium
728 3516 869 3590 quod
890 3517 1044 3589 juxta
1068 3531 1167 3573 nos
1191 3522 1292 3580 est,
1323 3523 1568 3586 quartum
1608 3511 1749 3583 quod
1789 3510 1923 3569 infra
1972 3526 2069 3566 nos

487 3618 597 3673 est;
628 3608 696 3667 de
721 3608 957 3666 secundo
974 3616 1028 3664 et
1046 3616 1235 3679 quarto
1252 3606 1395 3663 nulla
1417 3613 1679 3676 prrecepta
1700 3602 1874 3658 danda
1893 3610 2067 3659 erant.

487 3701 903 3773 Quamtumlibet
928 3701 1073 3759 enim
1102 3701 1263 3757 homo
1286 3697 1495 3754 excidat
1521 3713 1552 3754 a
1580 3696 1803 3752 veritate
1826 3738 1842 3765 ,
1888 3711 2069 3751 rema-

486 3803 579 3851 net
614 3795 694 3851 illi
732 3793 947 3853 dilectio
981 3794 1064 3851 sui
1107 3801 1162 3848 et
1204 3790 1418 3847 dilectio
1459 3790 1698 3863 corporis
1736 3789 1838 3846 sui.
1889 3787 2068 3860 Fuga:

487 3887 631 3948 enim
656 3887 867 3947 animus
882 3888 951 3945 ab
972 3885 1388 3945 incommutabili
1412 3884 1610 3939 lumine
1630 3884 1865 3939 omnium
1882 3896 2072 3953 regna-

487 3987 628 4048 tore,
659 3978 712 4035 id
739 3977 849 4051 agit
873 3979 1068 4049 utipse
1091 3975 1192 4033 sibi
1216 3984 1401 4047 regnet
1420 3984 1473 4033 et
1493 3974 1703 4047 corpori
1724 3988 1855 4039 suo;
1878 3982 1932 4029 et
1951 3972 2070 4029 ideo

491 4084 594 4127 non
625 4078 801 4140 potest
823 4069 926 4127 nisi
952 4077 1007 4126 et
1035 4083 1094 4125 se
1118 4076 1174 4125 et
1198 4081 1391 4139 carpas
1415 4082 1569 4125 suum
1597 4065 1841 4138 diligere.

558 4161 649 4219 25.
684 4161 929 4235 Magnum
971 4170 1150 4217 autem
1182 4156 1383 4235 aliquid
1427 4158 1676 4228 adeptum
1727 4172 1787 4214 se
1824 4163 1993 4228 putat,
2024 4156 2070 4213 si

489 4254 650 4311 etiam
668 4253 851 4320 sociis,
862 4253 916 4310 id
934 4260 1018 4310 est
1038 4252 1157 4309 aliis
1176 4251 1504 4319 hominibus,
1530 4249 1791 4306 dominari
1815 4246 2068 4323 potuerit.

488 4343 633 4405 Inest
655 4347 798 4407 enim
834 4346 1026 4407 vitioso
1057 4346 1237 4405 animo
1285 4344 1339 4405 id
1376 4343 1546 4414 magis
1587 4351 1857 4413 appetere,
1888 4348 1943 4395 et
1969 4339 2071 4395 sibi

491 4449 742 4512 tanquam
762 4439 999 4497 debitum
1022 4439 1311 4508 vindicare,
1334 4437 1475 4510 quod
1498 4436 1588 4492 uni
1606 4434 1821 4507 proprie
1845 4431 2070 4489 debetur

491 4532 619 4587 Deo.
653 4531 797 4587 Talis
820 4540 998 4587 autem
1028 4532 1109 4586 sui
1128 4530 1349 4591 dilectio
1381 4530 1572 4586 melius
1604 4526 1786 4583 odium
1824 4532 2067 4579 vocatur.

490 4624 736 4695 Iniquum
756 4633 840 4680 est
863 4623 1029 4692 enini,
1058 4623 1181 4694 quia
1204 4624 1314 4681 vult
1341 4622 1442 4678 sibi
1463 4619 1670 4677 servire
1692 4615 1832 4690 quod
1854 4614 1990 4671 infra
2011 4628 2070 4670 se

488 4724 592 4780 est,
622 4730 742 4773 cum
773 4715 885 4786 ipse
920 4716 1124 4773 servire
1166 4713 1430 4785 superiori
1465 4710 1626 4775 nolit;
1669 4707 2072 4776 rectissimeque

488 4808 688 4865 dictum
714 4816 815 4876 est,
854 4806 952 4875 Qui
979 4808 1144 4881 diligit
1169 4807 1501 4878 iniquitatem,
1532 4802 1639 4858 odit
1666 4800 1889 4856 uanam
1924 4816 2073 4855 suam

494 4900 665 4974 (Psal.
690 4917 749 4971 x,
779 4901 837 4973 ϐ)
867 4919 882 4957 :
906 4910 960 4958 et
985 4900 1105 4958 ideo
1130 4900 1188 4957 lit
1224 4897 1465 4955 inﬁrmus
1493 4895 1723 4958 animus,
1751 4900 1805 4948 et
1828 4890 1895 4947 de
1922 4905 2069 4946 mor-

491 4995 584 5051 tali
611 5010 837 5066 corpore
861 4994 1144 5051 cruciatur.
1187 4991 1417 5047 Necesse
1441 4996 1522 5045 est
1545 4985 1687 5041 enim
1711 4992 1766 5039 ut
1794 4982 1924 5039 illud
1945 4981 2067 5039 dili-

489 5094 596 5159 gat,
636 5094 693 5142 et
732 5084 847 5156 ejus
885 5082 1226 5154 corruptione
1268 5084 1652 5152 praegravetur.
1694 5073 2072 5131 immortalitas

490 5177 633 5237 cuitu
658 5185 717 5233 et
742 5175 1069 5245 incorruptio
1083 5171 1324 5243 corporis
1347 5170 1414 5227 de
1436 5169 1662 5226 sanitate
1680 5166 1843 5224 animi
1869 5164 2068 5233 existit;

490 5270 691 5329 sanitas
717 5276 899 5326 autem
921 5265 1086 5323 animi
1108 5273 1191 5323 est
1214 5262 1525 5321 ﬁrmissime
1548 5260 1813 5318 inhaerere
1838 5258 2068 5330 potiori,

493 5360 600 5424 hoc
624 5369 708 5421 est
742 5356 1157 5418 incommutabili
1200 5357 1331 5413 Deo.
1373 5355 1505 5417 Cum
1533 5369 1665 5411 vero
1690 5354 1850 5411 etiam
1877 5352 1956 5409 eis
1980 5350 2071 5422 qui

490 5453 591 5510 sibi
616 5453 924 5509 naturaliter
936 5466 1092 5524 pares
1112 5456 1255 5518 sunt,
1283 5448 1384 5504 hoc
1411 5456 1518 5518 est,
1544 5446 1869 5514 hominibus,
1896 5444 2070 5501 domi-

491 5548 606 5604 nari
632 5545 866 5611 all‘ectat,
893 5542 1241 5600 intolerabilis
1260 5541 1477 5597 omnino
1496 5540 1743 5611 superbia
1766 5548 1868 5595 est.

490 5658 718 5719 CAPUT
754 5655 946 5714 XXIV.
973 5686 1050 5700 —
1076 5655 1241 5712 Nemo
1258 5672 1460 5711 carnem
1486 5671 1632 5709 «tum
1653 5654 1778 5719 odit,
1807 5651 2071 5723 nequidem

913 5749 992 5805 illi
1025 5749 1111 5821 qui
1135 5749 1191 5806 in
1214 5766 1324 5806 eant
1361 5751 1645 5820 insurgunt.

561 5861 656 5928 υ.
680 5862 851 5943 !!emtl
868 5878 999 5938 ergo
1025 5878 1086 5925 se
1107 5863 1240 5924 odit.
1275 5863 1343 5923 Et
1372 5860 1498 5923 hinc
1517 5860 1730 5934 quidem
1770 5860 1909 5916 nulla
1948 5875 2065 5916 rum

2172 489 2346 562 aliqua
2388 499 2534 546 secta
2569 492 2795 563 quaestio
2818 490 2930 548 fuit
2957 491 2997 547 ί.
3025 489 3135 551 Sed
3160 506 3336 565 neque
3376 506 3571 567 corpus
3598 510 3774 553 suum

2172 584 2453 655 quisquam
2480 583 2594 639 odit
2619 599 2841 640 :verum
2863 592 2946 640 est
2966 585 3114 641 enim
3142 584 3285 656 quod
3313 586 3389 642 ait
3417 589 3720 659 Aposttﬂus
3748 629 3767 657 ,

2176 674 2342 732 Nemo
2357 692 2577 748 unquam
2596 693 2799 731 carnem
2822 693 2968 733 suam
2986 678 3107 733 odio
3130 677 3306 734 habuit
3328 679 3546 753 (Eptm.
3560 699 3613 752 v,
3632 680 3765 757 29).

2174 769 2244 824 Et
2264 769 2409 839 quod
2435 769 2675 825 nonnulli
2700 768 2905 838 dicunt,
2936 771 3104 828 malle
3130 787 3195 828 se
3225 776 3446 830 omnino
3481 789 3603 832 esse
3637 776 3772 831 sine

2172 879 2417 936 corpore,
2443 864 2663 920 omnino
2691 865 2944 921 falluntur
2973 882 2990 921 :
3016 879 3125 922 non
3158 869 3306 924 enim
3340 883 3540 939 corpus
3573 884 3767 937 sutum,

2173 959 2267 1015 sed
2295 961 2664 1032 correptiones
2687 959 2804 1031 ejus
2829 969 2885 1016 et
2902 959 3118 1031 pondus
3146 962 3394 1019 oderunt.
3426 961 3543 1018 Non
3570 963 3773 1033 itaque

2172 1053 2376 1108 nullum
2400 1068 2614 1123 corpus,
2637 1052 2730 1109 sed
2762 1054 3124 1124 incorruptum
3146 1063 3201 1110 et
3226 1054 3604 1111 celerrimum‘
3636 1069 3777 1110 cor-

2174 1163 2274 1218 pus
2298 1148 2484 1203 volnnt
2508 1147 2704 1204 habere
2727 1164 2744 1201 :
2767 1147 2861 1202 sed
2883 1157 3072 1218 putant
3099 1148 3304 1203 nullum
3333 1165 3529 1219 corpus
3552 1162 3681 1205 esse
3718 1147 3771 1202 si

2175 1238 2284 1294 ta'le
2306 1238 2483 1304 fuerit,
2503 1239 2622 1310 quia
2642 1239 2746 1293 tale
2766 1237 2966 1308 aliquid
2986 1254 3106 1295 esse
3130 1239 3358 1295 animam
3382 1248 3584 1310 putant.
3599 1236 3773 1305 Quod

2172 1338 2350 1385 autem
2377 1331 2703 1386 continentia
2743 1330 2971 1401 quadam
3001 1340 3055 1386 et
3097 1330 3368 1388 laboribus
3393 1332 3542 1403 quasi
3567 1345 3772 1402 persc-

2171 1425 2261 1495 qui
2297 1425 2546 1479 videntur
2564 1440 2786 1492 corpora
2814 1438 2941 1491 sua;
2983 1423 3072 1495 qui
3101 1425 3202 1479 hoc
3227 1432 3371 1480 recte
3398 1424 3612 1489 faciunt,
3651 1437 3773 1477 non

2172 1516 2226 1571 id
2252 1524 2413 1588 agunt
2439 1525 2499 1572 ut
2525 1532 2631 1570 non
2660 1516 2888 1572 habeant
2915 1531 3129 1586 corpus,
3153 1517 3247 1572 sed
3276 1526 3334 1572 ut
3364 1517 3594 1572 habeant
3623 1514 3772 1569 sub-

2169 1608 2406 1680 jugatum
2442 1618 2496 1664 et
2536 1618 2778 1681 paratum
2810 1610 2875 1663 ad
2914 1624 3074 1680 opera
3114 1609 3433 1664 necessaria.
3480 1607 3774 1664 Libidines
3852 1609 3863 1622 '

2172 1702 2313 1757 enim
2345 1702 2483 1757 male
2520 1710 2728 1757 utentes
2762 1716 3007 1771 corpore,
3058 1701 3108 1756 id
3145 1709 3227 1756 est
3263 1699 3684 1756 consuetudines
3712 1707 3773 1753 et

2178 1792 2547 1850 inclinationes
2572 1795 2593 1826 ³
2615 1795 2805 1849 animae
2847 1794 2913 1849 ad
2944 1792 3227 1849 fruendum
3260 1793 3617 1859 inferioribus,
3663 1805 3770 1862 per

2173 1886 2339 1955 ipsius
2359 1888 2601 1957 corporis
2618 1888 2939 1944 laboriosam
2970 1888 3250 1959 quamdam
3283 1888 3520 1942 militiam
3547 1886 3769 1940 exstin-

2172 1991 2335 2047 guere
2360 1978 2625 2032 allectant.
2668 1978 2796 2032 Nam
2839 1993 2947 2033 non
2984 1992 3044 2034 se
3081 1976 3412 2047 interimunt,
3451 1977 3542 2032 sed
3569 1990 3773 2031 curam

2173 2084 2282 2125 sum
2310 2072 2631 2127 valetudinis
2650 2080 2862 2142 gerunt.
3631 2069 3643 2079 ’

2242 2163 2331 2218 25.
2357 2163 2457 2231 Qui
2487 2173 2660 2218 autem
2689 2177 2941 2233 perverse
2967 2160 3022 2216 id
3050 2168 3230 2231 agunt,
3262 2159 3410 2230 quasi
3437 2157 3773 2213 naturaliter

2173 2253 2388 2309 inimico
2420 2270 2518 2310 suo
2555 2253 2769 2326 corpori
2810 2254 3009 2308 bellum
3054 2253 3316 2323 ingerunt.
3367 2250 3422 2305 ln
3466 2266 3573 2321 quo
3626 2249 3777 2305 fallit

2173 2360 2266 2402 eos
2293 2347 2432 2417 quod
2460 2348 2640 2419 legunt
2667 2363 2679 2399 :
2708 2344 2839 2401 Caro
2863 2345 3170 2414 concupiscit
3208 2343 3445 2398 adversus
3472 2342 3722 2410 spiritum
3753 2382 3770 2408 ,

2172 2447 2221 2493 et
2244 2439 2452 2510 spiritus
2480 2441 2717 2493 adversus
2742 2454 2974 2501 carnem;
3003 2437 3111 2491 Iure
3139 2437 3271 2490 enim
3302 2434 3396 2489 sibi
3422 2434 3640 2489 invicem
3671 2432 3776 2487 ad—

2171 2539 2433 2584 versantur
2459 2530 2655 2601 (Galat.
2685 2547 2737 2596 v,
2769 2528 2879 2602 l7).
2904 2529 3112 2583 Dictum
3143 2536 3225 2583 est
3249 2528 3391 2583 enim
3418 2526 3518 2582 hoc
3538 2535 3773 2598 preptcr

2173 2621 2483 2677 indomitam
2512 2623 2779 2679 carnalem
2806 2619 3269 2684 consuetudinem,
3298 2617 3553 2674 adversus
3596 2632 3768 2689 quam

2173 2713 2391 2781 spiritus
2421 2712 2784 2783 concupiscit;
2813 2728 2919 2767 non
2949 2720 3007 2766 ut
3036 2711 3302 2767 interimat
3329 2724 3543 2780 corpus,
3578 2709 3679 2764 sed
3709 2718 3772 2764 ut

2171 2803 2600 2873 concupiscentia
2631 2803 2769 2873 ejus,
2801 2800 2855 2856 id
2894 2809 2978 2857 est
3016 2799 3403 2855 consuetudine
3446 2799 3586 2854 mala
3633 2798 3775 2854 cdo-

2172 2895 2322 2961 mita,
2350 2895 2505 2951 faciat
2532 2894 2740 2964 spiritui
2766 2894 3106 2965 subjugatum
3130 2890 3173 2957 ⁵.
3191 2890 3331 2961 quod
3356 2890 3608 2965 naturalis
3626 2890 3769 2944 ordo

2172 2986 2459 3042 desiderat.
2491 2963 2626 3053 Quia
2649 2985 2791 3041 enim
2826 2963 2945 3039 hoc
2966 2984 3069 3039 erit
3092 2990 3226 3053 ,post
3264 2963 3721 3035 resurrectionem
3743 3019 3763 3047 ,

2172 3088 2230 3134 ut
2258 3094 2453 3148 corpus
2477 3077 2783 3134 omnimodo
2815 3092 2935 3132 cum
2961 3077 3137 3147 quiete
3162 3073 3367 3129 summa
3397 3072 3605 3143 spiritui
3627 3071 3764 3126 sub-

2172 3172 2340 3227 ditum
2372 3170 2747 3228 immortaliter
2767 3170 2961 3241 vigeat,
2985 3168 3088 3224 hoc
3108 3168 3266 3222 etiam
3296 3165 3347 3220 in
3372 3164 3475 3220 hac
3500 3166 3607 3219 vita
3638 3179 3764 3220 me-

2172 3263 2447 3319 ditandum
2477 3272 2578 3329 est,
2603 3272 2663 3319 ut
2682 3261 3011 3320 consuetudo
3030 3259 3259 3316 carnalis
3295 3265 3530 3313 mutetur
3560 3257 3613 3312 in
3642 3271 3767 3312 me-

2172 3358 2305 3424 lius,
2355 3374 2454 3414 nec
2494 3357 2807 3414 inordinatis
2833 3354 3064 3410 motibus
3091 3352 3305 3407 resistat
3346 3349 3572 3421 spiritui.
3603 3349 3765 3417 Quod

2173 3449 2342 3507 donec
2386 3450 2515 3518 liat,
2572 3464 2698 3506 caro
2740 3445 3067 3517 concupiscit
3104 3443 3358 3500 adversus
3395 3441 3665 3513 spiritum,
3708 3448 3767 3496 et

2174 3545 2393 3615 spiritus
2416 3542 2674 3601 adversus
2702 3556 2919 3598 carnem
2946 3557 2961 3594 :
2993 3554 3102 3595 non
3129 3553 3228 3610 per
3261 3535 3442 3592 odium
3470 3535 3765 3592 resistente

2174 3635 2384 3707 spiritu,
2417 3634 2511 3690 sed
2538 3650 2634 3704 per
2662 3632 3017 3703 principatum
3041 3647 3057 3697 ;
3089 3629 3211 3700 quia
3235 3628 3405 3699 magis
3424 3626 3565 3698 quod
3586 3625 3767 3695 diligit

2174 3728 2286 3782 vult
2312 3726 2579 3781 subditum
2606 3739 2726 3780 esse
2750 3722 2955 3779 meliori
2985 3738 2998 3775 :
3028 3734 3130 3776 nec
3155 3735 3247 3789 per
3275 3717 3454 3774 odium
3476 3716 3766 3773 resistente

2172 3835 2351 3884 carne,
2371 3817 2465 3873 sed
2493 3833 2592 3889 per
2618 3814 3017 3873 consuetudinis
3040 3812 3334 3878 vinculum,
3359 3810 3498 3883 quod
3514 3824 3544 3864 a
3566 3824 3767 3879 paren-

2175 3919 2283 3965 tum
2311 3909 2472 3965 etiam
2498 3907 2789 3979 propagine
2816 3906 3168 3961 inveteratum
3199 3913 3406 3958 natura:
3434 3901 3551 3971 lege
3585 3899 3765 3955 inole-

2172 4002 2267 4058 vit.
2295 4000 2352 4057 Id
2382 4014 2510 4071 ergo
2536 3998 2644 4070 agit
2671 3998 2891 4069 spiritus
2916 3996 2969 4051 in
2994 3993 3259 4051 domanda
3289 4007 3471 4061 carne,
3504 4001 3563 4046 ut
3589 3991 3768 4047 solvat

2173 4093 2327 4150 malae
2351 4090 2753 4148 consuetudinis
2775 4090 2929 4163 quasi
2956 4098 3107 4160 pacta
3146 4101 3417 4157 perversa,
3455 4093 3511 4141 et
3537 4083 3629 4139 liat
3656 4098 3765 4154 pax

2173 4186 2572 4245 consuetudinis
2597 4185 2772 4241 bonae.
2790 4182 2991 4240 Tamen
3010 4196 3109 4238 nec
3129 4180 3212 4236 isti
3241 4177 3331 4251 qui
3356 4176 3484 4234 falsa
3506 4176 3766 4249 opinione

2174 4279 2448 4350 depravati
2470 4292 2694 4349 corpora
2715 4291 2810 4332 sua
2831 4275 3183 4336 detestantur,
3204 4270 3372 4341 parati
3393 4276 3575 4323 essent
3596 4280 3764 4323 unum

2175 4373 2387 4430 oculum
2435 4371 2518 4427 vel
2565 4370 2682 4427 sine
2722 4383 2889 4426 sensu
2926 4366 3126 4424 doloris
3151 4365 3417 4432 amittere,
3461 4361 3676 4418 etiamsi
3709 4361 3765 4416 in

2175 4468 2343 4525 altero
2385 4475 2563 4522 tantus
2611 4463 2865 4521 cernendi
2909 4475 3098 4518 sensus
3142 4465 3479 4523 remaneret,
3528 4463 3765 4526 quantus

2175 4560 2365 4615 eratin
2387 4558 2613 4624 duobus,
2630 4556 2733 4613 nisi
2748 4555 2926 4626 aliqua
2951 4568 3038 4610 res
3061 4568 3179 4624 qua:
3206 4546 3564 4621 prmponenda
3595 4553 3759 4615 esset,

2175 4659 2406 4723 urgeret.
2438 4651 2544 4706 Isto
2571 4658 2728 4722 atque
2754 4645 3056 4719 hujusmodi
3075 4643 3394 4699 documento
3429 4636 3558 4693 satis
3579 4647 3762 4693 osten—

2175 4742 2316 4797 ditur
2336 4742 2415 4798 eis
2443 4741 2533 4811 qui
2558 4742 2673 4796 sine
2706 4737 2995 4812 pertinacia
3034 4749 3217 4791 verum
3268 4729 3564 4801 requirunt,
3599 4729 3779 4800 quam'

2174 4842 2320 4890 certa
2349 4833 2613 4891 sententia
2644 4832 2713 4889 sit
2739 4828 3002 4903 Apostoli,
3031 4825 3122 4882 ubi
3150 4825 3222 4879 ait
3255 4841 3270 4879 :
3299 4820 3465 4877 Nemo
3492 4820 3627 4876 enim
3662 4836 3763 4873 un-

2174 4942 2327 4996 quam
2351 4941 2553 4979 carnem
2579 4939 2727 4979 suam
2766 4921 2883 4976 odio
2926 4919 3114 4973 habuit.
3165 4912 3382 4971 Addidit
3418 4912 3578 4968 etiam
3609 4930 3621 4964 :
3654 4907 3761 4965 Sed

2175 5018 2333 5075 nutrit
2357 5026 2405 5074 et
2431 5017 2561 5090 fovet
2587 5033 2718 5084 eam,
2745 5014 2874 5071 sicut
2897 5010 3126 5069 Christus
3153 5007 3455 5067 Ecclesium.

2175 5110 2403 5170 CAPUT
2439 5109 2608 5169 XXV.
2637 5138 2711 5151 —
2735 5106 2851 5162 Etsi
2878 5103 3072 5175 aliquid
3109 5100 3330 5170 atnplius
3354 5097 3581 5170 diligitur
3604 5110 3758 5168 quam

2423 5218 2624 5275 corpus,
2651 5217 2751 5257 non
2775 5208 2941 5254 tamen
2961 5211 3145 5268 corpus
3163 5192 3281 5247 odio
3302 5190 3532 5245 habetur.

2245 5297 2335 5355 26.
2367 5295 2554 5353 Modus
2579 5308 2708 5365 ergo
2731 5288 2985 5362 diligendi
3017 5282 3407 5358 praecipiendus
3426 5287 3511 5337 est
3532 5277 3756 5346 homini,

2241 5428 2394 5498 {_Bad.
2418 5435 2520 5498 Am.
2546 5412 3759 5498 etp-.wtliincquidanaanaliquamtam’

2178 5491 2312 5543 nulla
2326 5488 2531 5555 Aqutzstio
2553 5487 2660 5551 fuit.
3652 5511 3659 5517 .

2240 5555 2261 5587 ε·
2286 5552 2395 5602 Bad.
2419 5557 2520 5599 Am.
2548 5555 2601 5599 et
2617 5554 2722 5609 Er.,
2743 5558 2844 5597 uno
2860 5551 3047 5599 tantum
3066 5541 3491 5606 umquam,
3510 5532 3760 5604 iuga-rt-

2175 5627 2324 5666 ωιιηι.

2238 5677 2260 5709 ³
2281 5680 2487 5733 Quatuor
2508 5669 2722 5722 melioris
2740 5677 2869 5721 noue
2888 5676 3018 5729 Ilss.,

2239 5737 2399 5808 ’,ειεὶιί
2422 5736 2659 5808 manes
2673 5746 2693 5808 =.
2707 5721 3627 5808 “immansueta

2509 5794 2635 5862 mole
2660 5792 2889 5846 domitam
2923 5787 3070 5858 faciti!
3678 5787 3759 5835 uti

2177 5860 2375 5914 lectioni
2393 5864 2593 5924 prastat.
2610 5856 2759 5922 longe
2780 5870 2843 5909 ea
2861 5855 3007 5920 quam
3024 5866 3096 5906 ex
3125 5860 3231 5904 uss.
3254 5855 3576 5902 restituentis.
