4060 6464
253 402 332 457 29
773 378 776 382 ’
1660 401 1863 460 LIBER
1893 402 2171 464 ramus.
3475 426 3550 485 ω

253 514 313 570 id
350 525 464 582 est,
498 513 768 585 quomodo
792 526 852 568 se
876 512 1058 583 diligat
1083 519 1139 567 ut
1165 511 1334 583 prosit
1368 513 1490 570 sibi.
1514 513 1649 582 Quin
1683 524 1860 572 autem

257 623 320 664 se
342 609 537 679 diligat
558 617 614 663 et
633 607 892 680 prodesse
913 606 1011 664 sibi
1032 605 1176 670 velit,
1200 606 1441 662 dubitare
1467 607 1731 664 dementis
1758 616 1858 664 est.

253 695 698 768 Prtecipiendum
726 698 886 753 etiam
918 696 1184 768 quomodo
1222 714 1416 768 corpus
1456 715 1610 754 suum
1640 700 1860 770 diligat,

257 798 319 844 nt
340 791 394 845 ei
417 790 668 845 ordinate
693 789 1086 860 prudenterque
1114 789 1376 844 consulat.
1406 789 1539 845 Nam
1565 792 1708 862 quod
1735 792 1860 848 dili-

257 892 352 955 gat
383 885 550 938 etiam
579 898 774 955 corpus
810 898 986 950 suum,
1018 883 1176 953 idque
1216 883 1419 939 salvum
1463 884 1660 941 habere
1706 897 1862 958 atque

255 975 538 1045 integrum
564 975 733 1040 velit,
760 989 913 1045 aeque
939 973 1276 1029 manifestum
1305 983 1405 1032 est.
1435 976 1646 1046 Aliquid
1687 978 1862 1048 itaque

249 1068 504 1137 amplius
528 1067 753 1139 diligere
782 1069 973 1140 aliquis
999 1077 1206 1140 potest,
1249 1085 1407 1140 quam
1445 1071 1669 1126 salutem
1700 1082 1861 1143 atque

259 1160 633 1228 integritatem
660 1163 902 1230 corporis
931 1161 1033 1215 sui.
1078 1159 1215 1216 Nam
1264 1160 1416 1215 multi
1459 1170 1513 1216 et
1555 1162 1769 1218 dolores
1807 1172 1861 1220 et

257 1251 586 1306 amissiones
617 1251 986 1306 nonnullorum
1001 1251 1358 1306 membrorum
1379 1252 1702 1307 voluntarias
1732 1269 1852 1309 sus-

259 1341 474 1410 mpisse
505 1341 854 1396 inveniuntur
876 1385 889 1408 ,
916 1341 1010 1397 sed
1056 1351 1114 1396 ut
1155 1342 1256 1396 alia
1287 1359 1405 1412 qute
1431 1343 1656 1413 amplius
1678 1344 1859 1415 dilige-

255 1432 410 1502 bant,
435 1443 914 1505 consequerentur.
956 1433 1070 1488 Non
1112 1449 1242 1504 ergo
1270 1445 1548 1505 propterea
1579 1436 1858 1507 quisquam

262 1525 522 1581 dicendus
545 1535 631 1581 est
651 1541 763 1580 non
779 1525 1000 1596 diligere
1021 1525 1242 1582 salutem
1266 1536 1424 1597 atque
1442 1527 1858 1584 incolumitatem

262 1618 507 1686 corporis
543 1617 650 1684 sui,
678 1618 800 1687 quia
827 1617 947 1688 plus
973 1618 1167 1688 aliquid
1199 1618 1386 1689 diligit.
1418 1612 1546 1673 Nam
1575 1628 1629 1674 et
1658 1635 1851 1676 avarus

264 1710 510 1778 quamvis
546 1710 824 1779 pecuniam
856 1709 1068 1781 diligat,
1093 1718 1268 1766 tamen
1311 1713 1440 1766 emit
1479 1712 1578 1766 sibi
1617 1729 1852 1784 panem:

261 1800 401 1870 quod
433 1815 558 1855 cum
606 1802 745 1868 facit,
795 1801 884 1856 dat
923 1802 1198 1871 pecuniam
1243 1819 1399 1873 quam
1432 1805 1654 1858 multum
1686 1805 1857 1876 diligit

259 1902 315 1948 et
339 1908 539 1963 angere
566 1893 865 1957 desiderat;
894 1894 984 1948 sed
1014 1895 1133 1965 quia
1157 1895 1325 1965 pluris
1359 1897 1586 1950 :rstimat
1623 1897 1850 1952 salutem

261 1985 510 2053 corporis
551 1985 657 2050 sui,
699 2001 816 2055 qua!
845 1985 934 2038 illo
961 2001 1096 2054 pane
1128 1985 1356 2040 fulcitur.
1387 1983 1854 2056 Supervacaneum

261 2085 345 2130 est
382 2076 586 2130 diutius
612 2076 678 2131 de
704 2091 763 2131 re
791 2075 1222 2132 manifestissima
1257 2078 1548 2148 disputare,
1591 2080 1734 2150 quod
1773 2088 1854 2135 ta-

261 2183 385 2222 men
411 2169 731 2240 plerumque
761 2185 858 2224 nos
884 2168 1056 2224 facere
1086 2171 1231 2240 cogit
1259 2186 1411 2226 error
1439 2173 1742 2242 impiorum.

257 2255 488 2315 CAPUT
525 2258 721 2314 XXVI.
747 2289 822 2300 —
847 2256 1164 2332 Prwceptum
1196 2259 1258 2314 de
1280 2259 1389 2316 Deo
1415 2271 1460 2316 et
1486 2265 1735 2333 proximo,
1754 2264 1857 2318 imo

621 2360 666 2405 et
691 2351 752 2406 de
774 2352 936 2423 seipso
960 2352 1217 2424 diligendo
1242 2354 1414 2408 datum
1437 2364 1530 2410 est.

330 2441 424 2498 27.
456 2440 624 2512 Ergo,
671 2443 918 2512 quoniam
966 2453 1234 2514 prateepto
1263 2461 1369 2500 non
1400 2462 1534 2516 opus
1577 2456 1660 2502 est
1698 2457 1759 2504 ut
1795 2463 1857 2506 se

261 2536 489 2607 quisque
517 2545 574 2590 et
601 2550 796 2605 corpus
844 2551 996 2591 suum
1027 2535 1230 2606 diligat,
1263 2537 1316 2592 id
1356 2547 1467 2603 est,
1510 2540 1756 2609 quoniam
1802 2540 1856 2596 id

261 2629 400 2699 quod
434 2643 644 2695 sumus,
675 2639 726 2682 et
757 2628 977 2698 idquod
1005 2629 1138 2683 infra
1167 2645 1263 2684 nos
1289 2639 1391 2696 est,
1439 2631 1505 2685 ad
1542 2648 1638 2686 nos
1679 2642 1855 2689 tamen

263 2721 515 2790 pertinet,
548 2720 866 2775 inconcussa
907 2729 1108 2775 natura:
1141 2721 1259 2792 lege
1302 2722 1590 2793 diligimus,
1644 2741 1760 2795 quae
1800 2726 1854 2780 in

262 2809 467 2864 bestias
486 2810 646 2865 etiam
679 2811 1009 2881 promulgata
1040 2822 1118 2866 est
1149 2811 1291 2884 (nam
1313 2822 1367 2867 et
1395 2813 1579 2869 bestiae
1604 2829 1662 2869 se
1691 2825 1850 2886 atque

263 2918 492 2973 corpora
532 2918 629 2957 sua
674 2903 957 2974 diligunt);
1002 2907 1238 2960 restabat
1281 2915 1338 2960 ut
1376 2913 1431 2960 et
1473 2906 1538 2961 de
1588 2908 1676 2962 illo
1711 2909 1855 2978 quod

263 3011 424 3064 supra
447 3009 549 3049 nos
571 3003 674 3059 est,
706 3003 758 3048 ct
785 2994 851 3049 de
876 2994 968 3050 illo
990 2996 1132 3067 quod
1155 2997 1303 3066 juxta
1331 3013 1430 3052 nos
1460 3006 1562 3064 est,
1584 3008 1853 3069 prtecepta

263 3103 620 3143 sumeremus.
653 3086 877 3158 Diliges,
911 3088 1100 3157 inquit,
1139 3088 1411 3142 Dominum
1441 3088 1606 3143 Deum
1631 3099 1768 3144 tuum
1794 3107 1857 3146 ea:

264 3189 367 3233 toto
395 3179 549 3233 corde
573 3188 678 3244 tuo,
710 3189 756 3232 et
794 3195 856 3232 ea:
888 3187 989 3232 tota
1018 3180 1189 3233 anima
1218 3191 1305 3234 tua
1324 3222 1338 3247 ,
1377 3191 1423 3235 et
1462 3197 1525 3236 ea:
1558 3190 1662 3235 tota
1691 3192 1857 3237 mente

265 3278 374 3335 tua,
404 3279 451 3323 et
476 3271 656 3341 diliges
685 3272 973 3342 proximum
999 3281 1139 3325 tuum
1163 3281 1398 3338 tauquam
1425 3273 1656 3342 teipsum.
1684 3271 1752 3327 In
1777 3274 1856 3329 Itis

264 3361 464 3415 duobus
494 3363 753 3433 praeceptis
781 3371 884 3416 tota
914 3362 1021 3418 Lea:
1049 3365 1226 3433 pendet
1253 3375 1297 3418 et
1329 3364 1600 3436 Prop/tetu:
1637 3365 1852 3435 (Matth.

264 3467 403 3518 xm,
428 3454 808 3525 57-40).Fiuis
832 3455 1009 3524 itaque
1038 3457 1286 3526 prtecepti
1307 3466 1387 3510 est
1411 3455 1624 3511 dilectio
1651 3458 1692 3529 (Ι
1721 3456 1851 3514 Tim.

266 3559 308 3610 ι,
337 3543 425 3616 5),
455 3553 513 3600 et
539 3559 598 3599 ea
619 3547 842 3616 gemina,
871 3547 921 3601 id
953 3555 1036 3602 est
1065 3548 1156 3602 Dei
1189 3558 1241 3602 et
1270 3548 1518 3618 proximi.
1549 3548 1701 3615 Quod
1728 3550 1770 3603 si
1803 3557 1855 3605 te

269 3645 443 3690 totum
495 3636 786 3708 intelligas,
833 3638 886 3693 id
927 3648 1008 3694 est
1033 3639 1269 3694 animum
1299 3647 1352 3694 et
1381 3653 1572 3709 corpus
1602 3647 1772 3707 tuum,
1801 3648 1857 3696 et

265 3729 571 3798 proximum
600 3737 789 3796 totum,
807 3730 856 3784 id
878 3739 960 3785 est
983 3731 1221 3785 animum
1249 3741 1302 3785 et
1320 3746 1514 3800 corpus
1534 3731 1648 3800 ejus
1673 3731 1855 3804 (homo

267 3821 415 3873 enim
446 3836 509 3875 ex
542 3821 723 3876 animo
761 3831 970 3877 constat
1013 3832 1066 3878 et
1102 3821 1398 3894 corpore),
1439 3824 1641 3878 nullum
1675 3839 1853 3878 rerum

267 3909 660 3981 dlligendarum
686 3929 853 3984 genus
881 3915 932 3968 in
958 3913 1040 3969 his
1071 3913 1278 3969 duobus
1313 3916 1593 3984 praeceptis
1630 3925 1852 3986 praeter-

268 4002 490 4056 missum
519 4012 618 4058 est.
646 4001 780 4059 Cum
811 4003 953 4060 enim
983 4015 1276 4076 praecurrat
1303 4006 1514 4062 dilectio
1553 4008 1666 4074 Dei,
1708 4008 1852 4077 ejus-

268 4108 373 4162 que
413 4093 716 4150 dilectionis
757 4095 946 4150 modus
997 4099 1336 4168 praescriptus
1377 4108 1650 4169 appareat,
1694 4100 1763 4154 ita
1795 4109 1854 4156 ut

268 4195 462 4240 caetera
495 4187 546 4241 in
575 4187 723 4242 illum
753 4188 1042 4254 confluant,
1074 4191 1141 4247 de
1169 4191 1452 4248 dilectione
1481 4202 1565 4247 tua
1597 4193 1728 4247 nihil
1773 4193 1855 4249 di-

267 4287 414 4334 ctum
439 4278 686 4345 videtur;
726 4280 821 4335 sed
847 4296 967 4336 cum
995 4281 1192 4336 dictum
1219 4292 1321 4350 est,
1347 4281 1542 4355 Diliges
1563 4284 1854 4356 proximum

269 4378 411 4422 tuum
459 4380 698 4441 tanquam
746 4372 960 4442 teipsum
983 4415 1000 4442 ,
1039 4373 1198 4430 simul
1243 4382 1298 4432 et
1326 4374 1403 4430 tui
1432 4376 1526 4431 abs
1559 4384 1611 4432 te
1639 4376 1854 4433 dilectio

267 4473 375 4514 non
409 4462 768 4532 praetermissa
797 4472 900 4519 est.

537 4552 764 4611 CAPUT
789 4553 1002 4610 XXVII.
1027 4586 1098 4597 —
1122 4553 1258 4611 Ordo
1280 4556 1580 4614 dilectionis.

343 4644 434 4701 28.
467 4646 562 4702 Ille
592 4658 768 4703 autem
793 4650 936 4718 juste
961 4658 1014 4704 et
1042 4660 1223 4706 sancte
1250 4650 1393 4717 vivit,
1426 4652 1514 4722 qui
1544 4668 1722 4708 rerum
1768 4653 1852 4707 in-

269 4749 423 4812 teger
449 4743 743 4796 aestimator
777 4752 860 4798 est
892 4761 906 4799 :
936 4744 1048 4814 ipse
1091 4752 1174 4798 est
1212 4753 1388 4800 autem
1423 4745 1510 4813 qui
1557 4745 1853 4800 ordinatam

270 4830 612 4888 dilectionem
643 4831 825 4902 habet,
866 4850 932 4889 ne
971 4843 1061 4889 aut
1087 4835 1269 4904 diligat
1307 4835 1445 4905 quod
1475 4851 1580 4890 non
1610 4845 1691 4891 est
1726 4835 1852 4891 dili-

268 4922 526 4994 gendum,
557 4932 648 4978 aut
689 4939 797 4978 non
841 4925 1025 4995 diligat
1069 4925 1211 4996 quod
1252 4935 1334 4981 est
1375 4925 1718 4996 diligendum,
1765 4935 1856 4982 aut

269 5014 499 5083 amplius
523 5013 705 5086 diligat
726 5015 866 5085 quod
894 5016 1070 5070 minus
1095 5025 1179 5071 est
1200 5016 1547 5088 diligendum,
1583 5026 1674 5073 aut
1703 5033 1855 5088 aeque

270 5105 456 5176 diligat
482 5105 625 5176 quod
652 5105 734 5160 vel
763 5107 938 5161 minus
972 5107 1057 5162 vel
1099 5109 1330 5178 amplius
1370 5108 1692 5178 diligendum
1731 5119 1851 5177 est,

269 5207 360 5252 aut
405 5198 584 5255 minus
620 5199 704 5254 vel
736 5200 964 5270 amplius
1009 5201 1150 5271 quod
1193 5217 1343 5271 teque
1380 5201 1700 5273 diligendum
1748 5211 1851 5258 est.

270 5289 458 5348 Omnis
485 5300 733 5361 peccator
758 5294 810 5348 in
840 5303 1091 5364 quantum
1114 5304 1374 5365 peccator
1397 5304 1498 5361 est,
1538 5311 1643 5352 non
1665 5306 1748 5352 est
1773 5297 1856 5352 di-

271 5382 546 5453 ligendus;
574 5393 627 5440 et
656 5385 832 5440 omnis
867 5385 1028 5442 homo
1055 5389 1107 5441 in
1132 5395 1386 5457 quantum
1415 5388 1575 5443 homo
1600 5398 1698 5454 est,
1737 5388 1856 5443 dili-

269 5476 478 5546 gendus
505 5485 588 5534 est
616 5480 1032 5548 propter'Deum,
1057 5482 1194 5536 Deus
1210 5497 1342 5535 vero
1363 5492 1579 5552 propter
1595 5482 1852 5552 seipsum.

271 5567 339 5625 Et
365 5571 408 5622 si
431 5569 583 5625 Deus
607 5573 756 5626 omni
785 5572 1000 5629 homine
1021 5575 1250 5644 amplius
1287 5575 1586 5647 diligendus
1601 5586 1705 5643 est,
1735 5592 1853 5630 am-

273 5661 414 5732 plius
461 5665 687 5735 quisque
727 5665 887 5721 debet
925 5668 1089 5723 Deum
1133 5669 1353 5739 diligere
1396 5686 1552 5740 quam
1596 5670 1851 5740 seipsum.

271 5751 406 5808 Item
433 5756 662 5826 amplius
695 5757 834 5813 alius
860 5757 1024 5815 homo
1047 5761 1348 5832 diligendus
1371 5773 1460 5818 est
1481 5779 1639 5832 quam
1661 5779 1856 5834 corpus

273 5854 520 5905 nostrum
558 5863 574 5920 ;
615 5849 739 5922 quia
775 5861 993 5924 propter
1023 5853 1193 5913 Deum
1231 5853 1412 5914 omnia
1451 5854 1555 5917 ista
1585 5855 1850 5931 diligenda

1967 530 2108 588 sunt,
2123 529 2187 575 et
2207 528 2380 593 potest
2399 525 2669 586 nobiscum
2685 528 3127 595 aliusbomoDao
3148 537 3370 608 perfrui,
3391 543 3537 612 quod

1966 632 2072 673 non
2101 627 2279 688 potest
2297 635 2518 695 corpus;
2548 626 2672 698 quia
2689 642 2884 701 ctu-pus
2904 645 3008 702 per
3023 633 3259 692 animum
3279 635 3411 693 vivit
3421 653 3536 708 qua

1966 708 2194 766 fruimur
2213 712 2345 767 Deo.

1964 801 2190 860 CAPUT
2218 804 2452 861 XXVIII.
2478 837 2551 850 —
2583 808 2677 865 Cui
2703 815 3127 884 “enarrandum,
3165 818 3370 888 qundo
3405 835 3535 878 αισ-

2187 911 2386 952 currere
2413 899 2659 967 omnibus,
2686 901 2767 958 vel
2791 904 2986 962 duobus
3009 924 3109 965 non
3125 909 3312 978 possit.

2033 983 2123 1042 29.
2165 987 2364 1046 Omnes
2402 999 2578 1048 autem
2615 1009 2768 1064 teque
2795 997 3056 1067 diligendi
3078 1009 3206 1056 sum
3233 1001 3374 1058 :sed
3407 1017 3535 1060 cum

1964 1077 2209 1134 omnibus
2235 1080 2488 1148 prodesse
2512 1100 2616 1138 non
2642 1088 2836 1154 possis,
2866 1089 2949 1144 bis
2970 1092 3307 1160 potissimm
3335 1109 3537 1150 conati-

1962 1166 2177 1223 lendum
2205 1181 2305 1238 est,
2342 1173 2431 1242 qui
2461 1190 2566 1244 ,pro
2589 1176 2827 1233 locorum
2860 1190 2913 1235 et
2943 1190 3239 1253 temperan
3273 1187 3359 1242 vel
3407 1203 3537 1257 qua-

1961 1260 2213 1316 rumlibet
2263 1278 2444 1320 rerum
2492 1271 3006 1338 opportunitatibus,
3054 1277 3392 1334 constrictius
3432 1279 3537 1336 tibi

1961 1351 2111 1421 quasi
2153 1353 2379 1424 quadam
2419 1366 2564 1413 sorte
2604 1359 2912 1430 junguntur.
2937 1363 3090 1420 Sicut
3135 1368 3300 1434 etum,
3349 1368 3402 1424 si
3433 1368 3538 1425 tibi

1959 1441 2252 1499 abundaret
2279 1445 2500 1516 aliquid,
2533 1451 2674 1519 quod
2713 1451 2828 1507 dari
2873 1464 3146 1523 oporteret
3192 1458 3243 1513 ei
3287 1459 3386 1528 qui
3417 1474 3536 1518 :non

1962 1531 2198 1601 haberet,
2230 1552 2331 1592 nec
2355 1537 2561 1594 duobus
2589 1541 2702 1596 dari
2733 1551 2933 1613 posset,
2963 1547 3016 1601 si
3055 1547 3151 1603 tibi
3175 1557 3532 1610 noctuvth

1961 1624 2067 1680 duo
2087 1669 2102 1694 ,
2131 1645 2354 1697 quorum
2394 1641 2583 1688 neuter
2601 1635 2762 1691 alium
2780 1637 2861 1692 vel
2878 1638 3189 1709 indigentia,
3217 1643 3306 1697 uel
3325 1657 3450 1713 erga
3473 1650 3536 1700 te

1959 1717 2134 1788 aliqua
2163 1723 2552 1781 necessitudine
2579 1737 2888 1797 superaret;
2921 1731 3060 1785 nihil
3097 1733 3297 1802 iustius
3331 1734 3538 1790 laceres

1960 1825 2118 1878 quam
2152 1821 2209 1866 ut
2245 1825 2389 1870 sorte
2422 1817 2646 1887 legeres,
2685 1822 2775 1875 cui
2810 1821 3040 1877 dandum
3071 1834 3214 1881 esset
3241 1826 3380 1896 quod
3419 1827 3537 1883 dari

1964 1903 2173 1973 utrique
2198 1921 2304 1961 non
2326 1920 2506 1977 posset
2531 1911 2646 1967 :sic
2663 1912 2716 1967 in
2744 1913 3044 1970 numinibus
3070 1919 3260 1987 quibus
3287 1920 3538 1976 omnibus

1959 1997 2239 2052 consulere
2274 2014 2507 2069 nequeas
2529 2042 2545 2068 ,
2583 2018 2682 2074 pro
2721 2013 2867 2061 sorte
2897 2007 3205 2065 habendum
3227 2018 3336 2079 est,
3373 2018 3540 2082 prout

1955 2086 2182 2156 quisque
2223 2090 2316 2146 tibi
2361 2095 2718 2163 temporaliter
2761 2099 3059 2170 colligatius
3104 2102 3383 2159 adhcret‘e
3435 2117 3538 2174 μ-

1958 2181 2140 2236 tuerit.

1955 2273 2184 2330 CAPUT
2223 2275 2415 2333 XXIX.
2451 2307 2526 2322 --
2569 2281 2862 2352 Optandum
2896 2293 2943 2339 et
2985 2286 3236 2358 agendum
3267 2298 3333 2344 tu
3367 2304 3539 2346 llum

2542 2372 2705 2428 Deum
2727 2375 2961 2446 diligant.

2035 2460 2125 2516 50.
2155 2460 2405 2517 Omnium
2429 2473 2608 2520 autem
2629 2467 2718 2536 qui
2741 2468 3011 2523 nobiscum
3037 2468 3140 2524 frui
3161 2480 3386 2542 possunt
3397 2472 3536 2540 ﬂeo,

1957 2555 2150 2624 partim
2188 2570 2282 2612 eos
2317 2557 2584 2628 diligimus
2619 2559 2638 2592 ⁸
2675 2575 2806 2630 quos
2845 2562 2945 2631 ipsi
2979 2563 3312 2634 adjuvamus,
3347 2565 3538 2634 partim

1954 2659 2054 2700 eos
2077 2659 2106 2700 a
2132 2645 2324 2716 quibus
2345 2648 2674 2718 adiuvamur,
2695 2652 2888 2719 partim
2918 2668 3142 2722 quorum
3161 2655 3538 2725 etindigems

1903 2766 1913 2776 -
1957 2735 2254 2806 adjutorio,
2281 2746 2336 2794 et
2374 2739 2673 2810 indigentiae
2691 2742 3302 2814 subvenimus;-partirn
3343 2747 3538 2816 quibus

1951 2843 2061 2883 nec
2089 2829 2193 2898 ipsi
2215 2829 2546 2887 conferimus
2579 2831 2774 2903 aliquid
2793 2835 3073 2889 commodi
3093 2877 3108 2903 ,
3141 2851 3239 2891 nec
3271 2835 3340 2890 ab
3359 2837 3443 2892 eis
3472 2844 3541 2893 ut

1957 2919 2112 2974 nobis
2149 2921 2454 2978 conferatur
2491 2923 2828 2979 attendimus.
2873 2925 3022 2982 Velle
3064 2933 3240 2982 tamen
3284 2927 3540 2985 debemus

1960 3020 2018 3066 ut
2041 3028 2228 3069 omnes
2253 3015 2532 3071 nobiscum
2555 3017 2774 3086 diligant
2798 3019 2987 3084 Deum,
3019 3028 3073 3076 et
3095 3029 3264 3075 totum
3288 3021 3429 3092 quod
3454 3020 3541 3078 vel

1959 3119 2052 3160 eos
2078 3106 2389 3176 adjuvamus
2416 3109 2501 3164 vel
2526 3111 2839 3181 adjuvantur
2863 3113 2930 3166 ab
2963 3114 3040 3167 eis
3060 3155 3076 3181 ,
3103 3112 3171 3168 ad
3196 3129 3359 3168 unum
3385 3114 3538 3169 illum

1959 3201 2120 3254 linem
2161 3201 2495 3258 referendum
2524 3212 2627 3258 est.
2659 3204 2713 3260 Si
2755 3205 2898 3259 enim
2930 3205 2982 3259 iu
3025 3205 3245 3261 theatris
3294 3207 3540 3278 nequitia:

1959 3291 2048 3360 qui
2074 3291 2300 3362 aliquem
2326 3293 2497 3363 diligit
2525 3294 2858 3361 histrionem,
2881 3306 2934 3352 et
2957 3307 3209 3367 tanquam
3238 3313 3429 3368 magno
3455 3298 3540 3354 vel

1953 3383 2120 3437 etiam
2146 3397 2356 3437 summo
2378 3385 2520 3440 bono
2543 3385 2659 3457 ejus
2686 3397 2800 3442 arte
2823 3389 3133 3458 perfruitur,
3161 3403 3346 3443 omnes
3371 3388 3542 3460 diligit

1957 3476 2048 3544 qui
2077 3490 2196 3530 eum
2229 3477 2456 3546 diligunt
2483 3494 2695 3544 secum,
2728 3497 2836 3535 non
2863 3491 3077 3551 propter
3100 3481 3252 3549 illos,
3285 3483 3379 3537 sed
3413 3498 3540 3554 pro-

1948 3575 2078 3636 pter
2097 3583 2216 3622 eum
2247 3585 2402 3639 quem
2427 3571 2630 3642 pariter
2651 3572 2874 3642 diligunt
2896 3592 2910 3640 ;
2931 3583 2988 3629 et
3015 3583 3214 3646 quanto
3239 3583 3320 3632 est
3344 3577 3396 3631 in
3414 3577 3541 3646 ejus

1957 3673 2140 3713 amore
2173 3659 2460 3716 ferventior
2481 3705 2494 3728 ,
2528 3671 2672 3718 tanto
2699 3667 2805 3734 agit
2829 3666 3023 3736 quibus
3051 3675 3228 3738 potest
3249 3667 3454 3734 modis,
3481 3677 3542 3723 ut

1957 3765 1990 3806 ι
2037 3752 2274 3821 pluribus
2317 3752 2601 3825 diligatur,
2649 3766 2703 3811 et
2753 3766 2898 3812 tanto
2945 3759 3183 3829 pluribus
3227 3775 3351 3816 eum
3388 3761 3542 3831 cupit

1954 3845 2278 3911 “tondere;
2313 3856 2372 3902 et
2407 3863 2562 3918 quem
2603 3848 2936 3921 ‘frigidiorem
2971 3852 3138 3919 videt,
3178 3854 3376 3909 excitat
3417 3869 3541 3911 eum

1949 3947 2212 4006 quantum
2243 3948 2416 4008 potest
2455 3940 2701 3996 laudibus
2737 3942 2920 4010 illius;
2949 3946 3005 4001 si
3039 3954 3216 4001 autem
3260 3955 3541 4002 contrave-

1951 4033 2190 4086 nientem
2221 4033 2501 4102 invenerit,
2527 4034 2643 4090 odit
2671 4036 2722 4090 in
2759 4036 2848 4091 illo
2866 4036 3218 4094 vehementer
3250 4038 3430 4094 odium
3461 4038 3542 4094 di-

1955 4123 2080 4178 lecti
2123 4124 2226 4192 sui,
2264 4133 2322 4180 et
2363 4127 2555 4196 quibus
2593 4127 2767 4183 modis
2799 4129 2960 4194 valet,
3001 4129 3165 4186 inStat
3199 4138 3258 4186 ut
3297 4130 3538 4187 auferat:

1953 4214 2082 4285 quid
2111 4231 2210 4270 uos
2253 4216 2304 4269 in
2336 4217 2589 4273 societate
2616 4218 2916 4275 dilectionis
2945 4219 3039 4276 Dei
3076 4236 3234 4292 agere
3271 4223 3539 4291 convenit,

1954 4320 2064 4375 quo
2085 4306 2308 4375 perfrui,
2340 4307 2492 4365 beate
2519 4309 2697 4366 vivere
2717 4319 2834 4377 est;
2861 4320 2915 4366 et
2947 4327 2974 4366 a
3005 4328 3110 4382 quo
3131 4313 3332 4368 habent
3354 4327 3542 4370 omnes

1958 4396 2050 4466 qui
2077 4411 2198 4451 eum
2211 4397 2460 4467 diligunt,
2484 4407 2538 4454 et
2560 4399 2699 4469 quod
2725 4403 3105 4472 sunt,-et-quod
3130 4419 3250 4458 eum
3276 4402 3537 4474 diligunt;

1957 4485 2025 4541 de
2059 4503 2164 4556 quo
2205 4489 2332 4542 nihil
2373 4491 2673 4555 metuimus,
2703 4507 2769 4545 ne
2805 4493 3051 4562 cuiquam
3093 4494 3259 4562 possit
3299 4493 3542 4562 cognitus

1956 4577 2238 4646 disrilieere
2262 4588 2360 4645 ;-et
2395 4583 2485 4650 qui
2523 4596 2582 4635 se
2608 4581 2721 4636 vult
2747 4582 2910 4653 diligi,
2933 4598 3044 4638 non
3084 4593 3142 4638 ut
3175 4583 3276 4640 sibi
3315 4584 3540 4657 aliquid,

1956 4669 2052 4723 sed
2073 4678 2129 4722 ut
2145 4669 2226 4721 eis
2246 4669 2602 4740 qui-diligunt,
2625 4681 2886 4726 aeternum
2912 4675 3186 4743 praemium
3213 4675 3537 4744 conferatur,

1958 4759 2062 4813 hoc
2084 4769 2163 4812 est
2185 4760 2300 4828 ipse
2323 4775 2481 4830 quem
2507 4760 2728 4832 diligunt
2743 4764 2772 4817 τ
2787 4764 2930 4819 'Ilinc
2949 4765 3182 4820 efficitur
3203 4774 3267 4821 ut
3293 4766 3540 4824 inimicos

1957 4851 2116 4904 etiam
2140 4857 2349 4906 nostros
2369 4851 2645 4922 diligamus
2669 4871 2683 4907 :
2711 4869 2816 4910 non
2839 4855 2984 4911 enim
3005 4871 3100 4912 eos
3121 4857 3388 4924 timemus,
3414 4859 3539 4929 quia

1959 4942 2111 4997 nobis
2137 4943 2279 5013 quod
2306 4943 2576 5015 diligimus
2599 4946 2806 5002 auferre
2831 4963 2936 5002 non
2967 4959 3226 5019 possunt;
3255 4949 3352 5005 sed
3379 4951 3541 5004 mise-

1957 5049 2139 5089 remur
2164 5037 2355 5105 potius,
2386 5039 2510 5104 quia
2541 5047 2686 5093 tanto
2713 5040 2881 5110 magis
2910 5056 3006 5095 nos
3041 5041 3299 5110 oderunt,
3339 5048 3539 5111 quanto

1957 5126 2026 5181 ab
2049 5127 2142 5182 illo
2167 5143 2325 5197 quem
2348 5129 2615 5200 diligimus
2635 5132 3033 5200 murali-sunt.
3057 5133 3138 5188 Ad
3163 5147 3317 5203 quem
3338 5133 3388 5187 si
3411 5148 3536 5188 con-

1958 5225 2100 5277 versi
2125 5219 2341 5291 fuerint,
2368 5231 2423 5277 et
2453 5223 2598 5278 illum
2627 5234 2879 5294 tanqum
2904 5226 3204 5282 beatificum
3236 5226 3456 5293 bonum,
3487 5235 3539 5283 et

1959 5329 2060 5369 nos
2085 5323 2334 5385 tanquam
2357 5317 2536 5372 socios
2551 5318 2690 5372 tanti
2718 5319 2840 5374 boui
2866 5335 3084 5376 necesse
3110 5328 3190 5375 est
3214 5327 3275 5375 ut
3297 5319 3538 5392 diligant.

1960 5407 2182 5465 CAPUT
2224 5409 2392 5465 XXX.
2421 5439 2495 5451 ——
2527 5409 2761 5466 Proximi
2787 5413 2976 5482 nostri,
3006 5428 3176 5468 omnes
3216 5413 3458 5485 homines,
3489 5423 3537 5470 et

2401 5490 2404 5492 ’
2584 5505 2684 5574 ipsi
2710 5505 2909 5576 Angeli.

2030 5593 2119 5648 5i.
2161 5592 2342 5648 Oritur
2391 5606 2564 5650 autem
2609 5595 2711 5651 hoc
2757 5597 2874 5651 loco
2914 5595 2980 5651 de
3026 5596 3243 5668 Angelis
3291 5597 3538 5655 nonnulla

1961 5687 2204 5758 quaestio.
2225 5685 2319 5742 Illo
2344 5688 2488 5744 enim
2517 5687 2770 5756 fruentes,
2794 5689 2952 5744 etiam
2975 5689 3073 5762 ipsi
3100 5690 3242 5749 beati
3267 5701 3412 5762 sunt,
3439 5707 3539 5764 quo

2028 5864 2047 5899 ι
2070 5861 2734 5931 ωψταειεσαωνηωι..
