4032 6350
565 393 629 448 51
1469 385 1556 441 DE
1595 379 1934 440 DOCTRINA
1969 377 2398 446 CHRISTIANA,
2437 378 2495 436 S.
2534 379 2894 438 AUGUSTINI
3742 380 3816 438 52

503 547 508 550 .
564 511 620 558 et
645 515 744 558 nos
783 499 886 556 frui
919 499 1316 556 desideramus:
1347 505 1402 554 et
1427 505 1623 569 quanto
1649 497 1702 550 in
1741 494 1842 550 hac
1869 493 1976 549 vita
2001 492 2132 548 frui-

565 611 685 653 mur
701 596 785 652 vel
805 609 902 664 per
919 593 1189 664 speculum
1209 592 1291 648 vel
1313 593 1366 647 in
1386 591 1664 660 :enigmate
1681 588 1728 660 (Ι
1746 587 1864 643 Cor.
1885 601 1999 651 xm,
2020 583 2131 656 I2),

564 696 711 746 tanto
739 693 974 743 nostram
1017 684 1489 758 peregrinationem
1515 689 1572 737 et
1608 679 1932 736 tolerabilius
1970 677 2134 734 susti-

563 795 771 846 nemus,
796 788 853 836 et
896 779 1167 834 ardentius
1213 777 1365 834 ﬁnire
1409 777 1670 846 cupimus.
1697 773 1802 830 Sed
1845 782 2018 828 utrum
2065 769 2134 826 ad

563 870 652 927 Illa
676 871 782 926 duo
805 878 1067 942 praecepta
1090 869 1246 926 etiam
1277 867 1488 922 dilectio
1512 866 1772 936 pertineat
1790 863 2130 934 Angelorum,

562 977 669 1017 non
697 961 1126 1017 irrationabiliter
1165 958 1329 1029 quaeri
1370 966 1563 1028 potest.
1594 956 1724 1011 Nam
1765 954 1905 1026 quod
1931 953 2133 1008 nullum

563 1051 834 1108 hominum
859 1051 1126 1122 exceperit
1150 1050 1239 1119 qui
1267 1048 1515 1118 praecepit
1539 1056 1596 1102 ut
1625 1047 1918 1118 proximum
1943 1043 2133 1113 diliga-

562 1157 700 1210 mus,
726 1152 780 1198 et
804 1142 916 1212 ipse
941 1143 993 1196 in
1024 1139 1312 1210 Evangelio
1341 1138 1596 1192 Dominus
1633 1135 1881 1200 ostendit,
1911 1143 1965 1190 et
1991 1133 2133 1188 Pau-

562 1233 644 1288 lus
684 1233 974 1304 apostolus.
1018 1230 1254 1301 Namque
1299 1229 1388 1285 ille
1434 1229 1519 1285 cui
1564 1228 1669 1283 duo
1715 1227 1828 1297 ipsa
1871 1230 2134 1296 prmeepta

563 1325 870 1395 protulerat,
899 1331 1055 1392 atque
1095 1323 1150 1376 in
1186 1322 1265 1396 eis
1304 1321 1534 1391 pendere
1567 1327 1732 1374 totam
1770 1319 1962 1388 Legem
2005 1316 2136 1371 Pro-

559 1414 852 1485 pbetasque
877 1413 1116 1480 dixerat,
1144 1428 1264 1468 cum
1303 1413 1657 1480 interrogaret
1685 1424 1806 1464 eum
1835 1407 2034 1473 dicens,
2069 1403 2134 1458 Et

557 1505 670 1575 quis
693 1513 764 1558 est
791 1520 928 1560 meus
955 1503 1212 1575 proximus
1241 1503 1302 1556 ίῗ
1329 1502 1600 1556 hominem
1628 1498 1907 1569 quemdam
1937 1509 2128 1566 propo-

557 1595 665 1650 suit
689 1595 1094 1651 descendentem
1123 1595 1191 1650 ab
1223 1593 1514 1649 Jerusalem
1546 1591 1598 1645 in
1626 1588 1858 1655 Jericbo,
1887 1586 2134 1642 incidisse

558 1687 612 1742 in
637 1687 897 1751 latrones,
925 1686 1079 1742 etab
1116 1685 1195 1740 eis
1236 1683 1466 1755 graviter
1499 1682 1829 1737 vulneratum
1852 1718 1867 1744 ,
1893 1676 2132 1732 saucium

555 1786 622 1836 et,
641 1777 953 1834 semivivum
993 1790 1114 1832 esse
1155 1775 1501 1837 derelictum;
1545 1771 1631 1827 cui
1670 1769 1971 1840 proximum
2011 1780 2131 1821 esse

557 1883 662 1924 non
709 1869 906 1934 docuit,
945 1866 1046 1923 nisi
1090 1868 1180 1939 qui
1226 1882 1352 1937 erga
1399 1865 1544 1920 illum
1584 1862 1928 1919 recreandum
1974 1867 2131 1930 atque

556 1959 847 2034 curandum
883 1959 1184 2014 misericors
1209 1957 1438 2021 exstitit,
1469 1955 1540 2009 ita
1564 1962 1624 2009 ut
1648 1953 1750 2007 hoc
1771 1951 1864 2024 qui
1899 1951 2130 2004 interro-

555 2062 789 2124 gaverat,
819 2054 1173 2124 interrogatus
1203 2051 1315 2120 ipse
1337 2049 1607 2103 fateretur.
1629 2045 1725 2101 Cui
1752 2043 2007 2100 Deminus
2035 2041 2128 2106 ait,

569 2142 722 2209 Vade,
745 2152 790 2197 et
820 2152 873 2196 tu
899 2142 980 2213 fac
1003 2143 1232 2197 similiter
1260 2138 1408 2212 (Luc.
1438 2154 1499 2204 x,
1520 2138 1611 2203 27,
1636 2136 1728 2206 57)
1752 2151 1768 2202 ;
1801 2142 1859 2189 ut
1884 2132 2132 2188 videlicet

555 2250 677 2292 eum
702 2251 822 2292 esse
847 2236 1142 2305 proximum
1165 2232 1537 2302 intelligamus,
1558 2229 1642 2284 cui
1667 2229 1750 2282 vel
1776 2225 2130 2282 exhibendum

554 2334 638 2381 est
665 2325 894 2381 ofﬁcium
924 2324 1322 2387 misericordiae,
1350 2322 1396 2376 si
1422 2320 1640 2390 indiget,
1668 2318 1751 2372 vel
1774 2314 2129 2372 exhibendum

525 2426 714 2484 ,esset,
755 2418 801 2473 si
847 2417 1122 2487 indigeret.
1164 2416 1241 2470 Ex
1279 2429 1384 2484 quo
1427 2419 1510 2467 est
1543 2411 1652 2480 jam
1692 2420 2024 2477 consequens
2071 2412 2130 2459 ut

551 2507 710 2562 etiam
743 2507 830 2563 ille
858 2523 889 2562 a
917 2523 1020 2578 quo
1050 2505 1202 2560 nobis
1231 2504 1333 2558 hoc
1373 2501 1602 2556 vicissim
1641 2497 1995 2556 exhibendum
2026 2503 2128 2563 est,

553 2600 831 2672 proximus
860 2599 929 2652 sit
958 2605 1155 2652 noster.
1190 2594 1424 2650 Proximi
1449 2593 1594 2647 enim
1623 2605 1816 2645 nomen
1842 2588 1908 2643 ad
1933 2585 2131 2657 aliquid

551 2697 656 2755 est,
687 2703 786 2744 nec
808 2688 1085 2759 quisquam
1107 2701 1226 2741 esse
1250 2684 1517 2756 proximus
1545 2681 1646 2736 nisi
1667 2679 1909 2749 proximo
1934 2685 2126 2748 potest.

551 2777 760 2832 Nullum
790 2786 964 2832 autem
992 2783 1276 2845 exceptum
1305 2787 1426 2829 esse
1447 2772 1532 2826 cui
1559 2767 1938 2826 misericordiae
1960 2766 2128 2822 dene—

549 2877 704 2938 getur
746 2869 1000 2934 ofﬁcium,
1044 2868 1160 2937 quis
1205 2882 1314 2922 non
1357 2865 1551 2930 videat,
1598 2861 1808 2934 quando
1850 2875 2018 2931 usque
2062 2860 2128 2915 ad

552 2959 794 3028 inimicos
813 2960 970 3014 etiam
992 2969 1298 3030 porrectum
1320 2965 1421 3023 est,
1444 2955 1631 3011 eodem
1645 2953 1876 3008 Domino
1891 2951 2127 3006 dicente:

551 3048 758 3121 Diligite
798 3050 1026 3104 inimicos
1053 3057 1237 3105 vestros
1256 3090 1270 3115 ,
1293 3048 1566 3120 benefacite
1588 3047 1649 3100 iis
1673 3046 1759 3115 qui
1799 3044 2011 3098 oderunt
2044 3058 2130 3098 vos

553 3140 762 3214 (Matth.
789 3157 840 3206 ν,
862 3141 995 3213 is)?
2095 3149 2098 3152 ο

623 3232 715 3290 32.
760 3233 832 3287 lta
861 3247 1070 3304 quoque
1093 3231 1285 3288 Paulus
1313 3229 1587 3302 apostolus
1615 3227 1788 3296 docet,
1817 3242 1938 3283 cum
1963 3227 2124 3282 dicit:

554 3321 693 3377 Nam
716 3339 816 3378 non
841 3323 1162 3390 adulterabis,
1188 3340 1289 3377 non
1316 3321 1637 3376 homicidium
1661 3321 1832 3392 facies,
1862 3336 1961 3374 non
1988 3323 2131 3390 fura-

552 3415 700 3478 beris,
731 3430 829 3468 non
855 3415 1199 3486 concupisces,
1233 3424 1277 3468 et
1303 3415 1346 3467 si
1373 3413 1508 3484 quod
1541 3422 1611 3466 est
1639 3413 1780 3484 aliud
1810 3412 2124 3475 mandatum,

550 3507 603 3560 in
632 3507 724 3561 hoc
752 3523 976 3562 sermone
1003 3508 1403 3578 recapitulatur:
1431 3504 1623 3576 Diliges
1666 3505 1948 3574 proximum
1987 3513 2128 3558 tuum

551 3608 789 3671 tanquam
813 3603 1044 3672 teipsum.
1067 3600 1282 3654 Dileclio
1309 3599 1525 3671 proximi
1554 3597 1743 3651 malum
1770 3614 1868 3650 non
1895 3607 2130 3667 Operatur

551 3692 570 3760 (
594 3692 745 3746 Rom.
776 3708 888 3758 xm,
919 3693 974 3758 9,
1007 3691 1132 3762 10).
1156 3692 1404 3761 Quisquis
1442 3705 1569 3759 ergo
1607 3689 1893 3744 arbitratur
1927 3703 2033 3743 non
2063 3688 2129 3744 de

549 3783 696 3838 omni
724 3782 940 3838 homine
975 3782 1288 3852 Apostolum
1334 3779 1646 3850 praecepisse
1668 3819 1681 3844 ,
1723 3778 1928 3848 cogitur
1955 3776 2125 3846 fateri,

549 3871 691 3940 quod
734 3872 1168 3927 absurdissimum
1216 3880 1270 3926 et
1305 3869 1774 3925 sceleratissimum
1819 3876 1919 3931 est,
1965 3867 2128 3922 fuisse

549 3963 726 4017 visum
764 3962 1017 4032 Apostolo
1054 3977 1158 4016 non
1197 3975 1318 4017 esse
1354 3967 1626 4032 peccatum
1659 3959 1702 4012 si
1731 3957 1848 4027 quis
1885 3967 1977 4012 aut
2019 3972 2128 4013 non

551 4055 843 4122 christiani,
870 4065 961 4109 aut
990 4053 1188 4109 inimici
1216 4053 1587 4108 adulteraverit
1611 4064 1858 4116 uxorem,
1885 4059 1976 4104 aut
2004 4065 2126 4106 eum

552 4147 822 4211 occiderit,
854 4154 944 4200 aut
968 4146 1083 4213 ejus
1106 4161 1219 4200 rem
1241 4145 1568 4214 concupierit
1591 4163 1603 4197 :
1637 4140 1779 4212 quod
1801 4141 1844 4194 si
1869 4140 2130 4198 dementis

551 4245 634 4291 est
650 4236 847 4303 dicere,
868 4235 1202 4291 manifestum
1219 4243 1300 4290 est
1315 4250 1522 4291 onmem
1546 4237 1813 4292 hominem
1832 4239 2130 4308 proximum

551 4345 673 4386 esse
697 4329 1077 4400 deputandum,
1101 4329 1223 4400 quia
1248 4343 1372 4399 erga
1399 4329 1664 4385 nemiuem
1690 4329 2018 4402 operantium
2046 4339 2130 4386 est

551 4424 770 4479 malum.

623 4517 710 4569 55.
753 4515 1002 4570 Jamvero
1027 4514 1071 4568 si
1099 4513 1183 4570 vel
1223 4514 1308 4569 cui
1347 4513 1690 4584 praebendum
1722 4522 1824 4581 est,
1852 4515 1935 4571 vel
1969 4530 1997 4569 a
2027 4529 2130 4587 quo

553 4605 710 4661 nobis
751 4605 1092 4676 prmbendum
1141 4613 1224 4660 est
1269 4604 1500 4660 ofﬁcium
1549 4605 1947 4672 misericordiae,
1986 4615 2131 4662 recte

553 4696 826 4768 proximus
853 4695 1079 4762 dicitur;
1107 4683 1444 4751 manifestum
1483 4705 1566 4752 est
1593 4696 1695 4752 hoc
1732 4707 1996 4767 praecepto
2023 4712 2132 4768 quo

549 4789 798 4862 jubemur
829 4788 1050 4859 diligere
1087 4787 1414 4858 proximum,
1455 4788 1613 4843 etiam
1649 4797 1860 4842 sanctos
1903 4790 2131 4858 Angelos

552 4866 835 4947 contineri,
864 4895 893 4934 a
929 4880 1122 4962 quibus
1148 4887 1290 4934 tanta
1330 4879 1482 4934 nobis
1523 4880 1898 4936 misericordiae
1925 4883 2131 4953 impen-

552 4971 754 5026 duntur
773 4970 968 5037 ofﬁcia,
992 4977 1185 5039 quanta
1214 4969 1394 5024 multis
1413 4969 1708 5024 divinarum
1737 4969 2128 5040 Scripturarum

553 5064 685 5120 locis
725 5061 1148 5118 animadvertere
1187 5063 1336 5118 facile
1379 5071 1481 5118 est.
1512 5064 1590 5118 Ex
1623 5079 1727 5134 quo
1757 5073 1810 5121 et
1837 5065 1950 5135 ipse
1990 5065 2130 5123 Deus

553 5164 609 5213 et
634 5157 887 5212 Dominus
923 5164 1104 5211 noster
1133 5156 1426 5226 proximum
1456 5170 1516 5211 se
1545 5166 1784 5212 nostrum
1815 5156 1918 5213 dici
1943 5159 2125 5214 voluit.

554 5247 686 5302 Nam
730 5256 785 5302 et
823 5249 1054 5318 seipsum
1099 5231 1357 5316 signiﬁcat
1397 5247 1652 5302 Dominus
1693 5249 1848 5304 Iesus
1885 5250 2129 5306 Christus

554 5339 865 5409 epitulatum
893 5354 1011 5394 esse
1044 5337 1298 5393 semivivo
1317 5337 1512 5407 jacenti
1543 5338 1594 5392 in
1627 5340 1709 5394 via
1739 5340 1936 5396 afﬂicto
1964 5351 2015 5396 et
2045 5357 2132 5398 re-

559 5433 682 5489 licto
706 5448 733 5486 a
759 5432 1075 5486 latronibus.
1107 5431 1169 5485 Et
1212 5430 1467 5501 propheta
1496 5431 1547 5486 in
1577 5433 1816 5488 oratione
1842 5434 1912 5487 ait
1939 5451 1952 5488 :
1983 5432 2129 5488 Sicut

555 5526 839 5584 nroximum
863 5567 878 5591 ,
931 5527 1056 5578 sicut
1097 5527 1303 5596 fratrem
1351 5535 1577 5580 nostrum
1601 5568 1614 5588 ,
1655 5526 1724 5579 ita
1761 5525 2128 5594 complacebam

560 5617 729 5691 (Psal.
753 5633 934 5682 xxxiv,
960 5617 1070 5688 14).
1103 5617 1206 5672 Sed
1233 5617 1479 5688 quoniam
1511 5617 1856 5672 excellentior
1881 5631 1942 5671 ac
1970 5630 2126 5686 supra

556 5709 790 5766 uestram
835 5716 1073 5764 naturam
1121 5719 1202 5764 est
1241 5709 1416 5764 divina
1458 5708 1768 5774 substantia,
1810 5715 2126 5776 prmceptum

621 5822 642 5856 ⁸
665 5830 842 5874 omnes
861 5836 1013 5888 prope
1033 5829 1141 5874 Mss.
1157 5857 1173 5886 ,
1195 5827 1242 5878 α
1261 5819 1370 5887 quis
1389 5825 1460 5874 est
1480 5817 1600 5873 mihi
1619 5816 1866 5886 proximus
1888 5815 1914 5870 ?

2236 510 2342 566 quo
2364 494 2639 565 diligamus
2670 495 2832 550 Deum
2852 534 2869 562 ,
2898 509 2928 549 a
2952 493 3177 566 proximi
3201 492 3482 552 dilectione
3507 493 3813 552 distinctum

2235 595 2317 641 est
2346 587 2386 640 ί.
2424 587 2515 642 Ille
2540 588 2681 643 enim
2719 587 2869 642 nobis
2907 587 3108 656 praebet
3143 586 3554 642 misericordiam
3594 593 3813 657 propter

2235 691 2384 732 suam
2414 678 2701 733 bonitatem
2721 717 2736 743 ,
2765 691 2864 732 nos
2887 685 3062 732 autem
3091 676 3242 732 nobis
3266 677 3488 732 invicem
3518 686 3733 747 propter
3747 675 3814 731 il-

2236 771 2336 829 lius
2356 791 2368 827 :
2384 774 2436 828 id
2451 783 2553 839 εει,
2576 775 2663 829 ille
2676 774 2840 829 nostri
2857 772 3155 838 miseretur,
3179 781 3236 826 ut
3256 788 3313 828 se
3335 769 3685 842 perfruamur;
3709 783 3812 827 nos

2236 881 2363 922 vero
2391 866 2615 921 invicem
2637 865 2804 921 nostri
2845 864 3158 920 miseremur
3180 903 3196 930 ,
3231 871 3286 917 ut
3322 863 3414 917 illo
3462 861 3810 932 perfruamur.

2305 955 2530 1014 CAPUT
2557 956 2748 1011 XXXI.
2781 987 2838 996 —
2857 955 2994 1010 Deus
3014 955 3154 1010 nobis
3174 972 3273 1010 non
3292 956 3494 1027 fruitur,
3516 953 3604 1008 sed
3628 954 3810 1009 utitur.

2308 1050 2396 1107 54.
2435 1051 2768 1122 Quapropter
2790 1048 2964 1105 adhuc
2981 1048 3282 1119 ambiguum
3305 1061 3422 1102 esse
3444 1046 3666 1111 videtur,
3685 1058 3811 1100 cum

2236 1141 2459 1196 dicimus
2505 1157 2567 1197 ea
2608 1157 2667 1197 re
2710 1156 2809 1196 nos
2847 1139 3063 1212 perfrui,
3091 1153 3247 1210 quam
3291 1137 3555 1208 diligimus
3594 1143 3812 1206 propter

2236 1233 2461 1302 seipsam
2482 1277 2496 1302 ,
2526 1243 2580 1288 et
2604 1249 2665 1289 ea
2694 1249 2752 1290 re
2782 1233 2933 1288 nobis
2971 1231 3250 1287 fruendum
3279 1245 3399 1285 esse
3435 1237 3635 1284 tantum
3659 1268 3675 1296 ,
3705 1240 3810 1296 qua

2236 1327 2496 1382 efﬁcimur
2531 1327 2690 1391 beati,
2734 1326 2938 1381 caeteris
2975 1341 3102 1381 vero
3144 1322 3416 1379 utendum.
3454 1321 3627 1390 Diligit
3665 1318 3811 1373 enim

2236 1431 2336 1470 nos
2364 1416 2524 1480 Deus,
2551 1426 2605 1471 et
2632 1416 2852 1470 multum
2883 1415 3032 1471 nobis
3059 1415 3391 1469 dilectionem
3417 1413 3532 1482 ejus
3558 1426 3684 1480 erga
3709 1423 3811 1465 nos

2235 1506 2410 1561 divina
2435 1507 2706 1577 Scriptura
2747 1507 3082 1562 commendat
3106 1525 3120 1561 :
3149 1506 3414 1576 quomodo
3441 1520 3567 1574 ergo
3595 1502 3810 1573 diligit?

2234 1605 2293 1652 ιιι
2323 1599 2474 1653 nobis
2516 1608 2713 1665 utatur,
2753 1615 2818 1662 an
2857 1608 2914 1654 ut
2951 1598 3190 1653 fruatur?
3227 1598 3332 1654 Sed
3361 1597 3407 1652 si
3447 1597 3658 1662 fruitur,
3689 1602 3811 1665 eget

2233 1688 2375 1742 bono
2419 1696 2623 1754 nostro,
2652 1689 2793 1760 quod
2837 1704 2992 1744 nemo
3031 1704 3190 1743 sanus
3227 1688 3436 1742 dixerit.
3463 1687 3631 1741 Omne
3665 1684 3810 1741 enim

2231 1779 2427 1835 bonum
2459 1789 2695 1835 nostrum
2734 1780 2819 1834 vel
2849 1780 2981 1849 ipse,
3011 1779 3095 1834 vel
3125 1779 3192 1833 ab
3221 1779 3335 1848 ipso
3363 1785 3444 1833 est
3470 1797 3482 1831 :
3516 1777 3603 1831 cui
3628 1783 3810 1831 autem

2232 1873 2514 1928 obscurum
2553 1873 2639 1928 vel
2665 1873 2895 1927 dubium
2933 1880 3033 1935 est,
3064 1887 3168 1925 non
3207 1886 3363 1940 egere
3407 1869 3579 1923 lucem
3626 1881 3809 1922 rerum

2232 1962 2420 2018 harum
2444 1965 2613 2020 nitore
2635 1979 2765 2033 quas
2788 1963 2897 2032 ipsa
2924 1961 3297 2017 illustraverit?
3318 1961 3454 2015 Dicit
3479 1961 3636 2014 etiam
3656 1973 3811 2028 aper-

2234 2055 2434 2110 tissime
2460 2055 2717 2125 pr0pbeta
2743 2071 2756 2107 :
2780 2052 2903 2107 Dixi
2922 2051 3161 2118 Domino,
3187 2051 3321 2106 Deus
3349 2067 3485 2104 meus
3509 2067 3561 2104 es
3587 2060 3656 2114 tu,
3684 2065 3810 2120 quo-

2232 2148 2368 2201 niam
2401 2150 2642 2202 bonorum
2684 2162 2906 2202 meorum
2934 2161 3032 2198 non
3062 2161 3172 2215 eges
3207 2145 3225 2215 (
3249 2143 3395 2198 Psal.
3431 2158 3506 2197 xv
3527 2183 3542 2208 ,
3568 2143 3603 2196 2
3626 2142 3665 2212 ).
3692 2141 3809 2198 Non

2232 2254 2362 2308 ergo
2405 2238 2596 2293 fruitur
2623 2237 2796 2304 nobis,
2833 2235 2932 2294 sed
2972 2235 3153 2292 utitur.
3183 2233 3314 2290 Nam
3343 2234 3386 2289 si
3426 2249 3598 2304 neque
3625 2231 3814 2288 fruitur

2231 2344 2403 2399 neque
2429 2329 2615 2396 utitur,
2646 2345 2751 2384 non
2777 2329 2990 2384 invenio
3019 2326 3460 2399 quemadmodum
3485 2325 3687 2395 diligat.

2301 2419 2526 2475 CAPUT
2555 2419 2768 2475 XXXII.
2791 2450 2862 2460 -—
2887 2418 3027 2473 Deus
3055 2419 3254 2472 homine
3278 2415 3523 2486 quomodo
3549 2424 3737 2468 utatur.

2303 2511 2392 2566 55.
2431 2511 2536 2566 Sed
2563 2527 2733 2582 neque
2764 2511 2840 2567 sic
2864 2512 3030 2565 utitur
3055 2519 3112 2564 ut
3140 2524 3237 2564 nos
3261 2527 3274 2562 :
3305 2522 3423 2562 nam
3449 2521 3546 2562 nos
3573 2519 3660 2560 res
3689 2503 3809 2575 qui-

2231 2599 2331 2656 bus
2360 2601 2557 2656 utimur
2580 2601 2648 2657 ad
2684 2601 2738 2657 id
2764 2602 3073 2667 referimus,
3111 2609 3169 2654 ut
3197 2599 3291 2654 Dei
3313 2599 3546 2654 bonitate
3571 2595 3814 2666 perfrua-

2232 2705 2388 2757 mur;
2420 2692 2558 2748 Deus
2600 2707 2730 2748 vero
2767 2691 2834 2748 ad
2877 2707 3024 2747 suam
3061 2691 3350 2747 bonitatem
3389 2703 3543 2744 usum
3574 2695 3814 2742 nostrum

2232 2784 2413 2839 refert.
2458 2782 2591 2850 Quia
2629 2783 2770 2840 enim
2813 2784 2984 2839 bonus
3031 2790 3132 2848 est,
3163 2796 3382 2846 sumus;
3409 2779 3534 2835 etin
3560 2785 3815 2848 quantum

2233 2889 2436 2942 sumus,
2476 2875 2602 2930 boni
2639 2888 2844 2930 sumus.
2871 2874 3037 2928 Porro
3072 2881 3250 2927 autem
3289 2871 3410 2940 quia
3445 2870 3602 2923 etiam
3640 2868 3814 2936 justus

2233 2975 2332 3032 est,
2359 2982 2463 3020 non
2490 2965 2705 3035 impune
2728 2979 2912 3019 sumus
2948 2962 3070 3017 mali
3094 2979 3107 3026 ;
3131 2968 3187 3016 et
3207 2961 3259 3014 in
3295 2968 3548 3030 quantum
3575 2956 3700 3010 mali
3724 2969 3816 3010 su-

2233 3071 2371 3121 mus,
2401 3057 2452 3110 in
2490 3064 2691 3110 tantum
2716 3055 2875 3110 etiam
2901 3053 3072 3108 minus
3099 3065 3300 3106 sumus.
3319 3049 3412 3103 Ille
3437 3049 3577 3103 enim
3609 3060 3815 3101 summe

2233 3164 2295 3203 ac
2341 3148 2582 3218 primitus
2625 3156 2725 3212 est,
2753 3146 2842 3216 qui
2884 3143 3100 3200 omnino
3146 3139 3588 3196 incommutabilis
3630 3145 3732 3202 est,
3761 3143 3817 3190 et

2231 3239 2319 3307 qui
2361 3238 2666 3306 plenissime
2707 3235 2882 3291 dicere
2915 3233 3117 3304 potuit:
3161 3231 3273 3302 Ego
3303 3245 3414 3284 sum
3439 3229 3524 3299 qui
3549 3242 3702 3291 sum;
3735 3233 3811 3294 et,

2236 3327 2381 3382 Dices
2409 3330 2498 3392 eis,
2535 3327 2634 3392 Qui
2661 3336 2756 3392 est,
2784 3326 2914 3379 misit
2941 3340 3018 3378 me
3043 3324 3110 3378 ad
3130 3339 3216 3378 uos
3241 3321 3261 3393 (
3283 3319 3452 3375 Exod.
3477 3335 3553 3384 III,
3587 3319 3652 3374 14
3672 3317 3712 3389 ).
3744 3315 3817 3374 Ut

2232 3430 2423 3479 caetera
2450 3437 2566 3489 quae
2593 3429 2715 3474 sunt
2736 3461 2749 3484 ,
2781 3427 2836 3472 et
2866 3417 2966 3472 nisi
3003 3415 3070 3470 ab
3095 3415 3188 3469 illo
3213 3428 3330 3468 esse
3358 3427 3462 3467 nou
3492 3409 3726 3482 possint,
3759 3413 3817 3463 et

2234 3515 2289 3568 in
2318 3522 2522 3568 tantum
2543 3512 2679 3567 bona
2706 3510 2814 3564 sint
2832 3511 2874 3574 ²,
2900 3509 2949 3561 in
2972 3515 3225 3576 quantum
3257 3509 3575 3574 acceperunt
3604 3508 3660 3554 ut
3684 3498 3816 3556 sint.

2234 3604 2329 3660 Ille
2360 3606 2515 3676 igitur
2545 3618 2670 3658 usus
2699 3603 2787 3672 qui
2818 3601 3014 3656 dicitur
3042 3599 3157 3663 Dei,
3185 3613 3288 3668 quo
3317 3595 3470 3652 nobis
3497 3594 3680 3660 utitur,
3705 3605 3818 3648 non

2233 3698 2299 3752 ad
2329 3699 2472 3767 ejus,
2506 3697 2596 3752 sed
2625 3696 2690 3750 ad
2732 3703 2971 3749 nostram
3002 3691 3282 3746 utilitatem
3309 3687 3561 3753 refertur,
3589 3683 3656 3740 ad
3697 3682 3820 3753 ejus

2233 3798 2407 3843 autem
2432 3785 2794 3842 tantummodo
2820 3785 3129 3840 bonitatem.
3151 3780 3315 3851 Cujus
3333 3788 3507 3835 autem
3529 3791 3628 3834 nos
3649 3775 3817 3831 mise-

2233 3896 2432 3948 remur,
2461 3890 2513 3936 et
2547 3879 2631 3935 cui
2669 3878 3014 3944 consulimus,
3044 3876 3109 3931 ad
3149 3875 3264 3945 ejus
3291 3872 3504 3944 quidem
3533 3870 3816 3925 utilitatem

2233 3971 2286 4026 id
2325 3971 2565 4034 facimus,
2598 3984 2820 4040 eamque
2862 3968 3167 4030 intuemur;
3209 3962 3302 4019 sed
3342 3961 3518 4017 nescio
3546 3957 3815 4030 quomodo

2233 4065 2390 4120 etiam
2413 4072 2590 4117 nostra
2613 4063 2668 4116 ﬁt
2691 4061 2710 4093 ³
2732 4075 3084 4130 consequens,
3107 4072 3228 4112 cum
3253 4069 3370 4110 eam
3393 4049 3813 4113 misericordiam

2233 4172 2391 4226 quam
2422 4155 2774 4225 impendimus
2803 4153 3005 4223 egenti,
3029 4152 3142 4206 sine
3168 4146 3411 4204 mercede
3434 4161 3539 4200 non
3563 4142 3814 4213 relinquit

2234 4250 2398 4305 Deus.
2438 4251 2561 4304 limo
2597 4258 2770 4304 autem
2816 4261 3021 4303 merces
3064 4257 3269 4299 summa
3309 4249 3392 4295 est
3431 4248 3488 4293 ut
3531 4239 3646 4308 ipso
3691 4249 3814 4305 per-

2236 4343 2491 4410 fruamur,
2519 4349 2573 4395 et
2596 4354 2783 4396 omnes
2811 4338 2899 4408 qui
2925 4351 2991 4392 eo
3031 4334 3280 4399 fruimur,
3307 4329 3460 4386 nobis
3485 4328 3642 4384 etiam
3672 4323 3810 4381 invi-

2234 4447 2350 4487 cem
2381 4433 2430 4486 in
2462 4433 2578 4501 ipso
2601 4430 2952 4500 perfruamur.

2234 4522 2455 4579 CAPUT
2493 4519 2732 4576 XXXIII.
2756 4550 2826 4560 —
2858 4515 3118 4584 Quomodo
3157 4513 3355 4568 homine
3391 4509 3493 4580 frui
3527 4505 3806 4562 conveniat.

2305 4618 2393 4672 56.
2433 4616 2566 4671 Nam
2589 4615 2630 4669 si
2659 4615 2712 4668 in
2739 4613 2890 4668 nobis
2916 4610 2968 4666 id
2993 4609 3231 4672 facimus,
3254 4616 3590 4660 remanemus
3618 4600 3670 4654 in
3700 4598 3806 4664 via,

2233 4717 2287 4764 et
2313 4723 2461 4777 spem
2505 4704 2843 4761 beatitudinis
2869 4712 3067 4758 nostra:
3097 4701 3148 4754 in
3179 4697 3393 4752 homine
3429 4694 3511 4749 vel
3540 4693 3592 4746 in
3621 4689 3809 4760 angelo

2233 4800 2575 4855 collocamus.
2600 4795 2749 4864 Quod
2779 4803 2833 4851 et
2873 4795 3033 4848 homo
3069 4787 3330 4860 superbus
3369 4795 3424 4842 et
3461 4783 3677 4855 angelus
3715 4795 3810 4836 suo

2234 4892 2428 4962 perbus
2465 4877 2712 4958 arrogant
2738 4885 2874 4952 sibi,
2902 4896 3060 4954 atque
3092 4883 3144 4937 in
3173 4896 3232 4936 se
3259 4879 3479 4934 aliorum
3505 4890 3652 4946 spem
3681 4888 3812 4943 gau-

2233 4983 2360 5039 dent
2384 4981 2650 5038 constitui.
2683 4979 2909 5034 Sanctus
2953 4983 3131 5030 autem
3177 4972 3338 5026 homo
3379 4977 3434 5025 et
3471 4974 3685 5022 sanctus
3714 4980 3810 5020 an—

2232 5077 2382 5146 gelus
2425 5075 2584 5129 etiam
2629 5071 2798 5126 fessos
2833 5083 2932 5124 nos
2974 5075 3132 5137 atque
3179 5065 3232 5120 in
3275 5078 3334 5120 se
3372 5061 3710 5132 acquiescere
3753 5065 3810 5113 et

2232 5179 2511 5222 remanere
2540 5161 2811 5232 cupientes
2831 5200 2847 5228 ,
2873 5157 3118 5214 reﬁciunt
3144 5155 3322 5226 potius
3344 5195 3360 5223 ,
3388 5161 3478 5208 aut
3505 5166 3570 5208 eo
3595 5156 3810 5220 sumptu

2232 5272 2387 5328 quem
2435 5264 2652 5325 propter
2695 5255 2814 5320 nos,
2840 5259 2932 5306 aut
2969 5249 3061 5305 illo
3097 5247 3256 5303 etiam
3299 5261 3458 5317 quem
3496 5253 3714 5316 propter
3749 5255 3810 5298 se

2294 5389 2312 5420 ι
2337 5387 2523 5436 Addunt
2555 5385 2635 5435 hic
2666 5390 2775 5434 Mss.
2802 5381 3014 5432 vaticani
3049 5380 3148 5441 duo
3171 5393 3184 5430 :
3210 5388 3308 5441 Nos
3338 5391 3463 5441 vero
3489 5375 3601 5441 quia
3635 5377 3812 5426 natura

2229 5448 2439 5512 (canales
2460 5460 2622 5498 suntus
2635 5482 2649 5508 ,
2672 5452 2718 5496 et
2741 5449 2920 5495 remota
2931 5440 3168 5506 jactantia
3331 5439 3464 5490 aliud
3487 5439 3646 5512 omnes
3667 5449 3811 5512 quam

2231 5497 2445 5580 ἦώιιὺιεε
2454 5497 2677 5580 ,ζδιιιῃυελ
2705 5497 3016 5580 ,ρι’ςεεεριὶηη
3047 5517 3158 5580 quo_
3178 5503 3434 5568 diligamus
3474 5497 3746 5564 proximum
3777 5510 3808 5549 α

2230 5576 2390 5622 nostra
2413 5569 2663 5620 dilectione
2683 5569 2956 5620 distinctum
2977 5569 3070 5617 non
3089 5572 3177 5618 est.

2295 5635 2315 5665 ³
2339 5631 2536 5694 Excusi:
2559 5637 2612 5680 att
2635 5637 2810 5694 autem
2832 5643 2942 5694 quia
2961 5635 3087 5689 sunt,
3111 5634 3156 5678 et
3289 5622 3350 5673 ab
3370 5623 3455 5694 illo
3475 5635 3575 5694 esse
3596 5634 3688 5671 non
3707 5633 3812 5694 pos-

2229 5701 2366 5802 suntl,
2451 5691 2705 5802 ithantum
2725 5685 2855 5743 bona'
2873 5697 2998 5742 stult.
3034 5685 3133 5741 Non
3154 5686 3308 5750 male;
3332 5685 3502 5736 melior
3525 5691 3687 5734 tamen
3707 5685 3810 5745 vile

2233 5769 2290 5802 CS
2351 5768 2377 5802 0
2429 5768 2474 5802 10
2535 5768 2601 5802 Β.
3125 5793 3128 5796 .

2233 5763 2310 5806 est
2331 5756 2474 5803 lectio
2496 5763 2601 5804 MSS.
3125 5793 3128 5796 .

2298 5817 2320 5852 ³
2342 5815 2479 5880 aditi,
2501 5814 2580 5878 sit.
2604 5823 2662 5868 At
2682 5823 2811 5878 ω,
2831 5813 2905 5880 ﬁt.
