4060 6528
222 420 287 478 53
1593 389 1799 447 LIBER
1835 386 2106 443 PRIMUS.
3405 384 3474 441 ω

222 537 575 604 acceperunt,
604 530 923 595 acceperunt
951 528 1123 575 tamen
1147 533 1163 583 ;
1205 522 1361 586 atque
1395 511 1466 566 ita
1495 507 1722 604 refectos
1748 503 1799 557 in

225 594 371 683 illum
402 624 480 678 ire
505 594 864 689 compellunt,
892 626 996 682 quo
1035 609 1266 662 fruentes
1309 602 1503 675 pariter
1537 594 1675 653 beati
1714 608 1803 689 su-

226 732 360 774 mus.
403 712 539 769 Nam
587 684 645 765 et
687 704 969 777 Apostolus
1011 700 1247 754 clamat:
1297 688 1560 760 Numquid
1606 684 1802 777 Paulus

227 809 495 878 cruciﬁxus
520 811 591 859 est
629 776 927 874 ρνοίυοωςν
955 802 1042 848 aut
1072 792 1123 844 in
1153 787 1349 843 nomine
1375 782 1529 838 Pauli
1565 776 1803 878 baptizati

230 901 340 956 estis
358 868 433 970 ¹(⁷1
458 894 578 951 Cor.
614 868 652 959 ιν,
680 889 818 960 I5)?
840 895 914 953 et,
949 883 1125 954 Neque
1159 879 1244 950 qui
1269 877 1463 947 plantat
1491 881 1561 927 est
1589 868 1799 970 aliquid,

230 963 484 1066 nque-qui
498 988 650 1058 rigat,
667 984 754 1040 sed
773 983 855 1053 qui
871 981 1223 1033 incrementum
1239 972 1324 1025 dat
1343 969 1478 1023 Deus
1503 965 1608 1039 (Id.
1625 980 1702 1029 ιιι,
1721 963 1799 1066 :7).

232 1056 564 1153 lit-angelus:
586 1076 859 1133 hominem
894 1087 952 1127 se
991 1068 1300 1123 adorantem
1339 1067 1519 1117 monet
1547 1066 1601 1113 ut
1629 1056 1803 1127 potius

236 1176 370 1230 illum
391 1172 601 1237 adoret,
624 1168 723 1222 sub
745 1180 850 1237 quo
874 1164 922 1219 ei
945 1159 1169 1217 Domino
1194 1157 1353 1211 etiam
1384 1153 1496 1223 ipse
1516 1162 1803 1205 conservus

236 1273 308 1322 est
338 1264 519 1335 (Apoc.
548 1274 663 1323 xxx,
696 1256 807 1328 10).

298 1333 383 1413 5i.
424 1356 557 1411 Cum
586 1361 762 1407 autem
791 1348 1002 1404 homine
1030 1345 1083 1399 in
1109 1344 1215 1398 Deo
1244 1338 1464 1403 frueris,
1492 1335 1604 1391 Deo
1632 1333 1803 1404 potius

238 1466 379 1523 quam
408 1448 626 1502 homine
658 1443 867 1498 frueris.
897 1439 994 1494 Illo
1036 1437 1179 1492 enim
1222 1430 1412 1486 frueris
1438 1442 1542 1499 quo
1580 1425 1805 1481 efﬁccris

239 1519 448 1606 beatus;
496 1546 552 1593 et
590 1536 657 1590 ad
697 1550 818 1590 eum
862 1542 911 1587 te
952 1528 1253 1600 pervenisse
1296 1520 1578 1585 lrctaberis,
1609 1519 1659 1571 in
1700 1531 1803 1586 quo

239 1651 373 1705 spem
410 1632 565 1703 ponis
594 1637 651 1683 ut
690 1627 888 1682 venias.
916 1623 1043 1696 Inde
1072 1620 1137 1675 ad
1172 1617 1531 1672 Philemonem
1570 1610 1801 1665 Paulus:

238 1699 330 1787 ιὶα,
354 1699 537 1797 frater,
561 1720 751 1791 inquit,
776 1734 864 1789 ego
888 1725 931 1769 te
950 1716 1095 1784 fruar
1114 1712 1166 1764 in
1186 1709 1400 1762 Domino
1425 1703 1665 1775 (Philem.
1687 1699 1802 1771 20).

237 1816 374 1883 Quod
401 1818 446 1869 si
476 1829 585 1867 non
614 1808 923 1870 addidisset,
944 1806 994 1857 in
1024 1802 1260 1866 Domino,
1284 1808 1337 1853 et
1365 1807 1411 1851 te
1437 1797 1578 1865 fruar
1605 1802 1806 1848 tantum

234 1910 463 1971 dixisset,
505 1906 562 1959 in
600 1918 666 1957 eo
706 1899 1073 1955 constituisset
1110 1908 1259 1963 spem
1296 1887 1635 1946 beatitudinis
1675 1900 1803 1939 suae.

234 2002 536 2069 Quanquam
570 1994 728 2049 etiam
755 1988 1080 2045 vicinissime
1121 1983 1314 2039 dicitur
1345 1980 1468 2043 frui,
1506 1994 1625 2032 cum
1660 1976 1805 2030 dele-

234 2066 459 2147 ctatione
487 2087 566 2141 uti
596 2086 637 2138 ‘.
669 2074 802 2138 Cum
840 2080 979 2136 enim
1010 2076 1161 2131 adest
1193 2071 1333 2143 quod
1366 2069 1618 2139 diligitur,
1650 2066 1807 2122 etiam

235 2181 637 2238 delectationem
665 2189 847 2230 secum
875 2184 1096 2226 necesse
1124 2175 1203 2221 est
1230 2174 1414 2237 gerat:
1447 2178 1540 2233 per
1575 2175 1730 2231 quam
1765 2158 1809 2212 si

236 2272 526 2338 transieris,
558 2282 781 2337 eamque
826 2264 891 2319 ad
934 2261 1062 2317 illud
1111 2260 1201 2315 ubi
1252 2254 1665 2327 permanendum
1707 2259 1807 2315 est,

232 2365 514 2428 retuleris;
548 2359 713 2415 uteris
751 2372 835 2423 ea,
862 2363 916 2410 et
944 2352 1178 2415 abusive,
1208 2365 1313 2403 non
1351 2346 1583 2417 proprie,
1621 2343 1812 2397 diceris

234 2456 346 2511 frui.
376 2454 437 2509 Si
478 2466 609 2507 vero
646 2446 921 2503 inhaeseris
947 2453 1106 2513 atque
1144 2438 1528 2511 permanseris,
1559 2436 1717 2490 linem
1759 2434 1811 2487 in

232 2563 289 2603 ea
312 2558 524 2615 ponens
552 2540 747 2595 lzetitia‘.
776 2547 911 2603 ture,
944 2544 1068 2589 tunc
1102 2547 1229 2587 vere
1257 2538 1311 2585 et
1348 2528 1557 2600 proprie
1592 2526 1693 2580 frui
1735 2526 1815 2579 di-

234 2638 431 2695 cendus
457 2650 518 2689 es
544 2652 558 2687 :
588 2631 729 2703 quod
774 2644 880 2683 non
919 2623 1220 2680 faciendum
1250 2629 1331 2676 est
1358 2620 1458 2673 nisi
1490 2619 1542 2671 in
1583 2616 1671 2670 illa
1701 2615 1817 2669 Tri-

236 2731 418 2793 nitate,
447 2725 500 2781 id
528 2732 610 2780 est
635 2736 844 2777 summo
870 2726 926 2773 et
950 2712 1366 2772 iucommutabili
1391 2711 1551 2765 bono.

268 2818 494 2875 CAPUT
533 2812 776 2869 XXXIV.
803 2840 873 2851 —-
905 2809 1077 2862 Prima
1101 2807 1165 2859 ad
1196 2805 1361 2859 Deum
1398 2803 1499 2868 via,
1530 2799 1777 2853 Christus.

302 2911 394 2966 38.
427 2907 563 2962 V’ide
583 2900 1026 2976 quemadmodum
1058 2913 1177 2953 cum
1208 2896 1321 2966 ipsa
1345 2893 1571 2957 Veritas,
1599 2899 1652 2944 et
1682 2888 1815 2942 Ver-

240 3005 356 3059 bum
383 3016 481 3071 per
506 2997 649 3068 quod
676 2996 813 3050 facta
855 3003 978 3047 sunt
1005 2991 1180 3045 omnia
1200 3029 1215 3055 ,
1252 3003 1377 3041 caro
1404 2986 1596 3039 factum
1636 2990 1814 3049 esset,

242 3106 295 3152 ut
324 3095 593 3149 habitaret
639 3092 692 3144 in
740 3088 891 3143 nobis
921 3084 1101 3156 (Joun.
1142 3098 1195 3137 ut
1220 3124 1233 3149 ,
1277 3083 1330 3148 5,
1368 3079 1490 3150 14),
1534 3086 1709 3131 tamen
1748 3076 1821 3130 ait

243 3186 529 3256 Apostolus
558 3202 572 3237 :
600 3181 667 3235 Et
692 3181 734 3235 si
764 3194 1056 3233 noveramus
1099 3175 1349 3229 Christum
1385 3170 1657 3225 secundum
1704 3184 1818 3221 θανά

247 3296 373 3346 nent,
404 3278 493 3332 sed
512 3278 627 3348 jam
653 3290 753 3327 non
778 3271 1005 3325 novimus
1035 3266 1098 3338 (ll
1127 3267 1241 3319 Cor.
1273 3265 1306 3319 5
1327 3305 1341 3329 ,
1373 3262 1479 3333 16).
1511 3261 1603 3314 Ille
1628 3259 1822 3330 quippe

245 3372 330 3441 qui
380 3384 491 3424 non
540 3367 710 3421 solum
763 3360 1189 3433 pervenientibus
1242 3355 1672 3427 possessionem,
1726 3350 1822 3406 sed

245 3466 404 3519 etiam
440 3462 580 3515 viam
612 3459 847 3528 prmbere
874 3470 931 3508 se
954 3453 1118 3507 voluit
1158 3448 1494 3505 venientibus
1517 3446 1584 3499 ad
1624 3443 1822 3515 princi-

246 3557 394 3627 pium
440 3553 687 3606 viarum’
712 3593 726 3616 ,
767 3548 933 3603 voluit
976 3560 1186 3599 carnem
1232 3540 1501 3597 assumere
1535 3538 1715 3594 :unde
1743 3544 1825 3591 est

248 3648 409 3703 etiam
444 3643 605 3711 illud,
636 3642 878 3696 Dominus
921 3636 1105 3691 creavit
1144 3650 1221 3688 me
1255 3633 1309 3687 in
1348 3630 1595 3703 principio
1630 3629 1826 3681 viarum

250 3754 460 3792 suarum
485 3734 663 3808 (Prov.
700 3749 816 3798 vni,
841 3730 969 3800 2?);
1001 3736 1057 3783 ut
1081 3726 1203 3782 inde
1242 3725 1560 3794 inciperent,
1590 3720 1679 3791 qui
1712 3718 1826 3773 vel-

252 3830 363 3885 lent
388 3828 593 3882 venire.
623 3824 910 3895 Apostolus
940 3821 1096 3891 igitur
1119 3817 1358 3889 quamvis
1383 3815 1557 3869 adhuc
1586 3812 1827 3867 ambula-

253 3928 333 3974 ret
364 3920 421 3973 in
450 3918 533 3971 via
556 3956 573 3983 ,
609 3924 664 3970 et
690 3914 757 3969 ad
792 3913 1017 3984 palmam
1047 3923 1291 3978 superna:
1319 3904 1609 3960 vocationis
1638 3916 1829 3972 seque-

254 4019 400 4065 retur
449 4015 725 4063 vocantem
778 4005 962 4068 Deum,
1017 4011 1191 4053 tamen
1247 4013 1308 4052 ea
1358 4011 1475 4065 quae
1518 4003 1663 4049 retro
1711 3999 1833 4047 sunt

257 4103 597 4164 obliviscens,
620 4108 674 4153 et
698 4100 748 4151 in
774 4113 835 4152 ea
865 4111 982 4166 quae
1007 4102 1128 4147 ante
1151 4098 1275 4145 sunt
1305 4098 1549 4145 extentus
1575 4086 1831 4159 (Philipp.

258 4211 334 4259 Ill,
361 4190 575 4262 12-14),
594 4191 704 4259 jam
727 4187 1038 4258 principium
1063 4184 1266 4237 viarum
1286 4180 1591 4243 transierat;
1612 4178 1714 4232 hoc
1732 4186 1831 4242 est,

258 4302 322 4341 eo
343 4300 453 4339 non
478 4281 767 4351 indigebat,
794 4296 823 4333 a
851 4294 955 4349 quo
977 4285 1150 4331 tamen
1176 4271 1585 4345 aggrediendum
1612 4278 1663 4324 et
1684 4284 1837 4323 exor—

260 4376 511 4432 diendum
536 4376 636 4428 iter
654 4380 735 4427 est
757 4369 1000 4425 omnibus
1023 4367 1110 4437 qui
1140 4367 1205 4419 ad
1234 4364 1508 4419 veritatem
1536 4360 1834 4431 pervenire,

260 4481 313 4525 et
337 4471 390 4524 in
426 4469 535 4523 vita
565 4477 759 4521 aeterna
789 4476 1102 4533 permanere
1129 4457 1447 4512 desiderant.
1473 4456 1561 4510 Sic
1584 4455 1721 4509 enim
1746 4454 1835 4518 ait,

260 4562 371 4632 Ego
396 4577 512 4615 sum
536 4559 636 4623 uia,
664 4566 710 4611 et
736 4556 938 4621 veritas,
967 4564 1012 4607 et
1041 4553 1141 4606 vita
1163 4549 1459 4623 (Joarmuv,
1488 4549 1542 4616 6)
1569 4564 1582 4613 ;
1617 4548 1717 4600 hoc
1737 4554 1836 4613 est,

260 4668 359 4722 per
386 4666 477 4705 me
496 4649 724 4713 venitur,
747 4645 815 4700 ad
833 4660 920 4700 me
946 4642 1270 4713 pervenitur,
1297 4642 1347 4694 in
1375 4656 1462 4694 me
1482 4646 1838 4708 permanetur.

262 4743 396 4799 Cum
419 4741 565 4796 enim
583 4739 650 4793 ad
676 4739 847 4808 ipsum
876 4734 1199 4805 pervenitur,
1221 4732 1377 4787 etiam
1399 4730 1463 4785 ad
1484 4730 1696 4784 Patrem
1725 4743 1846 4797 per-

262 4834 506 4895 venitur;
538 4830 658 4900 quia
684 4844 779 4900 per
803 4828 1060 4898 aequalem
1088 4824 1178 4880 ille
1207 4824 1290 4877 cui
1320 4830 1401 4877 est
1436 4821 1649 4891 tequalis
1679 4833 1843 4889 agno-

266 4927 464 4989 scitur;
506 4923 772 4977 vinciente
795 4929 849 4975 et
872 4928 1119 4988 tanquam
1147 4916 1500 4986 agglutinante
1528 4928 1621 4967 nos
1648 4912 1846 4981 Spiritu

267 5026 477 5082 saneto,
504 5030 611 5084 quo
636 5014 688 5067 in
709 5025 917 5066 summo
938 5018 1097 5078 atque
1122 5004 1534 5062 incommutabili
1558 5005 1694 5059 bono
1722 5019 1847 5073 per-

270 5121 490 5161 manere
515 5102 803 5174 possimus.
826 5100 905 5155 Ex
930 5102 1037 5170 Quo
1058 5096 1362 5167 intelligitur
1380 5112 1535 5167 quam
1554 5095 1695 5149 nulla
1722 5109 1807 5150 res
1828 5095 1849 5127 ³

249 5201 328 5255 ‘in
356 5200 443 5254 via
466 5206 655 5253 tenere
682 5209 779 5250 nos
803 5194 1018 5258 debeat,
1053 5190 1263 5262 quando
1294 5205 1391 5245 nec
1420 5189 1532 5258 ipse
1561 5188 1812 5242 Dominus
1833 5229 1848 5254 ,

274 5293 327 5346 in
344 5298 601 5361 quantum
625 5288 707 5341 via
728 5294 909 5341 nostra
929 5298 1048 5339 esse
1068 5283 1311 5352 dignatus
1331 5289 1432 5347 est,
1456 5289 1637 5335 tenere
1656 5294 1753 5333 nos
1770 5294 1854 5333 vo-

275 5383 459 5447 luerit,
489 5380 585 5436 sed
609 5379 869 5442 transire;
900 5392 966 5432 ne
1002 5375 1159 5429 rebus
1189 5372 1584 5443 temporalibus,
1615 5372 1854 5441 quamvis

277 5477 347 5531 ab
364 5476 457 5530 illo
484 5489 582 5545 pro
600 5474 772 5544 (salute
790 5478 974 5525 nostra
994 5450 1252 5537 susceptis
1273 5473 1327 5521 et
1349 5464 1531 5537 gestis,
1559 5464 1857 5519 haereamus

278 5568 564 5624 inﬁrmiter
583 5608 597 5631 ,
639 5564 731 5619 sed
758 5578 852 5634 per
879 5576 970 5617 eas
1006 5561 1181 5631 potius
1208 5571 1481 5613 curramus
1508 5556 1771 5621 alacriter,
1801 5562 1861 5610 ut

346 5678 365 5709 ι
391 5682 602 5726 veteres
623 5674 967 5736 codices,ch
988 5668 1237 5736 dilectione
1260 5667 1345 5736 uti.
1386 5684 1391 5691 κ
1518 5727 1529 5736 _
1596 5729 1606 5736 _
1647 5724 1658 5736 ,

346 5740 369 5769 ⁸
391 5745 494 5787 Am.
519 5743 593 5785 Er.
620 5742 673 5786 et
700 5744 781 5785 Ms.
810 5726 1237 5793 'iheodericensis,
1273 5728 1338 5779 ad
1372 5740 1422 5779 se
1453 5726 1739 5791 principium
1761 5726 1862 5779 via-

276 5814 533 5931 ,na'niditi,
556 5861 685 5925 quia.
711 5867 765 5911 Αι
788 5868 890 5911 Mss.
913 5857 1130 5911 melioris
1150 5863 1275 5908 noue
1290 5890 1305 5918 ,
1327 5865 1471 5920 quam
1490 5844 1624 5904 milia
1644 5863 1738 5907 res.

1910 500 1977 554 ad
1998 516 2118 555 eum
2140 501 2330 570 ipsum,
2353 502 2439 572 qui
2462 509 2693 556 nostram
2715 507 2953 555 naturam
2973 513 3000 552 a
3019 497 3395 568 temporalibus
3407 498 3475 553 li-

1910 592 2129 658 beravit,
2154 604 2204 649 et
2228 595 2505 649 collocavit
2527 594 2593 650 ad
2629 595 2898 650 dexteram
2925 586 3115 659 Patris,
3147 592 3363 663 provehi
3384 584 3471 645 at-

1909 701 2010 756 que
2038 687 2250 756 pervehi
2278 690 2295 719 ι
2316 704 2631 761 mereamur.

1945 799 2165 856 CAPUT
2202 799 2417 855 XXXV.
2455 831 2526 841 ——
2567 801 2844 870 Scriptura:
2867 800 3126 872 plenitudo
3146 842 3162 871 ,
3190 802 3434 874 ﬁnisque,

2378 910 2520 948 amor
2548 894 2644 948 Dei
2672 903 2717 948 et
2742 895 2977 965 proximi.

1980 985 2069 1042 '59.
2101 984 2345 1041 Omnium
2372 986 2528 1056 igitur
2553 1001 2671 1057 qua:
2708 986 2845 1041 dicta
2872 994 2994 1041 sunt
3015 1028 3029 1054 ,
3061 1002 3128 1042 ex
3156 1001 3260 1057 quo
3286 986 3354 1042 de
3380 1002 3469 1041 re-

1906 1076 2007 1133 bus
2034 1084 2318 1132 tractamus
2338 1118 2351 1143 ,
2381 1076 2494 1131 haec
2518 1091 2721 1131 summa
2740 1084 2853 1143 est,
2885 1084 2941 1131 ut
2967 1076 3286 1147 intelligatur
3316 1076 3472 1146 Legis

1909 1178 1964 1226 et
1990 1170 2222 1225 omnium
2245 1169 2543 1224 divinarum
2569 1166 2954 1238 Scripturarum
2980 1168 3249 1237 plenitudo
3273 1176 3326 1222 et
3354 1168 3471 1221 ﬁnis

1910 1277 2028 1319 esse
2064 1262 2277 1317 dilectio
2307 1262 2477 1332 (Rom.
2507 1278 2599 1317 xtu
2619 1302 2634 1326 ,
2668 1262 2769 1326 10;
2798 1270 2843 1315 et
2871 1261 2893 1315 Ι
2921 1260 3051 1315 Tim.
3079 1278 3133 1328 1,
3174 1260 3231 1332 5)
3258 1262 3333 1316 rei
3371 1276 3472 1330 qua

1911 1355 2187 1410 fruendum
2217 1364 2317 1420 est,
2349 1362 2404 1409 et
2428 1353 2506 1409 rei
2530 1369 2646 1425 quae
2668 1353 2939 1408 nobiscum
2968 1368 3029 1407 ea
3054 1368 3114 1407 re
3134 1352 3238 1407 frui
3262 1362 3472 1423 potest;

1910 1446 2029 1515 quia
2052 1454 2109 1500 ut
2127 1462 2184 1501 se
2206 1446 2428 1516 quisque
2446 1445 2646 1514 diligat,
2669 1454 2935 1514 praecepto
2955 1459 3059 1498 non
3085 1460 3218 1514 opus
3239 1453 3338 1500 est.
3361 1444 3474 1500 Hoc

1910 1551 2039 1605 ergo
2064 1546 2120 1590 ut
2148 1550 2424 1590 nossemus
2448 1543 2607 1604 atque
2636 1549 2931 1605 possemus,
2965 1535 3098 1589 facta
3132 1542 3215 1590 est
3241 1544 3348 1590 tota
3379 1551 3475 1604 pro

1911 1626 2077 1681 salute
2114 1635 2292 1680 nostra
2324 1640 2420 1695 per
2456 1625 2686 1680 divinam
2730 1625 3111 1695 providentiam
3151 1625 3476 1695 dispensatio

1913 1717 2231 1786 temporalis,
2266 1732 2370 1786 qua
2406 1716 2659 1771 debemus
2703 1718 2776 1771 uti
2802 1758 2817 1782 ,
2864 1731 2970 1771 non
3012 1717 3162 1787 quasi
3212 1718 3477 1774 mansoria

1911 1808 2135 1878 quadam
2156 1807 2437 1862 dilectione
2465 1818 2622 1878 atque
2650 1807 3019 1874 delectatione,
3052 1806 3147 1862 sed
3177 1808 3476 1863 transitoria

1913 1900 2115 1968 potius,
2168 1909 2412 1968 tauquam
2462 1898 2593 1965 viae,
2643 1907 2891 1969 tanquam
2944 1898 3348 1964 vehiculorum,
3395 1899 3479 1954 vel

1913 1992 2137 2045 aliorum
2182 1990 2537 2062 quorumlibet
2577 1991 3048 2044 instrumentorum
3076 2030 3090 2054 ,
3136 1998 3227 2045 aut
3269 1989 3314 2044 si
3355 1989 3479 2059 quid

1914 2083 2286 2152 congruentius
2316 2083 2419 2137 dici
2447 2092 2657 2152 potest;
2692 2090 2752 2136 ut
2778 2097 2840 2137 ea
2864 2082 3051 2151 quibus
3080 2082 3297 2138 ferimur
3316 2122 3331 2148 ,
3360 2097 3482 2152 pro—

1914 2185 2030 2245 pter
2058 2173 2181 2229 illud
2213 2175 2279 2229 ad
2316 2174 2457 2245 quod
2496 2174 2733 2241 ferimur,
2762 2174 3057 2245 diligamus.

1914 2288 2136 2343 CAPUT
2162 2287 2397 2342 XXXVI.
2410 2286 2835 2357 -—Interpretatio
2851 2286 3132 2357 Scriptura:
3151 2286 3263 2341 licet
3285 2286 3481 2353 vitiosa,

1986 2396 2086 2433 non
2113 2388 2184 2432 est
2212 2378 2428 2432 mendax
2452 2394 2540 2432 nec
2562 2378 2836 2448 perniciose
2858 2376 3021 2447 fallas:
3043 2419 3059 2444 ,
3089 2378 3133 2432 si
3168 2378 3314 2431 modo
3347 2378 3484 2432 utilis

1986 2471 2050 2523 sit
2095 2468 2409 2537 wdiﬁcandw
2445 2469 2699 2522 charitati.
2745 2466 3080 2540 Corrigendus
3121 2477 3286 2523 tamen
3328 2468 3486 2522 inter-

1988 2578 2099 2633 pres
2119 2562 2202 2630 qui
2231 2561 2301 2614 sic
2325 2559 2541 2629 fallitur.

1989 2656 2078 2709 40.
2110 2653 2356 2724 Quisquis
2386 2654 2543 2723 igitur
2586 2652 2887 2722 Scripturas
2911 2652 3116 2708 divinas
3153 2654 3236 2708 vel
3261 2653 3487 2723 quamli-

1919 2750 2008 2803 bet
2037 2763 2217 2802 earum
2244 2754 2450 2816 partem
2478 2745 2805 2801 intellexisse
2831 2745 2931 2799 sibi
2957 2744 3194 2811 videtur,
3240 2745 3310 2799 ita
3342 2755 3399 2799 ut
3425 2759 3490 2801 eo

1920 2839 2191 2893 intellectu
2243 2852 2349 2891 non
2396 2836 2618 2891 aediﬁcet
2670 2836 2825 2892 istam
2872 2836 3135 2906 geminam
3179 2835 3490 2891 charitatem

1924 2932 2017 2985 Dei
2046 2940 2100 2985 et
2129 2929 2372 3000 proximi,
2405 2927 2637 2983 nondum
2668 2927 2945 2982 intellexit.
2986 2926 3232 2996 Quisquis
3261 2941 3386 2982 vero
3416 2933 3493 2979 ta-

1922 3024 2025 3077 lem
2065 3022 2187 3077 inde
2228 3021 2545 3077 sententiam
2573 3020 2876 3089 duxerit”,
2914 3028 2973 3075 ut
3012 3020 3132 3073 huic
3173 3019 3495 3074 aediﬁcandae

1922 3116 2164 3171 charitati
2190 3116 2259 3171 sit
2287 3115 2459 3182 utilis,
2503 3128 2600 3168 nec
2628 3123 2801 3168 tamen
2844 3112 2948 3167 hoc
2991 3112 3184 3167 dixerit
3226 3112 3365 3183 quod
3396 3112 3486 3167 ille

1924 3222 2079 3276 quem
2103 3205 2227 3277 legit
2250 3220 2313 3260 co
2334 3206 2451 3259 loco
2474 3204 2705 3260 sensisse
2728 3203 3053 3274 probabitur,
3076 3218 3182 3257 non
3204 3203 3497 3273 perniciose

1927 3298 2140 3363 fallitur,
2171 3312 2270 3352 nec
2298 3297 2515 3350 omnino
2552 3296 2823 3350 mentitur.
2854 3292 2997 3349 Inest
3031 3295 3225 3364 quippe
3264 3294 3315 3346 in
3342 3308 3497 3347 men-

1930 3389 2091 3442 tiente
2134 3388 2377 3441 voluntas
2404 3387 2530 3442 falsa
2559 3385 2768 3441 dicendi
2802 3403 2815 3439 :
2850 3393 2904 3439 et
2932 3385 3051 3439 ideo
3079 3385 3270 3438 multos
3300 3384 3503 3439 inveni-

1929 3497 2078 3546 mus,
2107 3481 2197 3551 qui
2226 3480 2438 3535 mentiri
2466 3479 2664 3545 velint;
2708 3478 2796 3548 qui
2822 3486 2999 3532 autem
3027 3477 3173 3543 falli,
3212 3477 3497 3531 neminem.

1927 3573 2061 3627 Cum
2090 3573 2249 3641 igitur
2280 3572 2379 3626 hoc
2405 3572 2581 3625 sciens
2610 3571 2768 3624 homo
2798 3569 2969 3635 faciat,
2997 3568 3126 3622 illud
3152 3566 3395 3623 nesciens
3417 3583 3500 3636 pa-

1931 3664 2110 3729 tiatur,
2136 3662 2264 3716 satis
2289 3663 2343 3715 in
2363 3676 2464 3715 una
2484 3646 2781 3729 eademque
2803 3674 2859 3714 re
2884 3667 3100 3728 apparet
3127 3658 3281 3713 illum’
3300 3658 3389 3729 qui
3408 3658 3502 3712 fal-

1930 3756 2073 3821 litur,
2100 3770 2163 3810 eo
2192 3754 2281 3824 qui
2310 3754 2563 3808 mentitur
2588 3766 2705 3808 esse
2734 3751 3009 3807 meliorem
3033 3767 3047 3816 ;
3075 3749 3503 3821 quandoquidem

1932 3850 2040 3919 pati
2068 3848 2258 3904 melius
2286 3856 2369 3904 est
2395 3849 2740 3919 iniquitatem,
2769 3861 2926 3916 quam
2953 3845 3129 3901 facere
3162 3860 3175 3899 :
3207 3843 3379 3899 omnis
3406 3858 3505 3898 au-

1936 3950 2042 3997 tem
2072 3941 2160 4012 qui
2185 3941 2470 4005 mentitur,
2510 3940 2837 4009 iniquitatem
2868 3935 3068 4001 facit“;
3100 3943 3154 3991 et
3189 3936 3234 3989 si
3260 3928 3507 4005 cuiquam

1936 4034 2142 4089 videtur
2163 4033 2289 4087 utile
2310 4032 2590 4101 aliquando
2611 4045 2727 4085 esse
2753 4012 3107 4094 mendacium,
3144 4034 3308 4096 potest
3341 4025 3509 4079 videri

1936 4126 2118 4180 utilem
2139 4122 2420 4193 aliquando
2450 4138 2569 4177 esse
2610 4120 2957 4190 iniquitatem.
2986 4119 3153 4173 Nemo
3190 4119 3332 4172 enim
3357 4132 3510 4171 men-

1940 4219 2107 4283 tiens,
2166 4217 2216 4270 iu
2269 4230 2334 4270 eo
2385 4215 2523 4283 quod
2570 4213 2859 4278 mentitur,
2918 4217 3093 4265 servat
3147 4208 3336 4273 ﬁdem;
3388 4222 3509 4261 nam

1940 4309 2042 4364 hoc
2070 4308 2247 4377 utique
2275 4306 2406 4373 vult,
2450 4316 2506 4359 ut
2546 4305 2629 4359 cui
2671 4303 2922 4359 mentitur
2956 4301 3114 4356 ﬁdem
3159 4299 3258 4354 sibi
3284 4299 3508 4364 habeat,

1942 4418 2098 4471 quam
2133 4410 2305 4454 tamen
2333 4399 2381 4454 ei
2409 4395 2711 4452 mentiendo
2751 4410 2853 4449 non
2880 4401 3059 4448 servat
3090 4409 3103 4444 :
3135 4392 3308 4445 omnis
3336 4398 3511 4444 autem

1944 4495 2063 4549 ﬁdei
2090 4494 2352 4559 violator,
2394 4492 2604 4561 iniquus
2645 4496 2747 4543 est.
2793 4488 2897 4541 Aut
2921 4487 3092 4555 igitur
3130 4485 3376 4555 iniquitas
3413 4483 3510 4536 ali-

1944 4584 2156 4655 quando
2184 4583 2326 4637 utilis
2350 4589 2449 4646 est,
2479 4578 2620 4649 quod
2659 4576 2771 4633 fieri
2797 4591 2906 4630 non
2933 4582 3140 4645 potest;
3181 4582 3273 4629 aut
3298 4571 3516 4628 menda-

1946 4678 2084 4733 cium
2114 4690 2323 4744 semper
2351 4672 2534 4727 inutile
2572 4678 2674 4725 est.

2018 4770 2108 4823 M.
2139 4766 2245 4822 Sed
2272 4764 2511 4835 quisquis
2557 4764 2610 4817 in
2653 4760 2936 4832 Scripturis
2974 4760 3116 4815 aliud
3154 4760 3314 4815 sentit
3359 4775 3516 4831 quam

1950 4861 2037 4917 ille
2066 4860 2153 4931 qui
2178 4858 2427 4928 scripsit,
2470 4857 2572 4911 illis
2599 4870 2705 4910 non
2743 4853 3121 4910 mentientibus
3160 4852 3396 4908 fallitur:
3426 4852 3522 4909 sed

1952 4965 2166 5021 tamen,
2196 4962 2253 5008 ut
2293 4952 2469 5006 dicere
2497 4964 2784 5020 creperam,
2825 4950 2871 5003 si
2898 4963 2963 5003 ea
2990 4947 3248 5002 sententia
3294 4947 3518 5012 fallitur,

1952 5060 2055 5118 qua
2083 5043 2307 5099 aediﬁcet
2334 5043 2645 5097 charitatcm
2670 5080 2683 5105 ,
2727 5054 2845 5109 qua:
2884 5036 3002 5092 ﬁnis
3028 5038 3275 5107 praecepti
3308 5046 3421 5103 est,
3450 5036 3521 5089 ita

1956 5139 2172 5201 fallitur,
2204 5152 2265 5191 ac
2293 5136 2336 5189 si
2365 5135 2641 5205 quisquam
2662 5146 2846 5187 errore
2867 5130 3123 5184 deserens
3153 5130 3292 5182 viam
3311 5169 3325 5191 ,
3356 5141 3421 5181 eo
3448 5135 3524 5181 ta-

1956 5246 2078 5286 men
2118 5244 2213 5299 per
2236 5241 2418 5298 agrum
2456 5233 2674 5295 pergat,
2704 5236 2810 5292 quo
2834 5221 2993 5277 etiam
3022 5221 3106 5275 via
3134 5219 3224 5273 illa
3265 5216 3523 5287 perducit.

1961 5320 2313 5390 Corrigendus
2343 5325 2425 5373 est
2451 5326 2623 5370 tamen
2648 5356 2663 5382 ,
2694 5322 2748 5369 et
2775 5327 2931 5383 quam
2961 5312 3030 5365 sit
3059 5310 3237 5365 utilius
3262 5309 3398 5363 viam
3421 5325 3528 5366 non

1960 5416 2208 5471 deserere
2252 5398 2721 5477 demonstrandum
2762 5415 2885 5474 est,
2926 5422 2994 5462 ne
3030 5404 3410 5460 consuetudine
3437 5405 3532 5461 de.

1962 5508 2139 5565 viandi
2158 5507 2314 5563 etiam
2332 5507 2383 5561 in
2404 5514 2759 5561 transversum
2775 5510 3182 5572 autperversum
3195 5498 3273 5555 ire
3292 5506 3531 5570 cogatur.

2030 5667 2047 5699 ι
2073 5672 2123 5714 ιιι
2146 5662 2375 5728 Vulgatis,
2402 5659 2643 5728 pervenire
2664 5662 2848 5728 ,jcujus‘
2868 5655 2972 5704 loco
2996 5654 3045 5703 in
3068 5660 3173 5703 Mss.
3192 5686 3206 5713 ,

1974 5752 1979 5755 -
2029 5730 2050 5759 ³
2074 5736 2171 5777 Am.
2199 5720 2492 5775 et'undecim
2513 5730 2638 5787 Mss,
2668 5720 2864 5787 dixerit.
2907 5776 2918 5787 .
2958 5777 2969 5787 _
3104 5776 3124 5787 Α
3180 5774 3208 5787 ,Δ
3260 5783 3294 5787 __

2034 5790 2055 5821 ³
2076 5776 2348 5839 Octodecim
2379 5795 2481 5838 Mss.
2498 5822 2511 5849 ,
2537 5776 2869 5850 quimentitur
2900 5776 3059 5842 inique
3094 5776 3227 5841 facit.
3260 5783 3387 5826 Unus
3435 5776 3527 5828 mir

1902 5904 1903 5907 η
1969 5862 2130 5917 quwn.
