  <div class='ocr_page' id='page_1' title='image "/cluster/home/n/w/nwhite01/storage/ocr_20150623/34/hvd.32044015706310/023.png"; bbox 0 0 4060 6476; ppageno 0'>
   <div class='ocr_carea' id='block_1_1' title="bbox 566 382 3827 460">
    <p class='ocr_par' dir='ltr' id='par_1_1' title="bbox 566 382 3827 460">
     <span class='ocr_line' id='line_1_1' title="bbox 566 382 3827 460; baseline -0.001 -10"><span class='ocrx_word' id='word_1_1' title='bbox 566 386 638 450; x_wconf 76' lang='lat'><strong>35</strong></span> <span class='ocrx_word' id='word_1_2' title='bbox 1472 392 1565 451; x_wconf 76' lang='lat' dir='ltr'><strong>DE</strong></span> <span class='ocrx_word' id='word_1_3' title='bbox 1602 387 1943 451; x_wconf 76' lang='lat' dir='ltr'><strong>DOCTRINA</strong></span> <span class='ocrx_word' id='word_1_4' title='bbox 1983 382 2384 446; x_wconf 64' lang='lat' dir='ltr'><strong>CHRISTIANA</strong></span> <span class='ocrx_word' id='word_1_5' title='bbox 2422 386 2480 443; x_wconf 89' lang='lat' dir='ltr'><strong>S.</strong></span> <span class='ocrx_word' id='word_1_6' title='bbox 2521 388 2909 449; x_wconf 83' lang='lat' dir='ltr'><strong>AUGUSTINI.</strong></span> <span class='ocrx_word' id='word_1_7' title='bbox 3749 402 3827 460; x_wconf 75' lang='lat'><strong>36</strong></span> 
     </span>
    </p>
   </div>
   <div class='ocr_carea' id='block_1_2' title="bbox 565 506 2141 585">
    <p class='ocr_par' dir='ltr' id='par_1_2' title="bbox 565 506 2141 585">
     <span class='ocr_line' id='line_1_2' title="bbox 565 506 2141 585; baseline -0.006 -13"><span class='ocrx_word' id='word_1_8' title='bbox 565 510 789 573; x_wconf 73' lang='lat' dir='ltr'><strong>CAPUT</strong></span> <span class='ocrx_word' id='word_1_9' title='bbox 824 508 1086 577; x_wconf 73' lang='lat' dir='ltr'><strong>XXXVII.</strong></span> <span class='ocrx_word' id='word_1_10' title='bbox 1112 544 1182 558; x_wconf 92' lang='lat'>—</span> <span class='ocrx_word' id='word_1_11' title='bbox 1209 512 1433 571; x_wconf 72' lang='lat' dir='ltr'><strong>Multum</strong></span> <span class='ocrx_word' id='word_1_12' title='bbox 1466 513 1593 570; x_wconf 79' lang='lat' dir='ltr'><strong>inest</strong></span> <span class='ocrx_word' id='word_1_13' title='bbox 1620 510 1833 585; x_wconf 77' lang='lat' dir='ltr'><strong>periculi</strong></span> <span class='ocrx_word' id='word_1_14' title='bbox 1858 509 1912 565; x_wconf 86' lang='lat' dir='ltr'><strong>in</strong></span> <span class='ocrx_word' id='word_1_15' title='bbox 1944 508 2039 563; x_wconf 81' lang='lat' dir='ltr'><strong>hac</strong></span> <span class='ocrx_word' id='word_1_16' title='bbox 2060 506 2141 564; x_wconf 84' lang='lat' dir='ltr'><strong>in-</strong></span> 
     </span>
    </p>
   </div>
   <div class='ocr_carea' id='block_1_3' title="bbox 1056 606 1623 681">
    <p class='ocr_par' dir='ltr' id='par_1_3' title="bbox 1056 606 1623 681">
     <span class='ocr_line' id='line_1_3' title="bbox 1056 606 1623 681; baseline -0.005 -19"><span class='ocrx_word' id='word_1_17' title='bbox 1056 608 1408 681; x_wconf 82' lang='lat' dir='ltr'><strong>terpretatione</strong></span> <span class='ocrx_word' id='word_1_18' title='bbox 1429 606 1623 661; x_wconf 79' lang='lat' dir='ltr'><strong>vitiosa.</strong></span> 
     </span>
    </p>
   </div>
   <div class='ocr_carea' id='block_1_4' title="bbox 632 693 2135 770">
    <p class='ocr_par' dir='ltr' id='par_1_4' title="bbox 632 693 2135 770">
     <span class='ocr_line' id='line_1_4' title="bbox 632 693 2135 770; baseline -0.004 -14"><span class='ocrx_word' id='word_1_19' title='bbox 632 699 937 756; x_wconf 83' lang='lat' dir='ltr'><strong>Asserendo</strong></span> <span class='ocrx_word' id='word_1_20' title='bbox 962 700 1102 756; x_wconf 91' lang='lat' dir='ltr'><strong>enim</strong></span> <span class='ocrx_word' id='word_1_21' title='bbox 1132 708 1332 756; x_wconf 79' lang='lat' dir='ltr'><strong>temere</strong></span> <span class='ocrx_word' id='word_1_22' title='bbox 1364 698 1503 770; x_wconf 91' lang='lat' dir='ltr'><strong>quod</strong></span> <span class='ocrx_word' id='word_1_23' title='bbox 1537 696 1626 753; x_wconf 90' lang='lat' dir='ltr'><strong>ille</strong></span> <span class='ocrx_word' id='word_1_24' title='bbox 1649 711 1755 751; x_wconf 94' lang='lat' dir='ltr'><strong>non</strong></span> <span class='ocrx_word' id='word_1_25' title='bbox 1786 693 1955 750; x_wconf 79' lang='lat' dir='ltr'><strong>sensit</strong></span> <span class='ocrx_word' id='word_1_26' title='bbox 1976 707 2135 765; x_wconf 87' lang='lat' dir='ltr'><strong>quem</strong></span> 
     </span>
    </p>
   </div>
   <div class='ocr_carea' id='block_1_5' title="bbox 563 786 2134 864">
    <p class='ocr_par' dir='ltr' id='par_1_5' title="bbox 563 786 2134 864">
     <span class='ocr_line' id='line_1_5' title="bbox 563 786 2134 864; baseline -0.004 -15"><span class='ocrx_word' id='word_1_27' title='bbox 563 790 727 864; x_wconf 71' lang='lat' dir='ltr'><strong>legis,</strong></span> <span class='ocrx_word' id='word_1_28' title='bbox 755 791 1071 863; x_wconf 72' lang='lat' dir='ltr'><strong>plerumque</strong></span> <span class='ocrx_word' id='word_1_29' title='bbox 1093 793 1321 848; x_wconf 71' lang='lat' dir='ltr'><strong>incurrit</strong></span> <span class='ocrx_word' id='word_1_30' title='bbox 1358 792 1413 847; x_wconf 89' lang='lat' dir='ltr'><strong>in</strong></span> <span class='ocrx_word' id='word_1_31' title='bbox 1453 791 1555 847; x_wconf 84' lang='lat' dir='ltr'><strong>alia</strong></span> <span class='ocrx_word' id='word_1_32' title='bbox 1595 804 1714 862; x_wconf 67' lang='lat' dir='ltr'><strong>qua:</strong></span> <span class='ocrx_word' id='word_1_33' title='bbox 1749 786 1825 844; x_wconf 88' lang='lat' dir='ltr'><strong>illi</strong></span> <span class='ocrx_word' id='word_1_34' title='bbox 1855 787 2134 845; x_wconf 51' lang='lat' dir='ltr'><strong>sententiae.</strong></span> 
     </span>
    </p>
   </div>
   <div class='ocr_carea' id='block_1_6' title="bbox 561 884 2132 958">
    <p class='ocr_par' dir='ltr' id='par_1_6' title="bbox 561 884 2132 958">
     <span class='ocr_line' id='line_1_6' title="bbox 561 884 2132 958; baseline -0.004 -16"><span class='ocrx_word' id='word_1_35' title='bbox 561 895 847 942; x_wconf 76' lang='lat' dir='ltr'><strong>contexere</strong></span> <span class='ocrx_word' id='word_1_36' title='bbox 888 894 1117 957; x_wconf 88' lang='lat' dir='ltr'><strong>nequeat</strong></span> <span class='ocrx_word' id='word_1_37' title='bbox 1146 903 1161 940; x_wconf 92' lang='lat'>:</span> <span class='ocrx_word' id='word_1_38' title='bbox 1190 900 1308 958; x_wconf 79' lang='lat' dir='ltr'><strong>quae</strong></span> <span class='ocrx_word' id='word_1_39' title='bbox 1337 884 1383 939; x_wconf 89' lang='lat' dir='ltr'><strong>si</strong></span> <span class='ocrx_word' id='word_1_40' title='bbox 1415 899 1537 941; x_wconf 86' lang='lat' dir='ltr'><strong>vera</strong></span> <span class='ocrx_word' id='word_1_41' title='bbox 1579 890 1634 940; x_wconf 89' lang='lat' dir='ltr'><strong>et</strong></span> <span class='ocrx_word' id='word_1_42' title='bbox 1673 892 1815 940; x_wconf 86' lang='lat' dir='ltr'><strong>certa</strong></span> <span class='ocrx_word' id='word_1_43' title='bbox 1854 897 1971 937; x_wconf 88' lang='lat' dir='ltr'><strong>esse</strong></span> <span class='ocrx_word' id='word_1_44' title='bbox 1997 896 2132 937; x_wconf 89' lang='lat' dir='ltr'><strong>con-</strong></span> 
     </span>
    </p>
   </div>
   <div class='ocr_carea' id='block_1_7' title="bbox 559 973 2131 1049">
    <p class='ocr_par' dir='ltr' id='par_1_7' title="bbox 559 973 2131 1049">
     <span class='ocr_line' id='line_1_7' title="bbox 559 973 2131 1049; baseline -0.001 -17"><span class='ocrx_word' id='word_1_45' title='bbox 559 974 723 1033; x_wconf 77' lang='lat' dir='ltr'><strong>sensit</strong></span> <span class='ocrx_word' id='word_1_46' title='bbox 747 1017 763 1043; x_wconf 91' lang='lat'><strong>,</strong></span> <span class='ocrx_word' id='word_1_47' title='bbox 806 977 946 1033; x_wconf 79' lang='lat' dir='ltr'><strong>illud</strong></span> <span class='ocrx_word' id='word_1_48' title='bbox 963 993 1071 1033; x_wconf 81' lang='lat' dir='ltr'><strong>non</strong></span> <span class='ocrx_word' id='word_1_49' title='bbox 1095 978 1263 1049; x_wconf 85' lang='lat' dir='ltr'><strong>possit</strong></span> <span class='ocrx_word' id='word_1_50' title='bbox 1303 990 1487 1032; x_wconf 87' lang='lat' dir='ltr'><strong>verum</strong></span> <span class='ocrx_word' id='word_1_51' title='bbox 1530 990 1649 1033; x_wconf 90' lang='lat' dir='ltr'><strong>esse</strong></span> <span class='ocrx_word' id='word_1_52' title='bbox 1687 973 1826 1047; x_wconf 84' lang='lat' dir='ltr'><strong>quod</strong></span> <span class='ocrx_word' id='word_1_53' title='bbox 1856 984 2131 1039; x_wconf 82' lang='lat' dir='ltr'><strong>senserat;</strong></span> 
     </span>
    </p>
   </div>
   <div class='ocr_carea' id='block_1_8' title="bbox 559 1062 2131 1138">
    <p class='ocr_par' dir='ltr' id='par_1_8' title="bbox 559 1062 2131 1138">
     <span class='ocr_line' id='line_1_8' title="bbox 559 1062 2131 1138; baseline -0.002 -13"><span class='ocrx_word' id='word_1_54' title='bbox 559 1062 724 1138; x_wconf 54' lang='lat' dir='ltr'><strong>Quae</strong></span> <span class='ocrx_word' id='word_1_55' title='bbox 753 1068 806 1124; x_wconf 84' lang='lat' dir='ltr'><strong>iu</strong></span> <span class='ocrx_word' id='word_1_56' title='bbox 832 1080 919 1137; x_wconf 72' lang='lat' dir='ltr'><strong>eo,</strong></span> <span class='ocrx_word' id='word_1_57' title='bbox 955 1069 1136 1124; x_wconf 81' lang='lat' dir='ltr'><strong>nescio</strong></span> <span class='ocrx_word' id='word_1_58' title='bbox 1164 1066 1449 1138; x_wconf 85' lang='lat' dir='ltr'><strong>quomodo,</strong></span> <span class='ocrx_word' id='word_1_59' title='bbox 1478 1076 1537 1121; x_wconf 86' lang='lat' dir='ltr'><strong>ut</strong></span> <span class='ocrx_word' id='word_1_60' title='bbox 1561 1064 1789 1122; x_wconf 87' lang='lat' dir='ltr'><strong>amando</strong></span> <span class='ocrx_word' id='word_1_61' title='bbox 1816 1065 2131 1122; x_wconf 85' lang='lat' dir='ltr'><strong>sententiam</strong></span> 
     </span>
    </p>
   </div>
   <div class='ocr_carea' id='block_1_9' title="bbox 556 1156 2126 1233">
    <p class='ocr_par' dir='ltr' id='par_1_9' title="bbox 556 1156 2126 1233">
     <span class='ocr_line' id='line_1_9' title="bbox 556 1156 2126 1233; baseline 0 -18"><span class='ocrx_word' id='word_1_62' title='bbox 556 1172 743 1226; x_wconf 76' lang='lat' dir='ltr'><strong>suam,</strong></span> <span class='ocrx_word' id='word_1_63' title='bbox 786 1156 1081 1233; x_wconf 76' lang='lat' dir='ltr'><strong>Seripume</strong></span> <span class='ocrx_word' id='word_1_64' title='bbox 1118 1158 1339 1230; x_wconf 69' lang='lat' dir='ltr'><strong>bicipiat</strong></span> <span class='ocrx_word' id='word_1_65' title='bbox 1372 1158 1625 1217; x_wconf 73' lang='lat' dir='ltr'><strong>odenslor</strong></span> <span class='ocrx_word' id='word_1_66' title='bbox 1648 1172 1767 1217; x_wconf 85' lang='lat' dir='ltr'><strong>esse</strong></span> <span class='ocrx_word' id='word_1_67' title='bbox 1809 1174 1967 1230; x_wconf 86' lang='lat' dir='ltr'><strong>quam</strong></span> <span class='ocrx_word' id='word_1_68' title='bbox 2007 1158 2126 1215; x_wconf 87' lang='lat' dir='ltr'><strong>sibi.</strong></span> 
     </span>
    </p>
   </div>
   <div class='ocr_carea' id='block_1_10' title="bbox 554 1251 2131 1323">
    <p class='ocr_par' dir='ltr' id='par_1_10' title="bbox 554 1251 2131 1323">
     <span class='ocr_line' id='line_1_10' title="bbox 554 1251 2131 1323; baseline 0 -15"><span class='ocrx_word' id='word_1_69' title='bbox 554 1252 713 1321; x_wconf 70' lang='lat' dir='ltr'><strong>Quod</strong></span> <span class='ocrx_word' id='word_1_70' title='bbox 736 1252 930 1309; x_wconf 69' lang='lat' dir='ltr'><strong>malum</strong></span> <span class='ocrx_word' id='word_1_71' title='bbox 955 1253 1009 1308; x_wconf 80' lang='lat' dir='ltr'><strong>si</strong></span> <span class='ocrx_word' id='word_1_72' title='bbox 1029 1264 1253 1323; x_wconf 82' lang='lat' dir='ltr'><strong>serpere</strong></span> <span class='ocrx_word' id='word_1_73' title='bbox 1270 1252 1483 1318; x_wconf 83' lang='lat' dir='ltr'><strong>siverit,</strong></span> <span class='ocrx_word' id='word_1_74' title='bbox 1514 1261 1784 1309; x_wconf 77' lang='lat' dir='ltr'><strong>evertetur</strong></span> <span class='ocrx_word' id='word_1_75' title='bbox 1808 1267 1874 1306; x_wconf 80' lang='lat' dir='ltr'><strong>ex</strong></span> <span class='ocrx_word' id='word_1_76' title='bbox 1915 1269 1998 1307; x_wconf 89' lang='lat' dir='ltr'><strong>eo.</strong></span> <span class='ocrx_word' id='word_1_77' title='bbox 2029 1251 2131 1308; x_wconf 82' lang='lat' dir='ltr'><strong>Per</strong></span> 
     </span>
    </p>
   </div>
   <div class='ocr_carea' id='block_1_11' title="bbox 557 1342 2127 1416">
    <p class='ocr_par' dir='ltr' id='par_1_11' title="bbox 557 1342 2127 1416">
     <span class='ocr_line' id='line_1_11' title="bbox 557 1342 2127 1416; baseline -0.001 -15"><span class='ocrx_word' id='word_1_78' title='bbox 557 1344 719 1401; x_wconf 82' lang='lat' dir='ltr'><strong>ﬁdem</strong></span> <span class='ocrx_word' id='word_1_79' title='bbox 740 1346 881 1401; x_wconf 80' lang='lat' dir='ltr'><strong>enim</strong></span> <span class='ocrx_word' id='word_1_80' title='bbox 909 1343 1240 1401; x_wconf 77' lang='lat' dir='ltr'><strong>ambulamus</strong></span> <span class='ocrx_word' id='word_1_81' title='bbox 1260 1388 1273 1411; x_wconf 93' lang='lat'><strong>,</strong></span> <span class='ocrx_word' id='word_1_82' title='bbox 1303 1358 1406 1400; x_wconf 87' lang='lat' dir='ltr'><strong>non</strong></span> <span class='ocrx_word' id='word_1_83' title='bbox 1437 1358 1531 1415; x_wconf 89' lang='lat' dir='ltr'><strong>per</strong></span> <span class='ocrx_word' id='word_1_84' title='bbox 1555 1346 1784 1416; x_wconf 85' lang='lat' dir='ltr'><strong>speciem</strong></span> <span class='ocrx_word' id='word_1_85' title='bbox 1816 1344 1887 1416; x_wconf 83' lang='lat' dir='ltr'><strong>(ll&#39;</strong></span> <span class='ocrx_word' id='word_1_86' title='bbox 1912 1342 2029 1399; x_wconf 87' lang='lat' dir='ltr'><strong>Cor.</strong></span> <span class='ocrx_word' id='word_1_87' title='bbox 2058 1359 2093 1399; x_wconf 88' lang='lat' dir='ltr'><strong>v</strong></span> <span class='ocrx_word' id='word_1_88' title='bbox 2111 1384 2127 1410; x_wconf 89' lang='lat'><strong>,</strong></span> 
     </span>
    </p>
   </div>
   <div class='ocr_carea' id='block_1_12' title="bbox 552 1436 2126 1509">
    <p class='ocr_par' dir='ltr' id='par_1_12' title="bbox 552 1436 2126 1509">
     <span class='ocr_line' id='line_1_12' title="bbox 552 1436 2126 1509; baseline 0 -18"><span class='ocrx_word' id='word_1_89' title='bbox 552 1437 647 1509; x_wconf 75' lang='grc' dir='ltr'><strong>ἠις</strong></span> <span class='ocrx_word' id='word_1_90' title='bbox 676 1437 927 1492; x_wconf 77' lang='lat' dir='ltr'><strong>titubabit</strong></span> <span class='ocrx_word' id='word_1_91' title='bbox 947 1446 1125 1492; x_wconf 80' lang='lat' dir='ltr'><strong>autem</strong></span> <span class='ocrx_word' id='word_1_92' title='bbox 1142 1437 1296 1505; x_wconf 67' lang='lat' dir='ltr'><strong>Ides,</strong></span> <span class='ocrx_word' id='word_1_93' title='bbox 1324 1439 1377 1493; x_wconf 83' lang='lat' dir='ltr'><strong>si</strong></span> <span class='ocrx_word' id='word_1_94' title='bbox 1399 1438 1691 1493; x_wconf 78' lang='lat' dir='ltr'><strong>divinarum</strong></span> <span class='ocrx_word' id='word_1_95' title='bbox 1732 1436 2126 1509; x_wconf 83' lang='lat' dir='ltr'><strong>Scripturarum</strong></span> 
     </span>
    </p>
   </div>
   <div class='ocr_carea' id='block_1_13' title="bbox 551 1528 2127 1601">
    <p class='ocr_par' dir='ltr' id='par_1_13' title="bbox 551 1528 2127 1601">
     <span class='ocr_line' id='line_1_13' title="bbox 551 1528 2127 1601; baseline 0.003 -22"><span class='ocrx_word' id='word_1_96' title='bbox 551 1528 767 1582; x_wconf 78' lang='lat' dir='ltr'><strong>vacillat</strong></span> <span class='ocrx_word' id='word_1_97' title='bbox 820 1528 1107 1584; x_wconf 81' lang='lat' dir='ltr'><strong>auctoritas</strong></span> <span class='ocrx_word' id='word_1_98' title='bbox 1137 1545 1151 1583; x_wconf 90' lang='lat'><strong>:</strong></span> <span class='ocrx_word' id='word_1_99' title='bbox 1178 1542 1341 1601; x_wconf 83' lang='lat' dir='ltr'><strong>porro</strong></span> <span class='ocrx_word' id='word_1_100' title='bbox 1388 1528 1492 1584; x_wconf 83' lang='lat' dir='ltr'><strong>lida</strong></span> <span class='ocrx_word' id='word_1_101' title='bbox 1543 1528 1801 1584; x_wconf 83' lang='lat' dir='ltr'><strong>titubante</strong></span> <span class='ocrx_word' id='word_1_102' title='bbox 1828 1569 1843 1595; x_wconf 91' lang='lat'><strong>,</strong></span> <span class='ocrx_word' id='word_1_103' title='bbox 1895 1528 2127 1584; x_wconf 79' lang='lat' dir='ltr'><strong>cliaritas</strong></span> 
     </span>
    </p>
   </div>
   <div class='ocr_carea' id='block_1_14' title="bbox 550 1619 2126 1694">
    <p class='ocr_par' dir='ltr' id='par_1_14' title="bbox 550 1619 2126 1694">
     <span class='ocr_line' id='line_1_14' title="bbox 550 1619 2126 1694; baseline 0.003 -20"><span class='ocrx_word' id='word_1_104' title='bbox 550 1620 711 1675; x_wconf 77' lang='lat' dir='ltr'><strong>etiam</strong></span> <span class='ocrx_word' id='word_1_105' title='bbox 735 1619 849 1689; x_wconf 60' lang='lat' dir='ltr'><strong>ipsa</strong></span> <span class='ocrx_word' id='word_1_106' title='bbox 876 1621 1185 1693; x_wconf 76' lang='lat' dir='ltr'><strong>languescit.</strong></span> <span class='ocrx_word' id='word_1_107' title='bbox 1212 1622 1343 1678; x_wconf 79' lang='lat' dir='ltr'><strong>Nam</strong></span> <span class='ocrx_word' id='word_1_108' title='bbox 1375 1624 1419 1681; x_wconf 87' lang='lat' dir='ltr'><strong>sl</strong></span> <span class='ocrx_word' id='word_1_109' title='bbox 1453 1636 1482 1677; x_wconf 89' lang='lat' dir='ltr'><strong>a</strong></span> <span class='ocrx_word' id='word_1_110' title='bbox 1524 1622 1627 1678; x_wconf 84' lang='lat' dir='ltr'><strong>llde</strong></span> <span class='ocrx_word' id='word_1_111' title='bbox 1661 1624 1885 1694; x_wconf 87' lang='lat' dir='ltr'><strong>quisque</strong></span> <span class='ocrx_word' id='word_1_112' title='bbox 1922 1623 2126 1679; x_wconf 85' lang='lat' dir='ltr'><strong>cecide-</strong></span> 
     </span>
    </p>
   </div>
   <div class='ocr_carea' id='block_1_15' title="bbox 548 1713 2126 1783">
    <p class='ocr_par' dir='ltr' id='par_1_15' title="bbox 548 1713 2126 1783">
     <span class='ocr_line' id='line_1_15' title="bbox 548 1713 2126 1783; baseline 0.001 -13"><span class='ocrx_word' id='word_1_113' title='bbox 548 1715 655 1779; x_wconf 85' lang='lat' dir='ltr'><strong>rit,</strong></span> <span class='ocrx_word' id='word_1_114' title='bbox 698 1713 1014 1770; x_wconf 76' lang='lat' dir='ltr'><strong>acharitate</strong></span> <span class='ocrx_word' id='word_1_115' title='bbox 1055 1714 1216 1769; x_wconf 82' lang='lat' dir='ltr'><strong>etiam</strong></span> <span class='ocrx_word' id='word_1_116' title='bbox 1257 1726 1477 1771; x_wconf 86' lang='lat' dir='ltr'><strong>necesse</strong></span> <span class='ocrx_word' id='word_1_117' title='bbox 1516 1721 1598 1771; x_wconf 87' lang='lat' dir='ltr'><strong>est</strong></span> <span class='ocrx_word' id='word_1_118' title='bbox 1622 1715 1805 1783; x_wconf 83' lang='lat' dir='ltr'><strong>cadat;</strong></span> <span class='ocrx_word' id='word_1_119' title='bbox 1839 1730 1943 1771; x_wconf 90' lang='lat' dir='ltr'><strong>non</strong></span> <span class='ocrx_word' id='word_1_120' title='bbox 1984 1717 2126 1772; x_wconf 89' lang='lat' dir='ltr'><strong>enim</strong></span> 
     </span>
    </p>
   </div>
   <div class='ocr_carea' id='block_1_16' title="bbox 546 1808 2129 1883">
    <p class='ocr_par' dir='ltr' id='par_1_16' title="bbox 546 1808 2129 1883">
     <span class='ocr_line' id='line_1_16' title="bbox 546 1808 2129 1883; baseline 0.001 -17"><span class='ocrx_word' id='word_1_121' title='bbox 546 1816 725 1880; x_wconf 80' lang='lat' dir='ltr'><strong>potest</strong></span> <span class='ocrx_word' id='word_1_122' title='bbox 747 1808 966 1881; x_wconf 78' lang='lat' dir='ltr'><strong>diligere</strong></span> <span class='ocrx_word' id='word_1_123' title='bbox 988 1810 1137 1882; x_wconf 87' lang='lat' dir='ltr'><strong>quod</strong></span> <span class='ocrx_word' id='word_1_124' title='bbox 1154 1826 1273 1868; x_wconf 90' lang='lat' dir='ltr'><strong>esse</strong></span> <span class='ocrx_word' id='word_1_125' title='bbox 1302 1826 1405 1867; x_wconf 90' lang='lat' dir='ltr'><strong>non</strong></span> <span class='ocrx_word' id='word_1_126' title='bbox 1434 1810 1602 1869; x_wconf 85' lang='lat' dir='ltr'><strong>credit</strong></span> <span class='ocrx_word' id='word_1_127' title='bbox 1634 1830 1645 1865; x_wconf 92' lang='lat'><strong>:</strong></span> <span class='ocrx_word' id='word_1_128' title='bbox 1677 1827 1840 1883; x_wconf 87' lang='lat' dir='ltr'><strong>porro</strong></span> <span class='ocrx_word' id='word_1_129' title='bbox 1865 1813 1909 1867; x_wconf 89' lang='lat' dir='ltr'><strong>si</strong></span> <span class='ocrx_word' id='word_1_130' title='bbox 1938 1822 1991 1867; x_wconf 88' lang='lat' dir='ltr'><strong>et</strong></span> <span class='ocrx_word' id='word_1_131' title='bbox 2016 1827 2129 1868; x_wconf 89' lang='lat' dir='ltr'><strong>cre-</strong></span> 
     </span>
    </p>
   </div>
   <div class='ocr_carea' id='block_1_17' title="bbox 546 1900 2125 1975">
    <p class='ocr_par' dir='ltr' id='par_1_17' title="bbox 546 1900 2125 1975">
     <span class='ocr_line' id='line_1_17' title="bbox 546 1900 2125 1975; baseline 0.001 -20"><span class='ocrx_word' id='word_1_132' title='bbox 546 1900 626 1956; x_wconf 79' lang='lat' dir='ltr'><strong>dit</strong></span> <span class='ocrx_word' id='word_1_133' title='bbox 650 1909 703 1957; x_wconf 82' lang='lat' dir='ltr'><strong>et</strong></span> <span class='ocrx_word' id='word_1_134' title='bbox 726 1900 915 1972; x_wconf 77' lang='lat' dir='ltr'><strong>diligit,</strong></span> <span class='ocrx_word' id='word_1_135' title='bbox 943 1901 1081 1959; x_wconf 84' lang='lat' dir='ltr'><strong>bene</strong></span> <span class='ocrx_word' id='word_1_136' title='bbox 1104 1901 1309 1974; x_wconf 87' lang='lat' dir='ltr'><strong>agendo</strong></span> <span class='ocrx_word' id='word_1_137' title='bbox 1337 1912 1391 1959; x_wconf 93' lang='lat' dir='ltr'><strong>et</strong></span> <span class='ocrx_word' id='word_1_138' title='bbox 1420 1904 1697 1975; x_wconf 64' lang='lat' dir='ltr'><strong>praeceptis</strong></span> <span class='ocrx_word' id='word_1_139' title='bbox 1723 1916 1930 1958; x_wconf 90' lang='lat' dir='ltr'><strong>morum</strong></span> <span class='ocrx_word' id='word_1_140' title='bbox 1957 1905 2125 1959; x_wconf 89' lang='lat' dir='ltr'><strong>bono-</strong></span> 
     </span>
    </p>
   </div>
   <div class='ocr_carea' id='block_1_18' title="bbox 548 1993 2125 2067">
    <p class='ocr_par' dir='ltr' id='par_1_18' title="bbox 548 1993 2125 2067">
     <span class='ocr_line' id='line_1_18' title="bbox 548 1993 2125 2067; baseline 0.003 -20"><span class='ocrx_word' id='word_1_141' title='bbox 548 2004 663 2047; x_wconf 84' lang='lat' dir='ltr'><strong>rum</strong></span> <span class='ocrx_word' id='word_1_142' title='bbox 699 1993 1116 2063; x_wconf 81' lang='lat' dir='ltr'><strong>obtemperando</strong></span> <span class='ocrx_word' id='word_1_143' title='bbox 1141 1994 1340 2064; x_wconf 81' lang='lat' dir='ltr'><strong>emcit,</strong></span> <span class='ocrx_word' id='word_1_144' title='bbox 1384 1997 1627 2052; x_wconf 90' lang='lat' dir='ltr'><strong>utetiam</strong></span> <span class='ocrx_word' id='word_1_145' title='bbox 1666 2005 1845 2067; x_wconf 89' lang='lat' dir='ltr'><strong>speret</strong></span> <span class='ocrx_word' id='word_1_146' title='bbox 1882 2011 1940 2051; x_wconf 92' lang='lat' dir='ltr'><strong>se</strong></span> <span class='ocrx_word' id='word_1_147' title='bbox 1981 1996 2045 2051; x_wconf 90' lang='lat' dir='ltr'><strong>ad</strong></span> <span class='ocrx_word' id='word_1_148' title='bbox 2073 1996 2125 2052; x_wconf 89' lang='lat' dir='ltr'><strong>id</strong></span> 
     </span>
    </p>
   </div>
   <div class='ocr_carea' id='block_1_19' title="bbox 546 2082 2126 2158">
    <p class='ocr_par' dir='ltr' id='par_1_19' title="bbox 546 2082 2126 2158">
     <span class='ocr_line' id='line_1_19' title="bbox 546 2082 2126 2158; baseline 0.002 -20"><span class='ocrx_word' id='word_1_149' title='bbox 546 2084 686 2154; x_wconf 87' lang='lat' dir='ltr'><strong>quod</strong></span> <span class='ocrx_word' id='word_1_150' title='bbox 705 2082 875 2155; x_wconf 88' lang='lat' dir='ltr'><strong>diligit</strong></span> <span class='ocrx_word' id='word_1_151' title='bbox 899 2098 1018 2141; x_wconf 88' lang='lat' dir='ltr'><strong>esse</strong></span> <span class='ocrx_word' id='word_1_152' title='bbox 1039 2093 1341 2142; x_wconf 88' lang='lat' dir='ltr'><strong>venturum.</strong></span> <span class='ocrx_word' id='word_1_153' title='bbox 1372 2087 1552 2158; x_wconf 83' lang='lat' dir='ltr'><strong>Itaque</strong></span> <span class='ocrx_word' id='word_1_154' title='bbox 1579 2088 1674 2141; x_wconf 87' lang='lat' dir='ltr'><strong>tria</strong></span> <span class='ocrx_word' id='word_1_155' title='bbox 1701 2086 1813 2143; x_wconf 71' lang='lat' dir='ltr'><strong>haec</strong></span> <span class='ocrx_word' id='word_1_156' title='bbox 1839 2097 1978 2153; x_wconf 82' lang='lat' dir='ltr'><strong>sunt,</strong></span> <span class='ocrx_word' id='word_1_157' title='bbox 2009 2089 2126 2158; x_wconf 84' lang='lat' dir='ltr'><strong>qui-</strong></span> 
     </span>
    </p>
   </div>
   <div class='ocr_carea' id='block_1_20' title="bbox 546 2174 2119 2250">
    <p class='ocr_par' dir='ltr' id='par_1_20' title="bbox 546 2174 2119 2250">
     <span class='ocr_line' id='line_1_20' title="bbox 546 2174 2119 2250; baseline 0.002 -20"><span class='ocrx_word' id='word_1_158' title='bbox 546 2174 649 2231; x_wconf 86' lang='lat' dir='ltr'><strong>bus</strong></span> <span class='ocrx_word' id='word_1_159' title='bbox 675 2184 729 2230; x_wconf 90' lang='lat' dir='ltr'><strong>et</strong></span> <span class='ocrx_word' id='word_1_160' title='bbox 746 2177 964 2231; x_wconf 88' lang='lat' dir='ltr'><strong>scientia</strong></span> <span class='ocrx_word' id='word_1_161' title='bbox 990 2176 1169 2234; x_wconf 82' lang='lat' dir='ltr'><strong>omnis</strong></span> <span class='ocrx_word' id='word_1_162' title='bbox 1192 2183 1246 2232; x_wconf 81' lang='lat' dir='ltr'><strong>et</strong></span> <span class='ocrx_word' id='word_1_163' title='bbox 1264 2176 1542 2247; x_wconf 81' lang='lat' dir='ltr'><strong>prophetia</strong></span> <span class='ocrx_word' id='word_1_164' title='bbox 1567 2174 1775 2245; x_wconf 84' lang='lat' dir='ltr'><strong>militat,</strong></span> <span class='ocrx_word' id='word_1_165' title='bbox 1800 2177 1952 2244; x_wconf 84' lang='lat' dir='ltr'><strong>lides,</strong></span> <span class='ocrx_word' id='word_1_166' title='bbox 1976 2194 2119 2250; x_wconf 86' lang='lat' dir='ltr'><strong>spes,</strong></span> 
     </span>
    </p>
   </div>
   <div class='ocr_carea' id='block_1_21' title="bbox 545 2266 803 2323">
    <p class='ocr_par' dir='ltr' id='par_1_21' title="bbox 545 2266 803 2323">
     <span class='ocr_line' id='line_1_21' title="bbox 545 2266 803 2323; baseline -0.004 0"><span class='ocrx_word' id='word_1_167' title='bbox 545 2266 803 2323; x_wconf 58' lang='lat' dir='ltr'><strong>diditus.</strong></span> 
     </span>
    </p>
   </div>
   <div class='ocr_carea' id='block_1_22' title="bbox 634 2356 2023 2433">
    <p class='ocr_par' dir='ltr' id='par_1_22' title="bbox 634 2356 2023 2433">
     <span class='ocr_line' id='line_1_22' title="bbox 634 2356 2023 2433; baseline -0.001 -18"><span class='ocrx_word' id='word_1_168' title='bbox 634 2356 860 2428; x_wconf 52' lang='grc' dir='ltr'><strong>(κάκη</strong></span> <span class='ocrx_word' id='word_1_169' title='bbox 900 2356 1183 2416; x_wconf 64' lang='lat' dir='ltr'><strong>XXXVII.</strong></span> <span class='ocrx_word' id='word_1_170' title='bbox 1222 2386 1293 2402; x_wconf 68' lang='grc' dir='ltr'><strong>ο·-</strong></span> <span class='ocrx_word' id='word_1_171' title='bbox 1317 2360 1557 2416; x_wconf 76' lang='lat' dir='ltr'><strong>Charitas</strong></span> <span class='ocrx_word' id='word_1_172' title='bbox 1578 2371 1815 2433; x_wconf 78' lang='lat' dir='ltr'><strong>perpetua</strong></span> <span class='ocrx_word' id='word_1_173' title='bbox 1840 2370 2023 2416; x_wconf 86' lang='lat' dir='ltr'><strong>manet.</strong></span> 
     </span>
    </p>
   </div>
   <div class='ocr_carea' id='block_1_23' title="bbox 613 2449 2117 2524">
    <p class='ocr_par' dir='ltr' id='par_1_23' title="bbox 613 2449 2117 2524">
     <span class='ocr_line' id='line_1_23' title="bbox 613 2449 2117 2524; baseline 0.003 -20"><span class='ocrx_word' id='word_1_174' title='bbox 613 2449 702 2504; x_wconf 64' lang='lat' dir='ltr'><strong>ﬁt</strong></span> <span class='ocrx_word' id='word_1_175' title='bbox 735 2450 849 2505; x_wconf 73' lang='lat' dir='ltr'><strong>Sed</strong></span> <span class='ocrx_word' id='word_1_176' title='bbox 868 2449 997 2506; x_wconf 69' lang='lat' dir='ltr'><strong>ﬁdei</strong></span> <span class='ocrx_word' id='word_1_177' title='bbox 1016 2450 1256 2508; x_wconf 70' lang='lat' dir='ltr'><strong>succedit</strong></span> <span class='ocrx_word' id='word_1_178' title='bbox 1278 2453 1483 2523; x_wconf 77' lang='lat' dir='ltr'><strong>species</strong></span> <span class='ocrx_word' id='word_1_179' title='bbox 1507 2454 1525 2485; x_wconf 74' lang='grc' dir='ltr'>ι</span> <span class='ocrx_word' id='word_1_180' title='bbox 1544 2494 1560 2520; x_wconf 94' lang='grc'><em>,</em></span> <span class='ocrx_word' id='word_1_181' title='bbox 1592 2467 1750 2524; x_wconf 86' lang='lat' dir='ltr'><strong>quam</strong></span> <span class='ocrx_word' id='word_1_182' title='bbox 1782 2451 2117 2521; x_wconf 82' lang='lat' dir='ltr'><strong>videbimus;</strong></span> 
     </span>
    </p>
   </div>
   <div class='ocr_carea' id='block_1_24' title="bbox 545 2540 2120 2616">
    <p class='ocr_par' dir='ltr' id='par_1_24' title="bbox 545 2540 2120 2616">
     <span class='ocr_line' id='line_1_24' title="bbox 545 2540 2120 2616; baseline 0.003 -22"><span class='ocrx_word' id='word_1_183' title='bbox 545 2547 599 2595; x_wconf 88' lang='lat' dir='ltr'><strong>et</strong></span> <span class='ocrx_word' id='word_1_184' title='bbox 628 2540 739 2611; x_wconf 87' lang='lat' dir='ltr'><strong>spei</strong></span> <span class='ocrx_word' id='word_1_185' title='bbox 765 2542 1003 2597; x_wconf 86' lang='lat' dir='ltr'><strong>succedit</strong></span> <span class='ocrx_word' id='word_1_186' title='bbox 1028 2543 1299 2599; x_wconf 87' lang='lat' dir='ltr'><strong>beatitudo</strong></span> <span class='ocrx_word' id='word_1_187' title='bbox 1340 2545 1488 2616; x_wconf 90' lang='lat' dir='ltr'><strong>ipsa,</strong></span> <span class='ocrx_word' id='word_1_188' title='bbox 1528 2542 1593 2599; x_wconf 83' lang='lat' dir='ltr'><strong>ad</strong></span> <span class='ocrx_word' id='word_1_189' title='bbox 1629 2559 1784 2615; x_wconf 84' lang='lat' dir='ltr'><strong>quam</strong></span> <span class='ocrx_word' id='word_1_190' title='bbox 1813 2545 2120 2615; x_wconf 87' lang='lat' dir='ltr'><strong>perventuri</strong></span> 
     </span>
    </p>
   </div>
   <div class='ocr_carea' id='block_1_25' title="bbox 542 2632 2122 2707">
    <p class='ocr_par' dir='ltr' id='par_1_25' title="bbox 542 2632 2122 2707">
     <span class='ocr_line' id='line_1_25' title="bbox 542 2632 2122 2707; baseline 0.003 -20"><span class='ocrx_word' id='word_1_191' title='bbox 542 2644 733 2687; x_wconf 59' lang='grc' dir='ltr'>θαι.</span> <span class='ocrx_word' id='word_1_192' title='bbox 755 2649 771 2686; x_wconf 87' lang='lat'><strong>:</strong></span> <span class='ocrx_word' id='word_1_193' title='bbox 796 2632 1027 2689; x_wconf 65' lang='lat' dir='ltr'><strong>chartae</strong></span> <span class='ocrx_word' id='word_1_194' title='bbox 1050 2644 1227 2690; x_wconf 73' lang='lat' dir='ltr'><strong>autem</strong></span> <span class='ocrx_word' id='word_1_195' title='bbox 1247 2635 1408 2690; x_wconf 71' lang='lat' dir='ltr'><strong>etiam</strong></span> <span class='ocrx_word' id='word_1_196' title='bbox 1431 2635 1547 2691; x_wconf 85' lang='lat' dir='ltr'><strong>istis</strong></span> <span class='ocrx_word' id='word_1_197' title='bbox 1564 2634 1946 2692; x_wconf 82' lang='lat' dir='ltr'><strong>decedentibus</strong></span> <span class='ocrx_word' id='word_1_198' title='bbox 1963 2652 2122 2707; x_wconf 85' lang='lat' dir='ltr'><strong>auge-</strong></span> 
     </span>
    </p>
   </div>
   <div class='ocr_carea' id='block_1_26' title="bbox 539 2718 2121 2798">
    <p class='ocr_par' dir='ltr' id='par_1_26' title="bbox 539 2718 2121 2798">
     <span class='ocr_line' id='line_1_26' title="bbox 539 2718 2121 2798; baseline 0.004 -21"><span class='ocrx_word' id='word_1_199' title='bbox 539 2718 687 2777; x_wconf 68' lang='lat' dir='ltr'><strong>hitur</strong></span> <span class='ocrx_word' id='word_1_200' title='bbox 708 2723 908 2794; x_wconf 65' lang='lat' dir='ltr'><strong>ptius.</strong></span> <span class='ocrx_word' id='word_1_201' title='bbox 942 2723 1003 2782; x_wconf 71' lang='lat' dir='ltr'><strong>Si</strong></span> <span class='ocrx_word' id='word_1_202' title='bbox 1039 2725 1187 2779; x_wconf 64' lang='lat' dir='ltr'><strong>enim</strong></span> <span class='ocrx_word' id='word_1_203' title='bbox 1208 2722 1477 2782; x_wconf 83' lang='lat' dir='ltr'><strong>credendo</strong></span> <span class='ocrx_word' id='word_1_204' title='bbox 1507 2727 1773 2796; x_wconf 81' lang='lat' dir='ltr'><strong>diligimus</strong></span> <span class='ocrx_word' id='word_1_205' title='bbox 1799 2728 1947 2798; x_wconf 83' lang='lat' dir='ltr'><strong>quod</strong></span> <span class='ocrx_word' id='word_1_206' title='bbox 1989 2744 2121 2783; x_wconf 88' lang='lat' dir='ltr'><strong>non-</strong></span> 
     </span>
    </p>
   </div>
   <div class='ocr_carea' id='block_1_27' title="bbox 538 2811 2121 2889">
    <p class='ocr_par' dir='ltr' id='par_1_27' title="bbox 538 2811 2121 2889">
     <span class='ocr_line' id='line_1_27' title="bbox 538 2811 2121 2889; baseline 0.004 -19"><span class='ocrx_word' id='word_1_207' title='bbox 538 2811 671 2870; x_wconf 66' lang='grc' dir='ltr'><strong>ὁ..</strong></span> <span class='ocrx_word' id='word_1_208' title='bbox 689 2813 951 2883; x_wconf 65' lang='grc' dir='ltr'><strong>πὶὺσιυσ,</strong></span> <span class='ocrx_word' id='word_1_209' title='bbox 978 2824 1178 2887; x_wconf 61' lang='lat' dir='ltr'><strong>quato</strong></span> <span class='ocrx_word' id='word_1_210' title='bbox 1204 2818 1371 2888; x_wconf 74' lang='lat' dir='ltr'><strong>magis</strong></span> <span class='ocrx_word' id='word_1_211' title='bbox 1395 2832 1517 2872; x_wconf 64' lang='lat' dir='ltr'><strong>etim</strong></span> <span class='ocrx_word' id='word_1_212' title='bbox 1545 2817 1728 2875; x_wconf 84' lang='lat' dir='ltr'><strong>videre</strong></span> <span class='ocrx_word' id='word_1_213' title='bbox 1751 2819 2121 2889; x_wconf 71' lang='lat' dir='ltr'><strong>coeperimus?</strong></span> 
     </span>
    </p>
   </div>
   <div class='ocr_carea' id='block_1_28' title="bbox 541 2905 2117 2981">
    <p class='ocr_par' dir='ltr' id='par_1_28' title="bbox 541 2905 2117 2981">
     <span class='ocr_line' id='line_1_28' title="bbox 541 2905 2117 2981; baseline 0.004 -20"><span class='ocrx_word' id='word_1_214' title='bbox 541 2911 601 2961; x_wconf 81' lang='lat' dir='ltr'><strong>es</strong></span> <span class='ocrx_word' id='word_1_215' title='bbox 638 2905 691 2959; x_wconf 85' lang='lat' dir='ltr'><strong>si</strong></span> <span class='ocrx_word' id='word_1_216' title='bbox 718 2906 985 2975; x_wconf 69' lang='lat' dir='ltr'><strong>sperando</strong></span> <span class='ocrx_word' id='word_1_217' title='bbox 1022 2907 1291 2979; x_wconf 74' lang='lat' dir='ltr'><strong>diliginins</strong></span> <span class='ocrx_word' id='word_1_218' title='bbox 1327 2922 1433 2979; x_wconf 74' lang='lat' dir='ltr'><strong>quo</strong></span> <span class='ocrx_word' id='word_1_219' title='bbox 1466 2909 1702 2965; x_wconf 86' lang='lat' dir='ltr'><strong>nondum</strong></span> <span class='ocrx_word' id='word_1_220' title='bbox 1740 2911 2080 2981; x_wconf 88' lang='lat' dir='ltr'><strong>pervenimus</strong></span> <span class='ocrx_word' id='word_1_221' title='bbox 2102 2954 2117 2978; x_wconf 91' lang='lat'><strong>,</strong></span> 
     </span>
    </p>
   </div>
   <div class='ocr_carea' id='block_1_29' title="bbox 539 2997 2119 3074">
    <p class='ocr_par' dir='ltr' id='par_1_29' title="bbox 539 2997 2119 3074">
     <span class='ocr_line' id='line_1_29' title="bbox 539 2997 2119 3074; baseline 0.005 -24"><span class='ocrx_word' id='word_1_222' title='bbox 539 3005 742 3066; x_wconf 70' lang='lat' dir='ltr'><strong>qum</strong></span> <span class='ocrx_word' id='word_1_223' title='bbox 780 2997 951 3065; x_wconf 61' lang='lat' dir='ltr'><strong>magis</strong></span> <span class='ocrx_word' id='word_1_224' title='bbox 986 3012 1117 3053; x_wconf 70' lang='lat' dir='ltr'><strong>etim</strong></span> <span class='ocrx_word' id='word_1_225' title='bbox 1144 3001 1583 3070; x_wconf 79' lang='lat' dir='ltr'><strong>pervenerimus?</strong></span> <span class='ocrx_word' id='word_1_226' title='bbox 1621 3002 1764 3057; x_wconf 82' lang='lat' dir='ltr'><strong>inter</strong></span> <span class='ocrx_word' id='word_1_227' title='bbox 1804 3004 2119 3074; x_wconf 88' lang='lat' dir='ltr'><strong>temporalia</strong></span> 
     </span>
    </p>
   </div>
   <div class='ocr_carea' id='block_1_30' title="bbox 536 3087 2120 3167">
    <p class='ocr_par' dir='ltr' id='par_1_30' title="bbox 536 3087 2120 3167">
     <span class='ocr_line' id='line_1_30' title="bbox 536 3087 2120 3167; baseline 0.008 -26"><span class='ocrx_word' id='word_1_228' title='bbox 536 3087 741 3157; x_wconf 68' lang='lat' dir='ltr'><strong>quippe</strong></span> <span class='ocrx_word' id='word_1_229' title='bbox 773 3096 939 3158; x_wconf 65' lang='lat' dir='ltr'><strong>atque</strong></span> <span class='ocrx_word' id='word_1_230' title='bbox 972 3097 1174 3145; x_wconf 74' lang='lat' dir='ltr'><strong>aeterna</strong></span> <span class='ocrx_word' id='word_1_231' title='bbox 1200 3091 1301 3147; x_wconf 86' lang='lat' dir='ltr'><strong>hoc</strong></span> <span class='ocrx_word' id='word_1_232' title='bbox 1336 3093 1595 3163; x_wconf 77' lang='lat' dir='ltr'><strong>interest,</strong></span> <span class='ocrx_word' id='word_1_233' title='bbox 1643 3096 1783 3165; x_wconf 88' lang='lat' dir='ltr'><strong>quod</strong></span> <span class='ocrx_word' id='word_1_234' title='bbox 1828 3100 2120 3167; x_wconf 85' lang='lat' dir='ltr'><strong>temporale</strong></span> 
     </span>
    </p>
   </div>
   <div class='ocr_carea' id='block_1_31' title="bbox 536 3176 2117 3255">
    <p class='ocr_par' dir='ltr' id='par_1_31' title="bbox 536 3176 2117 3255">
     <span class='ocr_line' id='line_1_31' title="bbox 536 3176 2117 3255; baseline 0.008 -23"><span class='ocrx_word' id='word_1_235' title='bbox 536 3176 741 3249; x_wconf 64' lang='grc' dir='ltr'><strong>,Ιίᾳᾶ</strong></span> <span class='ocrx_word' id='word_1_236' title='bbox 764 3180 889 3249; x_wconf 79' lang='lat' dir='ltr'><strong>plus</strong></span> <span class='ocrx_word' id='word_1_237' title='bbox 910 3180 1145 3252; x_wconf 77' lang='lat' dir='ltr'><strong>diligitur</strong></span> <span class='ocrx_word' id='word_1_238' title='bbox 1165 3192 1449 3253; x_wconf 67' lang='lat' dir='ltr'><strong>antequam</strong></span> <span class='ocrx_word' id='word_1_239' title='bbox 1478 3186 1756 3255; x_wconf 77' lang='lat' dir='ltr'><strong>habeatur,</strong></span> <span class='ocrx_word' id='word_1_240' title='bbox 1785 3188 1991 3244; x_wconf 81' lang='lat' dir='ltr'><strong>vilescit</strong></span> <span class='ocrx_word' id='word_1_241' title='bbox 2020 3206 2117 3244; x_wconf 86' lang='lat' dir='ltr'><strong>au-</strong></span> 
     </span>
    </p>
   </div>
   <div class='ocr_carea' id='block_1_32' title="bbox 534 3271 2118 3348">
    <p class='ocr_par' dir='ltr' id='par_1_32' title="bbox 534 3271 2118 3348">
     <span class='ocr_line' id='line_1_32' title="bbox 534 3271 2118 3348; baseline 0.009 -25"><span class='ocrx_word' id='word_1_242' title='bbox 534 3274 644 3324; x_wconf 70' lang='lat' dir='ltr'><strong>tem</strong></span> <span class='ocrx_word' id='word_1_243' title='bbox 691 3284 813 3325; x_wconf 87' lang='lat' dir='ltr'><strong>cum</strong></span> <span class='ocrx_word' id='word_1_244' title='bbox 851 3271 1162 3340; x_wconf 76' lang='lat' dir='ltr'><strong>advenerit;</strong></span> <span class='ocrx_word' id='word_1_245' title='bbox 1200 3288 1311 3329; x_wconf 69' lang='lat' dir='ltr'><strong>non</strong></span> <span class='ocrx_word' id='word_1_246' title='bbox 1348 3278 1490 3330; x_wconf 80' lang='lat' dir='ltr'><strong>enim</strong></span> <span class='ocrx_word' id='word_1_247' title='bbox 1529 3279 1687 3334; x_wconf 83' lang='lat' dir='ltr'><strong>satiat</strong></span> <span class='ocrx_word' id='word_1_248' title='bbox 1723 3279 1951 3336; x_wconf 85' lang='lat' dir='ltr'><strong>animam</strong></span> <span class='ocrx_word' id='word_1_249' title='bbox 1974 3323 1989 3348; x_wconf 98' lang='lat'><strong>,</strong></span> <span class='ocrx_word' id='word_1_250' title='bbox 2033 3281 2118 3337; x_wconf 87' lang='lat' dir='ltr'><strong>cui</strong></span> 
     </span>
    </p>
   </div>
   <div class='ocr_carea' id='block_1_33' title="bbox 533 3364 2116 3427">
    <p class='ocr_par' dir='ltr' id='par_1_33' title="bbox 533 3364 2116 3427">
     <span class='ocr_line' id='line_1_33' title="bbox 533 3364 2116 3427; baseline 0.008 -14"><span class='ocrx_word' id='word_1_251' title='bbox 533 3372 659 3413; x_wconf 80' lang='lat' dir='ltr'><strong>vera</strong></span> <span class='ocrx_word' id='word_1_252' title='bbox 702 3368 789 3415; x_wconf 80' lang='lat' dir='ltr'><strong>est</strong></span> <span class='ocrx_word' id='word_1_253' title='bbox 825 3367 880 3415; x_wconf 83' lang='lat' dir='ltr'><strong>et</strong></span> <span class='ocrx_word' id='word_1_254' title='bbox 916 3372 1061 3417; x_wconf 83' lang='lat' dir='ltr'><strong>certa</strong></span> <span class='ocrx_word' id='word_1_255' title='bbox 1104 3364 1260 3419; x_wconf 84' lang='lat' dir='ltr'><strong>sedes</strong></span> <span class='ocrx_word' id='word_1_256' title='bbox 1298 3367 1608 3423; x_wconf 73' lang='lat' dir='ltr'><strong>teterimae:</strong></span> <span class='ocrx_word' id='word_1_257' title='bbox 1639 3378 1895 3425; x_wconf 82' lang='lat' dir='ltr'><strong>aeternum</strong></span> <span class='ocrx_word' id='word_1_258' title='bbox 1939 3380 2116 3427; x_wconf 91' lang='lat' dir='ltr'><strong>autem</strong></span> 
     </span>
    </p>
   </div>
   <div class='ocr_carea' id='block_1_34' title="bbox 530 3449 2113 3530">
    <p class='ocr_par' dir='ltr' id='par_1_34' title="bbox 530 3449 2113 3530">
     <span class='ocr_line' id='line_1_34' title="bbox 530 3449 2113 3530; baseline 0.009 -25"><span class='ocrx_word' id='word_1_259' title='bbox 530 3449 811 3507; x_wconf 66' lang='lat' dir='ltr'><strong>ardentius</strong></span> <span class='ocrx_word' id='word_1_260' title='bbox 857 3451 1097 3524; x_wconf 79' lang='lat' dir='ltr'><strong>diligitur</strong></span> <span class='ocrx_word' id='word_1_261' title='bbox 1145 3455 1434 3527; x_wconf 82' lang='lat' dir='ltr'><strong>adeptum,</strong></span> <span class='ocrx_word' id='word_1_262' title='bbox 1486 3473 1648 3530; x_wconf 72' lang='lat' dir='ltr'><strong>quam</strong></span> <span class='ocrx_word' id='word_1_263' title='bbox 1699 3461 2053 3518; x_wconf 84' lang='lat' dir='ltr'><strong>desideratum</strong></span> <span class='ocrx_word' id='word_1_264' title='bbox 2098 3481 2113 3518; x_wconf 92' lang='lat'><strong>:</strong></span> 
     </span>
    </p>
   </div>
   <div class='ocr_carea' id='block_1_35' title="bbox 531 3541 2114 3621">
    <p class='ocr_par' dir='ltr' id='par_1_35' title="bbox 531 3541 2114 3621">
     <span class='ocr_line' id='line_1_35' title="bbox 531 3541 2114 3621; baseline 0.009 -26"><span class='ocrx_word' id='word_1_265' title='bbox 531 3541 668 3596; x_wconf 66' lang='lat' dir='ltr'><strong>nulli</strong></span> <span class='ocrx_word' id='word_1_266' title='bbox 685 3542 835 3598; x_wconf 61' lang='grc' dir='ltr'><strong>..ω</strong></span> <span class='ocrx_word' id='word_1_267' title='bbox 863 3542 1189 3601; x_wconf 75' lang='lat' dir='ltr'><strong>desideranti</strong></span> <span class='ocrx_word' id='word_1_268' title='bbox 1210 3548 1519 3604; x_wconf 72' lang='lat' dir='ltr'><strong>conceditur</strong></span> <span class='ocrx_word' id='word_1_269' title='bbox 1552 3551 1675 3621; x_wconf 84' lang='lat' dir='ltr'><strong>plus</strong></span> <span class='ocrx_word' id='word_1_270' title='bbox 1706 3552 1775 3608; x_wconf 89' lang='lat' dir='ltr'><strong>de</strong></span> <span class='ocrx_word' id='word_1_271' title='bbox 1804 3553 1899 3609; x_wconf 92' lang='lat' dir='ltr'><strong>illo</strong></span> <span class='ocrx_word' id='word_1_272' title='bbox 1927 3554 2114 3610; x_wconf 80' lang='lat' dir='ltr'><strong>existi-</strong></span> 
     </span>
    </p>
   </div>
   <div class='ocr_carea' id='block_1_36' title="bbox 529 3637 2118 3707">
    <p class='ocr_par' dir='ltr' id='par_1_36' title="bbox 529 3637 2118 3707">
     <span class='ocr_line' id='line_1_36' title="bbox 529 3637 2118 3707; baseline 0.01 -19"><span class='ocrx_word' id='word_1_273' title='bbox 529 3645 860 3706; x_wconf 62' lang='lat' dir='ltr'><strong>mem-</strong></span> <span class='ocrx_word' id='word_1_274' title='bbox 897 3651 961 3692; x_wconf 86' lang='lat' dir='ltr'><strong>se</strong></span> <span class='ocrx_word' id='word_1_275' title='bbox 984 3637 1176 3707; x_wconf 74' lang='lat' dir='ltr'><strong>habet,</strong></span> <span class='ocrx_word' id='word_1_276' title='bbox 1209 3648 1265 3697; x_wconf 88' lang='lat' dir='ltr'><strong>ut</strong></span> <span class='ocrx_word' id='word_1_277' title='bbox 1289 3641 1346 3696; x_wconf 80' lang='lat' dir='ltr'><strong>ei</strong></span> <span class='ocrx_word' id='word_1_278' title='bbox 1370 3642 1585 3698; x_wconf 81' lang='lat' dir='ltr'><strong>vilescat</strong></span> <span class='ocrx_word' id='word_1_279' title='bbox 1608 3660 1733 3699; x_wconf 81' lang='lat' dir='ltr'><strong>eum</strong></span> <span class='ocrx_word' id='word_1_280' title='bbox 1760 3645 1934 3703; x_wconf 90' lang='lat' dir='ltr'><strong>minus</strong></span> <span class='ocrx_word' id='word_1_281' title='bbox 1971 3646 2118 3704; x_wconf 88' lang='lat' dir='ltr'><strong>inve-</strong></span> 
     </span>
    </p>
   </div>
   <div class='ocr_carea' id='block_1_37' title="bbox 530 3725 2114 3811">
    <p class='ocr_par' dir='ltr' id='par_1_37' title="bbox 530 3725 2114 3811">
     <span class='ocr_line' id='line_1_37' title="bbox 530 3725 2114 3811; baseline 0.008 -29"><span class='ocrx_word' id='word_1_282' title='bbox 530 3725 713 3793; x_wconf 61' lang='lat' dir='ltr'><strong>nient;</strong></span> <span class='ocrx_word' id='word_1_283' title='bbox 734 3727 837 3784; x_wconf 77' lang='lat' dir='ltr'><strong>sed</strong></span> <span class='ocrx_word' id='word_1_284' title='bbox 864 3740 1124 3799; x_wconf 62' lang='lat' dir='ltr'><strong>quernum</strong></span> <span class='ocrx_word' id='word_1_285' title='bbox 1145 3730 1373 3803; x_wconf 76' lang='lat' dir='ltr'><strong>quisque</strong></span> <span class='ocrx_word' id='word_1_286' title='bbox 1401 3735 1629 3791; x_wconf 75' lang='lat' dir='ltr'><strong>vemens</strong></span> <span class='ocrx_word' id='word_1_287' title='bbox 1658 3737 1963 3794; x_wconf 78' lang='lat' dir='ltr'><strong>existimare</strong></span> <span class='ocrx_word' id='word_1_288' title='bbox 2017 3754 2114 3811; x_wconf 90' lang='lat' dir='ltr'><strong>po-</strong></span> 
     </span>
    </p>
   </div>
   <div class='ocr_carea' id='block_1_38' title="bbox 529 3920 2118 4039">
    <p class='ocr_par' dir='ltr' id='par_1_38' title="bbox 529 3920 2118 4039">
     <span class='ocr_line' id='line_1_38' title="bbox 532 3920 2118 3987; baseline 0.009 -31"><span class='ocrx_word' id='word_1_289' title='bbox 532 3966 543 3978; x_wconf 45' lang='grc'><em>.</em></span> <span class='ocrx_word' id='word_1_290' title='bbox 595 3920 619 3941; x_wconf 73' lang='grc' dir='ltr'>ι</span> <span class='ocrx_word' id='word_1_291' title='bbox 637 3920 845 3979; x_wconf 49' lang='grc' dir='ltr'><strong>διε-εει</strong></span> <span class='ocrx_word' id='word_1_292' title='bbox 863 3920 1120 3959; x_wconf 53' lang='lat' dir='ltr'><strong>meum</strong></span> <span class='ocrx_word' id='word_1_293' title='bbox 1138 3920 1434 3985; x_wconf 53' lang='lat' dir='ltr'><strong>sannae,</strong></span> <span class='ocrx_word' id='word_1_294' title='bbox 1456 3920 1698 3986; x_wconf 45' lang='lat' dir='ltr'><strong>sum.</strong></span> <span class='ocrx_word' id='word_1_295' title='bbox 1797 3926 2023 3987; x_wconf 78' lang='lat' dir='ltr'><strong>_:prsve,</strong></span> <span class='ocrx_word' id='word_1_296' title='bbox 2044 3920 2118 3971; x_wconf 85' lang='lat' dir='ltr'><strong>uti</strong></span> 
     </span>
     <span class='ocr_line' id='line_1_39' title="bbox 529 3926 1933 4039; baseline 0.009 -22"><span class='ocrx_word' id='word_1_297' title='bbox 529 3962 819 4033; x_wconf 76' lang='lat' dir='ltr'><strong>intelligitur</strong></span> <span class='ocrx_word' id='word_1_298' title='bbox 842 3981 907 4020; x_wconf 81' lang='lat' dir='ltr'><strong>ex</strong></span> <span class='ocrx_word' id='word_1_299' title='bbox 928 3972 1253 4035; x_wconf 75' lang='lat' dir='ltr'><strong>sequentibus</strong></span> <span class='ocrx_word' id='word_1_300' title='bbox 1277 3974 1459 4034; x_wconf 78' lang='lat' dir='ltr'><strong>verbis,</strong></span> <span class='ocrx_word' id='word_1_301' title='bbox 1483 3986 1630 4039; x_wconf 81' lang='lat' dir='ltr'><strong>quam</strong></span> <span class='ocrx_word' id='word_1_302' title='bbox 1650 3926 1933 4030; x_wconf 57' lang='lat' dir='ltr'><strong>ammte.</strong></span> 
     </span>
    </p>
   </div>
   <div class='ocr_carea' id='block_1_39' title="bbox 2245 503 3389 578">
    <p class='ocr_par' dir='ltr' id='par_1_39' title="bbox 2245 503 3389 578">
     <span class='ocr_line' id='line_1_40' title="bbox 2245 503 3389 578; baseline 0.005 -19"><span class='ocrx_word' id='word_1_303' title='bbox 2245 503 2401 560; x_wconf 88' lang='lat' dir='ltr'><strong>tuerit</strong></span> <span class='ocrx_word' id='word_1_304' title='bbox 2422 546 2437 572; x_wconf 93' lang='lat'><strong>,</strong></span> <span class='ocrx_word' id='word_1_305' title='bbox 2465 504 2584 577; x_wconf 89' lang='lat' dir='ltr'><strong>plus</strong></span> <span class='ocrx_word' id='word_1_306' title='bbox 2612 505 2924 578; x_wconf 84' lang='lat' dir='ltr'><strong>perveniens</strong></span> <span class='ocrx_word' id='word_1_307' title='bbox 2947 504 3259 567; x_wconf 81' lang='lat' dir='ltr'><strong>inventurus</strong></span> <span class='ocrx_word' id='word_1_308' title='bbox 3286 518 3389 567; x_wconf 89' lang='lat' dir='ltr'><strong>est.</strong></span> 
     </span>
    </p>
   </div>
   <div class='ocr_carea' id='block_1_40' title="bbox 2241 596 3819 680">
    <p class='ocr_par' dir='ltr' id='par_1_40' title="bbox 2241 596 3819 680">
     <span class='ocr_line' id='line_1_41' title="bbox 2241 596 3819 680; baseline 0.008 -27"><span class='ocrx_word' id='word_1_309' title='bbox 2241 596 2464 660; x_wconf 84' lang='lat' dir='ltr'><strong>CAPUT</strong></span> <span class='ocrx_word' id='word_1_310' title='bbox 2500 596 2835 657; x_wconf 56' lang='lat' dir='ltr'><strong>XXXIX.»</strong></span> <span class='ocrx_word' id='word_1_311' title='bbox 2859 599 3136 673; x_wconf 83' lang='lat' dir='ltr'><strong>Scripturis</strong></span> <span class='ocrx_word' id='word_1_312' title='bbox 3163 621 3261 658; x_wconf 86' lang='lat' dir='ltr'><strong>non</strong></span> <span class='ocrx_word' id='word_1_313' title='bbox 3290 604 3478 677; x_wconf 80' lang='lat' dir='ltr'><strong>indiget</strong></span> <span class='ocrx_word' id='word_1_314' title='bbox 3504 606 3652 663; x_wconf 80' lang='lat' dir='ltr'><strong>hante</strong></span> <span class='ocrx_word' id='word_1_315' title='bbox 3676 608 3819 680; x_wconf 69' lang='lat' dir='ltr'><strong>ﬁds,</strong></span> 
     </span>
    </p>
   </div>
   <div class='ocr_carea' id='block_1_41' title="bbox 2654 690 3389 760">
    <p class='ocr_par' dir='ltr' id='par_1_41' title="bbox 2654 690 3389 760">
     <span class='ocr_line' id='line_1_42' title="bbox 2654 690 3389 760; baseline 0.008 -16"><span class='ocrx_word' id='word_1_316' title='bbox 2654 706 2746 760; x_wconf 77' lang='lat' dir='ltr'><strong>spe</strong></span> <span class='ocrx_word' id='word_1_317' title='bbox 2768 698 2816 744; x_wconf 84' lang='lat' dir='ltr'><strong>et</strong></span> <span class='ocrx_word' id='word_1_318' title='bbox 2836 690 3080 747; x_wconf 77' lang='lat' dir='ltr'><strong>charitatc</strong></span> <span class='ocrx_word' id='word_1_319' title='bbox 3099 693 3389 751; x_wconf 81' lang='lat' dir='ltr'><strong>instructus.</strong></span> 
     </span>
    </p>
   </div>
   <div class='ocr_carea' id='block_1_42' title="bbox 2309 776 3818 859">
    <p class='ocr_par' dir='ltr' id='par_1_42' title="bbox 2309 776 3818 859">
     <span class='ocr_line' id='line_1_43' title="bbox 2309 776 3818 859; baseline 0.009 -24"><span class='ocrx_word' id='word_1_320' title='bbox 2309 778 2399 835; x_wconf 76' lang='grc'><strong>43.</strong></span> <span class='ocrx_word' id='word_1_321' title='bbox 2430 776 2603 834; x_wconf 83' lang='lat' dir='ltr'><strong>Homo</strong></span> <span class='ocrx_word' id='word_1_322' title='bbox 2638 780 2818 850; x_wconf 87' lang='lat' dir='ltr'><strong>itaque</strong></span> <span class='ocrx_word' id='word_1_323' title='bbox 2857 780 2992 849; x_wconf 84' lang='lat' dir='ltr'><strong>ﬁde,</strong></span> <span class='ocrx_word' id='word_1_324' title='bbox 3021 798 3116 853; x_wconf 85' lang='lat' dir='ltr'><strong>spe</strong></span> <span class='ocrx_word' id='word_1_325' title='bbox 3145 792 3200 839; x_wconf 91' lang='lat' dir='ltr'><strong>et</strong></span> <span class='ocrx_word' id='word_1_326' title='bbox 3230 786 3488 843; x_wconf 88' lang='lat' dir='ltr'><strong>cbaritate</strong></span> <span class='ocrx_word' id='word_1_327' title='bbox 3516 787 3776 848; x_wconf 78' lang='lat' dir='ltr'><strong>subnixus</strong></span> <span class='ocrx_word' id='word_1_328' title='bbox 3801 833 3818 859; x_wconf 92' lang='lat'><strong>,</strong></span> 
     </span>
    </p>
   </div>
   <div class='ocr_carea' id='block_1_43' title="bbox 2234 870 3818 950">
    <p class='ocr_par' dir='ltr' id='par_1_43' title="bbox 2234 870 3818 950">
     <span class='ocr_line' id='line_1_44' title="bbox 2234 870 3818 950; baseline 0.005 -21"><span class='ocrx_word' id='word_1_329' title='bbox 2234 886 2406 943; x_wconf 79' lang='lat' dir='ltr'><strong>eaque</strong></span> <span class='ocrx_word' id='word_1_330' title='bbox 2449 870 2760 930; x_wconf 85' lang='lat' dir='ltr'><strong>inconcusse</strong></span> <span class='ocrx_word' id='word_1_331' title='bbox 2806 870 3044 928; x_wconf 87' lang='lat' dir='ltr'><strong>retinens</strong></span> <span class='ocrx_word' id='word_1_332' title='bbox 3070 916 3087 944; x_wconf 89' lang='lat'><strong>,</strong></span> <span class='ocrx_word' id='word_1_333' title='bbox 3135 890 3243 931; x_wconf 91' lang='lat' dir='ltr'><strong>non</strong></span> <span class='ocrx_word' id='word_1_334' title='bbox 3286 876 3486 950; x_wconf 81' lang='lat' dir='ltr'><strong>indiget</strong></span> <span class='ocrx_word' id='word_1_335' title='bbox 3528 878 3818 950; x_wconf 89' lang='lat' dir='ltr'><strong>Scripturis</strong></span> 
     </span>
    </p>
   </div>
   <div class='ocr_carea' id='block_1_44' title="bbox 2236 960 3817 1039">
    <p class='ocr_par' dir='ltr' id='par_1_44' title="bbox 2236 960 3817 1039">
     <span class='ocr_line' id='line_1_45' title="bbox 2236 960 3817 1039; baseline 0.007 -22"><span class='ocrx_word' id='word_1_336' title='bbox 2236 962 2338 1017; x_wconf 89' lang='lat' dir='ltr'><strong>nisi</strong></span> <span class='ocrx_word' id='word_1_337' title='bbox 2366 960 2434 1017; x_wconf 87' lang='lat' dir='ltr'><strong>ad</strong></span> <span class='ocrx_word' id='word_1_338' title='bbox 2459 962 2591 1017; x_wconf 87' lang='lat' dir='ltr'><strong>alios</strong></span> <span class='ocrx_word' id='word_1_339' title='bbox 2618 962 2978 1020; x_wconf 88' lang='lat' dir='ltr'><strong>instruendos.</strong></span> <span class='ocrx_word' id='word_1_340' title='bbox 3023 964 3207 1036; x_wconf 84' lang='lat' dir='ltr'><strong>Itaque</strong></span> <span class='ocrx_word' id='word_1_341' title='bbox 3231 968 3381 1022; x_wconf 89' lang='lat' dir='ltr'><strong>multi</strong></span> <span class='ocrx_word' id='word_1_342' title='bbox 3422 983 3518 1039; x_wconf 88' lang='lat' dir='ltr'><strong>per</strong></span> <span class='ocrx_word' id='word_1_343' title='bbox 3556 969 3670 1026; x_wconf 67' lang='lat' dir='ltr'><strong>haec</strong></span> <span class='ocrx_word' id='word_1_344' title='bbox 3713 973 3817 1028; x_wconf 87' lang='lat' dir='ltr'><strong>tria</strong></span> 
     </span>
    </p>
   </div>
   <div class='ocr_carea' id='block_1_45' title="bbox 2235 1055 3821 1121">
    <p class='ocr_par' dir='ltr' id='par_1_45' title="bbox 2235 1055 3821 1121">
     <span class='ocr_line' id='line_1_46' title="bbox 2235 1055 3821 1121; baseline 0.006 -10"><span class='ocrx_word' id='word_1_345' title='bbox 2235 1055 2395 1111; x_wconf 87' lang='lat' dir='ltr'><strong>etiam</strong></span> <span class='ocrx_word' id='word_1_346' title='bbox 2424 1057 2476 1110; x_wconf 92' lang='lat' dir='ltr'><strong>in</strong></span> <span class='ocrx_word' id='word_1_347' title='bbox 2499 1057 2782 1113; x_wconf 88' lang='lat' dir='ltr'><strong>solitudine</strong></span> <span class='ocrx_word' id='word_1_348' title='bbox 2807 1058 2922 1114; x_wconf 86' lang='lat' dir='ltr'><strong>sine</strong></span> <span class='ocrx_word' id='word_1_349' title='bbox 2946 1058 3215 1116; x_wconf 84' lang='lat' dir='ltr'><strong>codicibus</strong></span> <span class='ocrx_word' id='word_1_350' title='bbox 3234 1061 3434 1117; x_wconf 86' lang='lat' dir='ltr'><strong>vivunt.</strong></span> <span class='ocrx_word' id='word_1_351' title='bbox 3462 1061 3615 1119; x_wconf 92' lang='lat' dir='ltr'><strong>Unde</strong></span> <span class='ocrx_word' id='word_1_352' title='bbox 3636 1065 3687 1118; x_wconf 91' lang='lat' dir='ltr'><strong>in</strong></span> <span class='ocrx_word' id='word_1_353' title='bbox 3714 1066 3821 1121; x_wconf 88' lang='lat' dir='ltr'><strong>illis</strong></span> 
     </span>
    </p>
   </div>
   <div class='ocr_carea' id='block_1_46' title="bbox 2233 1146 3821 1226">
    <p class='ocr_par' dir='ltr' id='par_1_46' title="bbox 2233 1146 3821 1226">
     <span class='ocr_line' id='line_1_47' title="bbox 2233 1146 3821 1226; baseline 0.007 -27"><span class='ocrx_word' id='word_1_354' title='bbox 2233 1146 2462 1201; x_wconf 86' lang='lat' dir='ltr'><strong>arbitror</strong></span> <span class='ocrx_word' id='word_1_355' title='bbox 2476 1148 2584 1217; x_wconf 88' lang='lat' dir='ltr'><strong>jam</strong></span> <span class='ocrx_word' id='word_1_356' title='bbox 2607 1147 2880 1218; x_wconf 88' lang='lat' dir='ltr'><strong>impletum</strong></span> <span class='ocrx_word' id='word_1_357' title='bbox 2901 1163 3020 1205; x_wconf 90' lang='lat' dir='ltr'><strong>esse</strong></span> <span class='ocrx_word' id='word_1_358' title='bbox 3034 1150 3175 1220; x_wconf 91' lang='lat' dir='ltr'><strong>quod</strong></span> <span class='ocrx_word' id='word_1_359' title='bbox 3202 1150 3397 1207; x_wconf 88' lang='lat' dir='ltr'><strong>dictqu</strong></span> <span class='ocrx_word' id='word_1_360' title='bbox 3422 1161 3502 1207; x_wconf 88' lang='lat' dir='ltr'><strong>cst</strong></span> <span class='ocrx_word' id='word_1_361' title='bbox 3532 1172 3547 1209; x_wconf 88' lang='lat'><strong>:</strong></span> <span class='ocrx_word' id='word_1_362' title='bbox 3571 1153 3689 1209; x_wconf 75' lang='lat' dir='ltr'><strong>Sive</strong></span> <span class='ocrx_word' id='word_1_363' title='bbox 3703 1172 3821 1226; x_wconf 85' lang='lat' dir='ltr'><strong>pro-</strong></span> 
     </span>
    </p>
   </div>
   <div class='ocr_carea' id='block_1_47' title="bbox 2239 1239 3821 1313">
    <p class='ocr_par' dir='ltr' id='par_1_47' title="bbox 2239 1239 3821 1313">
     <span class='ocr_line' id='line_1_48' title="bbox 2239 1239 3821 1313; baseline 0.005 -22"><span class='ocrx_word' id='word_1_364' title='bbox 2239 1239 2422 1309; x_wconf 72' lang='lat' dir='ltr'><strong>phetia:</strong></span> <span class='ocrx_word' id='word_1_365' title='bbox 2449 1239 2821 1296; x_wconf 83' lang='lat' dir='ltr'><strong>evacuabuntur</strong></span> <span class='ocrx_word' id='word_1_366' title='bbox 2838 1283 2853 1308; x_wconf 92' lang='lat'><strong>,</strong></span> <span class='ocrx_word' id='word_1_367' title='bbox 2881 1241 2984 1297; x_wconf 84' lang='lat' dir='ltr'><strong>sive</strong></span> <span class='ocrx_word' id='word_1_368' title='bbox 3010 1241 3199 1313; x_wconf 74' lang='lat' dir='ltr'><strong>lingua:</strong></span> <span class='ocrx_word' id='word_1_369' title='bbox 3221 1244 3502 1311; x_wconf 83' lang='lat' dir='ltr'><strong>cessabunt,</strong></span> <span class='ocrx_word' id='word_1_370' title='bbox 3532 1246 3634 1299; x_wconf 81' lang='lat' dir='ltr'><strong>sive</strong></span> <span class='ocrx_word' id='word_1_371' title='bbox 3654 1247 3821 1302; x_wconf 81' lang='lat' dir='ltr'><strong>scien-</strong></span> 
     </span>
    </p>
   </div>
   <div class='ocr_carea' id='block_1_48' title="bbox 2234 1329 3818 1404">
    <p class='ocr_par' dir='ltr' id='par_1_48' title="bbox 2234 1329 3818 1404">
     <span class='ocr_line' id='line_1_49' title="bbox 2234 1329 3818 1404; baseline 0.005 -19"><span class='ocrx_word' id='word_1_372' title='bbox 2234 1330 2303 1385; x_wconf 89' lang='lat' dir='ltr'><strong>tia</strong></span> <span class='ocrx_word' id='word_1_373' title='bbox 2345 1329 2683 1386; x_wconf 80' lang='lat' dir='ltr'><strong>evacuabitur.</strong></span> <span class='ocrx_word' id='word_1_374' title='bbox 2714 1331 2915 1399; x_wconf 85' lang='lat' dir='ltr'><strong>Quibus</strong></span> <span class='ocrx_word' id='word_1_375' title='bbox 2963 1340 3141 1389; x_wconf 89' lang='lat' dir='ltr'><strong>tamen</strong></span> <span class='ocrx_word' id='word_1_376' title='bbox 3185 1335 3333 1404; x_wconf 88' lang='lat' dir='ltr'><strong>quasi</strong></span> <span class='ocrx_word' id='word_1_377' title='bbox 3363 1334 3622 1391; x_wconf 83' lang='lat' dir='ltr'><strong>machinis</strong></span> <span class='ocrx_word' id='word_1_378' title='bbox 3665 1344 3818 1393; x_wconf 80' lang='lat' dir='ltr'><strong>tanta</strong></span> 
     </span>
    </p>
   </div>
   <div class='ocr_carea' id='block_1_49' title="bbox 2233 1423 3817 1497">
    <p class='ocr_par' dir='ltr' id='par_1_49' title="bbox 2233 1423 3817 1497">
     <span class='ocr_line' id='line_1_50' title="bbox 2233 1423 3817 1497; baseline 0.006 -20"><span class='ocrx_word' id='word_1_379' title='bbox 2233 1423 2356 1477; x_wconf 84' lang='lat' dir='ltr'><strong>ﬁdei</strong></span> <span class='ocrx_word' id='word_1_380' title='bbox 2384 1432 2439 1480; x_wconf 89' lang='lat' dir='ltr'><strong>et</strong></span> <span class='ocrx_word' id='word_1_381' title='bbox 2462 1425 2571 1495; x_wconf 86' lang='lat' dir='ltr'><strong>spei</strong></span> <span class='ocrx_word' id='word_1_382' title='bbox 2597 1435 2651 1479; x_wconf 89' lang='lat' dir='ltr'><strong>et</strong></span> <span class='ocrx_word' id='word_1_383' title='bbox 2679 1424 2957 1479; x_wconf 89' lang='lat' dir='ltr'><strong>cbaritatis</strong></span> <span class='ocrx_word' id='word_1_384' title='bbox 2987 1427 3041 1479; x_wconf 93' lang='lat' dir='ltr'><strong>in</strong></span> <span class='ocrx_word' id='word_1_385' title='bbox 3070 1426 3148 1480; x_wconf 83' lang='lat' dir='ltr'><strong>eis</strong></span> <span class='ocrx_word' id='word_1_386' title='bbox 3174 1428 3405 1482; x_wconf 83' lang='lat' dir='ltr'><strong>surrexit</strong></span> <span class='ocrx_word' id='word_1_387' title='bbox 3429 1428 3723 1497; x_wconf 85' lang='lat' dir='ltr'><strong>instructio,</strong></span> <span class='ocrx_word' id='word_1_388' title='bbox 3756 1438 3817 1486; x_wconf 84' lang='lat' dir='ltr'><strong>ut</strong></span> 
     </span>
    </p>
   </div>
   <div class='ocr_carea' id='block_1_50' title="bbox 2232 1515 3816 1590">
    <p class='ocr_par' dir='ltr' id='par_1_50' title="bbox 2232 1515 3816 1590">
     <span class='ocr_line' id='line_1_51' title="bbox 2232 1515 3816 1590; baseline 0.007 -22"><span class='ocrx_word' id='word_1_389' title='bbox 2232 1515 2521 1584; x_wconf 81' lang='lat' dir='ltr'><strong>perfectum</strong></span> <span class='ocrx_word' id='word_1_390' title='bbox 2548 1515 2745 1584; x_wconf 89' lang='lat' dir='ltr'><strong>aliquid</strong></span> <span class='ocrx_word' id='word_1_391' title='bbox 2773 1522 3042 1584; x_wconf 87' lang='lat' dir='ltr'><strong>tenentes,</strong></span> <span class='ocrx_word' id='word_1_392' title='bbox 3067 1533 3128 1571; x_wconf 88' lang='lat' dir='ltr'><strong>ea</strong></span> <span class='ocrx_word' id='word_1_393' title='bbox 3150 1534 3269 1588; x_wconf 77' lang='lat' dir='ltr'><strong>qua:</strong></span> <span class='ocrx_word' id='word_1_394' title='bbox 3299 1529 3423 1573; x_wconf 87' lang='lat' dir='ltr'><strong>sunt</strong></span> <span class='ocrx_word' id='word_1_395' title='bbox 3444 1535 3508 1575; x_wconf 85' lang='lat' dir='ltr'><strong>ex</strong></span> <span class='ocrx_word' id='word_1_396' title='bbox 3538 1530 3686 1590; x_wconf 88' lang='lat' dir='ltr'><strong>parte</strong></span> <span class='ocrx_word' id='word_1_397' title='bbox 3707 1537 3816 1579; x_wconf 89' lang='lat' dir='ltr'><strong>non</strong></span> 
     </span>
    </p>
   </div>
   <div class='ocr_carea' id='block_1_51' title="bbox 2231 1606 3815 1682">
    <p class='ocr_par' dir='ltr' id='par_1_51' title="bbox 2231 1606 3815 1682">
     <span class='ocr_line' id='line_1_52' title="bbox 2231 1606 3815 1682; baseline 0.008 -25"><span class='ocrx_word' id='word_1_398' title='bbox 2231 1614 2473 1674; x_wconf 64' lang='lat' dir='ltr'><strong>qumrant</strong></span> <span class='ocrx_word' id='word_1_399' title='bbox 2504 1622 2518 1659; x_wconf 90' lang='lat'><strong>:</strong></span> <span class='ocrx_word' id='word_1_400' title='bbox 2547 1606 2841 1679; x_wconf 79' lang='lat' dir='ltr'><strong>perfectum</strong></span> <span class='ocrx_word' id='word_1_401' title='bbox 2880 1622 3006 1663; x_wconf 90' lang='lat' dir='ltr'><strong>sane</strong></span> <span class='ocrx_word' id='word_1_402' title='bbox 3032 1649 3049 1673; x_wconf 84' lang='lat'><strong>,</strong></span> <span class='ocrx_word' id='word_1_403' title='bbox 3078 1617 3331 1678; x_wconf 86' lang='lat' dir='ltr'><strong>quantum</strong></span> <span class='ocrx_word' id='word_1_404' title='bbox 3369 1609 3421 1664; x_wconf 89' lang='lat' dir='ltr'><strong>in</strong></span> <span class='ocrx_word' id='word_1_405' title='bbox 3453 1610 3553 1665; x_wconf 81' lang='lat' dir='ltr'><strong>hac</strong></span> <span class='ocrx_word' id='word_1_406' title='bbox 3585 1612 3690 1665; x_wconf 87' lang='lat' dir='ltr'><strong>vita</strong></span> <span class='ocrx_word' id='word_1_407' title='bbox 3716 1627 3815 1682; x_wconf 86' lang='lat' dir='ltr'><strong>p0-</strong></span> 
     </span>
    </p>
   </div>
   <div class='ocr_carea' id='block_1_52' title="bbox 2234 1696 3815 1772">
    <p class='ocr_par' dir='ltr' id='par_1_52' title="bbox 2234 1696 3815 1772">
     <span class='ocr_line' id='line_1_53' title="bbox 2234 1696 3815 1772; baseline 0.006 -23"><span class='ocrx_word' id='word_1_408' title='bbox 2234 1700 2364 1760; x_wconf 85' lang='lat' dir='ltr'><strong>test;</strong></span> <span class='ocrx_word' id='word_1_409' title='bbox 2397 1711 2518 1750; x_wconf 91' lang='lat' dir='ltr'><strong>nam</strong></span> <span class='ocrx_word' id='word_1_410' title='bbox 2542 1697 2592 1750; x_wconf 91' lang='lat' dir='ltr'><strong>in</strong></span> <span class='ocrx_word' id='word_1_411' title='bbox 2618 1698 3011 1766; x_wconf 86' lang='lat' dir='ltr'><strong>comparatione</strong></span> <span class='ocrx_word' id='word_1_412' title='bbox 3037 1696 3229 1754; x_wconf 73' lang='lat' dir='ltr'><strong>futura:</strong></span> <span class='ocrx_word' id='word_1_413' title='bbox 3258 1701 3375 1754; x_wconf 76' lang='lat' dir='ltr'><strong>vitae</strong></span> <span class='ocrx_word' id='word_1_414' title='bbox 3399 1702 3590 1757; x_wconf 89' lang='lat' dir='ltr'><strong>nullius</strong></span> <span class='ocrx_word' id='word_1_415' title='bbox 3609 1702 3737 1772; x_wconf 85' lang='lat' dir='ltr'><strong>justi</strong></span> <span class='ocrx_word' id='word_1_416' title='bbox 3758 1712 3815 1759; x_wconf 88' lang='lat' dir='ltr'><strong>et</strong></span> 
     </span>
    </p>
   </div>
   <div class='ocr_carea' id='block_1_53' title="bbox 2228 1787 3809 1865">
    <p class='ocr_par' dir='ltr' id='par_1_53' title="bbox 2228 1787 3809 1865">
     <span class='ocr_line' id='line_1_54' title="bbox 2228 1787 3809 1865; baseline 0.006 -24"><span class='ocrx_word' id='word_1_417' title='bbox 2228 1787 2397 1841; x_wconf 86' lang='lat' dir='ltr'><strong>sancti</strong></span> <span class='ocrx_word' id='word_1_418' title='bbox 2420 1796 2504 1843; x_wconf 86' lang='lat' dir='ltr'><strong>est</strong></span> <span class='ocrx_word' id='word_1_419' title='bbox 2527 1788 2630 1842; x_wconf 90' lang='lat' dir='ltr'><strong>vita</strong></span> <span class='ocrx_word' id='word_1_420' title='bbox 2652 1789 2751 1843; x_wconf 89' lang='lat' dir='ltr'><strong>ista</strong></span> <span class='ocrx_word' id='word_1_421' title='bbox 2776 1789 3026 1859; x_wconf 80' lang='lat' dir='ltr'><strong>perfecta.</strong></span> <span class='ocrx_word' id='word_1_422' title='bbox 3052 1790 3173 1846; x_wconf 85' lang='lat' dir='ltr'><strong>ideo</strong></span> <span class='ocrx_word' id='word_1_423' title='bbox 3198 1802 3415 1861; x_wconf 81' lang='lat' dir='ltr'><strong>manent,</strong></span> <span class='ocrx_word' id='word_1_424' title='bbox 3440 1794 3632 1864; x_wconf 89' lang='lat' dir='ltr'><strong>inquit,</strong></span> <span class='ocrx_word' id='word_1_425' title='bbox 3660 1796 3809 1865; x_wconf 77' lang='lat' dir='ltr'><strong>ﬁdes,</strong></span> 
     </span>
    </p>
   </div>
   <div class='ocr_carea' id='block_1_54' title="bbox 2228 1879 3816 1952">
    <p class='ocr_par' dir='ltr' id='par_1_54' title="bbox 2228 1879 3816 1952">
     <span class='ocr_line' id='line_1_55' title="bbox 2228 1879 3816 1952; baseline 0.007 -22"><span class='ocrx_word' id='word_1_426' title='bbox 2228 1894 2361 1948; x_wconf 82' lang='lat' dir='ltr'><strong>spes,</strong></span> <span class='ocrx_word' id='word_1_427' title='bbox 2400 1879 2621 1934; x_wconf 83' lang='lat' dir='ltr'><strong>charitas</strong></span> <span class='ocrx_word' id='word_1_428' title='bbox 2637 1895 2659 1944; x_wconf 86' lang='lat'><strong>;</strong></span> <span class='ocrx_word' id='word_1_429' title='bbox 2688 1880 2787 1933; x_wconf 83' lang='lat' dir='ltr'><strong>tria</strong></span> <span class='ocrx_word' id='word_1_430' title='bbox 2816 1880 2923 1935; x_wconf 73' lang='lat' dir='ltr'><strong>[uec</strong></span> <span class='ocrx_word' id='word_1_431' title='bbox 2955 1897 2972 1934; x_wconf 93' lang='lat'><strong><em>:</em></strong></span> <span class='ocrx_word' id='word_1_432' title='bbox 3001 1883 3166 1952; x_wconf 88' lang='lat' dir='ltr'><strong>major</strong></span> <span class='ocrx_word' id='word_1_433' title='bbox 3189 1892 3357 1937; x_wconf 85' lang='lat' dir='ltr'><strong>autem</strong></span> <span class='ocrx_word' id='word_1_434' title='bbox 3383 1884 3563 1938; x_wconf 81' lang='lat' dir='ltr'><strong>horum</strong></span> <span class='ocrx_word' id='word_1_435' title='bbox 3597 1894 3668 1939; x_wconf 86' lang='lat' dir='ltr'><strong>est</strong></span> <span class='ocrx_word' id='word_1_436' title='bbox 3690 1887 3816 1941; x_wconf 81' lang='lat' dir='ltr'><strong>cha-</strong></span> 
     </span>
    </p>
   </div>
   <div class='ocr_carea' id='block_1_55' title="bbox 2227 1966 3812 2045">
    <p class='ocr_par' dir='ltr' id='par_1_55' title="bbox 2227 1966 3812 2045">
     <span class='ocr_line' id='line_1_56' title="bbox 2227 1966 3812 2045; baseline 0.007 -26"><span class='ocrx_word' id='word_1_437' title='bbox 2227 1967 2349 2021; x_wconf 84' lang='lat' dir='ltr'><strong>ritas</strong></span> <span class='ocrx_word' id='word_1_438' title='bbox 2399 1967 2443 2040; x_wconf 86' lang='lat' dir='ltr'><strong>(l</strong></span> <span class='ocrx_word' id='word_1_439' title='bbox 2470 1966 2586 2022; x_wconf 87' lang='lat' dir='ltr'><strong>Cor.</strong></span> <span class='ocrx_word' id='word_1_440' title='bbox 2619 1984 2710 2024; x_wconf 77' lang='lat' dir='ltr'><strong>xm</strong></span> <span class='ocrx_word' id='word_1_441' title='bbox 2736 2010 2751 2037; x_wconf 90' lang='lat'><strong>,</strong></span> <span class='ocrx_word' id='word_1_442' title='bbox 2786 1969 2838 2035; x_wconf 90' lang='lat'><strong>8,</strong></span> <span class='ocrx_word' id='word_1_443' title='bbox 2872 1967 2996 2043; x_wconf 78' lang='lat' dir='ltr'><strong>i5);</strong></span> <span class='ocrx_word' id='word_1_444' title='bbox 3041 1970 3162 2041; x_wconf 87' lang='lat' dir='ltr'><strong>quia</strong></span> <span class='ocrx_word' id='word_1_445' title='bbox 3213 1980 3266 2025; x_wconf 93' lang='lat' dir='ltr'><strong>et</strong></span> <span class='ocrx_word' id='word_1_446' title='bbox 3312 1988 3431 2027; x_wconf 88' lang='lat' dir='ltr'><strong>cum</strong></span> <span class='ocrx_word' id='word_1_447' title='bbox 3482 1973 3707 2045; x_wconf 86' lang='lat' dir='ltr'><strong>quisque</strong></span> <span class='ocrx_word' id='word_1_448' title='bbox 3743 1974 3812 2030; x_wconf 86' lang='lat' dir='ltr'><strong>ad</strong></span> 
     </span>
    </p>
   </div>
   <div class='ocr_carea' id='block_1_56' title="bbox 2234 2059 3851 2129">
    <p class='ocr_par' dir='ltr' id='par_1_56' title="bbox 2234 2059 3851 2129">
     <span class='ocr_line' id='line_1_57' title="bbox 2234 2059 3851 2129; baseline 0.006 -18"><span class='ocrx_word' id='word_1_449' title='bbox 2234 2066 2433 2113; x_wconf 88' lang='lat' dir='ltr'><strong>aeterna</strong></span> <span class='ocrx_word' id='word_1_450' title='bbox 2466 2060 2785 2129; x_wconf 86' lang='lat' dir='ltr'><strong>pervenerit,</strong></span> <span class='ocrx_word' id='word_1_451' title='bbox 2807 2059 3012 2115; x_wconf 89' lang='lat' dir='ltr'><strong>duobus</strong></span> <span class='ocrx_word' id='word_1_452' title='bbox 3040 2061 3153 2117; x_wconf 88' lang='lat' dir='ltr'><strong>istis</strong></span> <span class='ocrx_word' id='word_1_453' title='bbox 3173 2062 3557 2119; x_wconf 86' lang='lat' dir='ltr'><strong>decedentibus</strong></span> <span class='ocrx_word' id='word_1_454' title='bbox 3582 2064 3813 2123; x_wconf 78' lang='lat' dir='ltr'><strong>Charitas</strong></span> <span class='ocrx_word' id='word_1_455' title='bbox 3846 2066 3851 2070; x_wconf 68' lang='grc'><em>’</em></span> 
     </span>
    </p>
   </div>
   <div class='ocr_carea' id='block_1_57' title="bbox 2227 2150 3108 2222">
    <p class='ocr_par' dir='ltr' id='par_1_57' title="bbox 2227 2150 3108 2222">
     <span class='ocr_line' id='line_1_58' title="bbox 2227 2150 3108 2222; baseline 0.005 -20"><span class='ocrx_word' id='word_1_456' title='bbox 2227 2150 2432 2204; x_wconf 89' lang='lat' dir='ltr'><strong>auctior</strong></span> <span class='ocrx_word' id='word_1_457' title='bbox 2459 2158 2514 2206; x_wconf 89' lang='lat' dir='ltr'><strong>et</strong></span> <span class='ocrx_word' id='word_1_458' title='bbox 2534 2152 2731 2206; x_wconf 84' lang='lat' dir='ltr'><strong>certior</strong></span> <span class='ocrx_word' id='word_1_459' title='bbox 2757 2153 3108 2222; x_wconf 88' lang='lat' dir='ltr'><strong>permanebit.</strong></span> 
     </span>
    </p>
   </div>
   <div class='ocr_carea' id='block_1_58' title="bbox 2262 2240 3774 2320">
    <p class='ocr_par' dir='ltr' id='par_1_58' title="bbox 2262 2240 3774 2320">
     <span class='ocr_line' id='line_1_59' title="bbox 2262 2240 3774 2320; baseline 0.004 -24"><span class='ocrx_word' id='word_1_460' title='bbox 2262 2240 2488 2298; x_wconf 80' lang='lat' dir='ltr'><strong>CAPUT</strong></span> <span class='ocrx_word' id='word_1_461' title='bbox 2525 2242 2638 2299; x_wconf 80' lang='lat' dir='ltr'><strong>XL.</strong></span> <span class='ocrx_word' id='word_1_462' title='bbox 2660 2273 2733 2286; x_wconf 89' lang='lat'><strong>—</strong></span> <span class='ocrx_word' id='word_1_463' title='bbox 2757 2243 2967 2309; x_wconf 84' lang='lat' dir='ltr'><strong>Qualem</strong></span> <span class='ocrx_word' id='word_1_464' title='bbox 2987 2245 3218 2299; x_wconf 82' lang='lat' dir='ltr'><strong>lectorem</strong></span> <span class='ocrx_word' id='word_1_465' title='bbox 3247 2244 3513 2320; x_wconf 80' lang='lat' dir='ltr'><strong>Scriptura</strong></span> <span class='ocrx_word' id='word_1_466' title='bbox 3540 2247 3774 2318; x_wconf 79' lang='lat' dir='ltr'><strong>postulet.</strong></span> 
     </span>
    </p>
   </div>
   <div class='ocr_carea' id='block_1_59' title="bbox 2296 2334 3808 2411">
    <p class='ocr_par' dir='ltr' id='par_1_59' title="bbox 2296 2334 3808 2411">
     <span class='ocr_line' id='line_1_60' title="bbox 2296 2334 3808 2411; baseline 0.007 -24"><span class='ocrx_word' id='word_1_467' title='bbox 2296 2334 2386 2388; x_wconf 70' lang='grc'><strong>44.</strong></span> <span class='ocrx_word' id='word_1_468' title='bbox 2410 2335 2761 2407; x_wconf 82' lang='lat' dir='ltr'><strong>QuaprOpter,</strong></span> <span class='ocrx_word' id='word_1_469' title='bbox 2786 2352 2906 2391; x_wconf 92' lang='lat' dir='ltr'><strong>cum</strong></span> <span class='ocrx_word' id='word_1_470' title='bbox 2931 2339 3153 2411; x_wconf 89' lang='lat' dir='ltr'><strong>quisque</strong></span> <span class='ocrx_word' id='word_1_471' title='bbox 3173 2340 3479 2410; x_wconf 81' lang='lat' dir='ltr'><strong>cognoverit</strong></span> <span class='ocrx_word' id='word_1_472' title='bbox 3501 2339 3657 2397; x_wconf 81' lang='lat' dir='ltr'><strong>tinem</strong></span> <span class='ocrx_word' id='word_1_473' title='bbox 3679 2356 3808 2410; x_wconf 74' lang='lat' dir='ltr'><strong>pra:-</strong></span> 
     </span>
    </p>
   </div>
   <div class='ocr_carea' id='block_1_60' title="bbox 2224 2428 3813 2503">
    <p class='ocr_par' dir='ltr' id='par_1_60' title="bbox 2224 2428 3813 2503">
     <span class='ocr_line' id='line_1_61' title="bbox 2224 2428 3813 2503; baseline 0.004 -22"><span class='ocrx_word' id='word_1_474' title='bbox 2224 2428 2361 2497; x_wconf 89' lang='lat' dir='ltr'><strong>cepti</strong></span> <span class='ocrx_word' id='word_1_475' title='bbox 2392 2443 2511 2483; x_wconf 88' lang='lat' dir='ltr'><strong>esse</strong></span> <span class='ocrx_word' id='word_1_476' title='bbox 2539 2430 2851 2484; x_wconf 87' lang='lat' dir='ltr'><strong>cbaritatem</strong></span> <span class='ocrx_word' id='word_1_477' title='bbox 2874 2472 2889 2496; x_wconf 97' lang='lat'><strong>,</strong></span> <span class='ocrx_word' id='word_1_478' title='bbox 2941 2431 3004 2483; x_wconf 86' lang='lat' dir='ltr'><strong>de</strong></span> <span class='ocrx_word' id='word_1_479' title='bbox 3042 2431 3190 2484; x_wconf 85' lang='lat' dir='ltr'><strong>corde</strong></span> <span class='ocrx_word' id='word_1_480' title='bbox 3218 2447 3347 2503; x_wconf 86' lang='lat' dir='ltr'><strong>puro</strong></span> <span class='ocrx_word' id='word_1_481' title='bbox 3373 2473 3389 2496; x_wconf 93' lang='lat'><strong>,</strong></span> <span class='ocrx_word' id='word_1_482' title='bbox 3417 2441 3462 2485; x_wconf 85' lang='lat' dir='ltr'><strong>et</strong></span> <span class='ocrx_word' id='word_1_483' title='bbox 3506 2434 3813 2487; x_wconf 84' lang='lat' dir='ltr'><strong>conscientia</strong></span> 
     </span>
    </p>
   </div>
   <div class='ocr_carea' id='block_1_61' title="bbox 2226 2518 3812 2594">
    <p class='ocr_par' dir='ltr' id='par_1_61' title="bbox 2226 2518 3812 2594">
     <span class='ocr_line' id='line_1_62' title="bbox 2226 2518 3812 2594; baseline 0.004 -21"><span class='ocrx_word' id='word_1_484' title='bbox 2226 2520 2378 2588; x_wconf 86' lang='lat' dir='ltr'><strong>bona,</strong></span> <span class='ocrx_word' id='word_1_485' title='bbox 2415 2531 2461 2574; x_wconf 86' lang='lat' dir='ltr'><strong>et</strong></span> <span class='ocrx_word' id='word_1_486' title='bbox 2489 2519 2591 2590; x_wconf 83' lang='lat' dir='ltr'><strong>ﬁde</strong></span> <span class='ocrx_word' id='word_1_487' title='bbox 2619 2537 2718 2576; x_wconf 82' lang='lat' dir='ltr'><strong>non</strong></span> <span class='ocrx_word' id='word_1_488' title='bbox 2745 2522 2862 2591; x_wconf 80' lang='lat' dir='ltr'><strong>ﬁcta</strong></span> <span class='ocrx_word' id='word_1_489' title='bbox 2898 2522 2944 2594; x_wconf 88' lang='grc'>(1</span> <span class='ocrx_word' id='word_1_490' title='bbox 2971 2518 3104 2576; x_wconf 87' lang='lat' dir='ltr'><strong>Tim.</strong></span> <span class='ocrx_word' id='word_1_491' title='bbox 3133 2538 3179 2588; x_wconf 88' lang='grc' dir='ltr'><strong>ι,</strong></span> <span class='ocrx_word' id='word_1_492' title='bbox 3209 2521 3264 2593; x_wconf 83' lang='lat'><strong>5)</strong></span> <span class='ocrx_word' id='word_1_493' title='bbox 3289 2564 3303 2588; x_wconf 96' lang='lat'><strong>,</strong></span> <span class='ocrx_word' id='word_1_494' title='bbox 3331 2538 3543 2578; x_wconf 88' lang='lat' dir='ltr'><strong>omnem</strong></span> <span class='ocrx_word' id='word_1_495' title='bbox 3571 2523 3812 2581; x_wconf 84' lang='lat' dir='ltr'><strong>intellec-</strong></span> 
     </span>
    </p>
   </div>
   <div class='ocr_carea' id='block_1_62' title="bbox 2225 2610 3809 2682">
    <p class='ocr_par' dir='ltr' id='par_1_62' title="bbox 2225 2610 3809 2682">
     <span class='ocr_line' id='line_1_63' title="bbox 2225 2610 3809 2682; baseline 0.003 -18"><span class='ocrx_word' id='word_1_496' title='bbox 2225 2618 2335 2664; x_wconf 90' lang='lat' dir='ltr'><strong>tum</strong></span> <span class='ocrx_word' id='word_1_497' title='bbox 2362 2610 2655 2666; x_wconf 89' lang='lat' dir='ltr'><strong>divinarum</strong></span> <span class='ocrx_word' id='word_1_498' title='bbox 2702 2610 3099 2682; x_wconf 87' lang='lat' dir='ltr'><strong>Scripturarum</strong></span> <span class='ocrx_word' id='word_1_499' title='bbox 3135 2612 3203 2667; x_wconf 91' lang='lat' dir='ltr'><strong>ad</strong></span> <span class='ocrx_word' id='word_1_500' title='bbox 3234 2615 3331 2667; x_wconf 91' lang='lat' dir='ltr'><strong>ista</strong></span> <span class='ocrx_word' id='word_1_501' title='bbox 3377 2613 3475 2668; x_wconf 90' lang='lat' dir='ltr'><strong>tria</strong></span> <span class='ocrx_word' id='word_1_502' title='bbox 3512 2615 3809 2681; x_wconf 85' lang='lat' dir='ltr'><strong>relaturus,</strong></span> 
     </span>
    </p>
   </div>
   <div class='ocr_carea' id='block_1_63' title="bbox 2224 2701 3808 2762">
    <p class='ocr_par' dir='ltr' id='par_1_63' title="bbox 2224 2701 3808 2762">
     <span class='ocr_line' id='line_1_64' title="bbox 2224 2701 3808 2762; baseline 0.002 -7"><span class='ocrx_word' id='word_1_503' title='bbox 2224 2701 2292 2756; x_wconf 88' lang='lat' dir='ltr'><strong>ad</strong></span> <span class='ocrx_word' id='word_1_504' title='bbox 2318 2702 2688 2757; x_wconf 87' lang='lat' dir='ltr'><strong>tractationem</strong></span> <span class='ocrx_word' id='word_1_505' title='bbox 2732 2702 2943 2759; x_wconf 88' lang='lat' dir='ltr'><strong>illorum</strong></span> <span class='ocrx_word' id='word_1_506' title='bbox 2982 2703 3266 2759; x_wconf 90' lang='lat' dir='ltr'><strong>Librorum</strong></span> <span class='ocrx_word' id='word_1_507' title='bbox 3310 2718 3530 2762; x_wconf 84' lang='lat' dir='ltr'><strong>securus</strong></span> <span class='ocrx_word' id='word_1_508' title='bbox 3572 2705 3808 2761; x_wconf 80' lang='lat' dir='ltr'><strong>accedat.</strong></span> 
     </span>
    </p>
   </div>
   <div class='ocr_carea' id='block_1_64' title="bbox 2224 2790 3813 2865">
    <p class='ocr_par' dir='ltr' id='par_1_64' title="bbox 2224 2790 3813 2865">
     <span class='ocr_line' id='line_1_65' title="bbox 2224 2790 3813 2865; baseline 0.003 -19"><span class='ocrx_word' id='word_1_509' title='bbox 2224 2790 2355 2846; x_wconf 86' lang='lat' dir='ltr'><strong>Cum</strong></span> <span class='ocrx_word' id='word_1_510' title='bbox 2382 2791 2521 2846; x_wconf 87' lang='lat' dir='ltr'><strong>enim</strong></span> <span class='ocrx_word' id='word_1_511' title='bbox 2544 2791 2765 2860; x_wconf 88' lang='lat' dir='ltr'><strong>diceret,</strong></span> <span class='ocrx_word' id='word_1_512' title='bbox 2796 2793 3038 2862; x_wconf 85' lang='lat' dir='ltr'><strong>charitas,</strong></span> <span class='ocrx_word' id='word_1_513' title='bbox 3057 2794 3278 2859; x_wconf 88' lang='lat' dir='ltr'><strong>addidit,</strong></span> <span class='ocrx_word' id='word_1_514' title='bbox 3305 2794 3366 2849; x_wconf 86' lang='lat' dir='ltr'><strong>de</strong></span> <span class='ocrx_word' id='word_1_515' title='bbox 3386 2792 3543 2850; x_wconf 74' lang='lat' dir='ltr'><strong>corde</strong></span> <span class='ocrx_word' id='word_1_516' title='bbox 3570 2812 3724 2865; x_wconf 84' lang='lat' dir='ltr'><strong>puro,</strong></span> <span class='ocrx_word' id='word_1_517' title='bbox 3756 2802 3813 2851; x_wconf 85' lang='lat' dir='ltr'><strong>ut</strong></span> 
     </span>
    </p>
   </div>
   <div class='ocr_carea' id='block_1_65' title="bbox 2230 2880 3810 2955">
    <p class='ocr_par' dir='ltr' id='par_1_65' title="bbox 2230 2880 3810 2955">
     <span class='ocr_line' id='line_1_66' title="bbox 2230 2880 3810 2955; baseline 0.002 -19"><span class='ocrx_word' id='word_1_518' title='bbox 2230 2880 2365 2936; x_wconf 83' lang='lat' dir='ltr'><strong>nihil</strong></span> <span class='ocrx_word' id='word_1_519' title='bbox 2389 2881 2531 2937; x_wconf 90' lang='lat' dir='ltr'><strong>aliud</strong></span> <span class='ocrx_word' id='word_1_520' title='bbox 2567 2898 2722 2953; x_wconf 84' lang='lat' dir='ltr'><strong>quam</strong></span> <span class='ocrx_word' id='word_1_521' title='bbox 2750 2882 2805 2938; x_wconf 88' lang='lat' dir='ltr'><strong>id</strong></span> <span class='ocrx_word' id='word_1_522' title='bbox 2840 2882 2980 2955; x_wconf 89' lang='lat' dir='ltr'><strong>quod</strong></span> <span class='ocrx_word' id='word_1_523' title='bbox 3019 2884 3341 2955; x_wconf 84' lang='lat' dir='ltr'><strong>diligendum</strong></span> <span class='ocrx_word' id='word_1_524' title='bbox 3380 2893 3498 2953; x_wconf 89' lang='lat' dir='ltr'><strong>est,</strong></span> <span class='ocrx_word' id='word_1_525' title='bbox 3545 2885 3810 2955; x_wconf 83' lang='lat' dir='ltr'><strong>diligatur.</strong></span> 
     </span>
    </p>
   </div>
   <div class='ocr_carea' id='block_1_66' title="bbox 2226 2970 3810 3045">
    <p class='ocr_par' dir='ltr' id='par_1_66' title="bbox 2226 2970 3810 3045">
     <span class='ocr_line' id='line_1_67' title="bbox 2226 2970 3810 3045; baseline 0.003 -20"><span class='ocrx_word' id='word_1_526' title='bbox 2226 2970 2594 3026; x_wconf 67' lang='lat' dir='ltr'><strong>Conscientia&quot;:</strong></span> <span class='ocrx_word' id='word_1_527' title='bbox 2635 2987 2760 3027; x_wconf 87' lang='lat' dir='ltr'><strong>vero</strong></span> <span class='ocrx_word' id='word_1_528' title='bbox 2801 2972 2983 3026; x_wconf 84' lang='lat' dir='ltr'><strong>bonam</strong></span> <span class='ocrx_word' id='word_1_529' title='bbox 3021 2972 3293 3043; x_wconf 82' lang='lat' dir='ltr'><strong>conjunxit</strong></span> <span class='ocrx_word' id='word_1_530' title='bbox 3345 2982 3566 3045; x_wconf 85' lang='lat' dir='ltr'><strong>propter</strong></span> <span class='ocrx_word' id='word_1_531' title='bbox 3610 2989 3810 3044; x_wconf 87' lang='lat' dir='ltr'><strong>spem:</strong></span> 
     </span>
    </p>
   </div>
   <div class='ocr_carea' id='block_1_67' title="bbox 2224 3061 3811 3134">
    <p class='ocr_par' dir='ltr' id='par_1_67' title="bbox 2224 3061 3811 3134">
     <span class='ocr_line' id='line_1_68' title="bbox 2224 3061 3811 3134; baseline 0.003 -16"><span class='ocrx_word' id='word_1_532' title='bbox 2224 3061 2316 3119; x_wconf 86' lang='lat' dir='ltr'><strong>ille</strong></span> <span class='ocrx_word' id='word_1_533' title='bbox 2344 3065 2485 3119; x_wconf 91' lang='lat' dir='ltr'><strong>enim</strong></span> <span class='ocrx_word' id='word_1_534' title='bbox 2522 3080 2581 3119; x_wconf 91' lang='lat' dir='ltr'><strong>se</strong></span> <span class='ocrx_word' id='word_1_535' title='bbox 2600 3063 2666 3119; x_wconf 90' lang='lat' dir='ltr'><strong>ad</strong></span> <span class='ocrx_word' id='word_1_536' title='bbox 2689 3063 2740 3118; x_wconf 92' lang='lat' dir='ltr'><strong>id</strong></span> <span class='ocrx_word' id='word_1_537' title='bbox 2769 3064 2910 3134; x_wconf 91' lang='lat' dir='ltr'><strong>quod</strong></span> <span class='ocrx_word' id='word_1_538' title='bbox 2940 3063 3105 3118; x_wconf 87' lang='lat' dir='ltr'><strong>credit</strong></span> <span class='ocrx_word' id='word_1_539' title='bbox 3132 3072 3186 3119; x_wconf 87' lang='lat' dir='ltr'><strong>et</strong></span> <span class='ocrx_word' id='word_1_540' title='bbox 3208 3064 3392 3134; x_wconf 84' lang='lat' dir='ltr'><strong>diligit</strong></span> <span class='ocrx_word' id='word_1_541' title='bbox 3433 3072 3811 3134; x_wconf 87' lang='lat' dir='ltr'><strong>perventurum</strong></span> 
     </span>
    </p>
   </div>
   <div class='ocr_carea' id='block_1_68' title="bbox 2228 3152 3809 3224">
    <p class='ocr_par' dir='ltr' id='par_1_68' title="bbox 2228 3152 3809 3224">
     <span class='ocr_line' id='line_1_69' title="bbox 2228 3152 3809 3224; baseline -0.001 -15"><span class='ocrx_word' id='word_1_542' title='bbox 2228 3168 2350 3209; x_wconf 87' lang='lat' dir='ltr'><strong>esse</strong></span> <span class='ocrx_word' id='word_1_543' title='bbox 2375 3155 2642 3224; x_wconf 84' lang='lat' dir='ltr'><strong>deSperat,</strong></span> <span class='ocrx_word' id='word_1_544' title='bbox 2682 3153 2772 3208; x_wconf 86' lang='lat' dir='ltr'><strong>cui</strong></span> <span class='ocrx_word' id='word_1_545' title='bbox 2806 3153 2957 3208; x_wconf 76' lang='lat' dir='ltr'><strong>mala:</strong></span> <span class='ocrx_word' id='word_1_546' title='bbox 2986 3152 3323 3207; x_wconf 78' lang='lat' dir='ltr'><strong>conscientia:</strong></span> <span class='ocrx_word' id='word_1_547' title='bbox 3351 3153 3630 3223; x_wconf 86' lang='lat' dir='ltr'><strong>scrupulus</strong></span> <span class='ocrx_word' id='word_1_548' title='bbox 3652 3154 3809 3208; x_wconf 82' lang='lat' dir='ltr'><strong>inest.</strong></span> 
     </span>
    </p>
   </div>
   <div class='ocr_carea' id='block_1_69' title="bbox 2226 3242 3812 3316">
    <p class='ocr_par' dir='ltr' id='par_1_69' title="bbox 2226 3242 3812 3316">
     <span class='ocr_line' id='line_1_70' title="bbox 2226 3242 3812 3316; baseline 0.003 -17"><span class='ocrx_word' id='word_1_549' title='bbox 2226 3242 2427 3311; x_wconf 75' lang='lat' dir='ltr'><strong>Tertio,-</strong></span> <span class='ocrx_word' id='word_1_550' title='bbox 2457 3255 2502 3298; x_wconf 84' lang='lat' dir='ltr'><strong>et</strong></span> <span class='ocrx_word' id='word_1_551' title='bbox 2527 3246 2648 3315; x_wconf 82' lang='lat' dir='ltr'><strong>ﬁde,</strong></span> <span class='ocrx_word' id='word_1_552' title='bbox 2674 3246 2877 3316; x_wconf 89' lang='lat' dir='ltr'><strong>inquit,</strong></span> <span class='ocrx_word' id='word_1_553' title='bbox 2910 3260 3010 3299; x_wconf 84' lang='lat' dir='ltr'><strong>non</strong></span> <span class='ocrx_word' id='word_1_554' title='bbox 3037 3245 3179 3314; x_wconf 84' lang='lat' dir='ltr'><strong>ﬁcta.</strong></span> <span class='ocrx_word' id='word_1_555' title='bbox 3204 3246 3259 3299; x_wconf 91' lang='lat' dir='ltr'><strong>Si</strong></span> <span class='ocrx_word' id='word_1_556' title='bbox 3300 3246 3440 3300; x_wconf 90' lang='lat' dir='ltr'><strong>enim</strong></span> <span class='ocrx_word' id='word_1_557' title='bbox 3470 3246 3599 3300; x_wconf 85' lang='lat' dir='ltr'><strong>lides</strong></span> <span class='ocrx_word' id='word_1_558' title='bbox 3629 3253 3812 3303; x_wconf 84' lang='lat' dir='ltr'><strong>nostra</strong></span> 
     </span>
    </p>
   </div>
   <div class='ocr_carea' id='block_1_70' title="bbox 2223 3336 3811 3407">
    <p class='ocr_par' dir='ltr' id='par_1_70' title="bbox 2223 3336 3811 3407">
     <span class='ocr_line' id='line_1_71' title="bbox 2223 3336 3811 3407; baseline 0 -16"><span class='ocrx_word' id='word_1_559' title='bbox 2223 3336 2500 3391; x_wconf 76' lang='lat' dir='ltr'><strong>mendacio</strong></span> <span class='ocrx_word' id='word_1_560' title='bbox 2526 3337 2795 3403; x_wconf 82' lang='lat' dir='ltr'><strong>caruerit,</strong></span> <span class='ocrx_word' id='word_1_561' title='bbox 2827 3347 2952 3391; x_wconf 91' lang='lat' dir='ltr'><strong>tunc</strong></span> <span class='ocrx_word' id='word_1_562' title='bbox 2979 3343 3165 3391; x_wconf 92' lang='lat' dir='ltr'><strong>etnon</strong></span> <span class='ocrx_word' id='word_1_563' title='bbox 3210 3336 3474 3407; x_wconf 87' lang='lat' dir='ltr'><strong>diligimus</strong></span> <span class='ocrx_word' id='word_1_564' title='bbox 3515 3337 3657 3406; x_wconf 89' lang='lat' dir='ltr'><strong>quod</strong></span> <span class='ocrx_word' id='word_1_565' title='bbox 3703 3351 3811 3391; x_wconf 86' lang='lat' dir='ltr'><strong>non</strong></span> 
     </span>
    </p>
   </div>
   <div class='ocr_carea' id='block_1_71' title="bbox 2224 3428 3812 3499">
    <p class='ocr_par' dir='ltr' id='par_1_71' title="bbox 2224 3428 3812 3499">
     <span class='ocr_line' id='line_1_72' title="bbox 2224 3428 3812 3499; baseline 0 -16"><span class='ocrx_word' id='word_1_566' title='bbox 2224 3436 2307 3483; x_wconf 91' lang='lat' dir='ltr'><strong>est</strong></span> <span class='ocrx_word' id='word_1_567' title='bbox 2326 3429 2673 3499; x_wconf 87' lang='lat' dir='ltr'><strong>diligendum,</strong></span> <span class='ocrx_word' id='word_1_568' title='bbox 2698 3439 2751 3485; x_wconf 91' lang='lat' dir='ltr'><strong>et</strong></span> <span class='ocrx_word' id='word_1_569' title='bbox 2776 3438 2921 3485; x_wconf 89' lang='lat' dir='ltr'><strong>recte</strong></span> <span class='ocrx_word' id='word_1_570' title='bbox 2940 3428 3163 3484; x_wconf 90' lang='lat' dir='ltr'><strong>vivendo</strong></span> <span class='ocrx_word' id='word_1_571' title='bbox 3187 3429 3240 3484; x_wconf 91' lang='lat' dir='ltr'><strong>id</strong></span> <span class='ocrx_word' id='word_1_572' title='bbox 3261 3444 3553 3498; x_wconf 88' lang='lat' dir='ltr'><strong>speramus,</strong></span> <span class='ocrx_word' id='word_1_573' title='bbox 3583 3437 3641 3483; x_wconf 92' lang='lat' dir='ltr'><strong>ut</strong></span> <span class='ocrx_word' id='word_1_574' title='bbox 3663 3429 3812 3483; x_wconf 80' lang='lat' dir='ltr'><strong>nullo</strong></span> 
     </span>
    </p>
   </div>
   <div class='ocr_carea' id='block_1_72' title="bbox 2223 3519 3809 3591">
    <p class='ocr_par' dir='ltr' id='par_1_72' title="bbox 2223 3519 3809 3591">
     <span class='ocr_line' id='line_1_73' title="bbox 2223 3519 3809 3591; baseline 0.001 -17"><span class='ocrx_word' id='word_1_575' title='bbox 2223 3519 2386 3575; x_wconf 75' lang='lat' dir='ltr'><strong>modo</strong></span> <span class='ocrx_word' id='word_1_576' title='bbox 2411 3535 2535 3589; x_wconf 90' lang='lat' dir='ltr'><strong>spes</strong></span> <span class='ocrx_word' id='word_1_577' title='bbox 2565 3530 2746 3576; x_wconf 88' lang='lat' dir='ltr'><strong>nostra</strong></span> <span class='ocrx_word' id='word_1_578' title='bbox 2775 3519 3006 3575; x_wconf 84' lang='lat' dir='ltr'><strong>fallatur.</strong></span> <span class='ocrx_word' id='word_1_579' title='bbox 3038 3520 3322 3591; x_wconf 86' lang='lat' dir='ltr'><strong>Propterea</strong></span> <span class='ocrx_word' id='word_1_580' title='bbox 3358 3520 3427 3575; x_wconf 92' lang='lat' dir='ltr'><strong>de</strong></span> <span class='ocrx_word' id='word_1_581' title='bbox 3467 3520 3627 3576; x_wconf 88' lang='lat' dir='ltr'><strong>rebus</strong></span> <span class='ocrx_word' id='word_1_582' title='bbox 3672 3535 3809 3575; x_wconf 89' lang='lat' dir='ltr'><strong>con-</strong></span> 
     </span>
    </p>
   </div>
   <div class='ocr_carea' id='block_1_73' title="bbox 2227 3611 3809 3683">
    <p class='ocr_par' dir='ltr' id='par_1_73' title="bbox 2227 3611 3809 3683">
     <span class='ocr_line' id='line_1_74' title="bbox 2227 3611 3809 3683; baseline 0.001 -17"><span class='ocrx_word' id='word_1_583' title='bbox 2227 3611 2517 3667; x_wconf 88' lang='lat' dir='ltr'><strong>tinentibus</strong></span> <span class='ocrx_word' id='word_1_584' title='bbox 2545 3612 2721 3679; x_wconf 84' lang='lat' dir='ltr'><strong>iidem,</strong></span> <span class='ocrx_word' id='word_1_585' title='bbox 2751 3621 3005 3683; x_wconf 89' lang='lat' dir='ltr'><strong>quantum</strong></span> <span class='ocrx_word' id='word_1_586' title='bbox 3033 3627 3128 3681; x_wconf 90' lang='lat' dir='ltr'><strong>pro</strong></span> <span class='ocrx_word' id='word_1_587' title='bbox 3152 3625 3387 3681; x_wconf 84' lang='lat' dir='ltr'><strong>tempore</strong></span> <span class='ocrx_word' id='word_1_588' title='bbox 3410 3612 3539 3666; x_wconf 89' lang='lat' dir='ltr'><strong>satis</strong></span> <span class='ocrx_word' id='word_1_589' title='bbox 3568 3627 3687 3667; x_wconf 90' lang='lat' dir='ltr'><strong>esse</strong></span> <span class='ocrx_word' id='word_1_590' title='bbox 3715 3626 3809 3667; x_wconf 89' lang='lat' dir='ltr'><strong>ar-</strong></span> 
     </span>
    </p>
   </div>
   <div class='ocr_carea' id='block_1_74' title="bbox 2221 3703 3811 3775">
    <p class='ocr_par' dir='ltr' id='par_1_74' title="bbox 2221 3703 3811 3775">
     <span class='ocr_line' id='line_1_75' title="bbox 2221 3703 3811 3775; baseline 0 -16"><span class='ocrx_word' id='word_1_591' title='bbox 2221 3704 2449 3761; x_wconf 90' lang='lat' dir='ltr'><strong>bitratus</strong></span> <span class='ocrx_word' id='word_1_592' title='bbox 2470 3719 2608 3773; x_wconf 87' lang='lat' dir='ltr'><strong>sum,</strong></span> <span class='ocrx_word' id='word_1_593' title='bbox 2636 3704 2812 3760; x_wconf 86' lang='lat' dir='ltr'><strong>dicere</strong></span> <span class='ocrx_word' id='word_1_594' title='bbox 2842 3704 3004 3770; x_wconf 85' lang='lat' dir='ltr'><strong>volui,</strong></span> <span class='ocrx_word' id='word_1_595' title='bbox 3039 3703 3161 3775; x_wconf 86' lang='lat' dir='ltr'><strong>quia</strong></span> <span class='ocrx_word' id='word_1_596' title='bbox 3190 3705 3241 3759; x_wconf 87' lang='lat' dir='ltr'><strong>in</strong></span> <span class='ocrx_word' id='word_1_597' title='bbox 3273 3704 3390 3758; x_wconf 90' lang='lat' dir='ltr'><strong>aliis</strong></span> <span class='ocrx_word' id='word_1_598' title='bbox 3417 3704 3769 3759; x_wconf 89' lang='lat' dir='ltr'><strong>voluminibus</strong></span> <span class='ocrx_word' id='word_1_599' title='bbox 3793 3744 3811 3773; x_wconf 88' lang='lat'><strong>,</strong></span> 
     </span>
    </p>
   </div>
   <div class='ocr_carea' id='block_1_75' title="bbox 2222 3796 3811 3869">
    <p class='ocr_par' dir='ltr' id='par_1_75' title="bbox 2222 3796 3811 3869">
     <span class='ocr_line' id='line_1_76' title="bbox 2222 3796 3811 3869; baseline -0.002 -15"><span class='ocrx_word' id='word_1_600' title='bbox 2222 3798 2335 3854; x_wconf 89' lang='lat' dir='ltr'><strong>sive</strong></span> <span class='ocrx_word' id='word_1_601' title='bbox 2361 3813 2457 3868; x_wconf 89' lang='lat' dir='ltr'><strong>per</strong></span> <span class='ocrx_word' id='word_1_602' title='bbox 2480 3797 2613 3853; x_wconf 89' lang='lat' dir='ltr'><strong>alios</strong></span> <span class='ocrx_word' id='word_1_603' title='bbox 2637 3799 2749 3852; x_wconf 90' lang='lat' dir='ltr'><strong>sive</strong></span> <span class='ocrx_word' id='word_1_604' title='bbox 2776 3813 2872 3869; x_wconf 90' lang='lat' dir='ltr'><strong>per</strong></span> <span class='ocrx_word' id='word_1_605' title='bbox 2897 3812 2996 3852; x_wconf 89' lang='lat' dir='ltr'><strong>nos</strong></span> <span class='ocrx_word' id='word_1_606' title='bbox 3025 3798 3188 3852; x_wconf 88' lang='lat' dir='ltr'><strong>multa</strong></span> <span class='ocrx_word' id='word_1_607' title='bbox 3211 3797 3320 3869; x_wconf 89' lang='lat' dir='ltr'><strong>jam</strong></span> <span class='ocrx_word' id='word_1_608' title='bbox 3349 3796 3488 3851; x_wconf 91' lang='lat' dir='ltr'><strong>dicta</strong></span> <span class='ocrx_word' id='word_1_609' title='bbox 3525 3806 3667 3852; x_wconf 91' lang='lat' dir='ltr'><strong>sunt.</strong></span> <span class='ocrx_word' id='word_1_610' title='bbox 3693 3796 3811 3852; x_wconf 81' lang='lat' dir='ltr'><strong>Mo-</strong></span> 
     </span>
    </p>
   </div>
   <div class='ocr_carea' id='block_1_76' title="bbox 2223 3887 3811 3965">
    <p class='ocr_par' dir='ltr' id='par_1_76' title="bbox 2223 3887 3811 3965">
     <span class='ocr_line' id='line_1_77' title="bbox 2223 3887 3811 3965; baseline 0.001 -21"><span class='ocrx_word' id='word_1_611' title='bbox 2223 3887 2323 3945; x_wconf 91' lang='lat' dir='ltr'><strong>dus</strong></span> <span class='ocrx_word' id='word_1_612' title='bbox 2345 3889 2522 3961; x_wconf 85' lang='lat' dir='ltr'><strong>itaque</strong></span> <span class='ocrx_word' id='word_1_613' title='bbox 2544 3890 2613 3945; x_wconf 89' lang='lat' dir='ltr'><strong>sit</strong></span> <span class='ocrx_word' id='word_1_614' title='bbox 2635 3892 2733 3945; x_wconf 87' lang='lat' dir='ltr'><strong>iste</strong></span> <span class='ocrx_word' id='word_1_615' title='bbox 2763 3888 2884 3945; x_wconf 88' lang='lat' dir='ltr'><strong>libri</strong></span> <span class='ocrx_word' id='word_1_616' title='bbox 2904 3888 3078 3962; x_wconf 88' lang='lat' dir='ltr'><strong>hujus.</strong></span> <span class='ocrx_word' id='word_1_617' title='bbox 3104 3887 3307 3946; x_wconf 66' lang='lat' dir='ltr'><strong>Caetera</strong></span> <span class='ocrx_word' id='word_1_618' title='bbox 3333 3888 3400 3946; x_wconf 90' lang='lat' dir='ltr'><strong>de</strong></span> <span class='ocrx_word' id='word_1_619' title='bbox 3420 3889 3611 3965; x_wconf 83' lang='lat' dir='ltr'><strong>signis,</strong></span> <span class='ocrx_word' id='word_1_620' title='bbox 3639 3904 3811 3965; x_wconf 89' lang='lat' dir='ltr'><strong>quan-</strong></span> 
     </span>
    </p>
   </div>
   <div class='ocr_carea' id='block_1_77' title="bbox 2222 3980 3257 4045">
    <p class='ocr_par' dir='ltr' id='par_1_77' title="bbox 2222 3980 3257 4045">
     <span class='ocr_line' id='line_1_78' title="bbox 2222 3980 3257 4045; baseline 0 -10"><span class='ocrx_word' id='word_1_621' title='bbox 2222 3987 2335 4035; x_wconf 89' lang='lat' dir='ltr'><strong>tum</strong></span> <span class='ocrx_word' id='word_1_622' title='bbox 2367 3981 2623 4037; x_wconf 90' lang='lat' dir='ltr'><strong>Dominus</strong></span> <span class='ocrx_word' id='word_1_623' title='bbox 2651 3980 2878 4045; x_wconf 87' lang='lat' dir='ltr'><strong>dederit,</strong></span> <span class='ocrx_word' id='word_1_624' title='bbox 2911 3980 3257 4037; x_wconf 88' lang='lat' dir='ltr'><strong>disseremus.</strong></span> 
     </span>
    </p>
   </div>
   <div class='ocr_carea' id='block_1_78' title="bbox 528 4067 3806 4109">
    <p class='ocr_par' dir='ltr' id='par_1_78' title="bbox 528 4067 3806 4109">
     <span class='ocr_line' id='line_1_79' title="bbox 528 4067 3806 4109; baseline 0.004 -28"><span class='ocrx_word' id='word_1_625' title='bbox 528 4067 3806 4109; x_wconf 45' lang='lat' dir='ltr'>ww</span> 
     </span>
    </p>
   </div>
   <div class='ocr_carea' id='block_1_79' title="bbox 1467 4132 2879 4258">
    <p class='ocr_par' dir='ltr' id='par_1_79' title="bbox 1467 4132 2879 4258">
     <span class='ocr_line' id='line_1_80' title="bbox 1467 4132 2879 4258; baseline 0.013 -20"><span class='ocrx_word' id='word_1_626' title='bbox 1467 4132 1955 4244; x_wconf 86' lang='lat' dir='ltr'><strong>LIBER</strong></span> <span class='ocrx_word' id='word_1_627' title='bbox 2031 4144 2879 4258; x_wconf 76' lang='lat' dir='ltr'><strong>SECUNDUS.</strong></span> 
     </span>
    </p>
   </div>
   <div class='ocr_carea' id='block_1_80' title="bbox 589 4286 3816 4386">
    <p class='ocr_par' dir='ltr' id='par_1_80' title="bbox 589 4286 3816 4386">
     <span class='ocr_line' id='line_1_81' title="bbox 589 4286 3816 4386; baseline 0 0"><span class='ocrx_word' id='word_1_628' title='bbox 2892 4310 3039 4386; x_wconf 52' lang='lat' dir='ltr'><strong>tam</strong></span> <span class='ocrx_word' id='word_1_629' title='bbox 3055 4322 3584 4386; x_wconf 59' lang='grc' dir='ltr'><strong>εεςηείιιιεφβεω-</strong></span> <span class='ocrx_word' id='word_1_630' title='bbox 3600 4311 3816 4386; x_wconf 66' lang='grc' dir='ltr'><strong>ρει-ω</strong></span> 
     </span>
    </p>
   </div>
   <div class='ocr_carea' id='block_1_81' title="bbox 527 4350 3814 4442">
    <p class='ocr_par' dir='ltr' id='par_1_81' title="bbox 527 4350 3814 4442">
     <span class='ocr_line' id='line_1_82' title="bbox 527 4350 3814 4442; baseline 0 0"><span class='ocrx_word' id='word_1_631' title='bbox 1459 4350 3038 4442; x_wconf 26' lang='lat' dir='ltr'><strong>“5.222199%,.ﬁf‘ﬁ&#39;ﬁuﬁmﬁipﬁﬁnﬁﬁ</strong></span> <span class='ocrx_word' id='word_1_632' title='bbox 3055 4350 3814 4442; x_wconf 44' lang='lat' dir='ltr'><strong>ﬁnemﬁnem</strong></span> 
     </span>
    </p>
   </div>
   <div class='ocr_carea' id='block_1_82' title="bbox 528 4410 2305 4490">
    <p class='ocr_par' dir='ltr' id='par_1_82' title="bbox 528 4410 2305 4490">
     <span class='ocr_line' id='line_1_83' title="bbox 528 4410 2305 4490; baseline -0.001 0"><span class='ocrx_word' id='word_1_633' title='bbox 528 4410 1209 4490; x_wconf 48' lang='grc' dir='ltr'><strong>ἔξιὲοξιξέίὲἓένὲἓὲἓέείι</strong></span> <span class='ocrx_word' id='word_1_634' title='bbox 1246 4410 1448 4490; x_wconf 51' lang='lat' dir='ltr'><strong>quiﬁt!&quot;</strong></span> <span class='ocrx_word' id='word_1_635' title='bbox 1485 4410 1785 4490; x_wconf 58' lang='lat' dir='ltr'><strong>999.88!me</strong></span> <span class='ocrx_word' id='word_1_636' title='bbox 1824 4410 2305 4490; x_wconf 48' lang='lat' dir='ltr'><strong>inﬁnitas;</strong></span> 
     </span>
    </p>
   </div>
   <div class='ocr_carea' id='block_1_83' title="bbox 2416 4432 3813 4494">
    <p class='ocr_par' dir='ltr' id='par_1_83' title="bbox 2416 4432 3813 4494">
     <span class='ocr_line' id='line_1_84' title="bbox 2416 4432 3813 4494; baseline 0.006 -15"><span class='ocrx_word' id='word_1_637' title='bbox 2416 4443 2631 4480; x_wconf 59' lang='lat' dir='ltr'><strong>agnamve</strong></span> <span class='ocrx_word' id='word_1_638' title='bbox 2669 4432 2934 4494; x_wconf 75' lang='lat' dir='ltr'><strong>disciplina:</strong></span> <span class='ocrx_word' id='word_1_639' title='bbox 2969 4446 3025 4483; x_wconf 88' lang='lat' dir='ltr'><strong>ac</strong></span> <span class='ocrx_word' id='word_1_640' title='bbox 3052 4432 3269 4483; x_wconf 75' lang='lat' dir='ltr'><strong>scientiae</strong></span> <span class='ocrx_word' id='word_1_641' title='bbox 3308 4435 3557 4485; x_wconf 77' lang='lat' dir='ltr'><strong>conferant</strong></span> <span class='ocrx_word' id='word_1_642' title='bbox 3588 4436 3647 4486; x_wconf 85' lang='lat' dir='ltr'><strong>ad</strong></span> <span class='ocrx_word' id='word_1_643' title='bbox 3683 4435 3813 4487; x_wconf 78' lang='lat' dir='ltr'><strong>illam</strong></span> 
     </span>
    </p>
   </div>
   <div class='ocr_carea' id='block_1_84' title="bbox 526 4444 3814 4597">
    <p class='ocr_par' dir='ltr' id='par_1_84' title="bbox 526 4444 3814 4597">
     <span class='ocr_line' id='line_1_85' title="bbox 528 4444 3813 4494; baseline 0.009 -36"><span class='ocrx_word' id='word_1_644' title='bbox 528 4444 734 4483; x_wconf 52' lang='grc' dir='ltr'><strong>νειιιυιιυ,</strong></span> <span class='ocrx_word' id='word_1_645' title='bbox 758 4444 1010 4484; x_wconf 54' lang='grc' dir='ltr'><strong>υγωαιωῠ</strong></span> <span class='ocrx_word' id='word_1_646' title='bbox 1047 4444 1209 4478; x_wconf 54' lang='lat' dir='ltr'><strong>lives“</strong></span> <span class='ocrx_word' id='word_1_647' title='bbox 1246 4444 1448 4478; x_wconf 67' lang='lat' dir='ltr'><strong>quaiqu</strong></span> <span class='ocrx_word' id='word_1_648' title='bbox 1485 4444 1785 4490; x_wconf 52' lang='grc' dir='ltr'><strong>γυιιῩδιιιιιιιιΙ</strong></span> <span class='ocrx_word' id='word_1_649' title='bbox 1824 4444 2096 4487; x_wconf 75' lang='lat' dir='ltr'><strong>linguarum</strong></span> <span class='ocrx_word' id='word_1_650' title='bbox 2132 4444 2323 4490; x_wconf 76' lang='lat' dir='ltr'><strong>perula,</strong></span> <span class='ocrx_word' id='word_1_651' title='bbox 2380 4444 2631 4480; x_wconf 63' lang='lat' dir='ltr'><strong>timeamve</strong></span> <span class='ocrx_word' id='word_1_652' title='bbox 2669 4444 2934 4494; x_wconf 61' lang='grc' dir='ltr'><strong>αιδοηὶιὶιηῐξ</strong></span> <span class='ocrx_word' id='word_1_653' title='bbox 2969 4446 3025 4483; x_wconf 68' lang='grc' dir='ltr'><strong>π</strong></span> <span class='ocrx_word' id='word_1_654' title='bbox 3052 4444 3269 4483; x_wconf 67' lang='grc' dir='ltr'><strong>εειθῐιῐιὲἓ</strong></span> <span class='ocrx_word' id='word_1_655' title='bbox 3308 4444 3557 4485; x_wconf 68' lang='lat' dir='ltr'><strong>conferant</strong></span> <span class='ocrx_word' id='word_1_656' title='bbox 3588 4444 3647 4486; x_wconf 62' lang='grc' dir='ltr'><em>ω</em></span> <span class='ocrx_word' id='word_1_657' title='bbox 3683 4444 3813 4487; x_wconf 64' lang='lat' dir='ltr'><strong>illam</strong></span> 
     </span>
     <span class='ocr_line' id='line_1_86' title="bbox 527 4445 3814 4559; baseline 0.008 -38"><span class='ocrx_word' id='word_1_658' title='bbox 527 4484 779 4546; x_wconf 60' lang='lat' dir='ltr'><strong>signorum</strong></span> <span class='ocrx_word' id='word_1_659' title='bbox 798 4475 1113 4537; x_wconf 68' lang='lat' dir='ltr'><strong>ignotum</strong></span> <span class='ocrx_word' id='word_1_660' title='bbox 1129 4477 1492 4550; x_wconf 72' lang='lat' dir='ltr'><strong>removendam.</strong></span> <span class='ocrx_word' id='word_1_661' title='bbox 1520 4480 1737 4553; x_wconf 63' lang='lat' dir='ltr'><strong>ubrdata</strong></span> <span class='ocrx_word' id='word_1_662' title='bbox 1748 4486 1999 4536; x_wconf 87' lang='lat' dir='ltr'><strong>occasione</strong></span> <span class='ocrx_word' id='word_1_663' title='bbox 2020 4488 2084 4536; x_wconf 84' lang='lat' dir='ltr'><strong>de</strong></span> <span class='ocrx_word' id='word_1_664' title='bbox 2106 4445 2420 4551; x_wconf 67' lang='lat' dir='ltr'><strong>repudiandis</strong></span> <span class='ocrx_word' id='word_1_665' title='bbox 2439 4494 2786 4554; x_wconf 79' lang='lat' dir='ltr'><strong>superstitiosis</strong></span> <span class='ocrx_word' id='word_1_666' title='bbox 2806 4496 2992 4544; x_wconf 66' lang='lat' dir='ltr'><strong>multis</strong></span> <span class='ocrx_word' id='word_1_667' title='bbox 3014 4502 3068 4544; x_wconf 91' lang='lat' dir='ltr'><strong>et</strong></span> <span class='ocrx_word' id='word_1_668' title='bbox 3086 4496 3323 4547; x_wconf 79' lang='lat' dir='ltr'><strong>doctrinis</strong></span> <span class='ocrx_word' id='word_1_669' title='bbox 3336 4498 3557 4556; x_wconf 67' lang='lat' dir='ltr'><strong>strictim,</strong></span> <span class='ocrx_word' id='word_1_670' title='bbox 3578 4498 3668 4547; x_wconf 79' lang='lat' dir='ltr'><strong>sed</strong></span> <span class='ocrx_word' id='word_1_671' title='bbox 3701 4510 3814 4559; x_wconf 85' lang='lat' dir='ltr'><strong>pro-</strong></span> 
     </span>
     <span class='ocr_line' id='line_1_87' title="bbox 526 4534 3807 4597; baseline 0 0"><span class='ocrx_word' id='word_1_672' title='bbox 526 4534 661 4597; x_wconf 73' lang='grc' dir='ltr'><strong>ιωάβ</strong></span> <span class='ocrx_word' id='word_1_673' title='bbox 680 4535 913 4597; x_wconf 55' lang='grc' dir='ltr'><strong>ἀιδρωα</strong></span> <span class='ocrx_word' id='word_1_674' title='bbox 1374 4546 2031 4597; x_wconf 58' lang='lat' dir='ltr'><strong>etiamnum</strong></span> <span class='ocrx_word' id='word_1_675' title='bbox 2050 4552 2096 4597; x_wconf 84' lang='lat' dir='ltr'><strong>is</strong></span> <span class='ocrx_word' id='word_1_676' title='bbox 2130 4562 2243 4597; x_wconf 62' lang='lat' dir='ltr'><strong>eme</strong></span> <span class='ocrx_word' id='word_1_677' title='bbox 2273 4552 2472 4597; x_wconf 77' lang='lat' dir='ltr'><strong>debeat.</strong></span> <span class='ocrx_word' id='word_1_678' title='bbox 2505 4555 2589 4597; x_wconf 84' lang='lat' dir='ltr'><strong>aui</strong></span> <span class='ocrx_word' id='word_1_679' title='bbox 2624 4568 2819 4597; x_wconf 74' lang='lat' dir='ltr'><strong>mim‘am</strong></span> <span class='ocrx_word' id='word_1_680' title='bbox 2849 4557 3008 4597; x_wconf 74' lang='lat' dir='ltr'><strong>smdin</strong></span> <span class='ocrx_word' id='word_1_681' title='bbox 3042 4559 3389 4597; x_wconf 69' lang='lat' dir='ltr'><strong>Sm&#39;intnrnrum</strong></span> <span class='ocrx_word' id='word_1_682' title='bbox 3430 4565 3690 4597; x_wconf 67' lang='lat' dir='ltr'><strong>narraturum</strong></span> <span class='ocrx_word' id='word_1_683' title='bbox 3727 4561 3807 4597; x_wconf 66' lang='lat' dir='ltr'><strong>xiL</strong></span> 
     </span>
    </p>
   </div>
   <div class='ocr_carea' id='block_1_85' title="bbox 900 4536 3811 4621">
    <p class='ocr_par' dir='ltr' id='par_1_85' title="bbox 900 4536 3811 4621">
     <span class='ocr_line' id='line_1_88' title="bbox 900 4536 3811 4621; baseline -0.001 0"><span class='ocrx_word' id='word_1_684' title='bbox 900 4536 1528 4621; x_wconf 51' lang='lat' dir='ltr'><strong>;.9&amp;“.Mm‘§£‘iﬁ</strong></span> <span class='ocrx_word' id='word_1_685' title='bbox 1540 4544 1709 4594; x_wconf 65' lang='grc' dir='ltr'><strong>θυίων)</strong></span> <span class='ocrx_word' id='word_1_686' title='bbox 1724 4553 2031 4609; x_wconf 54' lang='grc' dir='ltr'><strong>σοι-μω</strong></span> <span class='ocrx_word' id='word_1_687' title='bbox 2050 4552 2096 4600; x_wconf 66' lang='lat' dir='ltr'><strong>is</strong></span> <span class='ocrx_word' id='word_1_688' title='bbox 2107 4536 3690 4621; x_wconf 26' lang='lat' dir='ltr'><strong>&#39;éﬁiéﬁaiwﬁu‘Bfﬁm—Eﬂ&#39;écnﬁdﬁ&#39;ﬂﬁs</strong></span> <span class='ocrx_word' id='word_1_689' title='bbox 3701 4536 3811 4620; x_wconf 62' lang='lat' dir='ltr'><strong>&quot;si</strong></span> 
     </span>
    </p>
   </div>
   <div class='ocr_carea' id='block_1_86' title="bbox 1979 4671 2350 4728">
    <p class='ocr_par' dir='ltr' id='par_1_86' title="bbox 1979 4671 2350 4728">
     <span class='ocr_line' id='line_1_89' title="bbox 1979 4671 2350 4728; baseline 0.011 -3"><span class='ocrx_word' id='word_1_690' title='bbox 1979 4671 2350 4728; x_wconf 47' lang='grc' dir='ltr'><strong>(ΚΒΜ</strong></span> 
     </span>
    </p>
   </div>
   <div class='ocr_carea' id='block_1_87' title="bbox 528 4595 1548 4651">
    <p class='ocr_par' dir='ltr' id='par_1_87' title="bbox 528 4595 1548 4651">
     <span class='ocr_line' id='line_1_90' title="bbox 528 4595 1548 4651; baseline 0.005 -5"><span class='ocrx_word' id='word_1_691' title='bbox 528 4595 743 4647; x_wconf 79' lang='lat' dir='ltr'><strong>declarat</strong></span> <span class='ocrx_word' id='word_1_692' title='bbox 759 4595 857 4647; x_wconf 76' lang='lat' dir='ltr'><strong>sub</strong></span> <span class='ocrx_word' id='word_1_693' title='bbox 878 4597 1070 4647; x_wconf 88' lang='lat' dir='ltr'><strong>initium</strong></span> <span class='ocrx_word' id='word_1_694' title='bbox 1094 4605 1148 4650; x_wconf 89' lang='lat' dir='ltr'><strong>et</strong></span> <span class='ocrx_word' id='word_1_695' title='bbox 1170 4596 1230 4649; x_wconf 87' lang='lat' dir='ltr'><strong>ad</strong></span> <span class='ocrx_word' id='word_1_696' title='bbox 1250 4596 1398 4650; x_wconf 78' lang='lat' dir='ltr'><strong>ﬁnem</strong></span> <span class='ocrx_word' id='word_1_697' title='bbox 1421 4601 1548 4651; x_wconf 86' lang='lat' dir='ltr'><strong>libri.</strong></span> 
     </span>
    </p>
   </div>
   <div class='ocr_carea' id='block_1_88' title="bbox 612 4737 2023 4821">
    <p class='ocr_par' dir='ltr' id='par_1_88' title="bbox 612 4737 2023 4821">
     <span class='ocr_line' id='line_1_91' title="bbox 612 4737 2023 4821; baseline 0.009 -27"><span class='ocrx_word' id='word_1_698' title='bbox 612 4737 842 4795; x_wconf 58' lang='lat' dir='ltr'><strong>carus</strong></span> <span class='ocrx_word' id='word_1_699' title='bbox 878 4739 1161 4797; x_wconf 69' lang='lat' dir='ltr'><strong>sumen.</strong></span> <span class='ocrx_word' id='word_1_700' title='bbox 1183 4740 1488 4813; x_wconf 43' lang='lat' dir='ltr'><strong>n.sz</strong></span> <span class='ocrx_word' id='word_1_701' title='bbox 1515 4746 1638 4815; x_wconf 78' lang='lat' dir='ltr'><strong>quid</strong></span> <span class='ocrx_word' id='word_1_702' title='bbox 1664 4755 1713 4802; x_wconf 77' lang='lat' dir='ltr'><strong>et</strong></span> <span class='ocrx_word' id='word_1_703' title='bbox 1733 4752 2023 4821; x_wconf 68' lang='grc' dir='ltr'><strong>ηαοταριεω.</strong></span> 
     </span>
    </p>
   </div>
   <div class='ocr_carea' id='block_1_89' title="bbox 600 4831 2115 4908">
    <p class='ocr_par' dir='ltr' id='par_1_89' title="bbox 600 4831 2115 4908">
     <span class='ocr_line' id='line_1_92' title="bbox 600 4831 2115 4908; baseline 0.008 -22"><span class='ocrx_word' id='word_1_704' title='bbox 600 4831 654 4886; x_wconf 67' lang='grc' dir='ltr'><strong>ι.</strong></span> <span class='ocrx_word' id='word_1_705' title='bbox 678 4831 942 4899; x_wconf 71' lang='lat' dir='ltr'><strong>Quoniam</strong></span> <span class='ocrx_word' id='word_1_706' title='bbox 959 4833 1027 4888; x_wconf 89' lang='lat' dir='ltr'><strong>de</strong></span> <span class='ocrx_word' id='word_1_707' title='bbox 1046 4833 1209 4888; x_wconf 84' lang='lat' dir='ltr'><strong>rebus</strong></span> <span class='ocrx_word' id='word_1_708' title='bbox 1224 4848 1345 4889; x_wconf 79' lang='lat' dir='ltr'><strong>eum</strong></span> <span class='ocrx_word' id='word_1_709' title='bbox 1372 4836 1686 4902; x_wconf 80' lang='lat' dir='ltr'><strong>scriberem,</strong></span> <span class='ocrx_word' id='word_1_710' title='bbox 1708 4841 1938 4908; x_wconf 63' lang='lat' dir='ltr'><strong>praemisi</strong></span> <span class='ocrx_word' id='word_1_711' title='bbox 1959 4856 2115 4898; x_wconf 90' lang='lat' dir='ltr'><strong>com-</strong></span> 
     </span>
    </p>
   </div>
   <div class='ocr_carea' id='block_1_90' title="bbox 528 4924 2115 5001">
    <p class='ocr_par' dir='ltr' id='par_1_90' title="bbox 528 4924 2115 5001">
     <span class='ocr_line' id='line_1_93' title="bbox 528 4924 2115 5001; baseline 0.009 -24"><span class='ocrx_word' id='word_1_712' title='bbox 528 4937 757 4979; x_wconf 76' lang='lat' dir='ltr'><strong>moneas</strong></span> <span class='ocrx_word' id='word_1_713' title='bbox 783 4939 852 4979; x_wconf 84' lang='lat' dir='ltr'><strong>ne</strong></span> <span class='ocrx_word' id='word_1_714' title='bbox 874 4925 995 4996; x_wconf 82' lang='lat' dir='ltr'><strong>quis</strong></span> <span class='ocrx_word' id='word_1_715' title='bbox 1019 4924 1077 4979; x_wconf 84' lang='lat' dir='ltr'><strong>in</strong></span> <span class='ocrx_word' id='word_1_716' title='bbox 1098 4926 1176 4981; x_wconf 85' lang='lat' dir='ltr'><strong>eis</strong></span> <span class='ocrx_word' id='word_1_717' title='bbox 1204 4926 1500 4982; x_wconf 70' lang='lat' dir='ltr'><strong>ostenderet</strong></span> <span class='ocrx_word' id='word_1_718' title='bbox 1530 4929 1632 4983; x_wconf 90' lang='lat' dir='ltr'><strong>nisi</strong></span> <span class='ocrx_word' id='word_1_719' title='bbox 1660 4931 1799 5000; x_wconf 86' lang='lat' dir='ltr'><strong>quod</strong></span> <span class='ocrx_word' id='word_1_720' title='bbox 1828 4946 1951 4988; x_wconf 82' lang='lat' dir='ltr'><strong>sunt</strong></span> <span class='ocrx_word' id='word_1_721' title='bbox 1969 4976 1985 5001; x_wconf 94' lang='lat'><strong>,</strong></span> <span class='ocrx_word' id='word_1_722' title='bbox 2007 4950 2115 4992; x_wconf 90' lang='lat' dir='ltr'><strong>non</strong></span> 
     </span>
    </p>
   </div>
   <div class='ocr_carea' id='block_1_91' title="bbox 529 5009 2117 5088">
    <p class='ocr_par' dir='ltr' id='par_1_91' title="bbox 529 5009 2117 5088">
     <span class='ocr_line' id='line_1_94' title="bbox 529 5009 2117 5088; baseline 0.008 -20"><span class='ocrx_word' id='word_1_723' title='bbox 529 5013 761 5069; x_wconf 79' lang='lat' dir='ltr'><strong>etiamsi</strong></span> <span class='ocrx_word' id='word_1_724' title='bbox 786 5014 915 5085; x_wconf 78' lang='lat' dir='ltr'><strong>quid</strong></span> <span class='ocrx_word' id='word_1_725' title='bbox 939 5014 1085 5070; x_wconf 83' lang='lat' dir='ltr'><strong>aliud</strong></span> <span class='ocrx_word' id='word_1_726' title='bbox 1114 5026 1309 5085; x_wconf 68' lang='lat' dir='ltr'><strong>printer</strong></span> <span class='ocrx_word' id='word_1_727' title='bbox 1329 5031 1390 5072; x_wconf 91' lang='lat' dir='ltr'><strong>se</strong></span> <span class='ocrx_word' id='word_1_728' title='bbox 1420 5017 1754 5088; x_wconf 68' lang='lat' dir='ltr'><strong>signiﬁcant;</strong></span> <span class='ocrx_word' id='word_1_729' title='bbox 1786 5009 2017 5079; x_wconf 82' lang='lat' dir='ltr'><strong>vicissim</strong></span> <span class='ocrx_word' id='word_1_730' title='bbox 2046 5024 2117 5083; x_wconf 90' lang='lat' dir='ltr'><strong>de</strong></span> 
     </span>
    </p>
   </div>
   <div class='ocr_carea' id='block_1_92' title="bbox 529 5103 2117 5189">
    <p class='ocr_par' dir='ltr' id='par_1_92' title="bbox 529 5103 2117 5189">
     <span class='ocr_line' id='line_1_95' title="bbox 529 5103 2117 5189; baseline 0.009 -30"><span class='ocrx_word' id='word_1_731' title='bbox 529 5103 696 5176; x_wconf 76' lang='lat' dir='ltr'><strong>signis</strong></span> <span class='ocrx_word' id='word_1_732' title='bbox 720 5104 991 5161; x_wconf 81' lang='lat' dir='ltr'><strong>disserens</strong></span> <span class='ocrx_word' id='word_1_733' title='bbox 1011 5106 1113 5163; x_wconf 82' lang='lat' dir='ltr'><strong>hoc</strong></span> <span class='ocrx_word' id='word_1_734' title='bbox 1138 5107 1279 5172; x_wconf 88' lang='lat' dir='ltr'><strong>dico,</strong></span> <span class='ocrx_word' id='word_1_735' title='bbox 1299 5123 1367 5164; x_wconf 81' lang='lat' dir='ltr'><strong>ne</strong></span> <span class='ocrx_word' id='word_1_736' title='bbox 1387 5110 1506 5179; x_wconf 81' lang='lat' dir='ltr'><strong>quis</strong></span> <span class='ocrx_word' id='word_1_737' title='bbox 1534 5111 1585 5165; x_wconf 91' lang='lat' dir='ltr'><strong>in</strong></span> <span class='ocrx_word' id='word_1_738' title='bbox 1616 5112 1693 5167; x_wconf 89' lang='lat' dir='ltr'><strong>eis</strong></span> <span class='ocrx_word' id='word_1_739' title='bbox 1718 5115 1959 5170; x_wconf 88' lang='lat' dir='ltr'><strong>attendat</strong></span> <span class='ocrx_word' id='word_1_740' title='bbox 1971 5117 2117 5189; x_wconf 82' lang='lat' dir='ltr'><strong>quod</strong></span> 
     </span>
    </p>
   </div>
   <div class='ocr_carea' id='block_1_93' title="bbox 530 5198 2117 5282">
    <p class='ocr_par' dir='ltr' id='par_1_93' title="bbox 530 5198 2117 5282">
     <span class='ocr_line' id='line_1_96' title="bbox 530 5198 2117 5282; baseline 0.01 -32"><span class='ocrx_word' id='word_1_741' title='bbox 530 5205 675 5263; x_wconf 78' lang='lat' dir='ltr'><strong>sunt,</strong></span> <span class='ocrx_word' id='word_1_742' title='bbox 700 5198 796 5254; x_wconf 83' lang='lat' dir='ltr'><strong>sed</strong></span> <span class='ocrx_word' id='word_1_743' title='bbox 824 5198 999 5269; x_wconf 78' lang='lat' dir='ltr'><strong>potius</strong></span> <span class='ocrx_word' id='word_1_744' title='bbox 1024 5200 1169 5268; x_wconf 86' lang='lat' dir='ltr'><strong>quod</strong></span> <span class='ocrx_word' id='word_1_745' title='bbox 1198 5200 1347 5270; x_wconf 81' lang='lat' dir='ltr'><strong>signa</strong></span> <span class='ocrx_word' id='word_1_746' title='bbox 1371 5209 1527 5270; x_wconf 89' lang='lat' dir='ltr'><strong>sunt,</strong></span> <span class='ocrx_word' id='word_1_747' title='bbox 1558 5203 1612 5258; x_wconf 86' lang='lat' dir='ltr'><strong>id</strong></span> <span class='ocrx_word' id='word_1_748' title='bbox 1636 5213 1748 5274; x_wconf 88' lang='lat' dir='ltr'><strong>est,</strong></span> <span class='ocrx_word' id='word_1_749' title='bbox 1779 5208 1919 5277; x_wconf 88' lang='lat' dir='ltr'><strong>quod</strong></span> <span class='ocrx_word' id='word_1_750' title='bbox 1945 5211 2117 5282; x_wconf 86' lang='lat' dir='ltr'><strong>signi-</strong></span> 
     </span>
    </p>
   </div>
   <div class='ocr_carea' id='block_1_94' title="bbox 531 5288 2116 5371">
    <p class='ocr_par' dir='ltr' id='par_1_94' title="bbox 531 5288 2116 5371">
     <span class='ocr_line' id='line_1_97' title="bbox 531 5288 2116 5371; baseline 0.008 -26"><span class='ocrx_word' id='word_1_751' title='bbox 531 5288 713 5346; x_wconf 80' lang='lat' dir='ltr'><strong>ﬁcant.</strong></span> <span class='ocrx_word' id='word_1_752' title='bbox 740 5288 960 5359; x_wconf 75' lang='lat' dir='ltr'><strong>Signum</strong></span> <span class='ocrx_word' id='word_1_753' title='bbox 995 5297 1079 5344; x_wconf 86' lang='lat' dir='ltr'><strong>est</strong></span> <span class='ocrx_word' id='word_1_754' title='bbox 1113 5290 1260 5345; x_wconf 70' lang='lat' dir='ltr'><strong>enim</strong></span> <span class='ocrx_word' id='word_1_755' title='bbox 1304 5305 1424 5360; x_wconf 89' lang='lat' dir='ltr'><strong>res,</strong></span> <span class='ocrx_word' id='word_1_756' title='bbox 1454 5302 1647 5363; x_wconf 71' lang='lat' dir='ltr'><strong>praeter</strong></span> <span class='ocrx_word' id='word_1_757' title='bbox 1685 5298 1916 5368; x_wconf 84' lang='lat' dir='ltr'><strong>speciem</strong></span> <span class='ocrx_word' id='word_1_758' title='bbox 1952 5315 2116 5371; x_wconf 87' lang='lat' dir='ltr'><strong>quam</strong></span> 
     </span>
    </p>
   </div>
   <div class='ocr_carea' id='block_1_95' title="bbox 531 5379 2117 5465">
    <p class='ocr_par' dir='ltr' id='par_1_95' title="bbox 531 5379 2117 5465">
     <span class='ocr_line' id='line_1_98' title="bbox 531 5379 2117 5465; baseline 0.009 -31"><span class='ocrx_word' id='word_1_759' title='bbox 531 5379 728 5453; x_wconf 79' lang='lat' dir='ltr'><strong>ingerit</strong></span> <span class='ocrx_word' id='word_1_760' title='bbox 744 5381 1009 5449; x_wconf 59' lang='lat' dir='ltr'><strong>eam</strong></span> <span class='ocrx_word' id='word_1_761' title='bbox 1038 5380 1179 5436; x_wconf 80' lang='lat' dir='ltr'><strong>aliud</strong></span> <span class='ocrx_word' id='word_1_762' title='bbox 1202 5383 1403 5454; x_wconf 72' lang='lat' dir='ltr'><strong>aliquid</strong></span> <span class='ocrx_word' id='word_1_763' title='bbox 1427 5402 1493 5441; x_wconf 82' lang='lat' dir='ltr'><strong>ex</strong></span> <span class='ocrx_word' id='word_1_764' title='bbox 1518 5401 1582 5443; x_wconf 90' lang='lat' dir='ltr'><strong>se</strong></span> <span class='ocrx_word' id='word_1_765' title='bbox 1611 5388 1810 5446; x_wconf 82' lang='lat' dir='ltr'><strong>faciens</strong></span> <span class='ocrx_word' id='word_1_766' title='bbox 1830 5392 1883 5446; x_wconf 87' lang='lat' dir='ltr'><strong>in</strong></span> <span class='ocrx_word' id='word_1_767' title='bbox 1913 5396 2117 5465; x_wconf 86' lang='lat' dir='ltr'><strong>cogita-</strong></span> 
     </span>
    </p>
   </div>
   <div class='ocr_carea' id='block_1_96' title="bbox 531 5472 2115 5548">
    <p class='ocr_par' dir='ltr' id='par_1_96' title="bbox 531 5472 2115 5548">
     <span class='ocr_line' id='line_1_99' title="bbox 531 5472 2115 5548; baseline 0.011 -22"><span class='ocrx_word' id='word_1_768' title='bbox 531 5472 735 5528; x_wconf 73' lang='lat' dir='ltr'><strong>tio-un</strong></span> <span class='ocrx_word' id='word_1_769' title='bbox 773 5472 959 5527; x_wconf 75' lang='lat' dir='ltr'><strong>venite</strong></span> <span class='ocrx_word' id='word_1_770' title='bbox 992 5488 1009 5525; x_wconf 74' lang='grc' dir='ltr'><em>ε</em></span> <span class='ocrx_word' id='word_1_771' title='bbox 1043 5472 1182 5530; x_wconf 76' lang='lat' dir='ltr'><strong>sicut</strong></span> <span class='ocrx_word' id='word_1_772' title='bbox 1222 5478 1447 5548; x_wconf 82' lang='lat' dir='ltr'><strong>vestigio</strong></span> <span class='ocrx_word' id='word_1_773' title='bbox 1469 5480 1604 5548; x_wconf 78' lang='lat' dir='ltr'><strong>vise,</strong></span> <span class='ocrx_word' id='word_1_774' title='bbox 1637 5484 1893 5541; x_wconf 84' lang='lat' dir='ltr'><strong>transisse</strong></span> <span class='ocrx_word' id='word_1_775' title='bbox 1918 5488 2115 5545; x_wconf 84' lang='lat' dir='ltr'><strong>animal</strong></span> 
     </span>
    </p>
   </div>
   <div class='ocr_carea' id='block_1_97' title="bbox 532 5564 2113 5651">
    <p class='ocr_par' dir='ltr' id='par_1_97' title="bbox 532 5564 2113 5651">
     <span class='ocr_line' id='line_1_100' title="bbox 532 5564 2113 5651; baseline 0.009 -31"><span class='ocrx_word' id='word_1_776' title='bbox 532 5566 686 5637; x_wconf 88' lang='lat' dir='ltr'><strong>cujus</strong></span> <span class='ocrx_word' id='word_1_777' title='bbox 710 5564 987 5635; x_wconf 86' lang='lat' dir='ltr'><strong>vestigium</strong></span> <span class='ocrx_word' id='word_1_778' title='bbox 1012 5575 1127 5634; x_wconf 88' lang='lat' dir='ltr'><strong>est,</strong></span> <span class='ocrx_word' id='word_1_779' title='bbox 1150 5568 1477 5639; x_wconf 87' lang='lat' dir='ltr'><strong>cogitamus;</strong></span> <span class='ocrx_word' id='word_1_780' title='bbox 1506 5581 1560 5626; x_wconf 88' lang='lat' dir='ltr'><strong>et</strong></span> <span class='ocrx_word' id='word_1_781' title='bbox 1588 5573 1734 5629; x_wconf 80' lang='lat' dir='ltr'><strong>fumo</strong></span> <span class='ocrx_word' id='word_1_782' title='bbox 1772 5578 1909 5645; x_wconf 89' lang='lat' dir='ltr'><strong>viso,</strong></span> <span class='ocrx_word' id='word_1_783' title='bbox 1940 5580 2113 5651; x_wconf 83' lang='lat' dir='ltr'><strong>ignem</strong></span> 
     </span>
    </p>
   </div>
   <div class='ocr_carea' id='block_1_98' title="bbox 530 5660 2117 5732">
    <p class='ocr_par' dir='ltr' id='par_1_98' title="bbox 530 5660 2117 5732">
     <span class='ocr_line' id='line_1_101' title="bbox 530 5660 2117 5732; baseline 0.01 -19"><span class='ocrx_word' id='word_1_784' title='bbox 530 5661 752 5716; x_wconf 85' lang='lat' dir='ltr'><strong>subesse</strong></span> <span class='ocrx_word' id='word_1_785' title='bbox 779 5660 1178 5729; x_wconf 87' lang='lat' dir='ltr'><strong>cognoscimus;</strong></span> <span class='ocrx_word' id='word_1_786' title='bbox 1207 5670 1263 5717; x_wconf 89' lang='lat' dir='ltr'><strong>et</strong></span> <span class='ocrx_word' id='word_1_787' title='bbox 1288 5679 1418 5720; x_wconf 84' lang='lat' dir='ltr'><strong>voce</strong></span> <span class='ocrx_word' id='word_1_788' title='bbox 1444 5665 1729 5723; x_wconf 87' lang='lat' dir='ltr'><strong>animantis</strong></span> <span class='ocrx_word' id='word_1_789' title='bbox 1753 5670 1967 5732; x_wconf 79' lang='lat' dir='ltr'><strong>audita.</strong></span> <span class='ocrx_word' id='word_1_790' title='bbox 1986 5671 2117 5728; x_wconf 68' lang='lat' dir='ltr'><strong>ale-</strong></span> 
     </span>
    </p>
   </div>
   <div class='ocr_carea' id='block_1_99' title="bbox 531 5752 2115 5835">
    <p class='ocr_par' dir='ltr' id='par_1_99' title="bbox 531 5752 2115 5835">
     <span class='ocr_line' id='line_1_102' title="bbox 531 5752 2115 5835; baseline 0.008 -27"><span class='ocrx_word' id='word_1_791' title='bbox 531 5752 767 5809; x_wconf 74' lang='lat' dir='ltr'><strong>ctisneus</strong></span> <span class='ocrx_word' id='word_1_792' title='bbox 782 5753 951 5808; x_wconf 76' lang='lat' dir='ltr'><strong>aninii</strong></span> <span class='ocrx_word' id='word_1_793' title='bbox 978 5754 1098 5825; x_wconf 81' lang='lat' dir='ltr'><strong>ejus</strong></span> <span class='ocrx_word' id='word_1_794' title='bbox 1131 5755 1481 5823; x_wconf 73' lang='lat' dir='ltr'><strong>advertimus;</strong></span> <span class='ocrx_word' id='word_1_795' title='bbox 1509 5768 1564 5815; x_wconf 84' lang='lat' dir='ltr'><strong>et</strong></span> <span class='ocrx_word' id='word_1_796' title='bbox 1586 5760 1709 5815; x_wconf 85' lang='lat' dir='ltr'><strong>tuba</strong></span> <span class='ocrx_word' id='word_1_797' title='bbox 1736 5776 1988 5835; x_wconf 82' lang='lat' dir='ltr'><strong>sonante,</strong></span> <span class='ocrx_word' id='word_1_798' title='bbox 2015 5768 2115 5823; x_wconf 89' lang='lat' dir='ltr'><strong>mi-</strong></span> 
     </span>
    </p>
   </div>
   <div class='ocr_carea' id='block_1_100' title="bbox 531 5843 2116 5929">
    <p class='ocr_par' dir='ltr' id='par_1_100' title="bbox 531 5843 2116 5929">
     <span class='ocr_line' id='line_1_103' title="bbox 531 5843 2116 5929; baseline 0.007 -23"><span class='ocrx_word' id='word_1_799' title='bbox 531 5843 653 5906; x_wconf 81' lang='lat' dir='ltr'><strong>lites</strong></span> <span class='ocrx_word' id='word_1_800' title='bbox 680 5846 766 5903; x_wconf 86' lang='lat' dir='ltr'><strong>vel</strong></span> <span class='ocrx_word' id='word_1_801' title='bbox 803 5847 1051 5921; x_wconf 83' lang='lat' dir='ltr'><strong>progredi</strong></span> <span class='ocrx_word' id='word_1_802' title='bbox 1073 5863 1133 5906; x_wconf 84' lang='lat' dir='ltr'><strong>se</strong></span> <span class='ocrx_word' id='word_1_803' title='bbox 1157 5848 1198 5921; x_wconf 79' lang='grc'><strong>⁸,</strong></span> <span class='ocrx_word' id='word_1_804' title='bbox 1228 5850 1315 5908; x_wconf 88' lang='lat' dir='ltr'><strong>vel</strong></span> <span class='ocrx_word' id='word_1_805' title='bbox 1358 5852 1598 5926; x_wconf 82' lang='lat' dir='ltr'><strong>regredi,</strong></span> <span class='ocrx_word' id='word_1_806' title='bbox 1637 5863 1692 5909; x_wconf 88' lang='lat' dir='ltr'><strong>et</strong></span> <span class='ocrx_word' id='word_1_807' title='bbox 1723 5854 1769 5910; x_wconf 89' lang='lat' dir='ltr'><strong>si</strong></span> <span class='ocrx_word' id='word_1_808' title='bbox 1806 5857 1935 5929; x_wconf 87' lang='lat' dir='ltr'><strong>quid</strong></span> <span class='ocrx_word' id='word_1_809' title='bbox 1971 5862 2116 5918; x_wconf 86' lang='lat' dir='ltr'><strong>aliud</strong></span> 
     </span>
    </p>
   </div>
   <div class='ocr_carea' id='block_1_101' title="bbox 2220 4758 3292 4832">
    <p class='ocr_par' dir='ltr' id='par_1_101' title="bbox 2220 4758 3292 4832">
     <span class='ocr_line' id='line_1_104' title="bbox 2220 4758 3292 4832; baseline 0.003 -21"><span class='ocrx_word' id='word_1_810' title='bbox 2220 4770 2398 4827; x_wconf 75' lang='lat' dir='ltr'><strong>pugna</strong></span> <span class='ocrx_word' id='word_1_811' title='bbox 2426 4758 2693 4827; x_wconf 77' lang='lat' dir='ltr'><strong>postulat,</strong></span> <span class='ocrx_word' id='word_1_812' title='bbox 2721 4768 2976 4832; x_wconf 82' lang='lat' dir='ltr'><strong>oportere</strong></span> <span class='ocrx_word' id='word_1_813' title='bbox 3004 4771 3292 4817; x_wconf 73' lang='lat' dir='ltr'><strong>nouerunt.</strong></span> 
     </span>
    </p>
   </div>
   <div class='ocr_carea' id='block_1_102' title="bbox 2288 4846 3809 4921">
    <p class='ocr_par' dir='ltr' id='par_1_102' title="bbox 2288 4846 3809 4921">
     <span class='ocr_line' id='line_1_105' title="bbox 2288 4846 3809 4921; baseline 0.007 -21"><span class='ocrx_word' id='word_1_814' title='bbox 2288 4846 2343 4900; x_wconf 77' lang='lat'><strong>2.</strong></span> <span class='ocrx_word' id='word_1_815' title='bbox 2385 4846 2673 4918; x_wconf 80' lang='lat' dir='ltr'><strong>Signorum</strong></span> <span class='ocrx_word' id='word_1_816' title='bbox 2709 4850 2873 4921; x_wconf 76' lang='lat' dir='ltr'><strong>igitur</strong></span> <span class='ocrx_word' id='word_1_817' title='bbox 2903 4852 3008 4908; x_wconf 84' lang='lat' dir='ltr'><strong>alia</strong></span> <span class='ocrx_word' id='word_1_818' title='bbox 3045 4862 3173 4908; x_wconf 89' lang='lat' dir='ltr'><strong>sunt</strong></span> <span class='ocrx_word' id='word_1_819' title='bbox 3206 4851 3504 4921; x_wconf 77' lang='lat' dir='ltr'><strong>naturalia,</strong></span> <span class='ocrx_word' id='word_1_820' title='bbox 3534 4853 3638 4910; x_wconf 77' lang='lat' dir='ltr'><strong>alia</strong></span> <span class='ocrx_word' id='word_1_821' title='bbox 3664 4853 3809 4910; x_wconf 75' lang='lat' dir='ltr'><strong>dats.</strong></span> 
     </span>
    </p>
   </div>
   <div class='ocr_carea' id='block_1_103' title="bbox 2217 4937 3809 5015">
    <p class='ocr_par' dir='ltr' id='par_1_103' title="bbox 2217 4937 3809 5015">
     <span class='ocr_line' id='line_1_106' title="bbox 2217 4937 3809 5015; baseline 0.007 -22"><span class='ocrx_word' id='word_1_822' title='bbox 2217 4937 2487 4994; x_wconf 82' lang='lat' dir='ltr'><strong>Naturalia</strong></span> <span class='ocrx_word' id='word_1_823' title='bbox 2512 4952 2667 5009; x_wconf 88' lang='lat' dir='ltr'><strong>sunt,</strong></span> <span class='ocrx_word' id='word_1_824' title='bbox 2688 4958 2807 5012; x_wconf 69' lang='lat' dir='ltr'><strong>qua:</strong></span> <span class='ocrx_word' id='word_1_825' title='bbox 2829 4944 2947 4999; x_wconf 87' lang='lat' dir='ltr'><strong>sine</strong></span> <span class='ocrx_word' id='word_1_826' title='bbox 2966 4944 3233 4999; x_wconf 76' lang='lat' dir='ltr'><strong>voluntate</strong></span> <span class='ocrx_word' id='word_1_827' title='bbox 3251 4953 3412 5015; x_wconf 75' lang='lat' dir='ltr'><strong>atque</strong></span> <span class='ocrx_word' id='word_1_828' title='bbox 3437 4944 3545 5000; x_wconf 85' lang='lat' dir='ltr'><strong>ullo</strong></span> <span class='ocrx_word' id='word_1_829' title='bbox 3572 4947 3809 5015; x_wconf 56' lang='lat' dir='ltr'><strong>apponte</strong></span> 
     </span>
    </p>
   </div>
   <div class='ocr_carea' id='block_1_104' title="bbox 2219 5030 3917 5106">
    <p class='ocr_par' dir='ltr' id='par_1_104' title="bbox 2219 5030 3917 5106">
     <span class='ocr_line' id='line_1_107' title="bbox 2219 5030 3917 5106; baseline 0.013 -23"><span class='ocrx_word' id='word_1_830' title='bbox 2219 5030 2581 5101; x_wconf 74' lang='lat' dir='ltr'><strong>signiﬁcandi,</strong></span> <span class='ocrx_word' id='word_1_831' title='bbox 2611 5044 2809 5102; x_wconf 65' lang='lat' dir='ltr'><strong>praeter</strong></span> <span class='ocrx_word' id='word_1_832' title='bbox 2841 5049 2903 5090; x_wconf 84' lang='lat' dir='ltr'><strong>se</strong></span> <span class='ocrx_word' id='word_1_833' title='bbox 2937 5034 3137 5105; x_wconf 71' lang='lat' dir='ltr'><strong>aiiqtn&#39;d</strong></span> <span class='ocrx_word' id='word_1_834' title='bbox 3176 5035 3317 5089; x_wconf 63' lang='lat' dir='ltr'><strong>aliud</strong></span> <span class='ocrx_word' id='word_1_835' title='bbox 3357 5051 3424 5090; x_wconf 70' lang='lat' dir='ltr'><strong>ex</strong></span> <span class='ocrx_word' id='word_1_836' title='bbox 3463 5050 3523 5091; x_wconf 67' lang='lat' dir='ltr'><strong>De</strong></span> <span class='ocrx_word' id='word_1_837' title='bbox 3912 5079 3917 5083; x_wconf 79' lang='lat'><strong><em>~</em></strong></span> 
     </span>
    </p>
   </div>
   <div class='ocr_carea' id='block_1_105' title="bbox 2217 5105 3839 5277">
    <p class='ocr_par' dir='ltr' id='par_1_105' title="bbox 2217 5105 3839 5277">
     <span class='ocr_line' id='line_1_108' title="bbox 2217 5105 3839 5277; baseline 0.006 -103"><span class='ocrx_word' id='word_1_838' title='bbox 2217 5117 2434 5185; x_wconf 81' lang='lat' dir='ltr'><strong>faciunt,</strong></span> <span class='ocrx_word' id='word_1_839' title='bbox 2465 5122 2619 5177; x_wconf 70' lang='lat' dir='ltr'><strong>sicuti</strong></span> <span class='ocrx_word' id='word_1_840' title='bbox 2645 5132 2728 5181; x_wconf 76' lang='lat' dir='ltr'><strong>est</strong></span> <span class='ocrx_word' id='word_1_841' title='bbox 2760 5125 2938 5180; x_wconf 68' lang='lat' dir='ltr'><strong>manus</strong></span> <span class='ocrx_word' id='word_1_842' title='bbox 2959 5123 3267 5195; x_wconf 72' lang='lat' dir='ltr'><strong>signiﬁcans</strong></span> <span class='ocrx_word' id='word_1_843' title='bbox 3298 5125 3493 5195; x_wconf 74' lang='lat' dir='ltr'><strong>ignem.</strong></span> <span class='ocrx_word' id='word_1_844' title='bbox 3520 5105 3642 5183; x_wconf 66' lang='lat' dir='ltr'><strong>ni...</strong></span> <span class='ocrx_word' id='word_1_845' title='bbox 3662 5105 3839 5277; x_wconf 68' lang='grc' dir='ltr'><strong>θηειηὶ</strong></span> 
     </span>
     <span class='ocr_line' id='line_1_109' title="bbox 2219 5213 3809 5277; baseline 0.006 -10"><span class='ocrx_word' id='word_1_846' title='bbox 2219 5213 2413 5270; x_wconf 79' lang='lat' dir='ltr'><strong>volens</strong></span> <span class='ocrx_word' id='word_1_847' title='bbox 2424 5214 2725 5277; x_wconf 69' lang='lat' dir='ltr'><strong>signiﬁcare</strong></span> <span class='ocrx_word' id='word_1_848' title='bbox 2740 5216 2791 5271; x_wconf 77' lang='lat' dir='ltr'><strong>id</strong></span> <span class='ocrx_word' id='word_1_849' title='bbox 2812 5218 2953 5277; x_wconf 76' lang='lat' dir='ltr'><strong>facit.</strong></span> <span class='ocrx_word' id='word_1_850' title='bbox 2972 5216 3069 5272; x_wconf 84' lang='lat' dir='ltr'><strong>sed</strong></span> <span class='ocrx_word' id='word_1_851' title='bbox 3088 5231 3269 5272; x_wconf 80' lang='lat' dir='ltr'><strong>rerum</strong></span> <span class='ocrx_word' id='word_1_852' title='bbox 3281 5227 3620 5277; x_wconf 78' lang='lat' dir='ltr'><strong>exnertsrum</strong></span> <span class='ocrx_word' id='word_1_853' title='bbox 3636 5220 3809 5275; x_wconf 59' lang='lat' dir='ltr'><strong>anim»</strong></span> 
     </span>
    </p>
   </div>
   <div class='ocr_carea' id='block_1_106' title="bbox 2219 5213 3809 5287">
    <p class='ocr_par' dir='ltr' id='par_1_106' title="bbox 2219 5213 3809 5287">
     <span class='ocr_line' id='line_1_110' title="bbox 2219 5213 3809 5287; baseline 0.006 -20"><span class='ocrx_word' id='word_1_854' title='bbox 2219 5213 2413 5270; x_wconf 79' lang='lat' dir='ltr'><strong>volens</strong></span> <span class='ocrx_word' id='word_1_855' title='bbox 2424 5214 2725 5285; x_wconf 69' lang='lat' dir='ltr'><strong>signiﬁcare</strong></span> <span class='ocrx_word' id='word_1_856' title='bbox 2740 5216 2791 5271; x_wconf 79' lang='lat' dir='ltr'><strong>id</strong></span> <span class='ocrx_word' id='word_1_857' title='bbox 2812 5218 2953 5285; x_wconf 75' lang='lat' dir='ltr'><strong>facit,</strong></span> <span class='ocrx_word' id='word_1_858' title='bbox 2972 5216 3069 5272; x_wconf 84' lang='lat' dir='ltr'><strong>sed</strong></span> <span class='ocrx_word' id='word_1_859' title='bbox 3088 5231 3269 5272; x_wconf 79' lang='lat' dir='ltr'><strong>rerum</strong></span> <span class='ocrx_word' id='word_1_860' title='bbox 3281 5227 3620 5287; x_wconf 77' lang='lat' dir='ltr'><strong>expertarum</strong></span> <span class='ocrx_word' id='word_1_861' title='bbox 3636 5220 3809 5275; x_wconf 59' lang='lat' dir='ltr'><strong>anim»</strong></span> 
     </span>
    </p>
   </div>
   <div class='ocr_carea' id='block_1_107' title="bbox 2217 5305 3805 5381">
    <p class='ocr_par' dir='ltr' id='par_1_107' title="bbox 2217 5305 3805 5381">
     <span class='ocr_line' id='line_1_111' title="bbox 2217 5305 3805 5381; baseline 0.001 -15"><span class='ocrx_word' id='word_1_862' title='bbox 2217 5305 2535 5366; x_wconf 64' lang='lat' dir='ltr'><strong>adversiune</strong></span> <span class='ocrx_word' id='word_1_863' title='bbox 2568 5318 2625 5363; x_wconf 84' lang='lat' dir='ltr'><strong>et</strong></span> <span class='ocrx_word' id='word_1_864' title='bbox 2663 5311 2937 5366; x_wconf 70' lang='lat' dir='ltr'><strong>mutinae</strong></span> <span class='ocrx_word' id='word_1_865' title='bbox 2970 5309 3313 5380; x_wconf 75' lang='lat' dir='ltr'><strong>cognoscitur</strong></span> <span class='ocrx_word' id='word_1_866' title='bbox 3354 5310 3529 5381; x_wconf 85' lang='lat' dir='ltr'><strong>ignem</strong></span> <span class='ocrx_word' id='word_1_867' title='bbox 3564 5311 3805 5377; x_wconf 79' lang='lat' dir='ltr'><strong>subesse.</strong></span> 
     </span>
    </p>
   </div>
   <div class='ocr_carea' id='block_1_108' title="bbox 2218 5399 3808 5475">
    <p class='ocr_par' dir='ltr' id='par_1_108' title="bbox 2218 5399 3808 5475">
     <span class='ocr_line' id='line_1_112' title="bbox 2218 5399 3808 5475; baseline 0.001 -20"><span class='ocrx_word' id='word_1_868' title='bbox 2218 5400 2383 5457; x_wconf 84' lang='lat' dir='ltr'><strong>etiam</strong></span> <span class='ocrx_word' id='word_1_869' title='bbox 2404 5400 2451 5454; x_wconf 85' lang='lat' dir='ltr'><strong>si</strong></span> <span class='ocrx_word' id='word_1_870' title='bbox 2474 5399 2811 5457; x_wconf 66' lang='lat' dir='ltr'><strong>inmussulus</strong></span> <span class='ocrx_word' id='word_1_871' title='bbox 2831 5411 3100 5471; x_wconf 69' lang='lat' dir='ltr'><strong>appareat.</strong></span> <span class='ocrx_word' id='word_1_872' title='bbox 3120 5400 3229 5458; x_wconf 82' lang='lat' dir='ltr'><strong>Sed</strong></span> <span class='ocrx_word' id='word_1_873' title='bbox 3251 5412 3307 5458; x_wconf 89' lang='lat' dir='ltr'><strong>et</strong></span> <span class='ocrx_word' id='word_1_874' title='bbox 3328 5404 3605 5475; x_wconf 71' lang='lat' dir='ltr'><strong>vestigium</strong></span> <span class='ocrx_word' id='word_1_875' title='bbox 3635 5412 3808 5458; x_wconf 64' lang='lat' dir='ltr'><strong>trane-</strong></span> 
     </span>
    </p>
   </div>
   <div class='ocr_carea' id='block_1_109' title="bbox 2219 5493 3807 5567">
    <p class='ocr_par' dir='ltr' id='par_1_109' title="bbox 2219 5493 3807 5567">
     <span class='ocr_line' id='line_1_113' title="bbox 2219 5493 3807 5567; baseline -0.001 -16"><span class='ocrx_word' id='word_1_876' title='bbox 2219 5493 2399 5551; x_wconf 74' lang='lat' dir='ltr'><strong>euntis</strong></span> <span class='ocrx_word' id='word_1_877' title='bbox 2418 5493 2707 5549; x_wconf 66' lang='lat' dir='ltr'><strong>aninmntis</strong></span> <span class='ocrx_word' id='word_1_878' title='bbox 2724 5495 2799 5549; x_wconf 84' lang='lat' dir='ltr'><strong>ad</strong></span> <span class='ocrx_word' id='word_1_879' title='bbox 2808 5493 2910 5549; x_wconf 87' lang='lat' dir='ltr'><strong>hoc</strong></span> <span class='ocrx_word' id='word_1_880' title='bbox 2926 5510 3098 5566; x_wconf 75' lang='lat' dir='ltr'><strong>genus</strong></span> <span class='ocrx_word' id='word_1_881' title='bbox 3130 5497 3364 5567; x_wconf 72' lang='lat' dir='ltr'><strong>pertinet</strong></span> <span class='ocrx_word' id='word_1_882' title='bbox 3384 5513 3399 5549; x_wconf 89' lang='lat'><strong>:</strong></span> <span class='ocrx_word' id='word_1_883' title='bbox 3422 5508 3477 5551; x_wconf 85' lang='lat' dir='ltr'><strong>et</strong></span> <span class='ocrx_word' id='word_1_884' title='bbox 3495 5496 3675 5551; x_wconf 73' lang='lat' dir='ltr'><strong>vultus</strong></span> <span class='ocrx_word' id='word_1_885' title='bbox 3688 5495 3807 5550; x_wconf 76' lang='lat' dir='ltr'><strong>irati</strong></span> 
     </span>
    </p>
   </div>
   <div class='ocr_carea' id='block_1_110' title="bbox 2219 5585 3806 5659">
    <p class='ocr_par' dir='ltr' id='par_1_110' title="bbox 2219 5585 3806 5659">
     <span class='ocr_line' id='line_1_114' title="bbox 2219 5585 3806 5659; baseline 0.002 -20"><span class='ocrx_word' id='word_1_886' title='bbox 2219 5599 2312 5639; x_wconf 88' lang='lat' dir='ltr'><strong>seu</strong></span> <span class='ocrx_word' id='word_1_887' title='bbox 2338 5585 2500 5640; x_wconf 87' lang='lat' dir='ltr'><strong>tristis</strong></span> <span class='ocrx_word' id='word_1_888' title='bbox 2524 5586 2860 5643; x_wconf 68' lang='lat' dir='ltr'><strong>allectionem</strong></span> <span class='ocrx_word' id='word_1_889' title='bbox 2876 5589 3039 5645; x_wconf 75' lang='lat' dir='ltr'><strong>animi</strong></span> <span class='ocrx_word' id='word_1_890' title='bbox 3054 5589 3337 5659; x_wconf 83' lang='lat' dir='ltr'><strong>signiﬁcat,</strong></span> <span class='ocrx_word' id='word_1_891' title='bbox 3356 5587 3515 5642; x_wconf 86' lang='lat' dir='ltr'><strong>etiam</strong></span> <span class='ocrx_word' id='word_1_892' title='bbox 3532 5587 3678 5642; x_wconf 75' lang='lat' dir='ltr'><strong>nulla</strong></span> <span class='ocrx_word' id='word_1_893' title='bbox 3693 5588 3806 5655; x_wconf 87' lang='lat' dir='ltr'><strong>ejus</strong></span> 
     </span>
    </p>
   </div>
   <div class='ocr_carea' id='block_1_111' title="bbox 2217 5677 3806 5750">
    <p class='ocr_par' dir='ltr' id='par_1_111' title="bbox 2217 5677 3806 5750">
     <span class='ocr_line' id='line_1_115' title="bbox 2217 5677 3806 5750; baseline 0.002 -18"><span class='ocrx_word' id='word_1_894' title='bbox 2217 5677 2491 5732; x_wconf 74' lang='lat' dir='ltr'><strong>voluntate</strong></span> <span class='ocrx_word' id='word_1_895' title='bbox 2505 5679 2594 5749; x_wconf 85' lang='lat' dir='ltr'><strong>qui</strong></span> <span class='ocrx_word' id='word_1_896' title='bbox 2617 5688 2709 5734; x_wconf 87' lang='lat' dir='ltr'><strong>aut</strong></span> <span class='ocrx_word' id='word_1_897' title='bbox 2728 5681 2893 5737; x_wconf 87' lang='lat' dir='ltr'><strong>iratus</strong></span> <span class='ocrx_word' id='word_1_898' title='bbox 2908 5691 2999 5737; x_wconf 84' lang='lat' dir='ltr'><strong>aut</strong></span> <span class='ocrx_word' id='word_1_899' title='bbox 3028 5683 3196 5737; x_wconf 84' lang='lat' dir='ltr'><strong>tristis</strong></span> <span class='ocrx_word' id='word_1_900' title='bbox 3217 5690 3300 5736; x_wconf 89' lang='lat' dir='ltr'><strong>est</strong></span> <span class='ocrx_word' id='word_1_901' title='bbox 3323 5696 3339 5747; x_wconf 91' lang='lat'><strong>;</strong></span> <span class='ocrx_word' id='word_1_902' title='bbox 3359 5688 3451 5735; x_wconf 88' lang='lat' dir='ltr'><strong>aut</strong></span> <span class='ocrx_word' id='word_1_903' title='bbox 3475 5681 3520 5736; x_wconf 91' lang='lat' dir='ltr'><strong>si</strong></span> <span class='ocrx_word' id='word_1_904' title='bbox 3544 5679 3662 5750; x_wconf 90' lang='lat' dir='ltr'><strong>quis</strong></span> <span class='ocrx_word' id='word_1_905' title='bbox 3673 5679 3806 5735; x_wconf 88' lang='lat' dir='ltr'><strong>alius</strong></span> 
     </span>
    </p>
   </div>
   <div class='ocr_carea' id='block_1_112' title="bbox 2281 5809 3811 5876">
    <p class='ocr_par' dir='ltr' id='par_1_112' title="bbox 2281 5809 3811 5876">
     <span class='ocr_line' id='line_1_116' title="bbox 2281 5809 3811 5876; baseline 0.003 -19"><span class='ocrx_word' id='word_1_906' title='bbox 2281 5810 2297 5841; x_wconf 77' lang='grc' dir='ltr'>ι</span> <span class='ocrx_word' id='word_1_907' title='bbox 2324 5816 2423 5876; x_wconf 51' lang='lat' dir='ltr'><strong>Ani.</strong></span> <span class='ocrx_word' id='word_1_908' title='bbox 2449 5816 2524 5861; x_wconf 75' lang='lat' dir='ltr'><strong>Er.</strong></span> <span class='ocrx_word' id='word_1_909' title='bbox 2548 5812 2697 5874; x_wconf 63' lang='lat' dir='ltr'><strong>Lugd.</strong></span> <span class='ocrx_word' id='word_1_910' title='bbox 2720 5820 2837 5862; x_wconf 67' lang='grc' dir='ltr'><strong>ναι.</strong></span> <span class='ocrx_word' id='word_1_911' title='bbox 2856 5819 2965 5862; x_wconf 75' lang='grc' dir='ltr'><strong>ιον.</strong></span> <span class='ocrx_word' id='word_1_912' title='bbox 2983 5812 3137 5865; x_wconf 80' lang='lat' dir='ltr'><strong>Helm.</strong></span> <span class='ocrx_word' id='word_1_913' title='bbox 3164 5813 3346 5874; x_wconf 71' lang='lat' dir='ltr'><strong>tet-imi,</strong></span> <span class='ocrx_word' id='word_1_914' title='bbox 3364 5810 3445 5863; x_wconf 72' lang='lat' dir='ltr'><strong>vet</strong></span> <span class='ocrx_word' id='word_1_915' title='bbox 3472 5809 3703 5876; x_wconf 76' lang='lat' dir='ltr'><strong>progredi</strong></span> <span class='ocrx_word' id='word_1_916' title='bbox 3741 5809 3811 5861; x_wconf 79' lang='lat' dir='ltr'><strong>vel</strong></span> 
     </span>
    </p>
   </div>
   <div class='ocr_carea' id='block_1_113' title="bbox 2216 5871 2954 5935">
    <p class='ocr_par' dir='ltr' id='par_1_113' title="bbox 2216 5871 2954 5935">
     <span class='ocr_line' id='line_1_117' title="bbox 2216 5871 2954 5935; baseline 0.003 -12"><span class='ocrx_word' id='word_1_917' title='bbox 2216 5871 2427 5935; x_wconf 78' lang='lat' dir='ltr'><strong>rearedi,</strong></span> <span class='ocrx_word' id='word_1_918' title='bbox 2444 5887 2537 5925; x_wconf 87' lang='lat' dir='ltr'><strong>nec</strong></span> <span class='ocrx_word' id='word_1_919' title='bbox 2557 5871 2743 5926; x_wconf 75' lang='lat' dir='ltr'><strong>habent</strong></span> <span class='ocrx_word' id='word_1_920' title='bbox 2760 5887 2830 5927; x_wconf 79' lang='lat' dir='ltr'><strong>se.</strong></span> <span class='ocrx_word' id='word_1_921' title='bbox 2895 5880 2954 5925; x_wconf 76' lang='lat' dir='ltr'><strong>tt.</strong></span> 
     </span>
    </p>
   </div>
  </div>
