4060 6570
244 394 314 452 37

249 526 449 574 motus
495 515 676 570 animi
715 513 868 570 vultu
903 510 1078 569 indice
1118 510 1376 584 proditur,
1404 509 1567 566 etiam
1605 508 1757 566 nobis
1790 525 1893 565 non

258 610 313 666 id
360 607 678 680 agentibus
701 616 761 663 ut
782 607 1054 678 prodatur.
1072 606 1179 662 Sed
1210 605 1277 661 de
1299 606 1399 661 hoc
1421 612 1534 660 toto
1548 620 1740 675 genere
1760 618 1899 658 nunc

262 704 555 759 disserere
578 716 696 756 non
727 711 812 757 est
835 700 1184 772 propositum.
1219 698 1477 765 Quoniam
1509 706 1686 753 tamen
1718 695 1899 752 incidit

267 812 315 854 in
350 796 733 867 partitionem
756 807 1017 862 nosmun,
1038 794 1299 865 praeteriri
1325 792 1540 848 omnino
1566 808 1670 847 non
1692 790 1893 864 potuit;

266 902 435 961 atque
468 890 524 944 id
549 890 824 945 hactenus
849 896 1088 944 notatum
1115 885 1231 942 esse
1256 885 1542 942 suffecerit.

274 980 516 1038 CAPUT
546 979 622 1035 ll.
638 1009 707 1021 --
740 980 821 1035 De
843 996 939 1048 quo
958 985 1221 1051 signorum
1240 995 1421 1051 genere
1445 979 1526 1033 hic
1555 978 1892 1034 tractandum.

344 1076 403 1129 5.
451 1073 593 1128 Data
629 1089 765 1129 vero
793 1074 941 1146 signa
969 1081 1113 1137 sunt,
1143 1088 1260 1143 qure
1291 1072 1397 1127 sibi
1418 1088 1639 1143 qumque
1663 1069 1895 1127 viventia

274 1167 515 1222 invicem
557 1164 697 1219 dant
738 1164 806 1221 ad
848 1164 1325 1232 demonstrandos,
1355 1174 1613 1235 quantum
1642 1172 1891 1236 possunt,

280 1270 465 1316 motus
490 1258 666 1312 animi
699 1258 816 1325 sui,
840 1258 922 1313 vel
948 1272 1145 1325 sensa,
1187 1264 1276 1311 aut
1319 1256 1582 1312 intellecta
1623 1257 1891 1327 qumlibet.

283 1354 391 1410 Sec
416 1354 517 1407 ulla
540 1368 714 1407 causa
736 1362 820 1408 est
841 1353 992 1409 nobis
1013 1353 1362 1423 significandi,
1385 1353 1435 1407 id
1457 1363 1536 1408 est
1558 1353 1691 1423 signi
1713 1352 1888 1421 dandi,

290 1448 397 1502 nisi
424 1446 491 1500 ad
513 1446 955 1517 depmniendum
980 1455 1036 1500 et
1062 1445 1429 1515 trajiciendum
1456 1446 1507 1500 in
1538 1446 1756 1501 alterius
1775 1446 1896 1502 ani-

292 1556 437 1594 mum
464 1539 514 1593 id
544 1538 702 1609 quod
748 1539 928 1593 animo
965 1539 1101 1609 gerit
1129 1539 1173 1592 is
1196 1538 1281 1608 qui
1310 1538 1516 1609 signum
1546 1540 1653 1593 dat.
1694 1540 1892 1594 Horum

298 1633 449 1701 igitur
468 1633 763 1700 signorum
790 1646 985 1701 genus,
1023 1640 1278 1701 quantum
1305 1629 1370 1683 ad
1398 1630 1643 1686 homines
1668 1633 1889 1699 attinet,

294 1722 637 1778 comidemre
670 1732 835 1793 atque
870 1729 1099 1777 tractare
1140 1722 1452 1787 statuimus;
1486 1723 1608 1792 quia
1648 1734 1703 1777 et
1744 1725 1891 1794 signa

294 1814 543 1869 divinitus
573 1813 735 1881 data,
756 1829 873 1883 quae
903 1813 956 1867 in
990 1814 1277 1884 Scripturis
1307 1814 1505 1869 sanctis
1531 1815 1887 1884 continentur,

296 1922 384 1976 per
408 1906 667 1960 homines
696 1905 852 1961 nobis
881 1905 1110 1959 indicata
1140 1915 1294 1970 sunt,
1325 1906 1412 1976 qui
1455 1922 1516 1960 ea
1556 1910 1890 1979 conscripse-

297 1998 673 2053 nntJlabent
720 1999 880 2052 etiam
924 1998 1107 2052 bestiae
1148 1996 1389 2068 qumdam
1430 1999 1569 2054 inter
1615 2016 1673 2056 se
1718 2002 1885 2071 signa,

297 2090 476 2161 quibus
502 2090 749 2159 produnt
775 2091 1069 2161 appetitum
1108 2091 1269 2146 animi
1309 2092 1410 2146 sui.
1452 2091 1582 2147 Nam
1628 2104 1681 2149 et
1718 2096 1888 2165 gallus

295 2186 618 2254 geiiimeeus
642 2193 861 2253 reperto
888 2184 1030 2251 cibo,
1056 2183 1143 2237 dat
1170 2184 1376 2254 signum
1399 2186 1546 2240 vocis
1584 2186 1793 2256 gallina:
1833 2196 1891 2243 ut

295 2284 572 2339 accurat;
599 2284 660 2330 et
688 2275 964 2329 columbus
1000 2276 1197 2344 gemitu
1241 2275 1537 2331 columbam
1578 2286 1765 2346 vocnt,
1806 2279 1887 2334 vel

294 2368 437 2421 abeo
459 2367 709 2421 vicissim
735 2373 985 2432 vocatur;
1016 2374 1069 2422 et
1096 2367 1258 2421 multa
1305 2368 1609 2437 bujusmodi
1647 2370 1890 2425 animad—

294 2460 419 2513 verti
458 2460 662 2512 solent.
697 2458 826 2525 Quae
872 2467 1083 2525 utrum,
1131 2462 1266 2514 sicut
1309 2462 1486 2516 vultus
1528 2471 1619 2516 aut
1656 2462 1886 2520 dolentis

292 2553 512 2619 clamor,
544 2555 669 2606 sine
692 2552 1022 2622 signiﬁcandi
1052 2552 1320 2608 voluntate
1356 2564 1643 2623 sequantur
1681 2564 1885 2610 motum

291 2648 444 2700 atii-si
463 2686 485 2713 ,
512 2662 586 2700 an
608 2663 738 2701 vero
758 2646 823 2700 ad
854 2646 1256 2717 sigtificandum
1287 2647 1497 2713 dentur,
1526 2647 1624 2701 alia
1660 2649 1884 2718 quiestio

291 2747 399 2805 est,
423 2751 479 2796 et
504 2741 575 2795 ad
617 2752 736 2795 rem
769 2754 889 2811 quas
932 2739 1103 2810 agitur
1140 2756 1245 2795 non
1278 2742 1537 2810 pertinet:
1563 2758 1719 2810 quam
1758 2757 1883 2811 par-

294 2844 401 2887 tem
427 2834 498 2887 ab
525 2833 631 2888 hoe
660 2847 824 2904 opere
862 2841 1111 2902 tanquam
1157 2849 1262 2887 non
1309 2833 1660 2888 necessariam
1708 2849 1885 2889 remo-

290 2942 489 2981 mus.

288 3020 509 3077 CAPUT
550 3020 642 3074 lii.
666 3046 738 3061 --~
760 3019 905 3074 Inter
933 3022 1083 3092 signa
1104 3021 1439 3091 principatum
1468 3019 1687 3073 obtinent
1710 3019 1877 3074 verba.

357 3116 406 3168 Α.
447 3115 742 3183 S'igmrum
772 3114 932 3182 igitur
980 3114 1177 3184 quibus
1223 3114 1358 3167 inter
1405 3126 1463 3167 se
1503 3114 1744 3167 inmunes
1784 3129 1878 3167 sua

288 3220 447 3262 sensa
472 3208 891 3271 communicant,
916 3206 1159 3275 quaedam
1188 3206 1449 3274 pertinent
1492 3206 1559 3259 ad
1604 3208 1876 3261 oculorum

286 3312 523 3366 scnsum,
554 3303 810 3371 pleraque
844 3299 911 3353 ad
946 3301 1186 3363 aurium,
1218 3299 1533 3367 paucissima
1560 3298 1622 3351 ad
1653 3309 1876 3353 ueteres

286 3406 496 3449 sensus.
525 3394 657 3447 Nam
686 3408 803 3447 cum
834 3392 1102 3445 innuimus
1122 3432 1135 3455 ,
1178 3405 1285 3444 non
1322 3391 1509 3444 damus
1535 3393 1745 3460 signum
1775 3390 1876 3444 nisi

285 3489 462 3541 oculis
490 3488 607 3556 ejus
634 3501 784 3556 quem
813 3485 1058 3539 voittmus
1082 3499 1176 3553 per
1204 3482 1305 3538 hoc
1347 3484 1553 3553 signum
1593 3484 1875 3537 voluntatis

286 3588 496 3633 nostra:
528 3578 827 3647 participem
850 3577 1045 3631 facere.
1072 3574 1137 3630 Et
1158 3575 1371 3646 quidam
1399 3584 1546 3628 motu
1574 3575 1590 3606 ¹
1622 3590 1872 3628 manuum

288 3668 548 3740 pleraque
569 3669 863 3739 signiﬁcant
890 3685 904 3722 :
936 3678 989 3723 et
1007 3668 1309 3729 histriones
1327 3667 1561 3722 omnium
1602 3666 1871 3720 membro-

288 3778 403 3816 rum
432 3763 665 3817 motibus
694 3763 822 3817 dant
846 3763 995 3830 signa
1021 3760 1262 3830 qumdam
1302 3758 1617 3823 scientibus,
1659 3770 1712 3813 et
1750 3774 1869 3812 eum

288 3855 452 3909 oculis
474 3870 661 3910 eorum
676 3856 829 3925 quasi
855 3854 1182 3919 fabulantur;
1209 3858 1263 3907 et.
1289 3853 1481 3907 vexilla
1506 3854 1871 3923 draconesque

288 3947 549 4002 militares
573 3958 672 4018 per
699 3948 884 4002 oculos
908 3947 1177 4002 insinuant
1201 3946 1529 4000 voluntatem
1556 3946 1749 3999 ducum
1773 3962 1785 3997 :
1815 3953 1869 3999 et

286 4051 404 4096 sunt
448 4043 563 4097 haec
608 4042 785 4096 omnia
829 4042 978 4112 quasi
1021 4039 1263 4111 quaedam
1304 4040 1463 4093 verba
1509 4038 1755 4093 visibilia.
1786 4038 1869 4092 Ad

285 4146 439 4189 aures
476 4141 655 4189 autem
694 4148 811 4203 quae
848 4132 1143 4203 pertinent,
1183 4139 1242 4185 ut
1275 4131 1418 4197 dixi,
1448 4132 1599 4200 plura
1630 4139 1783 4196 sunt,
1814 4130 1866 4185 in

284 4226 461 4280 verbis
486 4226 738 4280 Maxime.
760 4224 893 4279 Nam
918 4232 971 4279 et
1002 4223 1142 4288 tuba,
1167 4232 1225 4277 et
1246 4223 1393 4286 tibia,
1417 4230 1472 4277 et
1492 4222 1715 4288 cithara,
1737 4222 1868 4277 dant

285 4318 594 4387 plerumque
620 4331 725 4372 non
755 4316 925 4373 solum
961 4326 1206 4384 suavem,
1236 4314 1331 4371 sed
1359 4315 1519 4369 etiam
1561 4315 1867 4385 signiﬁcan-

283 4418 389 4465 tem
430 4422 647 4465 senum.
677 4407 783 4463 Sed
807 4408 923 4462 htec
947 4408 1122 4463 omnia
1152 4408 1302 4477 signa
1343 4407 1522 4461 verbis
1563 4414 1865 4474 comparata

282 4502 599 4571 paucissima
623 4507 766 4555 sent.
793 4499 967 4554 Verba
995 4500 1137 4554 enim
1180 4512 1399 4568 prorsus
1446 4497 1584 4552 inter
1623 4498 1866 4553 homines

282 4591 623 4650 obtinnenmt
647 4592 1000 4663 principatum
1022 4590 1353 4662 signiﬁcandi
1375 4605 1724 4660 quaecumque
1748 4591 1863 4645 ani-

281 4698 367 4743 tuo
394 4685 786 4755 concipiuntur,
819 4683 867 4739 si
892 4697 953 4738 ea
979 4683 1199 4753 quisque
1229 4681 1457 4752 prodere
1481 4683 1626 4739 velit.
1649 4681 1781 4736 Nam
1808 4691 1863 4737 et

282 4779 444 4835 odore
492 4778 746 4847 unguenti
795 4776 1083 4843 Dominus,
1128 4788 1236 4846 quo
1284 4774 1481 4845 perfusi
1522 4784 1648 4831 sunt
1699 4775 1862 4845 pedes

279 4871 413 4942 ejus,
439 4874 653 4942 signum
679 4869 893 4941 aliquod
917 4869 1063 4925 dedit
1091 4867 1269 4939 (locta.
1302 4884 1381 4925 xu
1401 4910 1415 4934 ,
1436 4869 1472 4925 5
1491 4877 1536 4922 et
1563 4870 1618 4940 7)
1642 4886 1658 4935 ;
1688 4869 1859 4924 etSa-

279 4973 557 5019 eruncato
581 4963 821 5032 corporis
844 4970 899 5017 et
926 4962 1199 5031 sanguinis
1241 4963 1320 5016 sui
1366 4970 1688 5032 przegustato
1719 4962 1761 5029 ³,
1791 4963 1862 5016 si-

278 5052 543 5127 gniﬁcavit
586 5054 728 5125 quod
774 5055 941 5111 voluit
976 5054 1122 5128 (Lua.
1167 5066 1304 5122 inm,
1356 5054 1451 5125 19,
1495 5055 1621 5129 20);
1650 5064 1705 5112 et
1740 5072 1859 5111 cum

278 5148 465 5204 mulier
488 5148 757 5219 tangendo
784 5147 1048 5203 ﬁmbriam
1074 5150 1375 5205 vestimenti
1404 5150 1538 5220 ejus,
1558 5152 1701 5205 salva
1723 5149 1860 5207 facta

279 5248 389 5305 est,
414 5241 655 5297 nonnihil
690 5240 955 5312 signiﬁcat
979 5240 1192 5313 (Matth.
1219 5254 1294 5310 1x,
1323 5242 1416 5314 2i)
1440 5258 1453 5295 :
1479 5242 1571 5297 sed
1610 5243 1859 5300 innume-

277 5330 457 5389 rabilis
488 5332 769 5390 multitudo
795 5335 1067 5407 signorum
1088 5377 1101 5402 ,
1129 5336 1321 5406 quibus
1358 5350 1481 5391 suas
1508 5337 1858 5406 cogitationes

337 5496 353 5526 ί
378 5493 498 5542 [diti
521 5493 790 5563 pluresque
810 5501 998 5555 δίωκε
1017 5494 1218 5561 quidam
1238 5499 1410 5548 motus.
1436 5496 1604 5549 Mellus
1623 5505 1731 5550 Mss.
1754 5499 1857 5563 alii,

276 5569 357 5619 per
379 5564 568 5613 motus;
595 5556 692 5616 vel,
710 5556 863 5607 ’mo'u.

335 5620 445 5687 {sic
472 5621 586 5668 Fditi
606 5654 620 5677 ,
646 5620 824 5681 quibus
847 5618 1169 5687 suffragantur
1192 5628 1300 5687 Mss.
1338 5623 1562 5685 perpauci
1584 5636 1597 5683 ;
1624 5634 1733 5673 cum
1754 5622 1859 5687 plu-

274 5683 375 5728 mi
398 5682 629 5749 habeant,
654 5687 958 5749 permutato;
979 5682 1029 5731 et
1045 5684 1125 5732 alii
1149 5682 1363 5749 quinque
1388 5682 1579 5746 optima-
1602 5682 1857 5749 nuta-per

274 5751 504 5807 gustatum
525 5757 542 5792 .'
560 5746 609 5792 in
626 5744 770 5807 quam
794 5744 1052 5809 lectionem
1079 5746 1237 5795 incidit
1262 5744 1433 5803 altera;
1457 5763 1565 5809 qum
1583 5744 1854 5801 trium'alss.

280 5815 364 5865 est,
377 5820 459 5867 per
474 5812 663 5875 gustum-
677 5820 695 5867 ;
710 5809 889 5870 quippe
905 5808 954 5857 in
968 5809 1178 5872 antiquis
1192 5809 1435 5859 codicibus
1448 5808 1621 5873 passt
1636 5815 1857 5875 reperire

280 5877 349 5918 est
370 5876 623 5932 gustatum,
648 5870 753 5920 loco
772 5875 979 5934 gustum.

1648 384 1850 444 LIBER
1890 384 2261 450 SECUNDUS.
3517 404 3587 468 ω

1999 509 2244 567 homines
2268 499 2510 583 exerunt,
2538 499 3221 580 inverbis‘censtltutaest‘.
3237 522 3372 581 Nam
3400 524 3490 584 ilia
3513 526 3582 585 εἱ-

1998 618 2098 677 gna
2125 607 2300 661 omnia
2319 623 2543 680 quorum
2565 626 2758 681 genera
2783 612 3019 669 breviter
3035 615 3205 688 attigi,
3232 617 3385 689 potui
3401 619 3581 679 verbis

2000 696 2274 754 enuntiare
2298 715 2312 766 ;
2345 700 2505 755 verba
2526 715 2654 757 vero
2675 702 2778 757 illis
2799 704 2965 776 signis
2993 706 3135 763 nullo
3157 707 3315 766 modo
3342 723 3577 782 possem.

2372 790 2595 850 CAPUT
2635 794 2811 850 lV.—
2832 795 2979 853 Unde
3006 799 3203 857 littera.

2071 881 2125 937 5.
2165 878 2267 937 Sed
2306 883 2427 955 quia
2470 887 2748 944 verberato
2776 904 2901 949 aere
2929 892 3105 948 statim
3146 901 3453 967 transeunt,
3480 913 3584 957 nec

1999 970 2198 1028 diutius
2221 986 2435 1031 manent
2461 993 2616 1049 quam
2648 990 2857 1051 sonant,
2886 982 3125 1040 instituta
3151 995 3275 1042 sunt
3308 1002 3402 1059 per
3432 990 3575 1047 litte-

1998 1082 2085 1121 ras
2128 1067 2275 1136 signa
2321 1070 2620 1125 verborum.
2653 1072 2729 1127 ita
2771 1088 2931 1130 voces
2973 1077 3141 1132 oculis
3186 1080 3573 1153 ostenduntur,

1999 1174 2102 1213 non
2132 1176 2226 1230 per
2253 1161 2475 1231 scipsas,
2510 1163 2602 1218 sed
2631 1180 2724 1234 per
2755 1165 2902 1237 signa
2928 1168 3171 1239 quasdam
3197 1186 3313 1230 sua.
3346 1171 3449 1228 ista
3476 1174 3577 1245 igi-

2002 1264 2084 1307 tur
2131 1254 2275 1325 sigua
2322 1272 2425 1310 non
2472 1267 2751 1328 potuerunt
2800 1263 3103 1319 communia
3156 1278 3275 1321 esse
3331 1267 3581 1323 omnibus

1997 1344 2261 1417 gentibus,
2295 1358 2510 1418 peccato
2536 1351 2763 1421 quodam
2793 1351 3138 1410 d‘issensiOnis
3166 1354 3430 1425 humanae,
3458 1374 3579 1415 cum

1997 1439 2062 1494 ad
2092 1457 2149 1496 se
2178 1443 2400 1512 quisque
2439 1444 2784 1515 principatum
2825 1447 2980 1517 rapit.
3010 1447 3169 1517 Cujus
3207 1452 3470 1520 superbiae
3510 1456 3581 1508 sl-

1996 1549 2160 1604 gnum
2188 1544 2269 1589 est
2298 1544 2475 1591 erecta
2518 1537 2605 1590 illa
2648 1537 2807 1594 turris
2850 1538 2904 1593 in
2949 1539 3173 1606 malum,
3206 1542 3293 1597 ubi
3336 1541 3582 1599 homines

1999 1626 2142 1695 impii
2188 1644 2290 1681 non
2332 1628 2500 1681 solmn
2545 1629 2769 1695 animos,
2799 1628 2893 1685 sed
2938 1632 3096 1687 etiam
3140 1648 3298 1689 voces
3333 1634 3581 1693 dissonas

1999 1717 2191 1775 habere
2221 1729 2527 1774 meruerunt
2554 1717 2703 1795 (Gen.
2737 1738 2811 1789 χι,
2841 1721 2984 1795 1-9).

2256 1810 2482 1868 CAPUT
2522 1811 2587 1867 ν.
2606 1844 2679 1854 -
2700 1813 2972 1870 Diversitas
3018 1813 3327 1888 ﬁngttarum.

2068 1904 2120 1959 6.
2162 1900 2239 1958 Ex
2281 1921 2385 1975 quo
2424 1904 2618 1959 factum
2667 1914 2749 1962 est
2792 1916 2848 1961 ut
2884 1908 3042 1964 etiam
3066 1908 3335 1980 Scriptura
3380 1911 3577 1986 divina,

1996 2013 2095 2068 qua
2143 1999 2301 2051 tantis
2345 1998 2545 2054 morbis
2584 1997 2934 2057 humanarum
2965 2003 3293 2059 voluntatum
3322 2005 3577 2064 subveni-

1995 2096 2101 2155 tur,
2140 2088 2207 2142 ab
2251 2106 2349 2143 una
2394 2092 2566 2162 lingua
2610 2092 2878 2163 profecta,
2906 2110 3007 2165 qua
3039 2098 3056 2128 ¹
3086 2106 3382 2168 opportune
3408 2099 3579 2171 potuit

1992 2196 2088 2252 per
2108 2184 2290 2238 orbem
2322 2194 2577 2240 terrarum
2606 2186 2963 2257 disseminari,
2994 2206 3090 2262 per
3116 2194 3288 2247 varias
3317 2194 3578 2265 interpre-

1994 2283 2102 2328 tum
2132 2274 2333 2344 linguas
2365 2274 2528 2347 longe
2558 2274 2767 2351 lateque
2795 2279 2983 2335 diﬂ'usa
3013 2282 3368 2339 innotesccret
3399 2285 3577 2355 genti-

1992 2363 2092 2417 bus
2120 2364 2184 2418 ad
2216 2366 2436 2420 salutem
2463 2384 2477 2419 :
2504 2384 2659 2437 quam
2693 2368 2930 2438 legentes
2968 2373 3094 2426 nlbil
3137 2373 3278 2429 aliud
3322 2386 3576 2446 appetunt

1992 2472 2146 2524 quam
2194 2458 2538 2526 cogitationes
2588 2461 3018 2533 voluntatemque
3062 2464 3269 2519 illorum
3316 2480 3346 2520 a
3385 2467 3581 2537 quibus

1990 2548 2289 2617 conscripta
2318 2559 2419 2615 est,
2451 2551 2708 2616 invenire,
2741 2561 2793 2606 ct
2816 2568 2913 2625 per
2942 2552 3060 2609 illas
3088 2554 3413 2612 voluntatem
3445 2557 3573 2627 Dei,

1990 2639 2282 2692 secundum
2310 2656 2466 2709 quam
2496 2643 2627 2695 tales
2654 2641 2898 2699 homines
2929 2645 3132 2702 locutos
3158 2648 3444 2704 credimus.

1988 2726 2211 2786 CAPUT
2250 2731 2338 2785 V'l.
2357 2763 2427 2773 -
2450 2733 2740 2789 Obscuritas
2766 2735 3046 2807 Scriptura:
3070 2739 3122 2792 in
3152 2742 3309 2811 tropis
3332 2749 3381 2796 et
3397 2743 3577 2814 ﬁguris

2495 2837 2497 2840 ‘
2570 2840 2809 2896 quorsum
2837 2828 2995 2882 utilis.

2058 2909 2110 2966 7.
2152 2911 2257 2969 Sed
2302 2914 2482 2970 multis
2526 2925 2581 2971 et
2623 2918 3002 2989 multiplicibus
3044 2919 3473 2992 obscuritatibus,
3519 2935 3575 2983 ct

1986 3004 2416 3074 ambiguitatibus
2447 3007 2782 3078 decipiuntur
2821 3012 2909 3080 qui
2953 3018 3149 3066 temere
3191 3015 3402 3084 legunt,
3431 3016 3572 3072 aliud

1987 3111 2081 3165 pro
2109 3097 2211 3151 alio
2242 3097 2564 3165 sentientes;
2590 3099 2905 3169 quibusdam
2933 3110 3110 3158 autem
3147 3105 3279 3160 locis
3323 3106 3449 3177 quid
3490 3109 3573 3164 vel

1985 3184 2115 3243 falso
2142 3188 2476 3258 suspicentur
2502 3207 2605 3247 non
2648 3191 2949 3262 inveniunt,
2980 3197 3047 3249 ita
3075 3195 3299 3251 obscure
3326 3199 3569 3268 qumdam

1982 3278 2119 3333 dicta
2152 3280 2524 3336 densissimam
2551 3284 2832 3354 caliginem
2867 3286 3155 3341 obducunt.
3200 3287 3353 3355 Quod
3402 3299 3571 3347 totum

1980 3374 2257 3443 provisum
2284 3376 2537 3432 divinitus
2580 3394 2700 3435 esse
2737 3395 2844 3435 non
2885 3380 3091 3447 dubito,
3122 3382 3187 3435 ad
3214 3383 3568 3439 edomandam

1980 3466 2162 3522 labore
2201 3469 2534 3539 Superbiam,
2564 3481 2619 3526 et
2652 3472 2980 3528 intellectum
3007 3489 3037 3528 a
3068 3475 3275 3529 fastidio
3303 3493 3563 3533 revocan-

1980 3559 2104 3614 dum
2130 3552 2173 3625 ί,
2205 3562 2289 3615 cui
2331 3562 2484 3617 facile
2553 3566 2863 3635 investigata
2926 3568 3238 3638 plerumque
3284 3570 3563 3627 vilescunt.

1978 3650 2114 3717 Quid
2140 3653 2279 3707 enim
2306 3663 2421 3723 est,
2452 3671 2654 3726 quaeso,
2682 3657 2821 3728 quod
2865 3659 2909 3713 si
2946 3660 3226 3731 quisquam
3262 3662 3406 3719 dicat
3443 3680 3567 3721 san-

1976 3752 2091 3799 ctos
2120 3760 2240 3801 esse
2266 3745 2509 3803 homines
2552 3757 2709 3820 atque
2752 3749 3050 3820 perfectos,
3083 3769 3308 3823 quorum
3358 3756 3466 3812 vita
3506 3768 3563 3814 et

1975 3838 2214 3893 moribus
2238 3839 2435 3895 Christi
2468 3842 2702 3897 Ecclesia
2726 3843 2792 3897 de
2822 3844 3148 3913 quibuslibet
3168 3849 3561 3918 superstitioni-

1973 3929 2073 3984 bus
2098 3932 2335 3999 prtecidit
2354 3948 2446 3988 eos
2471 3934 2560 4003 qui
2591 3934 2658 3989 ad
2682 3950 2741 3990 se
2770 3937 3024 4003 veniunt,
3050 3948 3105 3992 et
3132 3939 3431 3996 imitatione
3462 3943 3565 3999 bo-

1974 4037 2164 4077 norum
2208 4023 2424 4078 sibimet
2472 4024 2862 4094 quodammodo
2908 4028 3256 4098 incorporat;
3302 4031 3391 4102 qui
3439 4032 3563 4089 boni

1977 4116 2159 4171 ﬁdeles
2186 4126 2239 4171 et
2258 4118 2367 4172 veri
2394 4117 2414 4148 ³
2433 4118 2524 4172 Dei
2547 4119 3061 4190 servi,4deponentes
3088 4138 3251 4178 onera
3272 4124 3557 4192 saeculi,ad

1973 4216 2214 4262 sanctum
2264 4208 2519 4279 Baptismi
2565 4211 2833 4267 lavacrum
2880 4223 3182 4280 venerunt,
3227 4224 3386 4286 atque
3436 4215 3563 4275 inde

1971 4300 2323 4355 ascendentes
2351 4303 2699 4371 conceptione
2726 4305 2896 4359 sancti
2926 4304 3154 4375 Spiritus
3178 4305 3405 4362 fructum
3432 4308 3563 4366 dant

1970 4393 2195 4463 geminae
2241 4393 2549 4463 cbaritatis,
2595 4395 2647 4449 id
2672 4404 2775 4464 est,
2815 4396 2906 4450 Dei
2952 4405 3007 4451 ot
3046 4398 3268 4467 proximi
3295 4400 3451 4470 :quid
3478 4411 3561 4457 est

1968 4498 2095 4555 ergo
2133 4484 2275 4555 quod
2313 4486 2357 4540 si
2396 4486 2511 4540 bazc
2534 4487 2774 4557 quisque
2817 4487 2975 4553 dicat,
3008 4490 3184 4543 minus
3212 4489 3438 4545 delectat
3464 4507 3561 4547 au-

1968 4576 2201 4632 dientem
2222 4619 2237 4645 ,
2281 4594 2441 4647 quam
2466 4578 2513 4631 si
2540 4578 2607 4631 ad
2635 4578 2880 4633 eumdem
2925 4594 3140 4634 sensum
3188 4580 3362 4636 locum
3408 4582 3557 4640 illum

1967 4677 2199 4738 exponat
2227 4667 2295 4722 de
2320 4668 2556 4723 Canticis
2580 4670 2941 4737 canticorum,
2984 4669 3073 4724 ubi
3100 4670 3297 4726 dictum
3328 4682 3410 4728 est
3448 4672 3555 4730 Ec-

1967 4760 2162 4827 clesize,
2192 4774 2311 4815 cum
2345 4769 2596 4831 tanquam
2633 4761 2854 4831 pulchra
2882 4761 3124 4833 quzedain
3152 4761 3345 4819 femina
3368 4764 3555 4821 lautia-

1967 4862 2135 4919 retur,
2166 4853 2355 4908 Dentes
2374 4855 2446 4907 tui
2468 4856 2593 4907 sicut
2622 4871 2747 4926 grex
2786 4854 3142 4925 detonsurum,
3173 4857 3446 4912 ascendens
3489 4858 3554 4913 de

1965 4947 2191 5017 lauacro,
2218 4962 2331 5017 qua
2354 4964 2524 5001 omnes
2549 4948 2771 5017 geminos
2808 4955 3014 5014 creant,
3052 4954 3099 5000 et
3140 4964 3242 5002 non
3268 4958 3343 5003 est
3370 4949 3557 5003 sterilis

1963 5042 2017 5096 in
2044 5014 2722 5113 eis(Cunt.1v,|2)?iNum
2768 5040 2910 5095 aliud
2954 5038 3115 5095 homo
3156 5040 3350 5111 discit,
3391 5014 3595 5111 quam‘

1963 5151 2085 5190 cum
2115 5134 2242 5190 illud
2271 5134 2593 5204 planissimis
2622 5134 2834 5201 verbis,
2857 5134 2972 5189 sine
2996 5133 3355 5189 similitudinis
3391 5132 3547 5203 hujus

1963 5227 2289 5282 adminiculo
2311 5225 2548 5281 audiret?
2592 5224 2662 5280 Et
2695 5234 2871 5280 tamen
2914 5226 3097 5282 nescio
3131 5224 3397 5296 quomodo
3422 5239 3549 5281 sua-

1962 5320 2082 5373 vius
2106 5319 2317 5374 intueor
2336 5324 2569 5383 sanctos,
2594 5333 2713 5371 cum
2753 5331 2847 5373 eos
2888 5317 3039 5388 quasi
3076 5316 3263 5371 dentes
3291 5316 3548 5373 Ecclesia:

1961 5409 2117 5463 video
2150 5408 2437 5479 praecidere
2464 5409 2531 5463 ab
2559 5407 2828 5463 erroribus
2863 5407 3129 5473 homines,
3152 5417 3310 5477 atque
3346 5408 3398 5462 in
3426 5407 3545 5478 ejus

1960 5518 2154 5574 corpus
2172 5544 2187 5571 ,
2216 5503 2453 5559 emollita
2476 5502 2671 5557 duritia
2690 5544 2706 5570 ,
2734 5503 2884 5573 quasi
2912 5501 3190 5570 demorsos
3226 5516 3545 5573 mansosque

2025 5689 2044 5724 ί
2070 5688 2177 5739 uad.
2201 5694 2302 5735 Am.
2328 5694 2400 5734 Fr.
2422 5692 2473 5735 et
2489 5685 2671 5748 aliquot
2691 5692 2817 5743 Mss,
2840 5696 2965 5748 quae.

2024 5754 2045 5785 ⁸
2068 5760 2176 5801 Lov.
2222 5748 2537 5811 nonnullique
2572 5742 2699 5809 iussn
2724 5742 3062 5799 renouandum.
3089 5742 3205 5809 Alii,
3233 5755 3345 5798 cum
3364 5751 3467 5797 Am.
3491 5750 3544 5798 et

1959 5821 2055 5877 En,
2078 5814 2411 5877 revocandum.

2070 5884 2120 5930 In
2137 5876 2326 5927 duobus
2342 5884 2469 5934 5133.,
2493 5874 2608 5926 veri.
2638 5882 2687 5924 tn
2710 5872 2815 5925 aliis
2838 5876 3008 5938 tribus,
3033 5886 3158 5925 vere.
