4060 6466
529 331 604 395 ω
1445 329 1534 386 DE
1565 287 1906 402 nocrmnA
1941 322 2373 404 cumsuam,
2406 323 2462 408 s,
2503 324 2867 384 AUGUSTINI
3735 324 3808 384 to

533 445 842 526 transferre.
871 446 1011 504 Oves
1035 447 1192 504 etiam
1231 445 1614 517 jucundissime
1653 454 1884 512 agnosco
1914 438 2102 493 deton-

533 555 651 609 sus,
682 539 932 596 oneribus
957 539 1298 594 saecularibus
1322 547 1566 608 tanquam
1591 532 1876 589 velleribus
1897 529 2104 599 positis,

535 639 590 706 et
615 631 958 686 ascendentes
978 630 1292 697 delavacro,
1315 628 1368 683 id
1388 635 1469 683 est
1487 626 1552 682 de
1564 623 1906 710 Baptismate,
1928 634 2110 676 creare

536 736 721 778 omnes
744 722 1029 793 geminos,’
1053 721 1107 778 id
1133 730 1217 777 est
1249 721 1355 776 duo
1399 727 1661 790 praecepta
1703 712 2024 778 dilectionis,
2055 719 2111 767 et

535 814 732 870 nullam
763 827 883 870 esse
911 813 978 868 ab
1002 813 1105 868 isto
1128 820 1312 868 sancto
1339 810 1511 865 fructu
1541 807 1776 864 sterilem
1805 803 1976 860 video.

565 959 568 964 .
605 903 659 960 8.
698 901 804 960 Sed
837 918 1001 973 quare
1039 903 1251 958 suavius
1291 901 1496 956 videam
1520 940 1535 964 ,
1580 913 1736 968 quam
1784 896 1829 951 si
1875 894 2015 950 nulla
2044 893 2112 949 de

535 994 729 1050 divinis
754 993 928 1050 Libris
967 994 1090 1050 talis
1135 991 1423 1049 similitudo
1468 996 1841 1060 promeretur,
1878 1000 1998 1040 cum
2024 999 2112 1040 res

536 1087 722 1143 eadem
750 1087 820 1142 sit
845 1069 1136 1156 eademque
1172 1085 1401 1155 cognitio
1419 1124 1434 1147 ,
1465 1081 1679 1137 difﬁcile
1705 1089 1787 1135 est
1812 1078 1989 1134 dicere
2011 1117 2027 1144 ,
2059 1085 2114 1132 et

536 1179 638 1234 alia
666 1179 888 1250 quaestio
915 1187 1016 1246 est.
1045 1177 1195 1233 Nunc
1224 1185 1400 1231 tamen
1430 1189 1586 1230 nemo
1624 1171 1874 1242 ambigit,
1919 1179 1969 1227 et
2017 1185 2115 1240 per

536 1271 907 1326 similitudines
926 1270 1174 1326 libentius
1188 1284 1420 1340 quaeque
1439 1267 1706 1338 cognosci,
1726 1273 1779 1321 et
1802 1279 1919 1320 cum
1941 1262 2112 1335 aliqua

536 1361 845 1418 difﬁcultate
871 1361 1089 1432 quaesita
1129 1360 1295 1415 multo
1340 1359 1541 1430 gratius
1571 1357 1812 1411 inveniri.
1846 1354 1944 1421 Qui
1971 1353 2113 1410 enim

535 1468 757 1525 prorsus
791 1468 900 1509 non
925 1453 1196 1520 inveniunt
1219 1453 1360 1524 quod
1389 1460 1650 1522 quaerunt,
1679 1451 1817 1508 fame
1843 1448 2109 1512 laborant;

535 1546 627 1616 qui
651 1554 825 1600 autem
850 1559 957 1600 non
983 1554 1259 1617 quaerunt,
1282 1545 1403 1615 quia
1429 1545 1482 1598 in
1511 1549 1756 1612 promptu
1782 1541 2007 1608 habent,
2039 1540 2114 1594 fa-

435 1705 440 1710 .
536 1638 698 1694 stidio
724 1653 866 1708 saepe
910 1645 1247 1693 marcescunt
1278 1654 1290 1692 :
1323 1638 1376 1692 in
1403 1644 1636 1706 utroque
1671 1642 1846 1689 autem
1880 1633 2103 1703 languor

435 1793 440 1798 ὑ
535 1727 803 1784 cavendus
829 1738 930 1784 est.
974 1729 1247 1799 Magniﬁce
1284 1728 1443 1798 igitur
1477 1735 1538 1782 .et
1580 1725 1864 1781 salubriter
1890 1723 2114 1795 Spiritus

536 1829 751 1879 sanctus
786 1822 858 1877 ita
895 1821 1191 1891 Scripturas
1235 1828 1447 1876 sanctas
1487 1818 1841 1900 modiﬁcavit,
1889 1825 1948 1872 ut
1987 1817 2116 1872 locis

537 1915 888 1986 apertioribus
917 1915 1042 1970 fami
1067 1925 1390 1981 occurreret,
1409 1913 1806 1970 obscurioribus
1835 1921 2012 1968 autem
2037 1911 2118 1966 fa-

536 2008 691 2064 stidia
706 2008 1022 2080 detergeret.
1044 2008 1184 2063 Nihil
1204 2009 1344 2064 enim
1377 2007 1484 2063 fere
1499 2006 1564 2062 de
1581 2005 1685 2061 illis
1708 2004 2116 2062 obscuritatibus

537 2100 739 2167 eruitur
757 2143 771 2168 ,
796 2101 936 2172 quod
963 2118 1068 2158 non
1097 2101 1403 2172 planissime
1427 2099 1624 2156 dictum
1650 2098 1775 2154 alibi
1802 2099 2113 2168 reperiatur.

537 2189 762 2248 CAPUT
797 2191 993 2250 VII..—
1019 2191 1219 2248 Gradus
1239 2194 1309 2246 ad
1325 2192 1622 2264 sapientiam
1643 2205 1665 2246 :
1688 2191 1900 2262 primus,-
1934 2191 2118 2258 timor;

605 2281 874 2351 secundus,
897 2285 1054 2354 pietas
1067 2299 1088 2348 ;
1109 2285 1304 2352 tertius,
1328 2285 1567 2349 scientia;
1590 2291 1816 2354 quartus,
1841 2283 2117 2355 fortitudo;

609 2375 811 2446 quintus
833 2418 848 2444 ,
878 2377 1176 2443 consilium;
1204 2386 1404 2446 sextus,
1451 2377 1682 2449 purgatio
1723 2375 1920 2441 cordis;
1962 2378 2117 2447 septi-

609 2482 719 2521 mus
743 2467 929 2538 gradus
952 2485 1039 2524 seu
1066 2469 1184 2538 ﬁnis
1201 2509 1216 2532 ,
1245 2469 1511 2540 sapientia.
1695 2523 1700 2529 ,

610 2555 664 2612 9.
703 2557 840 2612 Ante
864 2558 1039 2612 omnia
1070 2558 1229 2628 igitur
1257 2573 1392 2629 opus
1419 2567 1502 2614 est
1529 2559 1624 2614 Dei
1652 2559 1840 2614 timore
1881 2558 2120 2614 converti

538 2642 607 2700 ad
630 2647 1053 2718 cognoscendam
1080 2649 1194 2718 ejus
1222 2649 1546 2704 voluntatem
1570 2690 1586 2716 ,
1614 2648 1740 2719 quid
1767 2648 1920 2703 nobis
1956 2664 2119 2718 appe-

539 2736 756 2792 tendum
798 2737 1210 2809 fugiendumque
1249 2740 1538 2810 prtecipiat.
1589 2739 1771 2794 Timor
1814 2748 1990 2794 autem
2022 2741 2122 2798 iste

538 2827 911 2897 cogitationem
931 2828 999 2884 de
1025 2837 1206 2885 nostra
1241 2830 1563 2884 mortalitate
1587 2835 1640 2884 et
1665 2829 1732 2884 de
1758 2829 1928 2885 futura
1953 2840 2124 2890 morte

539 2931 761 2974 necesse
779 2925 864 2975 est
889 2919 1128 2986 incutiat,
1159 2927 1216 2976 et
1241 2921 1393 2990 quasi
1415 2921 1638 2975 clavatis
1665 2921 1914 2977 carnibus
1938 2937 2124 2980 omnes

538 3009 803 3081 superbia:
829 3017 1006 3066 motus
1030 3010 1175 3082 ligno
1199 3011 1374 3067 crucis
1399 3011 1595 3082 aftigat.
1621 3012 1821 3068 Deinde
1846 3014 2127 3072 mitescere

535 3113 670 3170 opus
697 3105 782 3156 est
809 3099 1006 3170 pietate
1027 3141 1046 3170 ,
1073 3114 1249 3171 neque
1272 3099 1637 3157 contradicere
1665 3100 1857 3158 divina:
1882 3102 2122 3173 Scriptu-

536 3203 612 3244 ra:
641 3191 754 3244 sive
773 3188 1074 3258 intellectae,
1103 3191 1146 3247 si
1177 3190 1350 3261 aliqua
1375 3191 1500 3246 vitia
1525 3199 1704 3246 nostra
1733 3193 1986 3261 percutit;
2009 3191 2122 3250 sive

538 3293 646 3332 non
668 3279 968 3345 intellectae,
986 3279 1136 3349 quasi
1153 3293 1251 3334 nos
1270 3280 1459 3334 melius
1479 3294 1666 3349 sapere
1687 3279 1979 3350 meliusque
1996 3296 2123 3350 prae-

537 3371 584 3425 ci
591 3387 716 3442 pere
735 3373 750 3403 ί
770 3372 1032 3442 possimus
1051 3389 1064 3425 :
1084 3372 1176 3428 sed
1193 3374 1425 3443 cogitare
1443 3373 1615 3442 potius
1631 3380 1684 3428 et
1701 3373 1920 3428 credere
1934 3373 1986 3428 id
2003 3389 2122 3430 esse

538 3460 729 3516 melius
754 3469 809 3516 et
832 3463 1006 3518 verius
1024 3462 1166 3533 quod
1195 3463 1268 3518 ibi
1292 3463 1546 3533 scriptum
1574 3471 1674 3530 est,
1694 3465 1851 3520 etiam
1873 3465 1920 3520 si
1934 3465 2116 3532 lateat,

538 3567 695 3623 quam
723 3553 775 3608 id
803 3553 943 3623 quod
978 3568 1076 3608 nos
1107 3569 1201 3624 per
1229 3554 1584 3624 nosmetipsos
1611 3569 1798 3624 sapere
1822 3571 2118 3625 possumus.

609 3643 697 3698 10.
738 3642 865 3698 Post
885 3644 1018 3699 istos
1042 3643 1174 3699 duos
1197 3644 1390 3714 gradus
1414 3644 1618 3700 timoris
1641 3653 1799 3716 atque
1821 3647 2032 3716 pietatis
2054 3647 2123 3703 ad

541 3733 752 3789 tertium
779 3735 990 3790 venitur
1019 3735 1255 3790 scientiae
1279 3735 1531 3806 gradum,
1561 3735 1627 3791 de
1661 3752 1766 3807 quo
1795 3753 1936 3793 nunc
1964 3754 2123 3810 agere

539 3825 761 3880 institui.
789 3825 919 3880 Nam
948 3827 1002 3880 in
1029 3841 1096 3881 eo
1125 3841 1184 3882 se
1209 3833 1426 3883 exercet
1450 3827 1628 3882 omnis
1652 3827 1948 3884 divinarum
1980 3829 2123 3885 Scri-

539 3927 813 3988 pturarum
834 3918 1119 3984 studiosus,
1143 3920 1273 3974 nihil
1296 3921 1346 3974 in
1369 3919 1446 3975 eis
1468 3919 1610 3974 aliud
1635 3919 1947 3976 inventurus
1963 3937 2121 3991 quam

539 4011 860 4082 diligendum
890 4027 1009 4068 esse
1036 4013 1201 4067 Deum
1248 4021 1466 4082 propter
1501 4013 1668 4068 Deum
1689 4055 1704 4080 ,
1735 4021 1788 4068 et
1823 4013 2122 4084 proximum

539 4113 756 4174 propter
785 4105 986 4159 Deum:
1014 4113 1069 4160 et
1101 4103 1248 4158 illum
1295 4103 1506 4174 quidem
1551 4119 1615 4159 ex
1664 4112 1776 4159 toto
1818 4104 2014 4170 corde,
2057 4118 2124 4158 ex

540 4203 647 4250 tota
685 4197 893 4262 anima,
927 4211 994 4250 ex
1043 4204 1149 4250 tota
1189 4204 1366 4250 mente
1386 4195 1964 4266 diligere;proximum
1997 4209 2124 4249 vero

541 4297 789 4358 tanquam
828 4287 1061 4356 seipsum
1096 4285 1319 4358 (Matth.
1374 4302 1521 4352 xm,
1572 4286 1640 4341 '57
1670 4285 1802 4341 c139
1831 4285 1884 4355 ),
1925 4284 1978 4339 id
2020 4292 2120 4352 est,

544 4390 603 4434 ut
631 4388 738 4435 tota
769 4381 1014 4450 proximi,
1045 4379 1180 4434 sicut
1205 4379 1368 4434 etiam
1399 4378 1563 4434 nostri
1588 4417 1604 4444 ,
1631 4377 1840 4432 dilectio
1864 4375 2124 4431 referatur

541 4472 597 4527 in
628 4471 814 4527 Deum.
853 4471 925 4526 De
949 4469 1140 4540 quibus
1165 4469 1372 4525 duobus
1402 4468 1699 4539 praeceptis,
1729 4482 1849 4522 cum
1873 4465 1938 4521 de
1968 4466 2125 4521 rebus

545 4577 854 4632 ageremus,
884 4562 1019 4616 libro
1058 4561 1332 4632 superiore
1369 4560 1730 4615 tractavimus.
1775 4557 2002 4613 Necesse
2043 4566 2126 4612 est

545 4669 691 4724 ergo,
721 4661 776 4708 ut
800 4652 972 4722 primo
993 4668 1050 4707 se
1070 4652 1292 4722 quisque
1317 4651 1367 4705 in
1391 4649 1676 4720 Scripturis
1698 4648 1925 4703 inveniat
1944 4662 2127 4704 amore

546 4744 703 4814 hujus
719 4743 916 4808 saeculi,
935 4742 1036 4797 hoc
1052 4750 1150 4804 est,
1173 4741 1540 4812 temporalium
1556 4753 1754 4804 rerum,
1777 4737 2120 4807 implicatum,

547 4837 703 4906 longe
727 4833 1020 4904 sejunctum
1040 4848 1156 4888 esse
1179 4847 1208 4886 a
1233 4839 1381 4887 tanto
1401 4844 1583 4885 amore
1603 4828 1760 4882 Deiet
1781 4835 1926 4882 tanto
1946 4841 2127 4882 amore

548 4924 793 4996 proximi,
813 4931 1065 4994 quantum
1085 4921 1356 4991 Scriptura
1381 4921 1493 4990 ipsa
1510 4917 1823 4989 praescribit.
1841 4915 1975 4970 Tum
2001 4930 2127 4970 vero

451 5031 453 5033 ‘
547 5017 639 5072 ille
664 5018 821 5074 timor
841 5031 946 5087 quo
968 5016 1168 5086 cogitat
1189 5014 1255 5069 de
1277 5012 1478 5083 judicio
1505 5010 1620 5078 Dei,
1641 5019 1696 5064 et
1718 5009 1804 5063 illa
1831 5009 2001 5079 pietas
2024 5024 2127 5079 qua

546 5125 652 5166 non
670 5117 845 5181 potest
857 5110 955 5163 nisi
973 5109 1196 5163 credere
1213 5115 1267 5160 et
1291 5104 1483 5160 cedere
1505 5101 1803 5158 auctoritati
1822 5111 2126 5156 sanctorum

548 5203 845 5266 Librorum,
862 5200 1000 5272 cogit
1015 5215 1134 5254 eum
1159 5198 1395 5267 seipsum
1417 5195 1613 5264 lugere.
1636 5191 1769 5247 Nam
1785 5192 1884 5247 ista
1909 5192 2127 5247 scientia

550 5296 700 5351 bona:
715 5293 828 5365 spei
845 5293 1114 5349 hominem
1134 5305 1236 5344 non
1251 5304 1309 5344 se
1317 5289 1624 5358 jactantem,
1645 5284 1737 5341 sed
1755 5285 2128 5339 lamentantem

548 5388 675 5444 facit
703 5405 715 5441 :
745 5401 852 5458 quo
877 5384 1068 5440 affectu
1095 5383 1342 5452 impetrat
1379 5378 1576 5434 sedulis
1613 5377 1858 5447 precibus
1883 5375 2127 5431 consola-

550 5481 748 5536 tionem
775 5476 938 5534 divini
962 5473 1206 5546 adjutorii
1226 5514 1241 5540 ,
1270 5487 1340 5527 ne
1364 5469 1734 5540 desperatione
1761 5468 2049 5538 frangatur,
2075 5474 2129 5522 et

551 5586 672 5629 esse
697 5568 882 5640 incipit
906 5567 962 5622 in
1003 5573 1190 5635 quarto
1209 5563 1396 5634 gradu,
1426 5560 1529 5618 hoc
1553 5567 1636 5616 est
1659 5558 1998 5626 fortitudinis,
2025 5572 2128 5628 quo

513 5703 519 5708 ι
551 5663 780 5722 esuritor
807 5667 860 5716 et
885 5657 1060 5714 sititur
1081 5655 1303 5727 iustitia.
1336 5653 1446 5709 Hoc
1481 5653 1623 5710 enim
1660 5651 1851 5727 affectu
1889 5651 1958 5708 ab
1984 5648 2128 5706 omni

617 5775 637 5806 ι
660 5777 761 5822 Am.
788 5777 840 5823 et
860 5774 1065 5836 quatuor
1083 5774 1212 5831 llas,
1237 5765 1505 5834 Percipere.

2214 438 2482 494 mortifera
2503 440 2830 510 jucunditate
2855 455 3032 496 rerum
3070 441 3453 513 transeuntium
3482 458 3609 503 sese
3633 452 3793 502 extra

2215 529 2324 597 bit,
2354 539 2407 585 et
2458 531 2580 586 inde
2630 547 2690 586 se
2740 540 2984 587 avertens
3011 535 3290 605 convertit
3335 536 3402 591 ad
3447 538 3804 594 dilectionem

2213 629 2531 676 aeternorum
2552 664 2567 690 ,
2599 622 3083 680 incommutabilem
3123 625 3323 681 scilicet
3345 629 3607 684 unitatem
3647 642 3807 683 eam-

2213 713 2442 785 demque
2467 713 2796 770 Trinitatem.

2287 810 2374 862 11.
2415 808 2581 876 Quam
2602 809 2693 863 ubi
2718 808 3000 879 aspexerit,
3024 819 3278 880 quantum
3295 821 3490 882 potest,
3513 815 3569 868 in
3597 814 3813 883 longiu-

2215 913 2317 970 qua
2344 898 2655 966 radiantem,
2686 900 2870 970 suique
2897 910 3143 970 aspectus
3181 901 3487 959 inﬁrmitate
3529 904 3814 960 sustinere

2215 1004 2273 1044 se
2297 989 2439 1044 illam
2462 989 2631 1044 lucem
2651 1004 2759 1044 non
2780 1003 2934 1060 posse
2955 993 3306 1061 persenserit;
3330 993 3382 1049 in
3403 995 3592 1064 quinto
3614 993 3812 1066 gradu,

2215 1077 2318 1133 hoc
2359 1087 2440 1134 est
2469 1079 2521 1133 in
2549 1079 2772 1134 consilio
2801 1079 3210 1150 misericordiae,
3236 1092 3426 1155 purgat
3447 1086 3691 1139 animam
3721 1094 3814 1139 tu-

2215 1169 2564 1225 multuantem
2593 1171 2982 1240 quodammodo
3002 1182 3160 1242 atque
3180 1163 3577 1245 obstrepentem
3607 1174 3716 1230 sibi
3743 1174 3818 1232 de

2216 1260 2451 1331 appetitu
2480 1259 2788 1317 inferiorum
2831 1263 3104 1333 conceptis
3145 1264 3408 1320 sordibus.
3448 1266 3548 1322 Hic
3579 1281 3719 1322 vero
3751 1281 3818 1323 se

2216 1353 2267 1408 in
2320 1352 2602 1409 dilectione
2638 1355 2887 1427 proximi
2932 1357 3172 1428 gnaviter
3220 1368 3466 1424 exercet,
3520 1359 3580 1414 in
3633 1372 3816 1430 eaque

2215 1444 2521 1514 perﬁcitur;
2571 1452 2626 1499 et
2673 1459 2767 1515 spe
2812 1445 2921 1515 jam
2969 1447 3156 1515 plenus
3210 1455 3368 1519 atque
3419 1449 3630 1520 integer
3674 1446 3815 1516 viri-

2216 1537 2336 1605 bus,
2376 1553 2495 1593 cum
2534 1539 2833 1608 pervenerit
2861 1553 3026 1610 usque
3062 1539 3129 1596 ad
3173 1540 3373 1596 inimici
3427 1541 3811 1608 dilectionem,

2217 1631 2454 1688 ascendit
2496 1633 2551 1686 in
2598 1642 2805 1687 sextum
2843 1633 3086 1704 gradum,
3117 1633 3204 1689 ubi
3238 1635 3348 1704 jam
3372 1634 3544 1705 ipsum
3588 1635 3815 1690 oculum

2217 1731 2425 1792 purgat,
2455 1737 2560 1792 quo
2583 1713 2750 1778 videri
2778 1723 2917 1779 Deus
2947 1733 3138 1794 potest,
3163 1734 3413 1796 quantum
3436 1735 3615 1797 potest
3643 1725 3717 1780 ab
3746 1725 3816 1780 iis

2218 1813 2307 1884 qui
2331 1813 2453 1869 huic
2477 1813 2674 1868 saeculo
2701 1815 2998 1870 moriuntur
3034 1826 3287 1886 quantum
3315 1825 3554 1886 possunt.
3588 1817 3728 1872 Nam
3757 1817 3815 1872 in

2221 1912 2422 1960 tantum
2464 1904 2665 1970 vident,
2699 1906 2749 1959 in
2778 1915 3036 1976 quantum
3080 1907 3376 1962 moriuntur
3413 1893 3537 1962 huic
3567 1906 3813 1972 saeculo;

2219 1995 2274 2050 in
2302 2005 2555 2065 quantum
2594 2005 2771 2051 autem
2816 1997 2939 2051 huic
2978 1997 3180 2063 vivunt,
3222 2012 3325 2051 non
3357 1996 3558 2052 vident.
3589 1996 3662 2051 Et
3688 1995 3817 2053 ideo

2219 2088 2458 2164 quamvis
2489 2087 2599 2158 jam
2636 2088 2848 2154 certior,
2877 2095 2932 2143 et
2969 2103 3074 2143 non
3112 2089 3282 2143 solum
3327 2087 3684 2154 tolerabilior,
3717 2087 3818 2143 sed

2219 2179 2375 2233 etiam
2400 2178 2684 2248 jucundior
2712 2179 2914 2248 species
2938 2178 3070 2234 lucis
3099 2178 3240 2234 illius
3266 2178 3482 2249 incipiat
3508 2192 3815 2248 apparere;

2221 2268 2273 2322 in
2303 2269 2580 2338 aenigmate
2609 2268 2781 2324 adhuc
2809 2278 2985 2324 tamen
3005 2277 3060 2324 et
3094 2285 3189 2338 per
3217 2257 3488 2339 speCulum
3523 2269 3701 2324 videri
3729 2269 3816 2323 di-

2220 2359 2356 2414 citur
2383 2358 2422 2430 (l
2440 2358 2555 2414 Cor.
2578 2376 2691 2427 xm,
2716 2358 2850 2432 12,),
2880 2362 3002 2431 quia
3025 2354 3190 2430 magis
3211 2375 3307 2430 per
3331 2358 3492 2415 ﬁdem
3525 2374 3689 2430 quam
3718 2375 3818 2432 per

2221 2451 2452 2520 speciem
2499 2451 2830 2518 ambulatur,
2873 2465 2992 2505 cum
3039 2451 3090 2506 in
3133 2450 3232 2505 hac
3268 2451 3374 2505 vita
3403 2451 3822 2522 peregrinamur

2223 2537 2289 2610 (Il
2317 2539 2432 2594 Cor.
2463 2556 2515 2607 v,
2551 2540 2603 2604 6,
2633 2541 2723 2612 7),
2752 2541 2990 2611 quamvis
3015 2541 3468 2597 conversationem
3515 2541 3819 2598 habeamus

2224 2633 2276 2687 in
2304 2633 2456 2689 ccelis
2483 2631 2739 2705 (Philipp.
2783 2650 2858 2700 ut,
2889 2633 3004 2704 20.)
3036 2634 3092 2688 In
3139 2634 3240 2688 hoc
3287 2642 3466 2688 autem
3525 2634 3700 2706 gradu
3747 2635 3821 2690 ita

2227 2733 2415 2795 purgat
2457 2725 2666 2780 oculum
2702 2724 2912 2793 cordis,
2946 2733 3002 2780 ut
3023 2725 3230 2781 veritati
3267 2740 3337 2803 ne
3373 2725 3554 2794 ipsum
3600 2726 3819 2796 quidem

2226 2817 2470 2888 praeferat
2505 2826 2594 2872 aut
2637 2816 2872 2872 conferat
2905 2818 3235 2888 proximum;
3263 2833 3390 2888 ergo
3418 2833 3520 2874 nec
3549 2817 3814 2889 seipsum,

2225 2909 2348 2978 quia
2378 2923 2476 2963 nec
2503 2907 2648 2962 illum
2686 2923 2844 2979 quem
2882 2908 3052 2980 diligit
3089 2910 3224 2964 sicut
3249 2910 3506 2979 seipsum.
3539 2910 3658 2964 Erit
3684 2924 3818 2980 ergo

2227 2997 2328 3054 iste
2373 3006 2588 3054 sanctus
2633 3005 2742 3053 tam
2778 2998 3006 3069 simplici
3051 2999 3211 3055 corde
3246 3007 3406 3068 atque
3432 2999 3713 3066 mundata,
3755 3007 3820 3056 ut

2227 3105 2405 3164 neque
2423 3090 2726 3147 hominibus
2743 3088 2984 3160 placendi
3006 3089 3179 3146 studio
3203 3087 3583 3158 deturqueatur
3600 3103 3635 3144 a
3652 3103 3806 3160 vero,

2222 3194 2324 3234 nec
2353 3188 2598 3250 respectu
2627 3179 3027 3234 devitandorum
3053 3179 3410 3250 quorumlibet
3435 3179 3812 3237 incommodo-

2223 3284 2340 3324 rum
2368 3285 2584 3324 suorum
2604 3311 2619 3336 ,
2645 3286 2763 3340 qua
2791 3269 3136 3325 adversantur
3161 3270 3284 3326 huic
3309 3270 3452 3344 vitae.
3491 3270 3638 3327 Talis
3667 3272 3811 3329 ﬁlius

2223 3360 2461 3416 ascendit
2491 3361 2558 3415 ad
2595 3362 2928 3430 sapientiam,
2968 3376 3084 3430 qua:
3130 3361 3313 3415 ultima
3359 3368 3413 3416 et
3449 3361 3677 3430 septima
3701 3372 3810 3438 est,

2223 3467 2324 3523 qua
2366 3461 2582 3522 pacatus
2623 3453 3041 3524 tranquillusque
3080 3451 3386 3522 perfruitur.
3418 3452 3631 3508 Initium
3663 3454 3810 3510 enim

2223 3545 2494 3616 sapientiae
2521 3545 2679 3601 timor
2694 3545 2900 3600 Domini
2924 3543 3093 3618 (Psat.
3117 3561 3209 3614 cx,
3230 3546 3318 3613 10,
3341 3553 3390 3600 et
3415 3545 3582 3602 Eccli.
3615 3563 3633 3602 ι
3657 3588 3673 3616 ,
3692 3548 3806 3620 16).

2225 3636 2306 3692 Ab
2355 3637 2444 3692 illo
2488 3639 2628 3692 enim
2655 3653 2820 3708 usque
2847 3637 2914 3692 ad
2948 3638 3114 3708 ipsam
3156 3651 3250 3708 per
3279 3638 3377 3693 hos
3404 3638 3601 3710 gradus
3628 3639 3811 3697 tendi-

2225 3736 2311 3784 tur
2329 3770 2343 3797 ,
2376 3737 2430 3784 et
2456 3729 2680 3784 venitur.
3127 3721 3131 3727 “

2551 3820 2776 3877 CAPUT
2806 3820 2939 3876 VIII.
2961 3852 3032 3862 —
3046 3821 3186 3876 Libri
3205 3823 3450 3877 canonici.

2297 3912 2384 3968 12.
2425 3912 2529 3968 Sed
2552 3926 2650 3967 nos
2672 3911 2742 3967 ad
2764 3912 2973 3967 tertium
3002 3913 3148 3968 illum
3175 3915 3393 3985 gradum
3423 3915 3809 3973 consideratio-

2226 4019 2347 4060 nem
2377 4002 2667 4058 referamus
2689 4044 2704 4069 ,
2731 4003 2796 4058 de
2819 4018 2926 4073 quo
2951 4003 3211 4059 disserere
3236 4004 3374 4074 quod
3399 4005 3656 4061 Dominus
3681 4021 3808 4078 sug-

2224 4097 2478 4168 gesserit,
2508 4105 2668 4168 atque
2710 4104 2933 4151 tractare
2958 4096 3299 4152 instituimus.
3335 4097 3452 4152 Erit
3479 4098 3640 4169 igitur
3668 4099 3806 4154 divi-

2225 4205 2411 4244 narum
2426 4188 2812 4258 Scripturarum
2831 4187 3211 4244 solertissimus
3222 4189 3517 4260 indagator,
3531 4190 3623 4260 qui
3635 4191 3810 4260 primo

2198 4311 2202 4313 >
2229 4289 2367 4335 totas
2393 4280 2597 4348 legerit,
2626 4287 2886 4348 notasque
2913 4277 3194 4346 habuerit,
3225 4289 3280 4335 et
3306 4280 3352 4334 si
3381 4280 3621 4345 nondum
3651 4282 3809 4338 intel-

2227 4371 2369 4427 lectu
2389 4413 2403 4436 ,
2428 4372 2535 4441 jam
2568 4379 2741 4426 tamen
2777 4371 3004 4426 lectione
3027 4412 3043 4438 ,
3070 4371 3324 4426 duntaxat
3352 4386 3442 4428 eas
3467 4387 3591 4442 quae
3628 4374 3810 4444 appel-

2227 4465 2402 4520 lantur
2453 4465 2738 4519 canonicae.
2787 4463 2919 4519 Nam
2968 4472 3187 4519 exteras
3231 4464 3470 4519 securius
3519 4464 3663 4536 leget
3705 4465 3810 4521 ﬁde

2229 4556 2468 4613 veritatis
2497 4556 2781 4611 instructus
2798 4595 2814 4622 ,
2853 4570 2921 4609 ne
2943 4563 3316 4625 prazoccupent
3341 4555 3663 4610 imbecillem
3687 4555 3806 4610 ani-

2229 4664 2393 4715 mum,
2427 4655 2481 4702 et
2522 4645 2832 4717 periculosis
2855 4644 3144 4701 mendaciis
3168 4653 3326 4715 atque
3352 4644 3807 4716 phantasmatibus

2229 4741 2503 4796 eludentes
2529 4737 2874 4809 praejudicent
2913 4736 3111 4808 aliquid
3155 4744 3336 4792 contra
3379 4751 3565 4792 sanam
3598 4734 3807 4801 intelli-

2227 4831 2479 4901 gentiam.
2511 4829 2566 4884 ln
2592 4828 2859 4884 canonicis
2888 4835 3062 4883 autem
3092 4826 3406 4897 Scripturis,
3441 4825 3805 4882 Ecclesiarum

2229 4912 2608 4978 catholicarum
2629 4919 3016 4990 quamplurium
3030 4918 3390 4975 auctoritatem
3409 4928 3694 4990 sequatur;
3718 4921 3806 4974 in-

2232 5027 2313 5073 ter
2341 5031 2472 5087 quas
2492 5029 2621 5070 sane
2647 5014 2750 5068 illae
2779 5014 2904 5079 sint,
2926 5028 3046 5082 quae
3073 5012 3386 5082 apostolicas
3411 5011 3580 5066 Sedes
3607 5010 3807 5068 habere

2231 5115 2285 5163 ct
2309 5105 2575 5176 Epistolas
2600 5104 2842 5174 accipere
2867 5111 3192 5156 meruerunt.
3222 5100 3443 5155 Tenebit
3479 5099 3640 5171 igitur
3665 5099 3807 5156 hunc

2232 5198 2447 5254 modum
2477 5197 2529 5251 in
2553 5193 2840 5265 Scripturis
2867 5191 3133 5248 canonicis
3157 5232 3172 5255 ,
3199 5200 3258 5246 ut
3285 5206 3376 5247 eas
3399 5207 3517 5262 quae
3544 5192 3612 5247 ab
3636 5193 3802 5248 omni.

2233 5292 2332 5346 bus
2353 5289 2678 5359 accipiuntur
2696 5284 2944 5340 Ecclesiis
2962 5282 3257 5349 catholicis,
3279 5290 3553 5354 praeponat
3573 5284 3648 5338 eis
3674 5297 3806 5354 quas

2231 5381 2475 5453 quaedam
2505 5393 2611 5434 non
2639 5375 2943 5445 accipiunt:
2977 5373 3029 5428 in
3067 5373 3145 5428 eis
3179 5388 3307 5429 vero
3354 5388 3472 5444 qua:
3512 5389 3619 5429 non
3661 5373 3803 5429 acci-

2192 5505 2194 5508 ν
2235 5473 2446 5544 piuntur
2471 5469 2539 5524 ab
2582 5467 2827 5523 omnibus
2847 5507 2861 5533 ,
2893 5473 3167 5536 praeponat
3204 5479 3294 5520 eas
3318 5480 3448 5536 quas
3472 5465 3648 5536 plures
3685 5478 3807 5535 gra-

2233 5567 2514 5634 vioresque
2542 5560 2843 5631 accipiunt,
2877 5560 2955 5614 eis
2997 5574 3127 5630 quas
3170 5560 3444 5631 pauciores
3483 5557 3804 5628 minorisque

2234 5654 2559 5711 auctoritatis
2584 5651 2836 5708 Ecclesiae
2864 5658 3064 5708 tenent.
3103 5651 3159 5706 Si
3184 5660 3360 5707 autem
3389 5651 3518 5705 alias
3546 5646 3803 5703 invenerit

2234 5764 2268 5802 λ
2290 5745 2545 5818 pluribus,
2576 5744 2708 5802 alias
2736 5759 2766 5799 a
2791 5743 3122 5815 gravioribus
3148 5742 3352 5809 haberi,
3380 5753 3676 5812 quanquam
3702 5737 3800 5791 hoc
