4060 6518
229 426 290 483 ιι
1157 439 1165 445 ·
1568 422 1773 480 LIBER
1806 424 1820 481 ξ

1924 422 2185 481 IUNDUS.
2570 417 2577 424 ’
3424 428 3490 487 ﬂ

226 533 386 591 facile
410 535 648 592 invenire
674 550 781 593 non
812 536 1009 615 possit,
1038 536 1255 609 aqualis
1282 543 1459 595 tamen
1485 538 1809 596 auctoritatis

227 646 321 686 eas
347 630 623 685 habendas
646 640 795 701 puto.

300 724 392 778 l3.
431 722 599 779 Totus
622 734 802 780 autem
822 738 990 779 canon
1011 722 1424 795 Scripturarum,
1448 725 1499 781 in
1527 742 1632 797 quo
1655 726 1811 782 istam

225 816 714 872 considerationem
734 816 1047 872 versandam
1091 816 1333 883 dicimus,
1358 817 1442 872 his
1468 818 1619 873 libris
1639 818 1810 873 conti-

226 916 387 962 netur
412 908 486 978 (α)
511 925 524 960 :
552 907 798 979 Quinque
826 908 1066 979 Moyseos
1086 947 1104 974 ,
1145 907 1197 962 id
1230 917 1313 963 est
1333 907 1525 965 Genesi
1546 951 1560 971 ,
1590 909 1808 977 Exodo,

228 1000 504 1066 Levitico,
534 1000 811 1066 Numeris,
844 1000 1282 1065 Deuteronomio;
1310 1008 1365 1055 et
1391 1016 1495 1055 uno
1520 1000 1654 1055 libro
1684 1000 1811 1055 Jesu

228 1092 395 1156 Nave,
422 1108 529 1147 uno
568 1091 847 1157 Judicum,
878 1107 981 1145 uno
1010 1091 1188 1145 libello
1212 1092 1300 1162 qui
1326 1092 1620 1161 appellatur
1646 1092 1807 1159 Ruth,

229 1183 316 1251 qui
342 1183 513 1251 magis
533 1181 601 1236 ad
620 1181 920 1251 Regnorum
938 1180 1282 1252 principium‘
1299 1182 1504 1237 videtur
1517 1184 1808 1251 pertinere;

230 1272 425 1328 deinde
444 1282 674 1342 quatuor
698 1272 1023 1342 Regnorum,
1051 1282 1103 1327 et
1123 1271 1328 1327 duobus
1350 1273 1808 1342 Paralipomenon,

230 1382 335 1420 non
364 1366 816 1435 consequentibus
839 1406 854 1431 ,
890 1365 984 1419 sed
1028 1366 1176 1435 quasi
1203 1381 1232 1420 a
1260 1366 1424 1423 latere
1452 1368 1712 1438 adjunetis
1739 1369 1812 1423 si-

231 1456 445 1527 mulque
487 1454 847 1525 pergentibus.
880 1455 1008 1509 Haec
1042 1465 1125 1510 est
1164 1455 1381 1512 historia
1401 1499 1416 1523 ,
1458 1474 1576 1529 quae
1603 1460 1814 1515 sibimet

230 1567 433 1605 annexa
462 1561 704 1620 tempora
733 1549 987 1615 continet,
1016 1559 1173 1620 atque
1193 1551 1431 1607 ordinem
1453 1568 1628 1608 rerum
1653 1570 1665 1606 :
1689 1562 1813 1608 sunt

233 1643 343 1696 alia:
375 1653 623 1712 tanquam
653 1656 716 1695 ex
744 1641 958 1696 diverso
998 1642 1204 1707 ordine,
1233 1658 1350 1713 qua:
1376 1658 1547 1713 neque
1575 1644 1695 1700 huic
1720 1661 1811 1699 or-

234 1734 357 1797 dini,
403 1749 577 1803 neque
621 1732 759 1787 inter
798 1748 857 1787 se
896 1742 1302 1800 connectuntur,
1346 1735 1481 1789 sicut
1504 1745 1587 1791 est
1610 1735 1729 1802 Job,
1758 1746 1814 1792 et

234 1824 438 1890 Tobias,
487 1836 543 1880 et
582 1823 795 1889 Esther,
825 1832 881 1879 et
922 1824 1138 1893 Judith,
1166 1836 1218 1881 et
1243 1826 1663 1883 Machabaeorum
1690 1829 1811 1883 libri

234 1916 353 1982 duo,
386 1924 441 1970 et
468 1914 654 1968 Esdra:
681 1915 786 1968 duo
805 1956 821 1979 ,
851 1916 942 1985 qui
967 1916 1135 1986 magis
1169 1916 1418 1987 subsequi
1451 1917 1693 1973 videntur
1721 1935 1811 1973 or-

233 2009 460 2062 dinatam
492 2006 638 2059 illam
668 2004 947 2059 historiam
977 2021 1144 2076 usque
1172 2006 1238 2061 ad
1267 2007 1570 2077 Regnorum
1601 2011 1678 2064 vel
1708 2010 1809 2064 Pa-

237 2102 597 2169 ralipomenon
623 2096 988 2151 terminatam:
1011 2096 1204 2153 deinde
1224 2098 1521 2168 Propheue,
1548 2099 1814 2170 inquibus

239 2193 391 2247 David
422 2207 561 2245 unus
587 2189 723 2244 liber
746 2189 1112 2256 Psalmorum;
1139 2201 1193 2246 et
1207 2190 1505 2247 Salomonis
1535 2202 1661 2257 tres,
1683 2193 1815 2248 Pro-

234 2287 553 2349 verbiorum,
581 2286 799 2341 Cantica
824 2286 1173 2351 canticorum,
1203 2295 1258 2341 et
1281 2286 1652 2343 Ecclesiastes.
1680 2287 1812 2342 Nam

236 2377 301 2431 illi
327 2377 433 2430 duo
463 2376 585 2431 libri
611 2418 626 2442 ,
656 2392 790 2432 unus
815 2377 904 2447 qui
932 2376 1202 2447 Sapientia
1226 2419 1241 2445 ,
1270 2387 1325 2433 et
1348 2379 1481 2434 alius
1508 2379 1596 2449 qui
1625 2379 1813 2435 Eccle-

234 2468 469 2522 siasticus
499 2467 825 2536 inscribitur,
854 2468 921 2522 de
945 2467 1170 2538 quadam
1195 2468 1539 2525 similitudine
1568 2470 1815 2526 Salomo-

236 2559 309 2612 nis
331 2574 453 2613 esse
476 2558 727 2614 dicuntur
748 2577 762 2613 :
782 2575 904 2615 nam
921 2559 1076 2614 Jesus
1094 2558 1282 2616 Sirach
1309 2576 1403 2616 eos
1431 2563 1812 2633 conscripsisse

236 2649 659 2704 constantissime
688 2649 998 2721 perhibetur
1022 2649 1097 2721 (ὁ)
1116 2690 1133 2717 ,
1163 2652 1251 2721 qui
1275 2660 1451 2707 tamen
1486 2655 1735 2723 quoniam
1760 2657 1817 2711 in

234 2740 599 2795 auctoritatem
620 2741 783 2810 recipi
808 2749 1152 2807 meruerunt,
1181 2742 1320 2797 inter
1348 2743 1684 2813 propheticos
1710 2761 1816 2801 nu-

236 2831 466 2885 merandi
505 2841 651 2886 sunt.
697 2832 904 2902 Reliqui
941 2840 1065 2886 sunt
1102 2847 1286 2887 eorum
1327 2833 1470 2902 libri,
1489 2835 1578 2904 qui
1609 2836 1818 2906 pr0prie

240 2921 515 2991 Propheta:
558 2923 927 2992 appellantur,
956 2922 1235 2979 duodecim
1274 2924 1655 2994 Prophetarum
1698 2928 1819 2984 libri

236 3014 455 3083 singuli,
504 3015 595 3083 qui
625 3016 851 3069 connexi
889 3014 1120 3079 sibimet,
1157 3014 1403 3084 quoniam
1440 3032 1706 3086 nunquam
1735 3034 1821 3074 se-

240 3106 392 3175 juncti
420 3115 568 3172 sunt,
598 3121 695 3176 pro
724 3122 828 3161 uno
855 3106 1118 3161 habentur
1141 3125 1155 3162 :
1178 3122 1402 3177 quorum
1436 3108 1820 3178 Prophetarum

246 3200 451 3252 nomina
486 3209 612 3252 sunt
642 3198 786 3265 haec,
815 3199 971 3266 Osee,
1004 3198 1141 3264 Joel,
1172 3200 1356 3266 Amos,
1388 3201 1607 3269 Abdias,
1635 3202 1818 3270 Jonas,

238 3290 501 3357 Michatas,
529 3291 760 3357 Nahum,
791 3292 1055 3356 llabacuc,
1086 3293 1413 3362 SOphonias,
1442 3299 1686 3366 Aggmus,
1718 3298 1821 3352 Za-

240 3381 459 3447 charias,
516 3381 838 3436 Malachias:
868 3382 1059 3437 deinde
1106 3394 1330 3454 quatuor
1373 3386 1652 3455 Prophetai
1699 3398 1824 3444 sunt

239 3473 496 3541 majorum
541 3474 887 3539 voluminum,
918 3473 1101 3539 Isaias,
1131 3474 1423 3541 Jeremias,
1455 3478 1655 3545 Daniel,
1684 3480 1821 3536 Eze-

236 3564 393 3620 chiel.
429 3566 527 3619 llis
561 3566 898 3637 quadraginta
938 3577 1162 3636 quatuor
1184 3568 1330 3622 libris
1358 3568 1685 3625 Testamenti
1716 3572 1821 3627 Ve-

246 3657 372 3711 teris
406 3656 717 3711 terminatur
739 3658 1028 3712 auctoritas
1062 3657 1137 3731 (c)
1164 3677 1176 3713 :
1204 3658 1337 3714 Novi
1362 3669 1571 3729 autem,
1600 3673 1825 3732 quatuor

238 3749 383 3805 libris
428 3748 743 3819 Evangelii,
799 3751 1094 3806 secundum
1141 3751 1478 3822 Matthteum,
1532 3756 1823 3812 secundum

240 3838 504 3903 Marcum,
556 3839 844 3894 secundum
896 3840 1131 3906 Lucam,
1191 3844 1481 3899 secundum
1528 3845 1821 3915 Joannem;

240 3930 636 4001 quatuordecim
664 3932 918 4001 Epistolis
948 3933 1098 3988 Pauli
1124 3936 1386 4004 apostoli,
1421 3936 1488 3991 ad
1532 3938 1822 4007 Romanos,

244 4023 303 4076 ad
330 4024 634 4078 Corinthios
678 4012 922 4092 duabus,
954 4025 1021 4079 ad
1060 4025 1274 4081 Galatas
1298 4069 1312 4093 ,
1341 4028 1405 4083 ad
1449 4030 1725 4100 Ephesios,
1757 4032 1827 4088 ad

243 4112 626 4183 Philippenses,
652 4113 719 4167 ad
749 4113 1246 4171 Thessalonicenses
1275 4117 1508 4183 duabus,
1551 4121 1617 4175 ad
1642 4122 1831 4177 Colos-

244 4217 452 4268 senses,
498 4203 565 4257 ad
606 4203 942 4258 Timotheum
985 4206 1209 4270 duabus,
1256 4208 1321 4261 ad
1362 4208 1559 4273 Titum,
1589 4211 1655 4264 ad
1704 4211 1828 4266 Phi-

244 4294 535 4357 lemonem,
583 4293 650 4347 ad
691 4295 970 4358 Hebraeos;
1012 4296 1155 4351 Petri
1193 4297 1428 4364 duabus;
1476 4301 1640 4355 tribus
1666 4300 1829 4357 Joan-

246 4386 347 4450 nis;
385 4401 489 4438 una
530 4383 701 4449 Judie,
748 4394 802 4440 et
828 4402 929 4440 una
956 4386 1168 4454 Jacobi;
1199 4389 1420 4444 Actibus
1448 4391 1824 4462 Apostolorum

246 4478 372 4532 libro
398 4491 509 4531 uno
533 4519 548 4542 ,
579 4486 633 4531 et
659 4479 977 4549 Apocalypsi
997 4479 1216 4537 Joannis
1243 4482 1379 4537 libro
1403 4499 1530 4539 uno.

303 4633 320 4665 ι
345 4635 421 4683 sic
440 4640 553 4684 uss.
578 4641 633 4684 Al
650 4635 786 4697 editi,

817 4718 988 4770 concil.
1013 4732 1075 4769 an
1095 4720 1207 4783 395,
1231 4734 1337 4772 can.
1362 4722 1455 4786 38;
1481 4731 1532 4823 et
1545 4728 1825 4791 Carthag.5,

245 4786 315 4823 an.
342 4786 454 4834 aer,
480 4791 587 4826 am.
611 4786 689 4827 47.
1514 4804 1527 4823 ο

302 4836 372 4899 (b)
400 4837 534 4912 quod
570 4841 742 4912 attingi
765 4841 825 4891 ad
845 4842 1313 4912 sapientiaslibrum,
1340 4860 1433 4897 non
1467 4862 1579 4899 esse
1611 4851 1719 4912 ejus
1734 4864 1828 4901 au-

244 4905 654 4974 ξειοειξηιήίεξξιιιι]Δ
675 4901 822 4952 ﬁlium
843 4901 1183 4974 Sirachfiitlicit
1224 4901 1391 4969 postea
1407 4901 1728 4974 _Augustirius,
1759 4916 1829 4965 uti

242 4959 286 5027 in
312 4958 393 5027 lin.
420 4958 451 5007 2
475 4968 711 5027 Retract.,
726 4977 829 5026 cap.
855 4965 904 5024 4,
929 4980 977 5014 n.
1002 4967 1048 5026 2,
1073 4958 1315 5019 admonet.
1351 4958 1614 5022 Salomonis
1636 4958 1830 5027 nomine

243 5018 401 5095 laudat
424 5028 612 5095 atictor,
637 5018 852 5095 quisquis
885 5018 975 5085 est,
1002 5018 1164 5095 operis
1192 5031 1260 5095 de
1278 5018 1830 5095 Symboloadtcmechu:

242 5094 435 5163 ιρςιὲᾳεὶ
453 5084 613 5163 {th3
699 5084 945 5163 gfi‘moaet
965 5084 1220 5163 Cyprianus
1235 5084 1410 5163 in‘lib.
1432 5094 1497 5144 de
1528 5084 1824 5163 Mortalitate,

246 5143 438 5216 basilius
458 5146 508 5194 in
534 5143 618 5195 lib.
643 5148 675 5196 5
690 5143 861 5216 contra
879 5143 1169 5216 Euno'mium,
1196 5162 1246 5204 et
1268 5157 1442 5216 passim
1466 5143 1832 5213 imb‘iosiiiéi'ii

244 5208 667 5273 Augustinus-non
690 5208 767 5259 hic
804 5217 1003 5271 tantum,
1040 5214 1129 5263 sed
1154 5208 1296 5264 etiam
1334 5218 1382 5265 in
1414 5208 1749 5272 admonitione
1769 5208 1830 5273 ad

242 5267 495 5326 Speculum
533 5269 596 5318 de
634 5268 755 5320 libro
797 5267 1081 5335 Sapientiae,
1114 5274 1346 5327 salomoni
1385 5267 1831 5335 tributum—egisti:

242 5335 353 5385 mat,
389 5336 630 5400 «propter
648 5331 902 5400 quamdam
941 5331 1119 5400 eloquii
1154 5338 1528 5390 similitudinem.
1565 5331 1682 5397 nam
1708 5331 1832 5397 Salo-

248 5405 269 5464 ς
286 5395 452 5464 monis
471 5404 727 5464 non-esse,
750 5395 922 5464 inquit,
942 5395 1055 5464 nihil
1075 5399 1292 5450 dubitant
1318 5404 1499 5464 quique
1515 5395 1752 5457 doctiores
1769 5395 1823 5457 ί»

241 5450 491 5526 additque,
530 5452 660 5502 illius
690 5450 919 5526 quisnam
951 5460 1022 5526 sit
1051 5468 1215 5526 auctor
1252 5450 1361 5526 nonI;
1385 5450 1458 5526 ap;
1477 5450 1831 5519 ifér'él‘iiiér'ol

243 5524 419 5591 ΒΞΨὲ
432 5513 623 5591 FB"?!
642 5513 885 5591 ειὶῖυφθιηθ
906 5521 986 5591 sui
1005 5522 1102 5581 iam
1125 5522 1236 5591 (alim
1260 5513 1428 5591 titulus?
1449 5513 1579 5591 erat]
1597 5513 1832 5591 ἐὲιὶῧεῖἱιῖο

242 5562 524 5643 Salomonis,
545 5562 992 5688 pseudepligraplwn
1005 5562 1240 5645 appellat,

242 5643 503 5688 ISCﬂMllm
527 5650 554 5685 a
575 5646 730 5688 veteri
770 5654 842 5688 us.
861 5649 1006 5688 atque
1024 5645 1171 5688 insins
1193 5645 1352 5688 stilum
1378 5662 1579 5688 nmmum
1601 5651 1833 5688 plnnimn-

242 5643 554 5715 ascriptum}
575 5643 842 5715 veteribus,
861 5649 1006 5704 atque
1024 5643 1171 5715 ipsius
1192 5643 1352 5715 stilum
1377 5662 1581 5711 gramm
1601 5651 1833 5715 eloquen-

244 5698 354 5779 tiam
376 5698 629 5779 redqlqre.
654 5708 769 5749 Sunt
786 5698 1122 5779 jamqiqrmulli
1146 5710 1225 5771 qui
1252 5698 1405 5759 velini
1423 5698 1710 5779 sententias1

242 5754 353 5829 dem
380 5771 445 5829 ex
485 5759 753 5820 salomone,
780 5754 843 5812 ex
882 5765 1073 5829 Philone
1097 5754 1268 5821 aiuiéin'
1289 5754 1833 5829 “dcitié'étioﬁ‘éii

243 5816 552 5887 phrasimue
804 5826 1054 5887 prodiisse.

304 5879 373 5942 (c)
401 5879 607 5933 Beiract'.
634 5883 716 5933 lib.
744 5879 856 5947 2,'c.
883 5888 931 5947 4,
952 5902 999 5937 n.
1026 5890 1074 5939 2.

481 5987 709 6050 SANCT.
746 5992 1023 6055 AUGUST.
1059 5997 1147 6061 ΙΙΙ

2026 536 2249 595 CAPUT
2288 536 2379 595 IX.
2413 568 2485 579 --
2524 539 2635 607 Qua
2673 542 2866 598 ratione
2901 548 3177 600 vacandum
3217 548 3383 603 studio

2547 632 2860 705 {Scriptura

1989 719 2078 775 14.
2118 718 2175 775 ln
2201 719 2285 776 his
2307 721 2550 777 omnibus
2574 723 2723 778 libris
2754 725 2998 782 timentes
3020 728 3190 784 Deum
3215 739 3267 784 et
3293 730 3489 801 pietate

1918 813 2199 878 mansueti,
2246 823 2492 884 quaerunt
2516 816 2838 873 voluntatem
2877 820 2991 874 Dei.
3021 821 3181 890 Cujus
3221 825 3398 893 operis
3435 834 3491 881 et

1916 903 2114 958 laboris
2140 906 2305 974 prima
2331 907 2630 963 observatio
2667 919 2769 975 est,
2809 918 2869 964 ut
2894 910 3144 980 diximus,
3176 929 3332 970 nosse
3360 916 3492 971 istos

1917 992 2099 1058 libros,
2151 995 2254 1049 etsi
2296 996 2533 1051 nondum
2576 997 2642 1051 ad
2685 998 3031 1066 intellectum,
3062 1003 3284 1073 legendo
3315 1015 3489 1062 tamen

1918 1083 2002 1138 vel
2023 1083 2276 1140 mandare
2296 1087 2587 1154 memoriae,
2610 1089 2692 1143 vel
2713 1091 2929 1144 omnino
2952 1092 3245 1162 incognitas
3264 1110 3371 1149 non
3399 1096 3491 1150 ha-

1917 1172 2064 1229 bere.
2098 1175 2298 1231 Deinde
2341 1178 2425 1231 illa
2452 1194 2569 1247 quae
2609 1178 2662 1232 in
2700 1182 2778 1234 eis
2820 1194 3001 1251 aperte
3029 1186 3200 1254 posita
3235 1196 3377 1255 sunt,
3408 1189 3491 1244 vel

1918 1275 2181 1335 praecepta
2211 1267 2441 1333 vivendi,
2464 1268 2547 1322 vel
2577 1271 2770 1339 regulae
2796 1274 3065 1340 credendi,
3098 1276 3350 1332 solertius
3372 1279 3493 1333 dili-

1916 1356 2226 1426 gentiusque
2246 1357 2604 1428 investiganda
2625 1370 2749 1415 sunt
2764 1379 2778 1415 :
2793 1378 2912 1432 qua:
2933 1372 3078 1419 tanto
3102 1368 3323 1437 quisque
3342 1369 3490 1439 plura

1917 1443 2136 1514 invenit,
2158 1456 2354 1517 quanto
2373 1458 2455 1503 est
2480 1449 2836 1521 intelligentia:
2859 1454 2874 1483 ¹
2896 1458 3155 1523 capacior.
3186 1456 3241 1509 lu
3266 1458 3331 1513 iis
3349 1460 3491 1514 enim

1918 1554 2034 1608 qua:
2060 1548 2243 1609 aperte
2262 1541 2318 1595 in
2346 1540 2635 1612 Scripturis
2671 1545 2841 1614 posita
2870 1556 3011 1612 sunt,
3047 1549 3385 1605 inveniuntur
3404 1551 3492 1605 illa

1917 1629 2093 1683 omnia
2126 1646 2244 1700 qua:
2271 1632 2544 1687 continent
2570 1634 2748 1702 Iidem,
2780 1651 3057 1707 moresque
3081 1640 3311 1708 vivendi,
3343 1657 3491 1711 spem

1922 1721 2126 1777 scilicet
2161 1732 2319 1793 atque
2346 1724 2682 1794 charitatem,
2718 1727 2785 1782 de
2813 1729 3003 1799 quibus
3042 1731 3177 1787 libro
3218 1738 3493 1803 superiore

1918 1815 2279 1871 tractavimus.
2321 1817 2454 1872 Tum
2498 1835 2647 1886 vero,
2693 1820 2827 1875 facta
2867 1822 3093 1892 quadam
3137 1826 3492 1884 familiaritate

1919 1923 2040 1962 cum
2069 1908 2180 1977 ipsa
2221 1909 2397 1979 lingua
2426 1912 2723 1967 divinarum
2752 1914 3167 1984 Scripturarum,
3198 1918 3249 1972 in
3286 1935 3347 1974 ea
3376 1936 3496 1990 quan

1884 2044 1885 2047 η
1918 1998 2142 2053 obscura
2168 2010 2291 2053 sunt
2311 2002 2596 2069 aperienda
2618 2014 2668 2058 et
2690 2004 3017 2061 discutienda
3045 2011 3366 2079 pergendum
3389 2022 3495 2082 est,

1920 2099 1975 2143 ut
2014 2090 2079 2144 ad
2109 2090 2447 2148 obscuriores
2474 2094 2767 2150 locutiones
2804 2097 3143 2154 iilustrandas
3172 2102 3237 2156 de
3271 2104 3497 2160 manife-

1917 2181 2171 2236 stioribus
2215 2193 2494 2239 sumantur
2541 2187 2800 2255 exempla,
2850 2197 2905 2244 et
2943 2193 3183 2259 quaedam
3230 2206 3497 2251 certarum

1918 2275 2303 2329 sententiarum
2352 2275 2653 2331 testimonia
2693 2278 3071 2335 dubitationem
3108 2284 3318 2339 incertis
3346 2286 3495 2342 aufe—

1918 2373 2059 2419 rant.
2083 2365 2140 2419 ln
2168 2382 2270 2437 qua
2295 2382 2355 2422 re
2384 2369 2636 2423 memoria
2659 2370 2801 2425 valet
2830 2371 3108 2442 plurimum
3143 2392 3155 2429 :
3186 2392 3304 2447 qua:
3328 2379 3373 2432 si
3401 2379 3499 2434 de-

1918 2454 2102 2523 fuerit,
2128 2472 2233 2511 non
2264 2466 2440 2527 potest
2467 2458 2551 2512 his
2576 2462 2848 2532 princeptis
2876 2463 3011 2519 dari.

1976 2546 2202 2606 CAPUT
2234 2550 2303 2605 Χ.
2325 2581 2395 2590 -
2416 2550 2733 2622 Scripturam
2759 2557 2996 2628 contingit
3022 2572 3119 2612 non
3147 2560 3359 2633 intelligi
3380 2562 3442 2617 ob

2354 2643 2524 2714 ignota
2549 2645 2692 2715 signa
2711 2646 2787 2700 vel
2810 2649 3064 2720 ambigua.

1992 2731 2079 2787 15.
2120 2732 2332 2788 Duabus
2376 2744 2551 2787 autem
2596 2736 2771 2791 causis
2825 2753 2928 2792 non
2976 2739 3338 2810 intelliguntur
3381 2759 3501 2814 qua:

1921 2824 2115 2894 scripta
2144 2833 2287 2893 sunt,
2320 2825 2363 2878 si
2392 2838 2480 2879 aut
2510 2825 2720 2896 ignotis,
2750 2836 2841 2882 aut
2868 2828 3126 2900 ambiguis
3156 2833 3320 2903 signis
3345 2837 3502 2889 obte-

1921 2925 2136 2986 guntur.
2181 2916 2316 2970 Sunt
2352 2926 2527 2971 autem
2557 2919 2699 2987 signa
2728 2919 2808 2973 vel
2845 2923 3077 2991 propria,
3108 2924 3191 2978 vel
3220 2926 3495 2982 translata.

1922 3008 2139 3077 Propria
2160 3009 2430 3077 dicuntur,
2452 3026 2570 3065 cum
2598 3010 2678 3063 his
2694 3012 2851 3066 rebus
2871 3015 3230 3084 significandis
3247 3018 3503 3075 adhiben-

1926 3110 2031 3168 tur,
2056 3111 2270 3171 pr0pter
2290 3117 2421 3171 quas
2442 3113 2565 3156 sunt
2583 3102 2817 3157 instituta
2838 3120 2853 3170 ;
2876 3105 3014 3160 sicut
3035 3106 3261 3163 dicimus
3287 3109 3501 3177 bovem,

1924 3206 2044 3246 cum
2073 3192 2411 3261 intelligimus
2435 3194 2653 3262 pecus',
2695 3194 2836 3264 quod
2867 3211 3051 3252 omnes
3078 3199 3351 3255 nobiscum
3382 3202 3504 3256 lati-

1926 3296 2010 3335 na:
2053 3281 2244 3351 lingua:
2284 3281 2527 3337 homines
2577 3283 2676 3338 hoc
2717 3287 2931 3341 nomine
2968 3299 3177 3343 vocant.
3228 3290 3504 3350 Translata

1925 3381 2070 3437 sunt,
2102 3388 2222 3428 cum
2259 3383 2312 3428 et
2351 3373 2480 3443 ipsa:
2508 3390 2593 3429 res
2622 3391 2755 3445 quas
2784 3380 3010 3447 propriis
3041 3381 3214 3436 verbis
3242 3382 3506 3451 signiﬁca-

1925 3479 2065 3531 mus,
2090 3465 2157 3519 ad
2177 3465 2319 3519 aliud
2338 3466 2532 3535 aliquid
2562 3467 2962 3537 signiﬁcandum
2986 3482 3308 3542 usurpantur
3330 3489 3343 3527 :
3368 3474 3506 3530 sicut

1925 3554 2150 3610 dicimus
2179 3556 2394 3623 bovem,
2425 3565 2479 3611 et
2508 3573 2603 3626 per
2626 3557 2722 3613 has
2749 3558 2883 3614 duas
2909 3560 3142 3632 syllabas
3169 3564 3506 3636 intelligimus

1926 3663 2090 3718 pecus
2123 3648 2265 3720 quod
2314 3652 2415 3705 isto
2454 3652 2669 3707 nomine
2702 3653 2956 3723 appellari
2992 3656 3157 3721 solet;
3190 3658 3285 3713 sed
3321 3674 3508 3714 rursus

1929 3754 2022 3810 per
2039 3739 2168 3795 illud
2194 3756 2353 3810 pecus
2375 3743 2716 3813 intelligimus
2739 3748 3135 3817 evangelistam,
3164 3764 3319 3820 quem
3346 3753 3506 3823 signi-

1928 3831 2105 3887 iicavit
2132 3832 2424 3903 Scriptura,
2455 3835 2833 3905 interpretante
2857 3840 3129 3908 Apostolo,
3165 3842 3369 3912 dicens,
3399 3844 3506 3900 Βοα

1927 3941 2036 3979 vein
2062 3925 2373 3979 triturantem
2396 3943 2495 3980 non
2526 3927 2797 3998 iii/renabis
2824 3928 2868 3999 (l
2887 3928 3002 3984 Cor.
3036 3946 3114 3997 1x,
3143 3932 3220 4003 9).

1927 4014 2155 4071 CAPUT
2193 4015 2284 4072 XI.
2306 4047 2377 4057 —
2405 4017 2471 4073 Ut
2501 4017 2794 4089 ignorantia
2830 4022 3087 4092 signorum
3132 4024 3371 4092 tollatur,
3414 4044 3507 4081 ne-

2000 4109 2216 4162 cessaria
2242 4119 2313 4163 est
2343 4110 2630 4182 linguarum
2660 4113 2898 4183 cognitio,
2937 4130 2997 4168 ac
3026 4118 3302 4186 proraet-tim
3330 4131 3509 4188 graeca!

2000 4209 2047 4254 et
2076 4201 2304 4255 hebrwaz.

2002 4289 2088 4346 l6.
2128 4292 2323 4346 Contra
2342 4293 2516 4364 ignota
2543 4294 2688 4365 signa
2713 4298 2919 4368 propria
2945 4314 3190 4370 magnum
3213 4304 3507 4361 remedium

1931 4389 2014 4438 est
2035 4381 2329 4452 linguarum
2367 4386 2617 4455 cognitio.
2650 4387 2717 4441 Et
2743 4388 2919 4442 latina:
2945 4390 3155 4459 quidem
3188 4393 3379 4463 lingua:
3406 4396 3506 4450 ho-

1930 4475 2122 4541 mines,
2141 4492 2273 4545 quos
2292 4493 2431 4531 nunc
2450 4479 2785 4535 instruendos
2802 4483 3153 4552 suscepimus,
3169 4485 3372 4541 duabus
3388 4487 3508 4543 aliis

1932 4565 2001 4621 ad
2024 4565 2413 4636 Scripturarum
2437 4569 2736 4625 divinarum
2754 4574 3105 4642 cognitionem
3130 4592 3262 4646 Opus
3284 4578 3503 4647 habent,

1933 4657 2144 4712 hebraea
2164 4658 2365 4713 scilicet
2394 4670 2443 4714 et
2462 4676 2631 4729 grteca
2646 4679 2665 4727 ;
2689 4672 2745 4717 ut
2765 4664 2830 4717 ad
2856 4667 3173 4736 exemplaria
3200 4671 3507 4738 praeceden-

1931 4752 2003 4805 tia
2034 4760 2354 4818 recurratur,
2387 4752 2430 4806 si
2460 4769 2615 4823 quam
2645 4754 3025 4812 dubitationem
3056 4760 3293 4815 attulerit
3314 4763 3508 4819 latino-

1931 4862 2049 4901 rum
2078 4850 2421 4915 interpretum
2450 4847 2651 4903 inﬁnita
2684 4851 2930 4905 varietas.
2963 4850 3276 4922 Quanquam
3320 4865 3373 4909 et
3413 4857 3510 4911 he-

1933 4938 2074 4993 braca
2102 4939 2261 4992 verba
2290 4954 2391 4992 non
2424 4940 2764 5012 interpretata
2803 4958 2945 5012 saepe
2972 4944 3301 5001 inveniamus
3347 4948 3400 5001 in
3439 4949 3535 5038 li-.

1936 5028 2065 5095 bris,
2098 5029 2236 5083 sicut
2266 5030 2452 5094 Amen,
2486 5041 2539 5085 et
2569 5032 2814 5099 Alleluia,
2848 5044 2903 5089 et
2932 5033 3129 5101 Racha,
3153 5046 3207 5091 et
3237 5038 3505 5108 llosanna,

1935 5129 1991 5175 et
2017 5121 2061 5175 si
2084 5136 2184 5190 qua
2225 5129 2349 5175 sunt
2381 5122 2481 5176 alia
2512 5140 2525 5176 :
2554 5137 2777 5193 quorum
2814 5129 3000 5196 partim
3029 5139 3246 5200 propter
3277 5132 3509 5187 sanctio-

1934 5206 2048 5267 rem
2096 5215 2483 5282 auctoritatem,
2532 5218 2779 5286 quamvis
2818 5219 3152 5290 iuterpretari
3195 5223 3510 5291 potuissent,

1937 5315 2147 5359 servata
2177 5314 2260 5360 est
2296 5307 2601 5376 antiquitas,
2635 5309 2767 5363 sicut
2802 5317 2886 5364 est
2920 5311 3110 5379 Amen,
3158 5321 3211 5367 et
3248 5313 3509 5383 Alleluia;

1939 5397 2126 5465 partim
2153 5412 2279 5450 vero
2310 5397 2360 5451 in
2388 5397 2546 5451 aliam
2575 5399 2805 5468 linguam
2838 5402 3108 5456 transferri
3136 5418 3240 5457 non
3277 5407 3514 5474 potuisse

1937 5486 2204 5554 dicuntur,
2252 5488 2388 5543 sicut
2427 5488 2525 5543 alia
2556 5489 2664 5547 duo
2700 5508 2818 5561 quae
2861 5494 3150 5562 posuimus.
3194 5494 3330 5551 Sunt
3368 5499 3512 5553 enim

1936 5579 2179 5648 quaedam
2210 5580 2367 5633 verba
2394 5591 2660 5635 certarum
2688 5582 3006 5653 linguarum,
3034 5600 3153 5655 quae
3182 5587 3233 5642 in
3259 5604 3410 5644 usum
3438 5592 3514 5645 ai-

2003 5714 2173 5789 ξξῖλὲἓφὶ,
2198 5711 2652 5789 ἤμειβθεπείαλδῑεε-
2670 5717 2868 5789 aliquot,

2003 5778 2023 5808 ι
2176 5790 2187 5824 :
2204 5775 2331 5848 sicut
2343 5775 2469 5853 :01.th-
2486 5776 2689 5853 dicirnus
2721 5775 2897 5853 uocent,
2913 5775 3216 5853 uitelligiingts
3234 5795 3399 5853 pecus.
3423 5784 3516 5853 {ili-

1940 5846 2203 5907 quot
2229 5837 2354 5907 sicut
2372 5838 2575 5890 dicimus
2605 5839 2843 5907 bovein,_et
2867 5854 3009 5903 pecus
3043 5837 3365 5907 intelligimus.
3391 5846 3513 5897 Alii:

1943 5900 2069 5952 Sicut
2093 5900 2296 5952 dicimus
2322 5900 2498 5963 bouem,
2521 5915 2629 5952 cum
2641 5900 2946 5967 intelling
2968 5917 3129 5966 pecus.

2880 6010 3160 6075 {Deum}
