4060 6452
500 392 577 457 43
1403 376 1491 437 DE
1530 375 1870 436 DOCTRINA
1899 369 2111 431 CHRIS'

2217 371 2332 439 NA,
2373 368 2430 425 s.
2473 365 2839 424 AUGUSTINI
3331 324 3333 326 ’
3449 335 3468 342 “
3716 337 3823 412 “tt

507 514 671 570 terius
706 510 898 580 linguae.
922 519 1020 578 per
1055 498 1544 572 interpretationem
1569 493 1800 550 transire
1828 507 1932 546 non
1959 505 2087 560 pos-

506 608 633 662 sint.
686 603 754 658 Et
798 601 900 655 hoc
944 597 1172 660 maxime
1211 588 1666 660 interiectionibus
1712 583 1922 648 accidit,
1973 596 2090 650 quae

506 698 667 758 verba
703 706 904 750 motum
934 687 1098 752 animi
1130 685 1431 755 signiﬁcant
1459 680 1654 750 potius,
1681 691 1840 746 quam
1867 682 2090 728 senten-

509 793 594 850 tia:
618 785 923 858 conceptre‘
957 783 1114 846 ullam
1145 775 1492 849 particulam;
1519 786 1642 830 nam
1671 778 1725 824 et
1748 770 1863 858 hate
1885 766 1992 820 duo
2013 773 2093 858 ta-

505 861 573 953 lia
604 896 723 944 esse
749 856 1093 952 perhibentur
1124 889 1136 924 :
1169 870 1354 928 dicunt
1377 864 1521 924 enim
1552 861 1730 922 Racha
1768 856 2090 926 mdignantis

509 949 628 1052 esse
654 948 861 1033 vocem.
897 970 1142 1024 llosanna
1170 959 1421 1018 laetantis.
1449 954 1554 1013 Sed
1583 970 1686 1010 non
1726 959 1946 1021 propter
1975 948 2091 1002 haec

471 1043 695 1142 ,pauca,
728 1081 846 1138 qua:
885 1072 1073 1126 notare
1107 1067 1266 1124 atque
1295 1053 1624 1118 interrogare
1647 1043 1958 1100 facillimum
1985 1047 2086 1106 est,

633 1169 846 1242 propter
872 1152 1232 1224 diversitates,
1267 1153 1330 1203 ut
1353 1142 1555 1199 dictum
1585 1146 1688 1205 est,
1718 1137 2088 1202 interpretum,

508 1225 1044 1321 illarum—linguarum
1075 1252 1156 1298 est
1181 1237 1413 1308 cognitio
1445 1230 1765 1287 necessaria.
1811 1226 1911 1292 Qui
1948 1225 2090 1280 enim

508 1345 810 1418 Scripturas
849 1355 916 1396 ex
963 1335 1175 1394 hebrum
1213 1331 1388 1398 lingua
1436 1326 1486 1379 in
1528 1335 1754 1393 graecam
1795 1322 2089 1380 verterunt,

507 1407 777 1500 uulnerari
827 1437 1084 1506 possunt;
1143 1422 1292 1479 latini
1347 1430 1526 1482 autem
1575 1417 1895 1483 interpretes
1947 1407 2093 1462 nullo
2136 1445 2138 1447 -

508 1533 688 1592 modo.
717 1528 788 1585 Ut
811 1501 951 1582 enim
973 1521 1160 1589 cuique
1187 1514 1372 1586 primis
1399 1510 1519 1564 lidei
1544 1506 1871 1574 temporibus
1897 1501 1949 1558 in
1975 1513 2092 1552 ma—

507 1590 612 1679 nus
630 1620 775 1677 venit
793 1617 958 1673 codex
982 1623 1205 1682 graecus,
1229 1614 1284 1662 et
1307 1600 1688 1672 aliquantulum
1711 1593 1974 1649 facultatis
1994 1590 2093 1644 sibi

509 1714 786 1780 utriusque
813 1707 1002 1776 linguae
1041 1701 1238 1766 habere
1261 1693 1562 1754 videbatur,
1613 1701 1773 1742 ausus
1816 1691 1899 1738 est
1927 1681 2095 1735 inter-

510 1801 728 1875 prctari.

507 1860 734 1954 UAPUil"
766 1887 883 1950 XII.
911 1913 981 1925 -—
1005 1880 1279 1938 Diversitas
1313 1871 1783 1954 ituerpretatiauunt
1820 1865 1975 1954 utilis.
2019 1860 2099 1915 Ea:

568 1941 828 2024 521-3011.};
859 1955 1183 2025 antbiguitate
1220 1959 1274 2003 ut
1305 1941 1485 2002 accidit
1516 1958 1652 2009 error
1676 1941 2018 2010 interpretum.

582 2055 669 2110 ΓΙ.
711 2052 840 2121 Quae
880 2047 1095 2118 quidem
1143 2056 1229 2121 res
1273 2040 1391 2119 plus
1429 2034 1630 2108 adjuvit
1671 2027 2096 2098 intelligentiam,

511 2164 670 2221 quam
699 2141 994 2214 impedivit,
1032 2137 1077 2192 si
1103 2117 1260 2195 modo
1279 2117 1523 2204 legentes
1553 2139 1660 2190 non
1691 2123 1797 2188 sint
1830 2117 2101 2188 negligeue

516 2208 617 2296 t-es.
658 2208 792 2294 Nam
839 2229 1119 2287 nonnullas
1163 2222 1499 2280 obscuriores
1543 2213 1834 2274 sententias
1870 2208 2102 2282 plurium

514 2333 756 2396 codicum
780 2341 923 2398 sa'pe
944 2317 1302 2398 manifestavit
1331 2309 1610 2386 inspectio,
1637 2308 1772 2363 sicut
1798 2303 1926 2358 illud
1960 2301 2104 2364 Isaia;

516 2393 788 2494 propheta:
812 2393 949 2472 unus
978 2393 1239 2484 interpres
1266 2408 1358 2477 ait,
1392 2403 1458 2458 Et
1485 2401 1780 2460 domesticos
1810 2393 2014 2460 asininis
2033 2393 2105 2454 tui

518 2485 581 2568 ite
602 2485 926 2590 despexeris;
952 2505 1086 2558 alius
1114 2509 1291 2558 autem
1321 2497 1414 2562 ait,
1443 2493 1511 2564 Et
1537 2507 1738 2550 carnem
1764 2500 1900 2554 tuam
1929 2502 1989 2552 ne
2016 2485 2106 2548 de-

516 2579 740 2676 spereiis
764 2598 917 2676 (lsai.
944 2608 1095 2669 Lvttt,
1124 2589 1179 2669 7)
1202 2607 1215 2642 :
1236 2598 1458 2662 uterque
1477 2583 1692 2648 sibimet
1714 2579 1935 2633 invicem
1969 2584 2106 2629 atte-

517 2669 685 2762 status
723 2669 826 2759 est.
855 2687 1096 2764 Namque
1125 2684 1257 2742 alter
1286 2695 1353 2736 ex
1379 2678 1547 2735 altero
1575 2673 1876 2744 exponitur,
1904 2669 2025 2737 quia
2055 2674 2110 2720 et

519 2804 644 2856 caro
662 2792 842 2860 posset
863 2779 1028 2848 accipi
1049 2775 1284 2852 prOprie,
1307 2779 1364 2825 ut
1381 2782 1572 2838 corpus
1607 2779 1760 2824 suum
1797 2764 2020 2831 quisque
2040 2773 2110 2822 ne

521 2849 839 2956 despiceret,
864 2890 922 2937 se
946 2849 1155 2940 putaret
1181 2862 1548 2923 admonitum;
1576 2865 1630 2912 et
1655 2853 1930 2910 domestici
1951 2849 2112 2916 senii-

434 2951 448 2969 ’
521 2942 914 3041 nis'translate,
953 2958 1237 3026 Christiani
1268 2961 1486 3031 possent
1533 2948 1775 3020 intelligi,
1816 2961 1881 3002 ex
1922 2942 2110 3002 eodem

529 3039 677 3126 verbi
721 3059 924 3124 semine
953 3053 1231 3116 nobiscum
1276 3043 1619 3122 spiritualiter
1647 3039 1756 3100 nati
1789 3055 1802 3091 :
1836 3051 1974 3100 nunc
2014 3050 2110 3098 au-

525 3169 631 3214 tem
674 3153 868 3216 collato
899 3148 1252 3214 interpretum
1295 3151 1477 3206 sensu,
1520 3130 1844 3204 probabilior
1881 3125 2114 3184 occurrit

527 3245 787 3309 sententia
825 3237 1038 3311 pr0prie
1077 3235 1145 3291 de
1179 3226 1584 3304 consanguineis
1613 3239 1719 3282 non
1759 3217 2115 3290 chpiciendis

525 3355 644 3396 esse
670 3309 1009 3408 perceptum,
1043 3325 1291 3400 quoniam
1315 3318 1635 3376 domesticos
1661 3311 1880 3372 seminis
1903 3326 2022 3366 cum
2045 3309 2116 3373 ad

527 3443 740 3496 carnem
762 3421 1031 3486 retuleris,
1050 3411 1427 3484 coosauguinei
1444 3408 1778 3486 potissimum
1797 3411 2113 3468 occurrunt;

527 3524 668 3580 unde
711 3536 833 3582 esse
875 3515 1104 3582 arbitror
1147 3509 1275 3568 illud
1313 3504 1555 3576 Apostoli
1594 3500 1734 3570 quod
1777 3497 1870 3564 ait,
1913 3497 1973 3552 Si
2013 3512 2116 3567 quo

529 3616 678 3684 modo
704 3612 769 3678 ad
794 3607 1168 3676 winulationem
1192 3599 1441 3660 adducere
1469 3604 1676 3666 potuero
1707 3607 1908 3648 carnem
1934 3605 2112 3652 meam,

533 3682 588 3778 ut
614 3706 777 3766 salvos
805 3702 988 3774 faciam
1016 3698 1209 3773 aliquos
1239 3710 1299 3748 ex
1326 3691 1428 3752 illis
1463 3689 1636 3762 (Rom.
1663 3701 1740 3752 χι,
1776 3685 1896 3754 lli);
1929 3682 1980 3741 id
2013 3690 2116 3747 est,

532 3776 590 3857 ut
617 3794 914 3869 tumulando
945 3806 1039 3848 eos
1064 3790 1155 3860 qui
1194 3784 1548 3849 crediderant,
1595 3789 1649 3835 et
1675 3779 1775 3848 ipsi
1814 3776 2116 3846 crederent.

533 3896 758 3945 tlarnem
786 3885 930 3950 enim
956 3898 1107 3942 suam
1130 3879 1264 3955 dixit
1287 3875 1520 3942 Judatos,
1553 3881 1769 3942 propter
1795 3868 2119 3938 consangui-

535 3987 771 4054 nitatem.
796 3981 929 4046 item
953 3974 1080 4034 illud
1106 3971 1341 4044 ejusdem
1369 3969 1517 4036 lsnire
1545 3965 1842 4037 prophetas,
1875 3963 1990 4020 Nisi
2011 3977 2122 4016 cre-

535 4053 784 4142 diderilis,
815 4089 914 4128 non
941 4066 1257 4141 intelligetis;
1296 4063 1432 4122 alius
1462 4061 1839 4128 interpretatus
1869 4064 1972 4122 est,
2006 4053 2122 4108 Nisi

535 4165 868 4230 credideritis,
903 4177 1004 4214 non
1044 4154 1395 4229 permanebitis
1439 4150 1586 4223 (lsai.
1617 4166 1710 4215 vn,
1741 4147 1794 4219 9)
1823 4165 1835 4198 :
1865 4150 1986 4216 quis
2029 4144 2123 4200 ho—

536 4277 654 4318 rum
682 4257 878 4324 ,vcrba’
908 4260 1126 4312 secutus
1151 4250 1236 4314 sit,
1275 4248 1376 4302 nisi
1409 4242 1950 4314 exemplarialiugua:
1982 4253 2120 4308 prie-

539 4352 780 4413 cedentis
804 4351 1068 4424 legantur,
1098 4343 1358 4400 incertum
1397 4348 1496 4402 est.
1537 4335 1645 4395 Sed
1679 4345 1852 4392 tamen
1880 4348 1943 4389 ex
1973 4340 2122 4394 utro-

541 4461 645 4516 que
689 4455 940 4520 maguum
975 4433 1172 4506 aliquid
1210 4433 1504 4492 insinuatur
1537 4429 1767 4490 scieiiter
1804 4424 2120 4494 legentibus.

543 4537 764 4596 Dil‘licile
789 4517 871 4595 est
892 4531 1033 4588 enim
1061 4529 1130 4588 ita
1157 4526 1398 4586 diversos
1421 4539 1452 4578 a
1477 4538 1534 4580 se
1559 4523 1877 4589 interpretes
1904 4517 2038 4583 ﬁeri,
2067 4525 2126 4570 ut

543 4649 646 4700 non
669 4645 727 4690 se
749 4629 922 4700 aliqua
949 4622 1219 4684 vicinitate
1244 4618 1568 4688 contingant.
1594 4617 1753 4684 Ergo,
1777 4612 2026 4682 quoniam
2049 4609 2126 4663 in-

542 4724 780 4778 tellectus
812 4719 865 4773 in
903 4715 1080 4787 specie
1112 4711 1435 4780 sempiterna
1474 4714 1576 4772 est,
1615 4705 1748 4762 ﬁdes
1782 4717 1909 4758 ivero
1942 4701 1994 4754 iu
2041 4715 2123 4755 re-

543 4828 661 4874 rum
707 4807 1079 4882 temporalium
1123 4799 1439 4873 quibusdam
1475 4795 1750 4855 cunabulis
1797 4792 1943 4863 quasi
1991 4793 2128 4846 lacte

543 4902 927 4980 alitparvulos;
963 4910 1102 4958 nunc
1128 4902 1305 4961 autem
1336 4907 1427 4961 per
1452 4888 1610 4950 (idem
1640 4885 1991 4948 ambulamus,
2021 4897 2126 4937 non

545 5012 638 5068 per
652 4975 900 5074 speciem
927 4989 988 5062 (ll
1012 4988 1128 5044 Cor.
1159 5003 1214 5052 ν,
1245 4984 1332 5054 7);
1363 4983 1465 5042 nisi
1495 4990 1669 5042 autem
1699 4993 1796 5047 per
1825 4975 1982 5032 fidem
2017 4991 2128 5037 am-

545 5070 920 5158 bulaverimus,
940 5083 1007 5150 ad
1028 5082 1255 5158 speciem
1278 5075 1555 5148 pertimuit“:
1576 5088 1682 5133 non
1703 5070 1992 5140 poterimus
2005 5084 2130 5140 qua:

461 5207 464 5212 η
545 5197 652 5238 non
690 5178 898 5250 transit,
933 5176 1023 5232 sed
1053 5180 1347 5246 permanet,
1375 5185 1472 5240 per
1499 5167 1824 5242 intellectum
1851 5175 2129 5235 purgatum

547 5273 703 5347 nobis
747 5266 1138 5342 cobzerentibus
1166 5262 1414 5324 reritati;
1441 5268 1725 5329 propterea
1763 5257 1852 5312 ille
1879 5257 1973 5320 ait,
2015 5255 2131 5310 Nisi

547 5363 881 5428 credideritis,
913 5376 1012 5414 non
1039 5353 1426 5430 Mummi.“
1461 5351 1554 5414 ille
1579 5365 1729 5416 ivero,
1765 5348 1883 5404 Nisi
1906 5347 2133 5403 credide-

546 5457 679 5524 ritis,
708 5472 809 5511 non
827 5449 1136 5522 intelligetis.

625 5551 712 5625 l8.
754 5550 820 5610 Et
845 5561 914 5616 ex
946 5542 1191 5611 anthiqu
1443 5535 1792 5609 praecedentis
1821 5533 2134 5605 plerumque

549 5645 814 5712 interpres
842 5636 1056 5700 fallitur,
1090 5635 1172 5706 cui
1202 5647 1306 5708 non
1339 5632 1472 5704 bene
1499 5640 1620 5685 nota
1651 5629 1912 5694 sententia
1947 5635 2048 5696 est,
2079 5634 2136 5688 et

553 5751 670 5792 eam
693 5729 1133 5810 signiﬁcationem
1156 5725 1431 5798 transfert,
1463 5741 1580 5796 qua:
1606 5740 1640 5785 a
1673 5738 1832 5779 sensu
1862 5721 2134 5790 scriptoris

616 5831 633 5862 ί
651 5836 755 5882 ΜΒ.
770 5833 876 5876 ΠΕ
894 5827 1147 5874 contente.

617 5889 848 5942 ’sictres
1235 5882 1396 5944 editis,
1418 5894 1546 5932 aera.

2201 487 2409 560 penitus
2429 486 2600 541 aliena
2628 489 2744 538 est:
2768 482 2904 536 sicut.
2922 478 3135 550 quidam
3157 473 3370 531 codices
3395 474 3620 539 habent,
3648 471 3818 526 Acuti

2197 582 2345 652 pedes
2371 597 2541 635 eorum
2571 577 2637 631 ad
2671 574 3026 642 eﬂ'undendum
3067 570 3393 641 sanguinem;
3427 574 3532 634 ὀξὺς
3559 566 3721 622 enim
3760 571 3821 618 et

2193 682 2405 728 nclitum
2444 670 2582 740 apud
2610 669 2915 732 Graecos,et
2941 665 3171 718 velocem
3205 661 3486 732 signiﬁcat.
3528 660 3632 715 ille
3671 671 3817 726 ergo

2195 765 2325 820 vidit
2363 763 2703 826 sententiam,
2746 759 2834 828 qui
2870 757 3154 820 transtulit,
3200 754 3399 808 Vrlocrs
3437 755 3590 823 pedes
3621 766 3818 805 eorum

2195 858 2264 916 ad
2290 855 2651 924 e/fundendum
2687 853 2981 922 sanguinem
3010 848 3180 922 (Psal.
3215 864 3326 914 xm,
3359 849 3446 917 5);
3479 848 3571 902 illc
3615 853 3816 909 autern

2194 950 2331 1003 alius
2356 946 2574 1018 ancipiti
2600 947 2751 1016 signo
2776 945 2829 998 in
2851 943 3008 998 aliam
3039 949 3243 1011 partem
3267 949 3448 1010 raptus
3469 938 3705 994 erravit.
3749 936 3819 990 lit

2197 1040 2316 1094 talia
2338 1039 2548 1108 quidem
2572 1053 2678 1092 non
2699 1036 2942 1101 obscura,
2971 1033 3064 1088 sed
3087 1033 3216 1086 falsa
3244 1041 3367 1087 sunt
3390 1049 3402 1084 τ
3427 1045 3665 1101 quorum
3694 1027 3806 1081 alia

2196 1131 2432 1188 conditio
2453 1139 2570 1196 est;
2596 1145 2700 1184 non
2729 1130 2868 1184 enim
2893 1126 3281 1197 intelligendos,
3315 1125 3406 1180 sed
3429 1122 3822 1188 emendandos

2198 1225 2327 1279 tales
2355 1223 2567 1278 codices
2585 1201 2760 1292 potius
2791 1218 3202 1290 praecipiendum
3233 1227 3332 1271 est.
3368 1216 3499 1270 llinc
3523 1224 3613 1269 est
3636 1214 3816 1267 etiam

2196 1314 2346 1380 illud,
2368 1315 2617 1384 quoniam
2635 1322 2807 1381 μόσχος
2828 1326 3000 1382 graece
3020 1311 3214 1365 vitulus
3235 1309 3450 1374 dicitur,
3474 1311 3819 1375 μοσχεὺματα

2197 1406 2410 1476 quidam
2454 1421 2558 1463 non
2585 1406 2959 1458 intellexerunt
2991 1417 3109 1456 esse
3139 1401 3495 1473 plantationes,
3527 1407 3586 1454 et
3612 1396 3819 1449 vitula-

2197 1502 2335 1553 atina
2365 1498 2694 1568 interpretati
2724 1507 2847 1550 sunt
2877 1513 2888 1547 :
2919 1495 3007 1565 qui
3035 1509 3186 1548 error
3216 1503 3321 1546 tam
3351 1492 3547 1545 multos
3579 1487 3816 1544 codices

2199 1588 2608 1660 prmoccupavit,
2657 1597 2712 1641 ut
2754 1588 2841 1640 vix
2885 1586 3181 1640 inveniatur
3219 1583 3374 1637 aliter
3413 1582 3724 1648 scriptum;
3759 1583 3817 1630 et

2201 1693 2375 1736 tamen
2402 1679 2661 1736 sententia
2683 1677 3108 1732 manifestissima
3137 1685 3238 1739 est,
3263 1675 3381 1743 quia
3405 1673 3664 1726 clarescit
3685 1683 3826 1734 con-

2199 1774 2545 1845 sequentibus
2579 1772 2756 1826 verbis
2781 1788 2794 1823 :
2823 1785 3070 1840 namque,
3115 1767 3424 1820 Adulterium
3452 1764 3820 1836 plantationes

2201 1882 2302 1919 non
2349 1865 2538 1918 dabunt
2578 1863 2773 1918 radices
2810 1862 2940 1915 altas
2969 1859 3124 1933 (Sap.
3158 1873 3232 1924 tv,
3264 1857 3344 1929 3),
3387 1854 3828 1911 convenientius

2205 1959 2400 2013 dicitur
2429 1973 2608 2027 quam,
2655 1954 2968 2019 uitulamina,
3000 1967 3117 2022 qua:
3157 1950 3378 2021 pedibus
3409 1949 3462 2001 in
3511 1956 3661 2001 terra
3694 1958 3828 2013 gra-

2203 2051 2438 2114 diuntur,
2473 2058 2527 2103 et
2553 2063 2656 2102 non
2681 2046 2887 2101 luerent
2913 2043 3199 2099 radicibus.
3226 2041 3372 2094 Hanc
3395 2037 3824 2092 translationem

2206 2141 2258 2194 in
2289 2156 2352 2194 eo
2378 2141 2500 2196 loco
2526 2141 2685 2194 etiam
2713 2145 2906 2192 etetera
2931 2143 3180 2190 contexta
3215 2130 3543 2185 custodiunt.

2205 2233 2429 2290 CAPUT
2461 2233 2598 2288 Xlll.
2620 2228 3147 2298 —Interpretationis
3178 2225 3352 2279 vitium
3381 2223 3514 2277 unde
3549 2219 3830 2275 emendari

2907 2323 3088 2394 possit.

2281 2420 2366 2476 19.
2406 2419 2512 2476 Sed
2536 2418 2788 2490 quoniam
2826 2424 2881 2470 et
2907 2431 3026 2486 qua:
3065 2413 3132 2466 sit
3165 2411 3279 2481 ipsa
3319 2406 3614 2473 sententia,
3648 2419 3821 2475 quam

2212 2513 2390 2581 plures
2415 2512 2729 2580 interpretes
2763 2523 2856 2577 pro
2879 2511 2971 2560 sua
2999 2504 3222 2574 quisque
3247 2499 3494 2555 facultate
3530 2506 3704 2566 atque
3728 2496 3821 2565 ju-

2215 2605 2356 2660 dicio
2383 2612 2644 2659 conantur
2669 2601 2868 2670 eloqui,
2909 2613 3015 2652 non
3045 2604 3284 2665 apparet,
3318 2591 3418 2646 nisi
3454 2591 3506 2646 in
3538 2606 3606 2644 ea
3635 2589 3824 2658 lingua

2212 2695 2524 2764 inspiciatur
2542 2709 2698 2764 quam
2717 2693 3162 2759 interpretantur;
3187 2694 3241 2740 et
3262 2685 3576 2762 plerumque
3598 2697 3629 2733 a
3653 2693 3826 2733 sensu

2213 2786 2445 2842 auctoris
2466 2786 2652 2840 devius
2683 2781 2894 2838 aberrat
2921 2780 3205 2850 interpres,
3240 2777 3284 2831 si
3318 2791 3421 2829 non
3450 2773 3522 2826 sit
3559 2770 3828 2826 doctissi-

2215 2886 2489 2932 mus:aut
2517 2878 2810 2947 linguarum
2865 2872 3100 2936 illarum,
3145 2883 3210 2923 ex
3254 2866 3441 2937 quibus
3485 2864 3539 2917 in
3592 2861 3825 2915 latinam

2217 2972 2490 3042 Scriptura
2516 2969 2778 3041 pervenit,
2809 2965 3035 3036 petenda
3063 2961 3295 3032 cognitio
3325 2966 3437 3022 est;
3471 2965 3566 3008 aut
3609 2953 3830 3008 haben-

2216 3066 2297 3120 dae
2345 3063 2812 3135 interpretationes
2857 3074 3043 3114 eorum
3074 3056 3164 3126 qui
3207 3068 3264 3107 se
3304 3049 3481 3105 verbis
3519 3047 3690 3100 nimis
3730 3045 3828 3099 ob.

2217 3161 2582 3223 strinxerunt;
2607 3172 2710 3211 non
2741 3155 2863 3226 quia
2884 3151 3171 3214 sufﬁciunt,
3201 3147 3292 3201 sed
3325 3155 3381 3198 ut
3412 3160 3478 3198 ex
3513 3142 3595 3197 eis
3619 3142 3828 3196 veritas

2218 3255 2298 3307 vel
2326 3269 2477 3308 error
2516 3253 2793 3320 detegatur
2834 3244 3120 3307 aliorum‘,
3161 3241 3251 3311 qui
3296 3253 3399 3292 non
3440 3234 3614 3306 magis
3657 3233 3832 3288 verba

2220 3363 2375 3418 quam
2405 3347 2696 3401 sententias
2724 3337 3121 3411 interpretando
3151 3333 3298 3404 sequi
3331 3331 3657 3385 maluerunt.
3691 3326 3829 3381 Nam

2221 3455 2325 3493 non
2353 3440 2524 3493 Solum
2552 3438 2711 3492 verba
2743 3433 2970 3505 singula,
3012 3428 3105 3484 sed
3135 3428 3293 3482 etiam
3333 3424 3633 3478 locutiones
3675 3436 3830 3492 serpe

2223 3532 2629 3597 transferuntur,
2659 3545 2776 3598 qua!
2805 3527 3022 3580 omnino
3053 3524 3104 3577 in
3131 3523 3309 3577 latinae
3337 3521 3530 3591 linguae
3560 3533 3745 3580 usum,
3781 3515 3828 3590 si

2223 3627 2341 3694 quis
2390 3619 2829 3678 consuetudinem
2874 3625 3110 3671 veterum
3156 3613 3242 3684 qui
3273 3611 3432 3664 latine
3461 3607 3628 3662 locuti
3674 3614 3823 3670 sunt,

2225 3727 2406 3770 tenere
2435 3713 2680 3776 voluerit,
2712 3709 2937 3764 transire
2967 3721 3069 3760 nun
3106 3710 3343 3773 possunt.
3370 3699 3498 3770 Qua:
3529 3696 3828 3770 aliquanth

2225 3806 2512 3862 intellectui
2540 3804 2668 3858 nihil
2694 3801 2954 3865 adimunt,
2987 3796 3080 3851 sed
3108 3793 3383 3850 ollendunt
3406 3801 3584 3846 tamen
3613 3777 3710 3843 eos
3736 3787 3829 3858 qui

2225 3899 2343 3969 plus
2381 3897 2708 3951 delectantur
2749 3893 2926 3956 rebus,
2970 3904 3091 3944 cum
3123 3888 3284 3942 etiam
3325 3885 3376 3937 in
3425 3897 3609 3937 earum
3659 3880 3828 3950 signis

2226 4004 2318 4043 Sua
2345 3987 2585 4058 qumdam
2620 3995 2861 4039 servatur
2891 3981 3185 4051 integritas.
3216 3977 3343 4038 Nam
3373 3975 3715 4030 soloecismus
3737 3971 3830 4043 qui

2226 4082 2436 4145 dicitur,
2479 4078 2608 4132 nihil
2638 4076 2779 4130 aliud
2821 4085 2898 4129 est
2925 4086 3226 4142 quamcum
3265 4068 3424 4122 verba
3463 4082 3572 4120 non
3618 4080 3681 4119 ea
3712 4071 3828 4134 lege

2227 4174 2327 4227 sibi
2355 4178 2689 4242 coaptantur,
2729 4183 2831 4238 qua
2875 4171 3255 4233 coaptaverunt
3283 4161 3372 4231 qui
3415 4160 3626 4229 priores
3668 4157 3825 4226 nobis

2229 4283 2334 4320 non
2365 4264 2478 4319 sine
2507 4263 2820 4318 auctoritate
2863 4261 3038 4328 aliqua
3067 4257 3228 4310 locuti
3267 4262 3408 4309 sunt.
3453 4253 3645 4308 Utrum
3681 4251 3824 4312 enim

2229 4359 2370 4414 Inter
2398 4358 2659 4420 homines,
2690 4371 2777 4419 an,
2808 4355 2949 4408 Inter
2974 4349 3278 4407 hominibus
3299 4347 3526 4408 dicatur,
3553 4346 3618 4399 ad
3642 4358 3826 4399 rerum

2229 4468 2335 4506 non
2364 4450 2588 4520 pertinet
2610 4448 2956 4516 cognitorem.
2982 4442 3108 4496 ltetn
3135 4439 3495 4494 barbarismus
3520 4436 3647 4506 quid
3674 4433 3818 4488 aliud

2229 4553 2328 4606 est,
2364 4541 2462 4596 nisi
2492 4539 2712 4592 verbum
2746 4551 2849 4588 nou
2879 4535 2957 4587 eis
2983 4532 3169 4596 litteris
3195 4529 3277 4590 vel
3298 4542 3432 4586 sono
3459 4527 3815 4588 enuntiatum,

2230 4648 2336 4703 quo
2369 4631 2435 4686 ab
2469 4630 2547 4691 eis
2583 4628 2677 4696 qui
2700 4627 2862 4686 latine
2891 4632 3013 4683 ante
3043 4637 3140 4685 nos
3180 4619 3338 4681 locuti
3363 4628 3512 4684 sunt,
3563 4613 3826 4670 enuntiari

2233 4724 2398 4780 Solet?
2439 4722 2624 4778 Utrum
2673 4722 2814 4774 enim
2848 4719 3126 4795 Ignoscere
3171 4713 3425 4784 producta
3467 4725 3534 4764 an
3576 4717 3826 4786 correpta

2234 4819 2386 4872 tertia
2426 4813 2628 4886 syllaba
2655 4813 2880 4875 dicatur,
2911 4825 3016 4866 non
3047 4808 3269 4862 multum
3302 4812 3456 4860 curat
3478 4803 3566 4873 qui
3598 4801 3828 4870 peccatis

2233 4912 2345 4965 suis
2367 4911 2533 4963 Deum
2563 4917 2619 4961 ut
2647 4908 2885 4976 ignoscat
2917 4903 3066 4972 petit,
3092 4899 3327 4968 quolibet
3358 4895 3519 4950 modo
3548 4893 3679 4954 illud
3712 4907 3827 4946 ver—

2235 5005 2359 5058 bum
2383 5018 2573 5060 sonarc
2603 4999 2852 5070 potuerit.
2881 4994 3017 5062 Quid
3043 5003 3124 5049 cst
3143 5006 3272 5061 ergo
3295 4989 3573 5059 integritas
3605 4983 3827 5038 locAttio-

2236 5097 2338 5159 nis,
2377 5094 2480 5148 nisi
2519 5092 2745 5145 alienae"
2777 5083 3177 5142 consuetudinis
3215 5079 3568 5143 conservatio,
3603 5076 3818 5146 loquen-

2236 5194 2364 5246 tium
2393 5197 2634 5244 veterum
2665 5183 2977 5246 auctoritate
3006 5180 3249 5242 ﬁrmatae.

2306 5283 2395 5337 20.
2415 5281 2519 5336 Sed
2545 5288 2723 5334 tamen
2752 5293 2816 5330 eo
2843 5273 3007 5344 magis
3037 5271 3159 5324 inde
3189 5267 3531 5324 offenduntur
3555 5260 3819 5325 homines,

2237 5393 2343 5448 quo
2371 5373 2690 5436 inﬁrmiores
2716 5378 2876 5431 sunt;
2911 5373 3054 5422 eteo
3083 5372 3206 5418 sunt
3231 5358 3569 5418 infirmiores,
3601 5367 3704 5422 quo
3721 5350 3823 5402 do-

2238 5471 2434 5525 etiores
2465 5464 2629 5520 videri
2661 5462 2844 5514 volunt
2863 5501 2876 5523 ,
2900 5473 3006 5513 non
3035 5469 3212 5510 rerum
3253 5450 3471 5506 scientia
3517 5461 3615 5525 qua
3655 5440 3818 5512 acditi-

2305 5625 2322 5655 ι
2349 5621 2467 5671 Editi
2492 5616 2730 5674 :1.ibertas
2752 5612 2822 5665 vel
2847 5625 2983 5664 error
3009 5606 3249 5672 dirigatur
3272 5605 3495 5656 aliorum.
3523 5596 3823 5674 imposuimus

2242 5699 2305 5735 ex
2331 5655 2692 5733 tiiulecim'atvssj
2714 5655 2828 5736 an;
2861 5655 3066 5734 verum;
3090 5655 3302 5736 uiditque
3327 5655 3391 5736 ex
3433 5655 3820 5736 cometam-latudfj

2240 5721 2428 5810 ἷέξιᾶζιύ
2448 5721 2559 5795 ῖνειιί
2585 5721 3070 5810 eotiiecturteuuieus
3088 5721 3561 5790 ,‘iavet'Floriaeensis
3593 5721 3745 5772 codex
3771 5721 3820 5765 ii

2241 5801 2338 5875 quo
2363 5809 2534 5875 legere
2552 5813 2646 5875 est,
2666 5801 2944 5875 deligatum
3085 5855 3135 5875 μὶ
3163 5853 3179 5875 ἕ
3203 5851 3233 5875 L
3249 5852 3362 5875 ὼ-
3390 5842 3706 5875 Ἦληώηῶὶί

2307 5846 2337 5904 ἶ
2349 5846 2900 5930 έῖόθῶὲξ.νῇίόἦίιῦἷέξᾚὶ
2914 5846 3061 5922 editi,
3084 5853 3179 5907 nisi
3198 5851 3362 5906 intime
3383 5846 3745 5924 cons-ttctudﬁtis.
