4060 6464
446 501 519 574 5'?
1364 483 1453 547 DE
1492 478 1827 544 DOCTBINA
1867 460 2299 555 CHRISTIANA,
2337 468 2398 527 S.
2435 460 2803 525 AUGUSTINI
3663 457 3735 520 ιε

449 630 647 697 cogunt
692 623 896 677 haerere
936 616 1191 673 lectorem
1211 652 1228 680 ,
1252 607 1446 681 partim
1486 587 1781 674 linguarum
1826 593 2034 656 notitia,

449 718 646 791 partim
669 729 870 781 rerum,
892 702 1254 779 investiganda
1283 708 1425 757 sunt.
1465 691 1676 765 Aliquid
1699 689 1842 746 enim
1867 685 1935 740 ad
1962 682 2037 739 si-

452 776 803 868 militudinem
833 776 993 867 valet,
1022 810 1077 856 et
1093 776 1283 870 procul
1310 790 1470 848 dubio
1501 792 1764 843 secretum
1788 776 2039 851 quiddam

453 904 692 962 insinuat
708 899 851 957 Siloa
875 867 1209 969 piscina,ubi
1238 886 1423 943 faciem
1442 884 1622 938 lavare
1640 878 1820 948 jussus
1843 877 1929 928 est
1954 867 2041 925 cui
2078 886 2081 887 '

456 995 641 1051 oculos
667 962 922 1048 Dominus
950 988 1061 1043 luto
1095 983 1163 1039 de
1201 986 1356 1051 sputo
1381 976 1520 1031 facto
1559 962 2039 1037 inunxeratann.

457 1103 540 1156 Ix,
553 1084 639 1161 7):
657 1083 799 1156 quod
819 1092 995 1137 tamen
1018 1090 1213 1132 nomen
1228 1072 1420 1141 lingua:
1436 1061 1739 1135 incognitae,
1750 1057 1851 1114 nisi
1871 1055 2047 1111 Evan-

457 1148 647 1252 gelista
676 1148 1054 1245 interpretatus
1082 1174 1244 1229 esset,
1271 1172 1377 1219 tam
1402 1173 1625 1231 magnus
1645 1153 1944 1210 intellectus
1962 1148 2045 1203 la-

461 1282 615 1327 teret.
656 1268 746 1325 Sic
772 1238 930 1323 etiam
959 1262 1146 1327 multa,
1169 1271 1289 1328 qua:
1315 1253 1384 1310 ab
1408 1247 1716 1307 auctoribus
1735 1238 2045 1299 eorumdem

462 1366 739 1421 Librorum
770 1362 1113 1429 interpretata
1139 1367 1244 1408 non
1264 1356 1409 1413 sunt,
1433 1344 1651 1402 nomina
1675 1339 1911 1402 hebraea,
1941 1347 2048 1387 non

459 1467 545 1513 est
566 1424 929 1513 dubitandum—
952 1447 1145 1504 habere
1178 1458 1284 1499 non
1325 1453 1541 1511 parvam
1560 1435 1676 1489 vim
1703 1440 1862 1501 atque
1896 1424 2049 1495 adju-

464 1549 654 1607 torium
699 1544 769 1600 ad
797 1537 1050 1597 solvenda
1079 1535 1357 1606 mnigmata
1396 1528 1786 1597 Scripturarum
1806 1559 1823 1587 ,
1850 1516 1896 1572 si
1933 1513 2052 1584 quis

460 1655 526 1697 ea
553 1637 724 1709 possit
747 1629 1087 1704 interpretari
1113 1646 1126 1682 :
1149 1625 1292 1698 quod
1321 1619 1564 1678 nonnulli
1592 1612 1829 1686 ejusdem
1860 1609 2054 1679 lingua:

461 1731 620 1805 periti
647 1728 768 1795 viri,
795 1741 901 1782 non
928 1737 1058 1780 sane
1084 1731 1305 1791 parvum
1331 1708 1648 1769 beneﬁcium
1673 1701 1902 1775 posteris
1919 1712 2053 1752 eon-

463 1789 720 1886 lulernnt,
733 1821 823 1891 qui
843 1789 1097 1888 separata
1110 1812 1177 1867 de
1190 1805 1478 1878 Scripturis
1498 1798 1684 1858 eadem
1704 1793 1881 1852 omnia
1892 1789 2053 1847 verba

845 1877 997 1972 sunt;
1028 1914 1081 1961 et
1109 1901 1237 1976 quid
1277 1877 1345 1955 sit
1373 1896 1542 1951 Adam
1562 1933 1578 1961 ,
1604 1887 1729 1961 quid
1757 1885 1899 1950 Eva,
1927 1877 2054 1952 quid

463 2005 755 2070 Abraham,
783 2000 908 2073 quid
935 1972 1146 2070 Moyses
1177 2009 1194 2061 ;
1224 1992 1335 2047 sive
1362 1987 1523 2043 etiam
1552 1983 1790 2037 locorum
1820 1972 2053 2038 nomina,

462 2097 591 2169 quid
636 2097 706 2151 sit
737 2063 1062 2154 ierttsalem,
1094 2085 1178 2141 vel
1213 2083 1374 2145 Sion,
1405 2075 1493 2132 vel
1529 2070 1773 2135 Jericho,
1802 2065 1883 2120 vel
1906 2063 2055 2127 Sina,

462 2152 549 2246 vel
575 2187 826 2250 Libanus,
854 2182 941 2237 vel
965 2152 1251 2240 Iordanis;
1278 2171 1363 2228 vel
1388 2175 1738 2240 quaecumque
1761 2158 1859 2212 alia
1891 2156 1942 2209 in
1969 2152 2058 2207 illa

464 2281 646 2352 lingua
675 2277 832 2334 nobis
852 2283 975 2329 sunt
1000 2267 1265 2340 incognita
1286 2261 1504 2319 nomina
1527 2276 1540 2312 :
1563 2254 1758 2327 quibus
1791 2247 1987 2321 apertis
2005 2251 2061 2300 et

465 2336 847 2441 interpretatis,
880 2336 1156 2431 multae-in
1181 2351 1470 2425 Scripturis
1498 2348 1732 2419 ﬁguratze
1762 2336 2060 2396 locutiones

465 2459 895 2519 manifestantur.

536 2551 629 2607 Ξι.
669 2550 869 2607 Rerum
905 2553 1081 2601 autem
1108 2535 1406 2611 ignorantia
1434 2531 1557 2587 facit
1582 2528 1839 2584 obscuras
1868 2522 2061 2592 ﬁgura-

468 2654 551 2700 tas
585 2642 878 2699 locutiones
905 2679 921 2703 ,
949 2650 1069 2691 cum
1100 2634 1408 2704 ignoramus
1447 2621 1532 2678 vel
1568 2616 1944 2679 animantium,
1976 2608 2060 2665 vel

468 2734 726 2807 lapidum,
763 2729 850 2786 vel
899 2726 1181 2782 herbarum
1222 2725 1469 2780 naturas,
1512 2711 1807 2767 aliarumve
1857 2715 2057 2767 rerum,

469 2796 590 2898 quae
614 2796 926 2895 plerumque
946 2818 999 2871 in
1017 2811 1305 2884 Scripturis
1325 2800 1686 2862 similitudinis
1706 2796 1931 2865 alicujus
1944 2805 2063 2862 gra-

472 2891 543 2974 tia
586 2891 873 2989 ponuntur.
915 2910 1045 2965 Nam
1072 2915 1126 2963 et
1165 2904 1232 2960 de
1275 2909 1525 2971 serpente
1552 2892 1696 2965 quod
1735 2899 1918 2945 notum
1956 2891 2059 2950 est,

472 2977 640 3065 totuln
680 3020 875 3075 corpus
923 3017 1046 3059 eum
1091 3014 1189 3069 pro
1237 2995 1411 3065 capite
1451 2988 1685 3058 ohjicere
1730 2977 2060 3041 ferientibus,

471 3109 730 3173 quantum
758 3097 986 3151 illustrat
1014 3068 1232 3147 sensum
1273 3087 1454 3148 illum,
1489 3094 1594 3151 quo
1624 3075 1881 3132 Dominus
1915 3068 2068 3140 jubet

475 3158 679 3247 astutos
704 3203 802 3243 nos
822 3201 942 3241 esse
966 3184 1103 3238 sicut
1122 3184 1398 3249 serpentes
1423 3170 1633 3244 (Matth.
1658 3163 1856 3235 1,16);
1886 3170 1945 3216 ut
1963 3158 2069 3214 sci-

476 3284 601 3340 licet
622 3295 717 3353 pro
732 3279 905 3350 capite
922 3284 1124 3340 nostro,
1142 3268 1284 3341 quod
1305 3276 1387 3323 est
1400 3263 1665 3326 Christus,
1678 3269 1873 3327 corpus
1894 3252 2068 3324 potius

476 3370 918 3446 persequentibus
929 3340 1238 3427 offeramus,
1254 3374 1321 3414 ne
1337 3356 1469 3411 ﬁdes
1479 3351 1763 3408 christiana
1783 3356 2031 3414 tanquam
2046 3340 2065 3373 ί

480 3473 700 3522 necetur
720 3464 771 3516 in
799 3460 972 3525 nobis,
990 3456 1036 3512 si
1062 3458 1342 3526 parcentes
1359 3444 1570 3516 corpori
1595 3452 1848 3512 negemus
1873 3432 2065 3491 Deum!

478 3558 566 3614 vel
581 3557 729 3623 illud,
750 3552 893 3625 quod
913 3566 1007 3621 per
1023 3560 1266 3604 caverna:
1286 3538 1554 3612 angustias
1572 3540 1890 3596 coarctatus,
1905 3528 2070 3598 depo—

479 3650 580 3705 sita
602 3646 767 3704 veteri
791 3644 965 3700 tunica
980 3643 1123 3697 vires
1149 3649 1314 3692 novas
1331 3632 1571 3701 accipere
1589 3625 1802 3688 dicitur,
1814 3628 2071 3691 quantum

480 3741 712 3798 concinit
747 3737 814 3793 ad
857 3732 1163 3791 imitandam
1194 3730 1363 3799 ipsam
1390 3719 1653 3793 serpentis
1675 3714 1950 3777 astutiam,
1979 3726 2074 3765 ex-

482 3833 822 3900 ucndumque
846 3828 1020 3899 ipsum
1047 3813 1597 3878 veterem'nominem,
1624 3809 1762 3864 sicut
1787 3801 2073 3875 Apostolus

485 3929 632 3993 dicit,
650 3936 708 3983 ut
724 3898 1005 3980 induantur
1019 3931 1158 3974 novo
1170 3914 1241 3989 (Ε
1246 3913 1385 3986 pltea.
1402 3926 1472 3974 Iv,
1492 3905 1583 3972 22,
1598 3906 1668 3960 24
1683 3922 1698 3971 ;
1711 3902 1903 3959 Cbloss.
1920 3915 2001 3966 ιιι,
2014 3898 2070 3965 9,

486 4018 617 4093 10);
666 4026 721 4073 et
760 4012 1059 4072 eruendum
1107 4023 1201 4079 per
1246 4001 1549 4074 angustias,
1578 3997 1788 4052 dicente
1825 3989 2072 4055 Domino,

486 4083 686 4168 Inlrete
716 4125 805 4182 per
832 4113 1097 4177 angustant
1126 4108 1323 4171 portam
1366 4092 1576 4168 (Matth.
1593 4084 1793 4158 vtt,15)
1822 4086 1835 4140 ι
1863 4083 1929 4140 llt
1948 4096 2076 4153 ergo

487 4207 676 4264 notitia
703 4176 911 4258 naturm
931 4191 1196 4267 serpentis
1224 4191 1457 4246 illustrat
1479 4183 1675 4240 multas
1703 4176 2078 4236 similitudines

489 4312 623 4370 quas
650 4296 719 4351 de
745 4294 849 4349 hoc
873 4290 1141 4345 animante
1182 4285 1310 4339 dare
1347 4278 1621 4349 Scriptura
1662 4269 1969 4334 consuevit;
2001 4268 2085 4321 sic‘

472 4387 796 4462 ignorantia
813 4380 1185 4452 nonnullorum
1204 4371 1509 4429 animalium
1532 4381 1651 4438 qua:
1672 4379 1776 4419 non
1789 4361 1963 4416 minus
1984 4373 2080 4428 per

493 4452 867 4542 similitudines
904 4477 1322 4535 commemorat,
1353 4462 1573 4535 impedit
1602 4457 1886 4530 plurimum
1917 4452 2079 4508 intel-

496 4582 747 4635 Iectorem
763 4576 806 4626 ².
825 4572 915 4627 Sic
933 4565 1189 4638 lapidum,
1208 4562 1289 4617 sic
1311 4558 1618 4619 herbarum,
1640 4551 1717 4607 vel
1734 4560 2082 4620 quaecumque

497 4679 751 4730 tenentur
778 4630 1062 4722 radicibus.
1103 4630 1238 4714 Nam
1279 4662 1335 4709 et
1367 4645 1676 4708 carbunculi
1706 4642 1911 4708 notitia,
1930 4630 2081 4709 quod

496 4768 638 4823 lucet
662 4756 991 4820 intenebris,
1014 4751 1174 4807 multa
1202 4744 1464 4803 illuminat
1487 4740 1645 4794 etiam
1671 4735 1893 4810 obscura
1914 4730 2082 4785 libro-

496 4875 615 4916 rum
639 4898 654 4923 ,
684 4854 1007 4921 ubicumque
1045 4850 1267 4919 pr0pter
1310 4831 1707 4893 similitudinem
1755 4825 1997 4897 ponitur;
2029 4829 2085 4878 et

497 4917 792 5023 ignorantia
820 4917 1007 5014 berylli
1032 4917 1115 4995 vel
1133 4931 1429 4992 adamantis
1452 4924 1653 4983 claudit
1668 4923 1980 4994 plerumque
2005 4917 2086 4972 in-

500 5010 805 5114 telligentite
843 5010 1007 5092 fores.
1046 5030 1158 5086 Nec
1190 5027 1347 5083 aliam
1372 5023 1441 5078 ob
1468 5032 1682 5075 causam
1711 5013 1863 5069 facile
1888 5019 1972 5068 est
1999 5010 2083 5064 in-

502 5104 741 5208 telligere
768 5146 952 5205 pacem
981 5133 1290 5200 perpetuam
1311 5113 1593 5189 signiﬁcari
1613 5111 1745 5167 oleae
1760 5104 2080 5171 ramuscula,

498 5199 659 5301 quem
691 5199 905 5283 rediens
941 5220 1008 5276 ad
1042 5232 1222 5274 arcam
1259 5209 1505 5269 columba
1545 5203 1761 5276 pertulit
1799 5199 2082 5275 (Gen.vnt,

501 5320 590 5393 ll)
614 5363 630 5388 ,
662 5320 763 5376 nisi
788 5315 910 5388 quia
938 5311 1182 5367 novimus
1215 5315 1270 5362 et
1295 5302 1404 5359 olei
1441 5302 1613 5356 lenem
1640 5304 1939 5352 contactum
1977 5307 2085 5347 non

499 5412 654 5468 facile
670 5383 844 5464 alieno
863 5405 1083 5458 humore
1103 5395 1392 5465 corrumpi,
1411 5402 1464 5448 et
1485 5390 1731 5446 arborem
1762 5388 1929 5457 ipsam
1950 5383 2089 5439 fron-

499 5506 630 5562 dere
675 5498 1001 5573 perenniter.
1051 5490 1198 5548 Multi
1243 5494 1420 5542 autem
1467 5491 1683 5554 propter
1733 5478 2085 5552 ignorantiam

500 5595 739 5671 hyssopi,
768 5593 894 5650 dum
919 5586 1166 5645 nesciunt
1188 5580 1479 5654 quamvim
1510 5576 1721 5642 habeat,
1750 5574 1834 5629 vel
1872 5572 1938 5628 ad
1963 5587 2089 5643 pur-

502 5666 736 5766 gandum
764 5686 1094 5760 pulmonem,
1121 5679 1225 5746 vel,
1259 5685 1316 5733 ut
1341 5676 1552 5741 dicitur,
1576 5671 1645 5727 ad
1672 5685 1797 5726 saxa
1824 5666 2087 5724 radicibus

564 5853 583 5883 ί
607 5850 729 5901 Editi
765 5846 947 5899 addunt
977 5843 1074 5906 hic,
1113 5844 1425 5907 caput;qum
1461 5850 1555 5887 vox
1595 5834 1740 5884 abest
1771 5831 1835 5881 ab
1864 5830 2089 5883 omnibus
2131 5812 2139 5904 ς

2196 5900 2537 5995 accipiendus
2561 5919 2631 5975 sit
2659 5917 2773 5989 ipse
2799 5929 3072 5981 numerus,
3101 5912 3182 5968 vel
3214 5918 3430 5983 propter
3452 5904 3764 5975 decalogum

502 5922 654 6027 main
673 5973 902 6038 vulgatis,
922 5969 1162 6024 lectorem.
1183 5973 1240 6017 At
1261 5966 1310 6016 iu
1331 5971 1461 6026 Mss,
1484 5959 1823 6013 intellectorem

2139 583 2487 657 penetranda,
2509 597 2631 637 cum
2652 581 2721 635 sit
2739 577 2903 635 herba
2923 572 3099 633 brevis
3117 582 3277 648 atque
3295 573 3537 642 humilis,
3554 576 3734 630 omni»

2141 694 2213 734 no
2237 677 2479 733 invenire
2502 689 2608 730 non
2636 679 2857 744 possunt
2896 683 3061 741 quare
3101 667 3173 724 sit
3208 666 3445 733 dictum,
3484 665 3735 739 Asperges

2145 788 2226 826 me
2253 771 2491 843 hyssopo,
2516 777 2562 823 et
2591 763 2869 821 ntundabor
2891 760 3061 834 (Ρωι.
3089 776 3143 829 ι,
3171 760 3249 832 9).

2211 862 2305 917 25.
2335 860 2690 916 Numerorum
2714 855 2875 911 etiam
2896 851 3161 922 imperitia
3185 850 3351 907 multa
3374 849 3503 906 facit
3520 863 3626 906 non
3655 849 3737 906 in-

2145 952 2331 1023 telligi,
2366 949 2618 1006 translate
2644 962 2708 1003 ac
2726 945 2951 1019 mystice
2979 943 3151 1015 posita
3170 943 3225 998 in
3245 941 3558 1014 Scripturis.
3581 942 3739 1013 lnge-

2148 1046 2294 1101 nium
2318 1044 2534 1115 quippe,
2554 1052 2614 1097 ut
2633 1042 2703 1096 ita
2724 1039 2969 1105 dixerim,
2988 1038 3275 1108 ingenuum
3296 1052 3401 1091 non
3417 1043 3598 1107 potest
3622 1049 3736 1093 non

2148 1134 2352 1191 moveri
2375 1132 2499 1204 quid
2519 1132 2620 1188 sibi
2644 1130 2772 1186 velit
2793 1127 2934 1201 quod
2956 1136 3011 1185 et
3028 1127 3259 1200 Moyses,
3287 1135 3343 1182 et
3361 1126 3524 1192 Elias,
3552 1134 3607 1181 et
3623 1124 3744 1195 ipse

2155 1226 2413 1284 Dominus
2427 1223 2772 1296 quadraginta
2789 1222 2976 1278 diebus
2990 1221 3365 1292 jejunaverunt
3377 1217 3396 1292 (
3410 1217 3741 1285 Exod.xxrv,

2153 1321 2260 1387 18;
2292 1318 2357 1372 ιιι
2382 1317 2511 1389 Reg.
2546 1332 2667 1384 ιιι,
2700 1315 2767 1379 8;
2792 1323 2839 1369 et
2880 1312 3068 1368 Matth.
3095 1328 3170 1380 ιν,
3198 1311 3291 1384 2).
3323 1310 3487 1380 Cujus
3509 1308 3744 1365 actionis

2155 1413 2408 1484 ﬁguratus
2431 1410 2644 1481 quidam
2673 1408 2867 1474 nodus,
2908 1408 3014 1463 nisi
3040 1406 3199 1477 hujus
3228 1405 3437 1461 numeri
3472 1405 3739 1476 cognitio-

2154 1518 2224 1559 ne
2248 1511 2303 1558 et
2329 1500 2777 1566 consideratione,
2808 1513 2914 1552 non
2944 1497 3184 1553 solvitur.
3214 1496 3384 1553 Habet
3408 1498 3551 1552 enim
3577 1496 3749 1552 dena-

2155 1595 2293 1651 rium
2334 1601 2541 1665 quater,
2589 1600 2840 1661 tanquam
2885 1589 3242 1660 cognitionem
3287 1589 3526 1644 omnium
3565 1603 3748 1644 rerum

2157 1686 2416 1742 intextam
2442 1681 2771 1753 temporibus
2786 1719 2801 1734 .
2827 1680 3178 1749 Quaternario
3199 1696 3428 1752 namque
3448 1695 3674 1736 numero
3693 1687 3752 1735 et

2159 1778 2349 1834 diurna
2364 1785 2418 1833 et
2442 1774 2901 1831 annua‘curricula
2946 1782 3274 1845 peraguntur
3301 1790 3314 1826 :
3342 1772 3534 1829 diurna
3561 1781 3739 1827 matu-

2161 1871 2306 1938 tinis,
2329 1867 2657 1957 meridianis,
2681 1864 3022 1937 vespertinis,
3055 1865 3435 1935 nocturnisque
3483 1863 3743 1919 horarum

2160 1954 2383 2033 spatiis;
2402 1976 2577 2016 annua
2608 1958 2805 2027 vernis,
2832 1956 3058 2021 mstivis,
3088 1956 3503 2021 autumnalibus,
3535 1954 3751 2010 hiema-

2163 2054 2408 2124 libusque
2430 2050 2724 2106 mensibus.
2774 2049 2820 2103 A
2861 2055 3161 2119 temporum
3191 2056 3370 2101 autem
3392 2044 3754 2101 delectatione

2162 2145 2288 2201 dum
2315 2145 2369 2199 in
2399 2141 2729 2213 temporibus
2770 2138 3020 2205 vivimus,
3050 2146 3266 2209 propter
3315 2135 3670 2191 aeternitatem
3700 2134 3758 2191 in

2163 2253 2267 2310 qua
2286 2238 2472 2291 vivere
2492 2234 2755 2301 volumus,
2793 2229 3170 2286 abstinendum
3189 2237 3244 2284 et
3262 2226 3610 2299 jejunandum
3634 2235 3757 2282 est:

2164 2330 2403 2402 quamvis
2450 2336 2749 2397 temporum
2793 2323 3037 2380 cursibus
3086 2323 3199 2394 ipsa
3245 2321 3400 2376 nobis
3442 2320 3749 2376 insinuetur

2164 2421 2408 2476 doctrina
2453 2414 2967 2474 contemnendorum
3007 2420 3310 2482 temporum
3339 2422 3394 2467 et
3420 2409 3760 2482 appetendo-

2164 2528 2284 2568 rum
2299 2519 2640 2593 aeternorum.
2665 2509 2832 2564 Porro
2846 2514 3022 2562 autem
3039 2505 3289 2560 denarius
3308 2519 3562 2559 numerus
3582 2502 3749 2562 Creao

2166 2605 2298 2661 toris
2326 2614 2486 2675 atque
2508 2612 2768 2659 creatura:
2806 2600 3069 2670 signiﬁcat
3087 2597 3366 2653 scientiam
3398 2615 3412 2652 :
3439 2612 3563 2652 nam
3583 2597 3746 2653 trini-

2166 2705 2249 2752 tas
2267 2696 2539 2752 Creatoris
2558 2703 2662 2762 est,
2695 2692 3028 2763 septenarius
3052 2700 3234 2747 autem
3264 2706 3520 2747 numerus
3537 2700 3754 2747 creatu-

2166 2806 2280 2846 ram
2303 2788 2519 2856 indicat,
2551 2795 2769 2858 propter
2791 2786 2954 2840 vitam
2990 2793 3044 2840 et
3064 2798 3277 2855 corpus.
3303 2781 3434 2839 Nam
3458 2782 3512 2837 in
3538 2782 3625 2838 illa
3660 2782 3763 2838 tria

2168 2889 2312 2947 sunt,
2351 2878 2492 2934 unde
2515 2878 2673 2933 etiam
2707 2886 2817 2931 toto
2844 2870 3022 2940 corde,
3050 2882 3160 2929 tota
3188 2873 3382 2939 anima,
3414 2880 3524 2927 tota
3575 2881 3762 2929 mente

2168 2970 2468 3043 diligendus
2503 2978 2587 3025 est
2625 2968 2767 3023 Deus
2790 2965 2913 3040 (Id.
2974 2981 3106 3029 xm,
3130 2963 3275 3037 37);
3325 2963 3378 3018 in
3403 2978 3626 3034 corpore
3664 2978 3764 3019 au-

2171 3074 2276 3119 tem
2295 3073 2521 3134 quatuor
2548 3058 2977 3115 manifestissima
2995 3064 3275 3127 apparent,
3298 3055 3490 3127 quibus
3515 3064 3750 3125 constat,

2171 3155 2454 3210 elementa.
2481 3152 2539 3206 ln
2568 3151 2672 3207 hoc
2691 3165 2824 3220 ergo
2847 3148 3065 3205 denario
3095 3148 3219 3201 dum
3252 3146 3615 3217 temporaliter
3638 3162 3746 3203 no-

2172 3248 2254 3304 bis
2285 3246 2604 3311 insinuatur,
2636 3242 2691 3298 id
2723 3250 2823 3308 est,
2853 3249 3041 3311 quater
3067 3239 3300 3307 ducitur,
3332 3247 3478 3295 caste
3510 3248 3565 3295 et
3588 3240 3764 3296 conti-

2173 3350 2383 3406 nenter,
2408 3353 2441 3393 a
2465 3344 2761 3404 temporum
2787 3329 3139 3387 delectatione
3161 3330 3359 3397 vivere,
3385 3329 3488 3385 huc
3512 3338 3595 3385 est
3618 3345 3751 3401 qua-

2174 3429 2416 3501 draginta
2458 3426 2647 3483 diebus
2673 3424 2916 3495 jejunare
2956 3437 3262 3479 monemur.
3287 3420 3401 3477 Hoc
3429 3420 3561 3488 Lex,
3602 3420 3761 3492 cujus

2174 3536 2403 3594 persona
2418 3517 2568 3576 estin
2595 3516 2794 3590 Moyse,
2820 3514 2923 3583 hoc
2947 3512 3254 3585 Prophetia,
3286 3512 3437 3583 cujus
3465 3527 3755 3584 personam

2175 3615 2314 3686 gerit
2340 3613 2503 3679 Elias,
2542 3609 2646 3664 hoc
2675 3609 2788 3679 ipse
2831 3606 3089 3662 Dominus
3138 3615 3357 3671 monet;
3390 3606 3480 3676 qui
3505 3614 3761 3676 tanquam

2175 3704 2535 3761 testimonium
2556 3699 2759 3755 habens
2783 3713 2850 3754 ex
2870 3696 3013 3768 Lege
3037 3704 3095 3753 et
3110 3695 3411 3766 Prophetis,
3438 3695 3644 3752 medius
3667 3696 3756 3750 in-

2176 3807 2262 3853 ter
2291 3797 2412 3851 illos
2438 3795 2493 3850 in
2522 3799 2726 3859 monte,
2766 3789 2940 3845 tribus
2964 3789 3244 3860 discipulis
3277 3788 3576 3844 videntibus
3600 3796 3766 3859 atque

2177 3887 2536 3960 stupentibus,
2575 3883 2765 3941 claruit
2787 3882 2807 3953 (
2830 3879 2943 3947 Id.,
2961 3897 3091 3949 xvn,
3108 3880 3165 3949 2,
3189 3882 3223 3937 '5
3247 3878 3288 3954 ).
3312 3880 3510 3936 Deinde
3529 3881 3600 3935 ita
3617 3895 3767 3951 qure-

2178 3982 2314 4039 ritur
2329 3978 2595 4052 quomodo
2617 3975 3101 4049 quinquagenarius
3124 3974 3191 4030 de
3216 3973 3640 4045 quadragenario
3660 3990 3762 4029 nu-

2178 4088 2330 4131 mero
2358 4072 2571 4137 existat,
2602 4071 2693 4142 qui
2722 4083 2829 4124 non
2853 4067 3197 4123 mediocriter
3223 4068 3276 4121 in
3304 4075 3487 4122 nostra
3503 4066 3789 4142 religione,

2182 4174 2422 4222 sacratus
2436 4172 2521 4219 est
2543 4170 2761 4233 propter
2779 4161 3128 4216 Pentecosten
3146 4158 3165 4230 (
3189 4158 3302 4211 Act.
3352 4173 3390 4212 ιι
3404 4155 3446 4230 ),
3468 4167 3522 4213 et
3538 4173 3768 4228 quomo-

2183 4257 2254 4313 do
2292 4266 2373 4312 ter
2391 4254 2580 4309 ductus
2605 4260 2825 4323 propter
2856 4251 2958 4305 tria
2989 4259 3250 4320 tempora,
3277 4259 3402 4304 ante
3427 4249 3645 4320 Legem,
3669 4248 3772 4305 sub

2183 4350 2345 4420 Lege,
2369 4347 2468 4403 sub
2491 4344 2693 4411 Gratia,
2721 4344 2806 4400 vel
2833 4351 3054 4414 propter
3081 4357 3276 4397 nomen
3307 4342 3500 4407 Patris,
3530 4351 3585 4396 et
3608 4340 3755 4410 Filii,

2184 4451 2240 4499 et
2254 4440 2484 4513 Spiritus
2507 4437 2693 4503 sancti,
2722 4435 2972 4507 adjuncta
2992 4435 3313 4491 eminentius
3334 4434 3446 4504 ipsa
3475 4433 3764 4504 Trinitate,

2185 4533 2254 4589 ad
2284 4530 2673 4603 purgatissima:
2708 4525 2962 4582 Ecclesiae
2999 4526 3308 4598 mysterium
3334 4523 3616 4592 referatur,
3651 4539 3776 4595 per-

2185 4625 2470 4694 veniatque
2516 4621 2585 4677 ad
2609 4629 2822 4677 centum
2848 4619 3221 4691 quinquaginta
3256 4629 3362 4674 tres
3387 4618 3580 4687 pisces,
3636 4632 3774 4689 quos

2186 4715 2318 4771 retia
2348 4723 2468 4785 post
2480 4712 2925 4769 resurrectionem
2947 4710 3156 4764 Domini
3177 4709 3229 4764 in
3257 4708 3530 4765 dexteram
3562 4720 3772 4779 partem

2187 4806 2349 4861 missa
2375 4812 2632 4875 ceperunt
2656 4801 2843 4875 (Joan.
2875 4816 2989 4868 nr,
3013 4801 3074 4855 ll
3093 4799 3136 4872 ).
3172 4800 3248 4854 Ita
3273 4800 3454 4854 multis
3480 4799 3599 4854 aliis
3613 4808 3775 4870 atque

2187 4897 2308 4952 aliis
2320 4910 2661 4952 numerorum
2679 4892 2864 4950 formis
2883 4891 3127 4963 quaedam
3146 4890 3551 4946 similitudinum
3569 4891 3621 4947 in
3648 4905 3774 4945 san-

2188 4991 2289 5047 clis
2315 4989 2489 5045 Libris
2502 4996 2709 5044 secreta
2731 4993 3021 5056 ponuntur,
3043 4999 3162 5054 quae
3185 4990 3405 5053 propter
3423 4995 3774 5039 numerorum

2189 5081 2508 5153 imperitiam
2530 5078 2825 5151 legentibus
2852 5077 3028 5131 clausa
3057 5084 3199 5129 sunt.

2258 5134 2346 5230 ἑὸ.
2378 5134 2493 5228 lion
2524 5134 2692 5242 pa‘nca
2718 5170 2879 5225 etiam
2896 5154 3106 5222 'claudit
3134 5173 3291 5236 atque
3320 5165 3521 5237 obtegit
3544 5134 3789 5221 nonnul;

2190 5265 2363 5321 larum
2387 5279 2567 5320 rerum
2592 5261 2913 5317 musicarum
2940 5257 3256 5328 ignorantia.
3287 5256 3421 5311 Nam
3449 5265 3507 5313 et
3528 5256 3597 5312 de
3626 5257 3769 5328 psal-

2194 5360 2311 5416 terii
2338 5367 2393 5415 et
2442 5357 2659 5415 citharae
2707 5352 3027 5418 diﬁ‘erentia,
3057 5350 3270 5421 quidam
3314 5365 3419 5406 non
3460 5350 3776 5406 inconcinne

2190 5455 2395 5524 aliquas
2432 5465 2611 5507 rerum
2641 5447 2837 5518 ﬁguras
2884 5444 3126 5515 aperuit:
3149 5452 3204 5498 et
3238 5443 3423 5499 decem
3454 5442 3775 5498 chordarum

2191 5544 2499 5619 psalterium
2526 5539 2708 5615 (Psal.
2732 5554 2905 5605 χχιιι,
2933 5537 3008 5603 2;
3041 5545 3087 5592 et
3113 5534 3440 5603 Psal.xc1,4
3464 5536 3511 5608 ),
3536 5551 3644 5591 non
3671 5535 3776 5588 im-

2193 5649 2419 5712 portune
2447 5638 2585 5692 inter
2608 5633 2797 5689 doctos
2844 5632 3098 5703 quaeritur
3122 5638 3300 5685 utrum
3327 5629 3518 5685 haheat
3545 5628 3777 5697 aliquam

2192 5735 2410 5790 musicm
2462 5730 2656 5800 legem,
2707 5741 2829 5798 qua:
2858 5725 2924 5780 ad
2953 5734 3152 5780 tantum
3185 5737 3470 5777 nervorum
3496 5731 3777 5776 numerum

2192 5838 2374 5901 cogat;
2399 5843 2468 5881 an
2489 5839 2641 5889 vero,
2666 5823 2710 5878 si
2756 5837 2860 5878 non
2892 5821 3073 5886 habet,
3102 5835 3167 5875 eo
3214 5819 3332 5889 ipso
3357 5817 3527 5888 magis
3569 5817 3777 5870 sacrate
