4060 6456
336 344 409 400 to
739 299 803 311 si
1157 409 1159 411 _
1676 342 1875 401 Lunai

2012 349 2287 406 aeneus.
2956 312 2958 315 l
3201 337 3266 348 ”’
3536 380 3611 444 5o

331 458 520 530 Legis,
549 459 618 516 de
645 476 750 532 quo
799 461 925 521 item
975 477 1202 518 numero
1229 463 1274 519 si
1304 473 1588 536 quaeratur,
1619 467 1826 523 nonnisi
1856 469 1924 525 ad

329 550 649 608 Creatorem
692 563 1094 624 creaturamque
1128 555 1436 610 referendus
1461 565 1563 621 est,
1595 557 1678 612 vel
1709 568 1925 630 propter

327 647 581 715 superius
599 649 895 716 expositum
930 648 1100 718 ipsum
1129 648 1426 704 denarium.
1457 649 1526 704 Et
1551 651 1637 705 ille
1672 667 1923 707 numerus

329 735 709 792 adificationis
731 739 936 808 templi,
958 740 1044 810 qui
1070 751 1519 796 commemoratur
1535 743 1586 796 in
1609 744 1916 814 Evangelio,

326 828 681 900 quadraginta
712 831 913 888 scilicet
942 839 994 886 ct
1019 847 1112 886 sex
1137 847 1393 887 annorum
1425 831 1445 906 (
1468 834 1622 888 Joan.
1677 851 1732 903 ιι,
1767 836 1834 892 20
1864 835 1908 909 ),

326 919 520 973 nescio
563 921 689 990 quid
742 921 1000 976 musicum
1031 934 1218 987 sonat;
1250 932 1303 978 et
1337 924 1537 981 relatus
1573 925 1638 980 ad
1669 925 1920 982 fabricam

328 1007 596 1066 Dominici
625 1013 884 1080 corporis,
916 1023 1132 1082 propter
1157 1029 1313 1084 quam
1342 1016 1522 1084 templi
1555 1018 1754 1072 mentio
1785 1017 1919 1073 facta

325 1109 436 1166 est,
467 1101 613 1170 cogit
665 1103 946 1157 nonnullos
993 1103 1274 1160 hmreticos
1318 1106 1557 1168 conﬁteri
1599 1108 1791 1163 Filium
1823 1110 1920 1166 Dei

325 1207 440 1248 non
479 1192 637 1259 falso,
667 1195 760 1250 sed
802 1211 931 1251 vero
957 1205 1011 1251 et
1036 1196 1267 1252 humano
1300 1213 1521 1269 corpore
1547 1200 1784 1256 indutum
1820 1219 1832 1255 :
1866 1210 1920 1258 ot

327 1299 616 1339 numerum
647 1287 840 1356 quippe
877 1297 932 1342 et
955 1289 1207 1344 musicam
1253 1290 1518 1360 plerisque
1549 1291 1675 1346 locis
1705 1292 1756 1346 in
1788 1307 1916 1348 san-

323 1375 430 1429 ctis
457 1375 752 1444 Scripturis
782 1378 1160 1434 honorabiliter
1185 1381 1357 1450 posita
1381 1381 1702 1436 invenimus.

393 1464 630 1522 CAPUT
669 1466 829 1522 XVII.
856 1497 928 1508 —-
950 1468 1105 1541 Origo
1128 1470 1313 1541 fabula:
1344 1470 1614 1524 Musarum
1648 1489 1842 1528 novem.

394 1557 492 1612 27.
524 1558 641 1615 Non
672 1561 813 1614 enim
837 1561 1080 1616 audiendi
1119 1573 1242 1616 sunt
1281 1579 1491 1618 errores
1523 1565 1795 1635 gentilium
1825 1582 1916 1621 su-

322 1649 723 1716 perstitionum,
771 1651 860 1720 qui
902 1667 1086 1706 novem
1115 1652 1286 1706 Musas
1311 1652 1455 1708 Jovis
1502 1663 1556 1709 et
1599 1654 1867 1710 Memoriae
1897 1657 1914 1687 ί

333 1739 471 1793 ﬁlias
509 1755 630 1794 esse
660 1745 944 1796 ﬁnxerunt.
994 1742 1203 1798 Refellit
1232 1760 1323 1798 eos
1371 1743 1556 1812 Varro,
1604 1761 1708 1814 quo
1736 1747 1914 1801 nescio

326 1838 508 1884 utrum
539 1832 676 1900 apud
711 1848 803 1886 eos
831 1833 1106 1903 quisquam
1141 1834 1320 1889 talium
1369 1852 1542 1890 rerum
1583 1837 1789 1892 doctior
1829 1839 1914 1893 vel

330 1923 599 1977 curiosior
647 1939 768 1978 esse
824 1925 1008 1993 possit.
1057 1925 1193 1980 Dicit
1240 1925 1380 1980 enim
1438 1929 1701 1982 civitatem
1733 1931 1914 1984 nescio

325 2028 514 2082 quam,
535 2028 639 2066 non
665 2015 804 2068 enim
833 2029 1026 2069 nomen
1045 2016 1242 2083 recolo,
1263 2016 1469 2072 locasse
1491 2018 1627 2089 apud
1649 2027 1756 2075 tres
1780 2019 1910 2074 arti-

327 2104 458 2158 lices
475 2113 633 2157 terna
663 2105 956 2160 simulacra
971 2106 1255 2172 Musarum,
1283 2108 1423 2178 quod
1453 2107 1504 2162 in
1538 2111 1732 2179 templo
1755 2112 1915 2179 Apol-

323 2194 452 2248 linis
493 2195 690 2249 donum
713 2207 957 2267 poneret,
983 2209 1038 2251 ut
1063 2199 1300 2268 quisquis
1321 2201 1578 2254 artificum
1607 2202 1908 2271 pulchriora

324 2285 632 2353 formasset,
668 2290 736 2343 ab
765 2289 854 2343 illo
882 2290 1216 2358 potissimum
1265 2292 1430 2345 electa
1477 2302 1696 2347 emeret.
1729 2293 1910 2364 Itaque

322 2375 860 2450 contigisseutopera
883 2395 974 2435 sua
1020 2398 1229 2452 quoque
1269 2383 1342 2437 illi
1381 2385 1608 2439 artifices
1631 2387 1910 2456 mquepul-

323 2471 454 2524 chra
485 2473 838 2540 explicarent,
871 2483 922 2527 et
951 2474 1210 2542 placuisse
1241 2475 1436 2529 civitati
1471 2491 1655 2530 omnes
1685 2493 1896 2545 novem,

321 2573 484 2633 atque
526 2579 712 2619 omnes
749 2580 867 2621 esse
893 2575 1116 2636 emptas,
1147 2577 1203 2621 ut
1228 2568 1279 2622 in
1309 2569 1568 2638 Apollinis
1597 2571 1794 2639 templo
1816 2571 1908 2626 de-

322 2655 630 2711 dicarentur
653 2675 666 2724 ;
701 2659 891 2728 quibus
919 2667 1100 2728 postea
1121 2659 1247 2714 dicit
1268 2660 1551 2715 Hesiodum
1578 2663 1906 2732 poetamim-

322 2749 570 2816 posuisse
594 2749 870 2804 vocabula.
894 2749 1008 2804 Non
1030 2765 1156 2821 ergo
1177 2751 1382 2820 Jupiter
1401 2767 1589 2806 novem
1614 2753 1787 2808 Musas
1811 2769 1906 2824 ge-

320 2840 461 2904 nuit,
493 2838 587 2893 sed
617 2848 724 2894 tres
768 2839 900 2894 fabri
952 2847 1131 2895 ternas
1173 2850 1506 2896 creaverunt.
1551 2842 1683 2898 Tres
1732 2854 1908 2898 autem

321 2944 427 2983 non
491 2939 768 2999 propterea
817 2931 905 2985 illa
939 2932 1123 2987 civitas
1147 2933 1431 3000 locaverat,
1471 2935 1592 3004 quia
1624 2935 1676 2989 in
1705 2939 1907 2993 somnis

320 3033 415 3073 eas
443 3019 671 3086 viderat,
721 3030 810 3074 aut
840 3030 917 3076 tot
962 3027 1020 3076 Se
1045 3023 1353 3092 cujusquam
1389 3023 1596 3079 illorum
1624 3027 1790 3082 oculis
1816 3027 1906 3083 de-

324 3120 781 3178 monstraveram;
815 3113 908 3168 sed
961 3115 1081 3185 quia
1136 3114 1292 3170 facile
1327 3119 1907 3196 eratanimadvertere

320 3218 536 3258 omnem
566 3219 776 3270 sonum,
809 3221 927 3276 qum
979 3207 1228 3260 materies
1258 3207 1642 3264 cantilenarum
1683 3220 1782 3276 est,
1815 3213 1904 3267 tri-

319 3295 548 3350 formem
580 3311 698 3351 esse
724 3306 926 3351 natura.
960 3299 1065 3352 Aut
1086 3299 1228 3353 enim
1251 3315 1382 3355 voce
1401 3301 1594 3370 editur,
1625 3303 1778 3358 sicuti
1805 3320 1897 3359 eo-

318 3403 440 3441 rum
466 3397 546 3442 est
591 3388 678 3457 qui
721 3387 956 3443 faucibus
982 3388 1096 3444 sine
1138 3405 1335 3460 organo
1364 3401 1592 3458 canunt;
1638 3405 1728 3448 aut
1752 3395 1900 3462 flatu,

318 3477 463 3531 sicut
505 3479 744 3532 tubarum
778 3487 833 3534 et
857 3479 1138 3546 tibiarum;
1163 3489 1254 3534 aut
1278 3481 1453 3551 pulsu,
1486 3483 1622 3537 sicut
1645 3485 1696 3538 in
1728 3486 1900 3540 citha-

319 3569 401 3622 ris
430 3577 485 3622 et
520 3571 794 3640 tympanis,
823 3579 879 3627 et
901 3571 1222 3641 quibuslibet
1262 3572 1381 3628 aliis
1409 3589 1526 3644 quae
1553 3578 1901 3646 percutiendo

322 3673 520 3714 canora
541 3669 682 3714 sunt.

317 3791 543 3849 CAPUT
582 3792 763 3848 XVIII.
794 3825 868 3836 —
894 3795 1113 3869 Profam’
1137 3798 1182 3852 si
1199 3799 1322 3868 quid
1345 3799 1466 3855 bene
1505 3800 1776 3872 dixerunt,
1799 3820 1901 3860 non

918 3888 1311 3959 aspernandum.

389 4014 476 4069 28.
504 4013 610 4070 Sed
636 4017 748 4070 sive
773 4015 844 4070 ita
878 4031 936 4072 se
959 4016 1152 4073 habeat
1174 4019 1313 4089 quod
1339 4019 1502 4074 Varro
1544 4021 1747 4088 retulit,
1787 4023 1897 4078 sive

321 4121 424 4158 non
455 4106 553 4171 ita;
585 4120 684 4160 nos
722 4116 895 4161 tamen
926 4123 1028 4162 non
1065 4118 1280 4178 propter
1307 4112 1731 4179 superstitionem
1771 4130 1896 4183 pro-

320 4195 562 4250 fanorum
591 4196 848 4252 debemus
876 4198 1130 4252 musicam
1163 4198 1360 4269 fugere,
1395 4201 1439 4254 si
1460 4202 1584 4271 quid
1616 4203 1737 4258 inde
1764 4206 1891 4260 utile

317 4288 382 4341 ad
425 4288 795 4358 intelligendas
842 4299 1050 4344 sanctas
1095 4289 1394 4359 Scripturas
1441 4308 1625 4362 rapere
1664 4297 1898 4363 potueri-

315 4394 476 4442 mus;
507 4393 610 4434 nec
655 4379 720 4433 ad
763 4380 973 4434 illorum
1013 4380 1293 4435 theatricas
1337 4397 1503 4452 nugas
1543 4385 1798 4450 converti,
1827 4387 1873 4440 si

317 4470 521 4540 aliquid
542 4469 609 4524 de
649 4471 869 4525 citharis
896 4481 949 4525 et
977 4470 1042 4526 de
1080 4472 1310 4542 organis,
1335 4473 1474 4542 quod
1509 4475 1574 4528 ad
1605 4477 1892 4544 spiritualia

316 4562 574 4632 capienda
604 4563 795 4629 valeat,
822 4563 1380 4634 disputemus.'Neque
1406 4567 1545 4641 enim
1594 4576 1648 4621 et
1690 4569 1894 4625 litteras

313 4655 524 4710 discere
555 4671 659 4708 non
703 4655 1002 4722 debuimus,
1035 4656 1156 4725 quia
1187 4672 1364 4712 earum
1406 4668 1733 4727 repertorem
1759 4663 1779 4692 ³
1810 4662 1890 4716 di-

312 4755 439 4800 cunt
455 4761 574 4801 esse
602 4745 948 4812 Mercurium;
981 4747 1203 4816 autquia
1219 4747 1435 4815 justitiaz
1455 4750 1738 4820 virtutique
1762 4760 1894 4806 tem-

313 4837 395 4907 pla
423 4836 755 4902 dedicarem,
783 4846 836 4891 et
855 4852 973 4907 quae
1023 4837 1183 4892 corde
1209 4838 1459 4907 gestanda
1509 4848 1633 4893 sunt
1667 4842 1717 4894 in
1759 4843 1890 4910 lapi-

312 4926 467 4981 dibus
517 4927 742 4982 adorare
789 4929 1108 4992 maluerunt,
1167 4940 1442 4998 propterea
1496 4930 1648 4985 nobis
1691 4932 1890 5001 justitia

323 5020 598 5089 virtusque
623 5018 867 5089 fugienda
897 5028 978 5073 est
1009 5037 1022 5072 :
1053 5021 1159 5073 imo
1184 5035 1311 5075 vero
1336 5022 1574 5091 quisquis
1602 5023 1772 5080 bonus
1801 5041 1891 5080 vc-

311 5123 507 5178 rusque
531 5108 856 5162 christianos
880 5117 981 5175 est,
1001 5109 1207 5163 Domini
1235 5111 1312 5163 sui
1339 5125 1456 5165 esse
1479 5111 1752 5182 intelligat,
1772 5115 1889 5168 ubi-

310 5213 539 5268 cumque
563 5197 824 5253 invenerit
842 5198 1139 5266 veritatem,
1163 5215 1321 5269 quam
1345 5202 1603 5257 confitens
1619 5202 1640 5234 ³
1660 5215 1712 5258 et
1728 5219 1894 5274 agno~

313 5304 484 5355 secus,
513 5289 675 5343 etiam
706 5290 755 5344 in
787 5289 998 5345 Litteris
1039 5292 1205 5345 sacris
1248 5294 1610 5361 superstitiosa
1640 5294 1887 5365 figmenta

311 5383 585 5454 repudiet;
607 5382 886 5454 doleatque
907 5383 1148 5438 homines
1165 5392 1322 5455 atque
1348 5395 1550 5450 caveat,
1579 5388 1665 5456 qui
1688 5403 1886 5458 cogno-

309 5488 522 5533 scentes
545 5476 732 5544 Deum,
762 5491 870 5531 non
899 5485 956 5531 ut
983 5477 1147 5532 Deum
1173 5476 1625 5547 glorificaverunt,
1651 5487 1742 5533 aut
1763 5495 1885 5550 gra-

370 5633 389 5662 ί
414 5637 521 5680 tum.
545 5630 642 5680 duo
665 5643 695 5680 e
716 5631 966 5691 Vaticanis,
989 5629 1228 5692 umerum.
1250 5628 1355 5690 Alii,
1374 5642 1546 5680 omnes
1567 5631 1774 5692 codices,
1795 5640 1888 5682 Me-

309 5693 492 5762 mqrire.
516 5694 588 5742 sic
611 5705 730 5743 vero
754 5694 898 5743 etiam
922 5694 971 5742 in
993 5693 1079 5742 lib.
1104 5691 1136 5742 2
1155 5693 1221 5741 de
1243 5693 1440 5762 Ordine,
1461 5704 1566 5754 cap.
1594 5692 1670 5754 l4,
1694 5707 1744 5742 n.
1763 5693 1841 5742 41.

372 5756 512 5828 falsis.
538 5768 688 5828 prope
704 5767 1082 5828 omnes-curta):
1102 5763 1255 5828 Deum
1275 5752 1458 5804 dicunt.

371 5817 398 5850 ³
540 5815 794 5882 'pluSquam
813 5818 1002 5882 viginti,
1023 5817 1304 5884 conferas:
1326 5816 1569 5869 consentit
1582 5815 1729 5868 editio
1750 5825 1852 5871 Am.

2034 471 2134 528 tias
2161 485 2402 544 egerunt,
2439 478 2530 533 sed
2561 492 2887 538 evanuerunt
2915 484 2966 539 in
3018 488 3426 559 cogitationibus
3470 500 3604 567 suis,

2031 572 2084 617 et
2113 565 2444 623 obscuratum
2465 578 2546 624 est
2560 587 2652 626 cor
2676 573 2926 642 insipiens
2948 593 3166 635 eorum:
3194 583 3432 642 dicentes
3461 565 3606 648 enim

2029 670 2087 711 se
2107 672 2224 714 esse
2255 660 2535 731 sapientes,
2583 666 2728 719 stulti
2761 665 2881 722 facti
2921 679 3059 734 sunt.
3090 680 3144 727 et
3193 674 3607 738 immutavernnt

2028 747 2244 816 gloriam
2296 751 2706 823 incorruptibilis
2736 757 2826 811 Dei
2859 759 2910 812 in
2935 762 3325 820 similitudinem
3360 769 3603 840 imaginis
3659 787 3664 794 '

2026 843 2380 911 corruptibilis
2407 845 2652 914 hominis,
2685 859 2736 902 et
2761 839 3034 909 volnerum
3055 895 3068 920 ,
3097 864 3149 910 et
3175 839 3594 931 quadrupedum,

2026 939 2080 986 et
2099 935 2416 1002 serpentium
2434 935 2604 1007 (Rom.
2635 954 2672 1002 ι,
2702 938 2761 993 ‘2!
2794 957 2900 1010 ητα.
2919 939 2963 1013 ).

2025 1063 2249 1122 CAPUT
2286 1066 2426 1124 XIX.
2459 1100 2528 1111 —
2545 1070 2904 1130 Doctrinarum
2925 1096 3107 1150 genera
3126 1083 3227 1138 duo
3247 1097 3444 1158 reperta
3463 1089 3603 1162 apud

2676 1165 2936 1224 Ethnicos.

2092 1286 2182 1344 29.
2210 1287 2314 1344 Sed
2358 1301 2416 1346 ut
2445 1301 2611 1350 totum
2637 1296 2792 1352 istum
2841 1300 3036 1370 locum,
3069 1320 3189 1359 nam
3241 1317 3323 1363 est
3368 1312 3597 1368 maxime

2023 1383 2372 1450 necessarius,
2402 1385 2703 1456 diligentius
2737 1393 3094 1462 explicemus;
3124 1398 3230 1453 duo
3258 1411 3381 1456 sunt
3403 1419 3596 1472 genera

2025 1472 2407 1544 doctrinarum,
2441 1495 2556 1548 qua:
2581 1479 2631 1534 in
2656 1484 2946 1552 gentilibus
2965 1488 3123 1542 etiam
3155 1493 3390 1546 moribus
3438 1511 3595 1549 exer-

2022 1574 2225 1619 centur.
2260 1567 2428 1622 Unum
2455 1586 2634 1625 earum
2668 1590 2842 1628 rerum
2869 1593 2999 1647 quas
3042 1579 3380 1638 instituerunt
3419 1585 3595 1641 homi-

2020 1671 2115 1711 nes
2140 1674 2152 1722 ;
2186 1658 2408 1714 alterum
2465 1677 2643 1718 earum
2673 1682 2802 1736 quas
2831 1669 3315 1728 animadverterunt
3337 1676 3444 1745 jam
3474 1693 3596 1747 per-

2025 1755 2172 1801 actas
2199 1748 2550 1807 autdivinitus
2579 1753 3010 1824 institutas.fl|lud
3035 1763 3174 1830 quod
3200 1773 3282 1818 est
3306 1767 3595 1823 secundum

2022 1835 2377 1894 institutiones
2421 1840 2730 1912 hominum,
2776 1849 2967 1916 partim
3011 1853 3438 1921 superstitiosum
3489 1868 3590 1924 est,

2021 1928 2208 1996 partim
2244 1945 2349 1984 non
2377 1940 2482 1984 est.

2018 2015 2242 2073 CAPUT
2282 2019 2397 2073 XX.
2417 2052 2486 2062 —
2509 2022 2742 2080 Scientiaz
2765 2043 2888 2096 quas
2909 2029 3132 2086 homines
3151 2035 3473 2090 instituerunt
3497 2037 3594 2091 ali-
3673 2100 3676 2104 ,

2071 2123 2183 2175 qua
2206 2113 2612 2178 superstitionum
2634 2115 2811 2183 plenae.
2837 2116 3038 2173 Catonis
3065 2124 3252 2178 dictum
3274 2127 3513 2196 lepidum.
3662 2108 3669 2115 ι

2091 2197 2178 2252 50.
2219 2196 2657 2268 Snperstitiosum
2690 2215 2771 2260 est
2799 2210 3051 2280 quidquid
3102 2214 3394 2270 institutum
3423 2229 3505 2273 est
3525 2221 3593 2276 ab

2020 2289 2322 2346 hominibus
2346 2294 2411 2347 ad
2445 2295 2679 2351 facienda
2708 2308 2764 2352 et
2788 2302 3006 2357 colenda
3031 2305 3164 2360 idola
3197 2311 3488 2377 pertinens,
3508 2291 3593 2366 vel

2017 2381 2083 2435 ad
2111 2383 2384 2452 colendam
2417 2387 2570 2441 sicuti
2593 2389 2755 2444 Deum
2808 2405 3100 2450 creaturam
3132 2409 3403 2469 partemve
3431 2403 3592 2458 ullam

2016 2482 2312 2540 creaturae;
2355 2477 2436 2530 vel
2485 2480 2550 2532 ad
2600 2483 3012 2540 consultationes
3042 2497 3094 2541 et
3146 2499 3296 2558 pacta
3348 2493 3594 2563 quaedam

2020 2563 2462 2634 significationum
2490 2583 2607 2622 cum
2657 2572 2984 2629 daemonibus
3018 2579 3205 2646 placita
3233 2590 3390 2652 atque
3419 2582 3590 2638 foede—

2015 2665 2147 2721 rata,
2206 2659 2380 2727 qualia
2425 2671 2548 2714 sunt
2573 2663 2840 2717 molimina
2889 2668 3208 2737 magicarum
3235 2673 3448 2740 artium,
3473 2689 3592 2743 qua:

2015 2747 2226 2816 quidem
2274 2764 2694 2807 commemorare
2740 2756 2917 2823 potius
2944 2774 3099 2825 quam
3125 2759 3317 2816 docere
3355 2764 3591 2818 assolent

2015 2849 2203 2909 poetae.
2234 2840 2312 2894 Ex
2339 2856 2442 2910 quo
2471 2858 2662 2912 genere
2690 2855 2830 2912 sunt,
2862 2848 2954 2900 sed
2980 2850 3127 2917 quasi
3145 2851 3418 2908 licentiore
3441 2855 3591 2909 vani-

2015 2938 2139 2995 tate,
2173 2933 2472 3002 aruspicum
2497 2942 2552 2987 et
2576 2949 2829 3005 augurum
2860 2938 2999 2993 libri.
3032 2939 3112 2994 Ad
3139 2941 3240 2996 hoc
3274 2957 3440 3012 genus
3462 2960 3586 3014 per-

2015 3022 2384 3077 tinentomnes
2411 3025 2567 3078 etiam
2595 3026 2832 3096 ligatur-ae
2861 3039 3018 3099 atque
3046 3033 3302 3100 remedia,
3331 3050 3451 3104 quae
3469 3050 3586 3090 me-

2013 3112 2249 3166 dicorum
2295 3128 2504 3184 quoque
2533 3115 2806 3186 disciplina
2845 3120 3182 3187 condemnat,
3207 3124 3319 3178 sive
3348 3125 3400 3178 in
3444 3141 3585 3195 prae-

2011 3203 2417 3269 cantationibus,
2445 3205 2560 3260 sive
2581 3206 2632 3260 in
2658 3209 2968 3277 quibusdam
2997 3212 3134 3267 notis
3158 3214 3290 3284 quas
3311 3215 3587 3271 characte-

2011 3308 2100 3348 res
2133 3303 2345 3361 vocaut,
2391 3295 2501 3350 sive
2555 3297 2607 3350 in
2655 3299 2950 3370 quibusque
2997 3301 3586 3375 rebuy'Suspendendis

2011 3319 2100 3348 rce
2139 3319 2345 3361 vocant,
2391 3319 2501 3350 utve
2555 3319 2607 3350 Ill
2655 3319 2950 3370 quwusque
2997 3319 3123 3358 renu
3169 3319 3579 3375 :suspendendts

2010 3394 2166 3455 atque
2190 3386 2470 3456 illigandis,
2506 3389 2588 3442 vel
2631 3390 2788 3443 etiam
2840 3319 3579 3467 aptandis‘3quodammodo,

2011 3491 2114 3528 non
2165 3475 2231 3528 ad
2282 3478 2717 3546 temperationem
2750 3459 3067 3551 corporum,
3087 3459 3208 3544 ised
3236 3486 3301 3540 ad
3328 3459 3585 3556 quasdam

2007 3566 2416 3638 significationes
2433 3578 2522 3623 aut
2538 3573 2791 3638 occultas,
2813 3584 2902 3628 aut
2917 3576 3075 3629 etiam
3100 3562 3409 3640 manifestas
3429 3597 3443 3646 ;
3463 3595 3584 3650 quae

2006 3658 2214 3712 mitiore
2241 3660 2455 3714 nomine
2484 3661 2700 3732 physica
2721 3673 2930 3732 vocant,
2951 3675 3008 3720 ut
3032 3649 3180 3737 qua‘si
3202 3683 3307 3723 non
3329 3671 3585 3740 supersti-

2007 3751 2150 3806 tione
2174 3751 2465 3822 implicare,
2489 3754 2581 3809 sed
2604 3764 2790 3810 natura
2811 3759 3065 3827 prodesse
3087 3761 3363 3817 videantur
3391 3780 3403 3816 :
3445 3763 3582 3820 sient

2005 3851 2130 3897 sunt
2183 3843 2392 3898 inaures
2436 3845 2489 3898 in
2540 3860 2750 3900 summo
2781 3848 2988 3902 aurium
3025 3851 3368 3921 singularum,
3395 3860 3487 3908 aut
3512 3853 3582 3910 de

2005 3933 2361 3989 struthionum
2401 3936 2612 3991 ossibus
2651 3941 2848 3994 ansulae
2897 3942 2948 3994 in
2999 3943 3196 4013 digitis,
3219 3953 3308 3999 aut
3335 3959 3456 4000 cum
3482 3945 3579 4002 tibi

2003 4023 2197 4078 dicitur
2223 4025 2565 4096 singultienti,
2595 4037 2651 4082 ut
2675 4030 2892 4085 dextera
2939 4048 3098 4087 manu
3123 4034 3398 4091 sinistrum
3423 4035 3583 4107 polli-

2003 4130 2120 4171 cem
2154 4124 2358 4172 teneas.

2002 4228 2009 4254 τ
2073 4208 2162 4263 5i.
2187 4209 2278 4264 llis
2301 4210 2657 4281 adjunguntur
2681 4214 2842 4269 millia
2881 4216 3304 4276 inanissimarum
3332 4221 3583 4278 observa-

2004 4299 2226 4365 tionum,
2251 4303 2294 4356 si
2321 4303 2620 4358 membrum
2647 4307 2859 4377 aliquod
2886 4311 3103 4375 salierit,
3137 4313 3183 4367 si
3207 4313 3429 4383 junctim
3455 4331 3576 4370 am-

2001 4390 2303 4448 bulantibus
2337 4395 2520 4450 amicis
2567 4397 2721 4467 lapis,
2750 4408 2840 4453 aut
2868 4402 3034 4468 canis,
3067 4413 3157 4458 aut
3199 4419 3331 4474 puer
3369 4407 3577 4463 medius

2001 4480 2344 4538 intervenerit
2376 4504 2388 4539 :
2421 4495 2577 4556 atque
2603 4489 2732 4542 illud
2777 4491 2918 4558 quod
2952 4493 3178 4561 lapidem
3208 4496 3432 4561 calcant,
3461 4507 3579 4554 tan-

2001 4588 2156 4643 quam
2207 4574 2585 4645 diremptorem
2634 4580 2904 4647 amicitiae,
2958 4584 3134 4639 minus
3163 4587 3444 4644 molestum
3471 4599 3572 4660 est,

2000 4680 2154 4734 quam
2183 4667 2323 4735 quod
2350 4669 2682 4725 innocentem
2738 4689 2957 4741 puerum
3000 4677 3224 4748 colapho
3252 4683 3573 4754 percutiunt,

1999 4755 2043 4809 si
2072 4757 2268 4824 pariter
2317 4759 2706 4816 ambulantibus
2763 4764 3082 4821 intercurrit.
3116 4769 3221 4824 Sed
3249 4771 3444 4828 bellum
3495 4783 3577 4830 est

1999 4847 2137 4915 quod
2190 4849 2471 4919 aliquando
2515 4855 2661 4922 pueri
2715 4855 3048 4913 vindicantur
3092 4876 3123 4915 a
3160 4864 3378 4920 canibus
3408 4883 3421 4920 :
3451 4882 3574 4920 nam

1997 4938 2308 5010 plerumque
2346 4951 2452 4995 tam
2500 4947 2854 5014 superstitiosi
2897 4959 3020 5004 sunt
3063 4952 3296 5021 quidam,
3327 4956 3573 5010 utetiam

1998 5045 2183 5084 canem
2209 5033 2299 5102 qui
2345 5033 2550 5089 medius
2578 5037 2941 5107 intervenerit,
2973 5042 3131 5099 ferire
3163 5045 3412 5110 audeant,
3461 5063 3570 5103 non

1999 5120 2241 5190 impune;
2292 5139 2518 5194 namque
2555 5142 2584 5180 a
2607 5144 2743 5183 vano
2773 5133 3008 5187 remedio
3036 5135 3142 5189 cito
3178 5136 3269 5190 ille
3305 5137 3570 5195 interdum

1996 5228 2365 5282 percussorem
2413 5231 2568 5271 suum
2609 5218 2676 5272 ad
2723 5235 2906 5275 verum
2938 5224 3201 5278 medicum
3225 5225 3406 5281 mittit.
3436 5228 3572 5285 Hinc

1997 5314 2119 5359 sunt
2142 5307 2298 5360 etiam
2327 5308 2432 5372 illa,
2473 5311 2634 5366 limen
2659 5313 2864 5369 calcare
2884 5331 3002 5370 cum
3033 5327 3155 5373 ante
3173 5319 3389 5376 domum
3419 5339 3567 5380 suam

1996 5398 2216 5462 transit;
2249 5400 2421 5456 redire
2441 5401 2507 5456 ad
2531 5402 2746 5468 lectum,
2770 5405 2815 5459 si
2836 5407 2954 5476 quis
2980 5407 3104 5462 dum
3131 5424 3189 5464 se
3215 5411 3415 5468 calceat
3431 5426 3563 5470 ster—

1996 5489 2283 5555 nutaverit;
2327 5491 2500 5546 redire
2545 5493 2782 5558 domum,
2835 5497 2882 5550 si
2933 5499 3222 5566 procedens
3249 5501 3568 5574 oﬂ‘enderit;

1994 5593 2114 5634 eum
2139 5580 2300 5637 vestis
2325 5596 2353 5634 a
2375 5583 2636 5639 soricibus
2664 5586 2889 5653 roditur,
2911 5590 3028 5657 plus
3052 5599 3280 5648 tremere
3309 5596 3568 5666 suspicio-

2058 5760 2074 5790 ί
2090 5760 2289 5842 C'odices.
2310 5760 2426 5811 editi
2451 5769 2501 5837 et
2522 5769 2646 5842 Mss,
2672 5763 2904 5842 sanandis
2939 5770 3288 5842 quodammodo
3315 5789 3328 5825 :
3361 5785 3568 5842 excepto

1992 5833 2092 5872 uno
2113 5829 2405 5886 nemigiano,
2427 5829 2565 5890 cujus
2593 5829 2876 5881 auctoritate
2896 5829 3214 5898 resntuimus,
3236 5839 3470 5904 aptandis.
