4032 6350
466 358 530 427 εει
1362 356 1453 414 ne
1491 346 1830 414 DOCTBINA
1869 328 2299 421 cumsuam,
2341 342 2399 413 s'.
2439 357 2803 418 AUGUSTINI
3654 378 3727 435 δε

466 468 571 541 ιιθ¹
605 474 764 539 futuri
794 478 941 549 mali,
967 472 1125 550 quam
1151 490 1386 549 praesens
1405 474 1657 531 damnum
1675 442 2047 525 doleréflinde

466 560 596 634 illud
621 574 890 646 eleganter
919 550 1116 627 dictum
1135 578 1216 625 est
1239 564 1476 634 Catonis,
1498 560 1728 637 quicum
1750 560 1894 619 esset
1914 576 2046 616 con-

464 670 640 727 sultus
677 684 707 723 a
734 662 985 738 quodam,
1031 662 1117 734 qui
1145 658 1244 717 sibi
1274 675 1305 716 a
1334 658 1595 715 soricilius
1625 664 1807 711 erasas
1846 652 2045 723 caligas

446 754 705 824 idiceret;
737 754 1013 829 respondit
1038 768 1143 808 non
1170 766 1291 809 esse
1314 742 1442 805 illud
1465 752 1779 813 monstrum,
1806 738 1899 800 sed
1923 746 2045 799 vere

465 860 766 910 monstrum
821 830 1123 906 habendum
1169 844 1354 910 fuisse,
1383 842 1429 898 si
1452 838 1651 897 sorices
1688 854 1719 894 a
1751 836 1934 909 caligis
1960 854 2045 892 ro-

463 947 736 1003 darentur.

591 1037 818 1097 CAPUT
856 1034 1000 1091 XXI.
1027 1062 1101 1074 —
1125 1029 1427 1103 Superstitio
1451 1024 1933 1082 iimtlrenmticoruin.
2010 1056 2015 1061 ι

535 1133 626 1189 '52.
661 1130 847 1201 Neque
877 1127 950 1182 illi
976 1126 1044 1180 ab
1083 1124 1185 1179 hoc
1213 1124 1409 1194 gelicre
1446 1120 1758 1192 perniciosa:
1786 1115 2045 1188 supersti-

465 1227 627 1282 tionis
647 1220 959 1294 segregandi
1003 1226 1144 1285 sunt,
1171 1216 1261 1288 qui
1289 1212 1623 1287 genethliaci,
1648 1220 1868 1287 propter
1894 1218 2043 1264 nata-

462 1316 591 1373 lium
610 1315 817 1370 dierum
843 1308 1317 1374 considerationes,
1363 1321 1503 1361 nunc
1527 1313 1705 1359 autem
1730 1303 1888 1372 vulgo
1926 1316 2043 1356 ma-

462 1394 731 1462 thematici
759 1417 1035 1459 vocamur.
1066 1399 1198 1454 Nam
1222 1407 1277 1453 et
1305 1398 1406 1468 ipsi
1441 1395 1682 1483 quamvis
1706 1408 1885 1450 veram
1913 1393 2043 1451 8ch-

461 1474 634 1547 Iarum
661 1489 998 1560 positionem,
1025 1500 1146 1540 cum
1183 1482 1405 1554 quisque
1436 1474 1689 1547 nascitur,
1721 1487 2043 1534 consecten-

458 1594 568 1652 tur,
587 1592 640 1640 et
659 1579 942 1653 aliquando
961 1580 1122 1635 etiam
1146 1574 1536 1648 pervestigent;
1560 1583 1734 1629 tamen
1756 1572 1897 1644 quod
1918 1571 2043 1626 inde

458 1684 722 1734 conantur
764 1672 851 1728 vel
898 1671 1138 1727 actiones
1180 1677 1389 1723 nostras
1417 1666 1503 1722 vel
1543 1666 1809 1721 actionum
1852 1672 2043 1719 eventa

456 1766 768 1839 prmdicere,
799 1762 956 1818 nimis
996 1768 1196 1828 errant,
1227 1769 1281 1816 et
1320 1744 1561 1813 vendunt
1584 1756 1843 1827 imperitis
1874 1756 2043 1810 homi-

456 1852 616 1916 nibus
641 1840 997 1913 miserabilem
1027 1853 1357 1908 servitutem.
1381 1849 1514 1923 Nam
1558 1849 1780 1919 quisque
1821 1847 1956 1903 liber
1975 1846 2041 1902 ad

464 1949 770 2023 hujusmodi
822 1946 1257 2009 mathematicum
1300 1959 1422 1999 cum
1452 1942 1720 2011 ingressus
1744 1940 1919 2006 fuerit,
1950 1940 2042 1995 dat

456 2024 738 2114 pecuniam
765 2046 823 2094 ut
847 2053 1032 2094 servus
1057 2035 1182 2091 inde
1209 2042 1363 2090 exeat
1395 2042 1486 2088 aut
1504 2031 1705 2096 Martis,
1736 2040 1831 2086 aut
1859 2031 2039 2086 Vene-

454 2136 552 2201 ris,
578 2132 663 2189 vel
693 2132 867 2204 potius
888 2130 1125 2186 omnium
1154 2127 1423 2193 siderum;
1453 2124 1644 2196 quibus
1674 2123 1747 2178 illi
1768 2122 1857 2194 qui
1882 2121 2041 2193 primi

454 2235 789 2292 erraverunt,
835 2236 1180 2292 erroremque
1212 2218 1438 2291 posteris
1476 2217 1910 2288 propinaverunt,
1956 2216 2040 2272 vel

454 2317 749 2375 bestiarum
794 2320 1010 2386 propter
1047 2308 1468 2374 similitudinem,
1508 2306 1596 2363 vel
1648 2305 1922 2362 hominum
1970 2305 2039 2361 ad

452 2411 600 2482 ipsos
616 2408 862 2465 homines
878 2403 1216 2463 honorandos
1232 2403 1599 2474 imposuerunt
1619 2399 1893 2456 vocabula.
1919 2399 2037 2455 Non

454 2504 597 2561 enim
624 2501 923 2558 mirandum
952 2506 1054 2564 est,
1077 2513 1197 2554 cum
1217 2496 1376 2553 etiam
1406 2494 1741 2566 propioribus
1780 2495 2042 2550 recentiu-

450 2595 706 2665 ribusque
736 2591 1083 2663 temporibus,
1113 2588 1261 2645 sidus
1289 2586 1429 2658 quod
1466 2586 1794 2657 appellamus
1830 2584 2039 2640 Lucife-

453 2701 596 2753 rum,
627 2684 817 2741 honori
843 2691 898 2738 et
921 2680 1126 2737 nomini
1149 2678 1378 2735 Cmsaris
1406 2677 1632 2733 Romani
1659 2676 1840 2749 dicare
1861 2677 2040 2733 conati

453 2786 578 2833 sunt
602 2775 700 2850 (α).
734 2776 800 2831 Ει
826 2775 1050 2830 fortasse
1076 2771 1271 2827 factum
1298 2777 1443 2827 esset
1467 2778 1628 2841 atque
1656 2769 1784 2825 isset
1808 2769 1859 2823 in
1886 2779 2037 2825 vetu-

454 2878 668 2934 Statem,
690 2867 791 2923 nisi
818 2867 936 2921 avia
963 2866 1079 2937 ejus
1092 2864 1270 2921 Venus
1295 2872 1721 2933 prmoccupasset
1744 2863 1846 2918 hoc
1864 2864 2038 2918 nomi-

452 2961 540 3019 nis
570 2959 864 3031 prardium;
895 2973 1069 3030 neque
1092 2956 1213 3028 jure
1241 2954 1351 3010 ullo
1379 2953 1446 3009 ad
1475 2953 1719 3009 hieredes
1743 2955 2033 3024 trajiceret,

452 3050 595 3123 quod
627 3064 894 3121 nunquam
920 3049 1039 3103 viva
1065 3046 1375 3117 possederat
1398 3055 1489 3101 aut
1514 3045 1891 3116 possidendum
1911 3047 2040 3117 peti-

454 3151 626 3201 verat.
653 3142 783 3195 Nam
805 3141 893 3195 ubi
919 3138 1143 3195 vacabat
1168 3140 1336 3206 locus,
1365 3152 1538 3209 nque
1556 3136 1781 3207 alicujus
1800 3140 2036 3209 priorum

453 3241 787 3293 mortuorum
817 3231 1021 3287 honore
1047 3229 1344 3292 tenebatur,
1378 3227 1572 3283 factum
1589 3236 1673 3284 est
1710 3229 1850 3298 quod
1873 3230 1923 3283 in
1950 3245 2037 3286 re-

454 3326 557 3383 bus
584 3325 777 3381 talibus
793 3323 1078 3385 licri,solet.
1102 3321 1206 3377 Pro
1230 3320 1436 3391 quintili
1451 3320 1595 3375 enim
1616 3329 1670 3377 et
1692 3322 1866 3377 sextili
1889 3339 2040 3403 men-

451 3418 621 3486 sibus,
643 3416 839 3472 .Iulium
866 3425 1025 3486 atque
1048 3416 1342 3485 Augustum
1361 3427 1631 3478 vocamus,
1651 3413 1720 3469 de
1744 3413 2037 3473 honoribus

450 3508 725 3565 hominum
762 3507 886 3564 Julii
910 3506 1134 3563 Caesaris
1173 3513 1228 3561 et
1266 3504 1486 3576 Augusti
1507 3502 1734 3562 Caesaris
1760 3522 2038 3579 nuncupa-

451 3611 574 3668 tos;
607 3609 665 3657 ut
688 3600 843 3656 facile
885 3600 974 3670 qui
1003 3599 1230 3654 voluerit
1256 3597 1513 3669 intelligat
1538 3600 1699 3654 etiam
1740 3600 1830 3657 illa
1860 3601 2035 3657 sidera

449 3693 599 3764 prius
648 3691 765 3747 sine
790 3690 873 3744 his
907 3690 1209 3745 nominibus
1246 3689 1381 3746 caelo
1409 3697 1597 3760 vagata
1620 3705 1740 3746 esse
1768 3709 1783 3745 :
1812 3692 2036 3749 mortuis

449 3792 628 3841 autem
670 3783 774 3842 illis
814 3797 1040 3853 quorum
1078 3781 1342 3839 honorare
1382 3783 1695 3839 memoriam
1738 3784 1822 3841 vel
1867 3786 2037 3842 coacti

448 3885 577 3935 sunt
604 3874 849 3931 homines
877 3874 1018 3940 regia
1042 3882 1319 3944 potestate,
1344 3873 1429 3930 vel
1470 3862 1666 3944 placuit
1690 3874 1921 3931 humana
1947 3892 2038 3932 va-

450 3971 638 4035 nitate,
662 3970 875 4027 nomina
899 3983 1089 4023 eorum
1117 3967 1453 4036 imponentes
1476 3966 1758 4039 sideribus,
1780 3984 1876 4026 eos
1892 3971 2037 4041 ipsos

447 4061 551 4119 sibi
580 4068 820 4116 mortuos
847 4060 899 4114 in
929 4058 1126 4115 caelum
1150 4058 1327 4113 levare
1342 4056 1674 4114 videbantur.
1698 4058 1804 4117 Sed
1827 4061 2039 4131 quodli-

447 4155 543 4213 bet
563 4161 818 4209 vocentur
851 4151 920 4207 ah
963 4150 1287 4214 hominibus,
1328 4158 1456 4205 sunt
1484 4159 1659 4209 tamen
1688 4151 1884 4220 sidera,
1915 4163 2036 4225 qua:

450 4247 596 4304 Deus
620 4244 849 4301 instituit
863 4253 918 4300 et
941 4241 1211 4299 ordinavit
1230 4249 1288 4297 ut
1302 4241 1467 4296 voluit
1492 4258 1507 4306 ;
1536 4250 1591 4297 et
1617 4251 1702 4298 est
1720 4254 1897 4300 certus
1918 4254 2035 4301 mea

450 4348 537 4397 tus
556 4338 790 4403 illorum,
819 4349 927 4406 quo
944 4343 1182 4404 tempora
1205 4333 1606 4403 distinguuntur
1632 4342 1791 4403 atque
1816 4336 2032 4391 varian-

447 4440 555 4487 tur.
593 4429 763 4497 Quem
785 4436 987 4482 motum
1013 4435 1219 4490 nctare,
1247 4438 1371 4479 cum
1397 4424 1621 4495 quisque
1644 4425 1895 4489 nascitur,
1928 4442 2035 4498 quo

447 4520 609 4577 modo
637 4534 695 4575 se
736 4519 951 4585 habeat,
978 4515 1130 4573 facile
1153 4524 1257 4582 est,
1284 4530 1379 4584 per
1414 4529 1601 4573 eorum
1631 4515 1873 4573 inventas
1901 4533 2034 4573 con-

447 4612 778 4683 scriptasque
794 4609 1024 4679 regulas,
1050 4622 1182 4677 quos
1197 4616 1377 4662 sancta
1398 4606 1669 4676 Scriptura
1694 4607 2032 4679 condemnat,

448 4680 664 4765 dicens:
698 4700 759 4757 Si
776 4700 910 4756 enim
929 4710 1123 4755 tantum
1149 4706 1417 4771 patuerunt
1439 4702 1588 4766 scire,
1609 4708 1663 4754 ut
1682 4709 1883 4769 possent
1900 4701 2036 4756 resti-

448 4814 590 4854 tuare
615 4796 874 4863 swculum,
905 4793 1155 4866 quomodo
1179 4793 1290 4865 ejus
1311 4790 1583 4847 Dominum
1604 4806 1707 4847 non
1728 4793 2031 4864 {aciliusin-

446 4898 686 4945 uenerunt
709 4886 729 4960 (
755 4887 883 4958 ευρ.
905 4902 1022 4954 xm,
1053 4884 1088 4942 9
1116 4885 1183 4957 )‘i

447 4979 673 5038 CAPUT
712 4978 876 5036 XXII.
906 5009 977 5020 —
1014 4977 1303 5033 Observatio
1345 4976 1571 5033 siderum
1615 4978 1685 5033 ad
1723 4990 2032 5051 cognomen-

918 5073 1038 5126 dam
1067 5073 1182 5127 vita:
1205 5072 1385 5126 seriem
1412 5086 1562 5126 uana.

521 5169 611 5226 35.
643 5166 752 5225 Sed
790 5182 856 5223 ex
880 5180 944 5221 ea
982 5167 1256 5221 notatione
1287 5164 1424 5219 velle
1451 5163 1780 5219 ineuntium
1819 5179 2031 5234 mores,

449 5269 623 5328 actus,
650 5267 837 5316 eventa
868 5257 1176 5328 prmdicere,
1208 5270 1433 5326 magnus
1460 5268 1613 5312 error
1636 5263 1690 5311 et
1716 5272 1905 5329 magna
1936 5258 2033 5314 de-

450 5353 648 5411 mentis
677 5360 776 5407 est.
806 5351 872 5407 Et
906 5348 1046 5421 apud
1070 5364 1163 5405 eos
1202 5348 1413 5418 quidem
1436 5348 1527 5418 qui
1559 5348 1682 5404 talia
1710 5349 2033 5407 dediscenda

452 5445 780 5511 didicerunt,
817 5442 935 5497 sine
975 5441 1080 5496 ulla
1126 5439 1455 5496 dubitatione
1498 5439 1761 5494 refellitur
1792 5441 1906 5496 haec
1944 5454 2037 5496 su-

452 5536 717 5611 pecstitio.
761 5533 1201 5591 Constellationes
1247 5533 1389 5588 enim
1419 5533 1552 5603 quas
1583 5543 1802 5598 vocant,
1830 5539 2034 5593 notatio

516 5693 536 5725 ³
550 5691 625 5742 Sic
638 5696 746 5740 Ilss.
766 5685 983 5738 melioris
1001 5691 1149 5737 notae.
1171 5691 1228 5737 At
1249 5684 1386 5748 editi,
1403 5682 1571 5736 timere
1591 5683 1907 5751 suspicionan

513 5776 588 5841 (α)
617 5768 1044 5846 “Quam-9.:
1190 5845 1193 5846 ν
1234 5832 1261 5846 ..
1293 5839 1333 5846 ,κ
1370 5845 1403 5846 η
1442 5834 1453 5845 .

696 5843 816 5889 Ecce
837 5836 1013 5887 Dionea
1033 5836 1270 5901 processit
1287 5836 1484 5886 Cesaris
1495 5836 1694 5885 astrum.

2155 456 2237 522 esi
2264 464 2517 538 siderum,
2546 475 2811 544 quomodo
2833 491 2894 534 se
2918 458 3184 538 habebant
3212 497 3334 541 cum
3363 484 3456 545 ille
3484 502 3734 550 nascere-

2153 560 2258 641 tur,
2293 558 2358 614 de
2395 578 2500 632 quo
2538 562 2624 618 isti
2665 566 2846 622 miseri
2883 583 2914 624 a
2956 569 3319 632 miserioribus
3357 580 3733 641 consuluntur.

2150 630 2292 703 Fieri
2326 630 2503 707 autem
2544 664 2745 723 potest,
2786 666 2843 712 ut
2879 658 3038 731 aliqui
3072 664 3269 735 gemini
3299 671 3738 743 tamjsequaciter

2153 734 2441 799 fundantur
2460 761 2525 801 ex
2556 756 2729 817 utero,
2762 759 2817 806 ut
2842 734 3182 813 intervallum
3206 738 3458 832 iemporis
3478 734 3618 822 inter
3642 783 3736 828 eos

2144 832 2357 889 ‘nullum
2385 836 2553 906 possit
2571 830 2916 911 apprehendi,
2943 854 2999 900 et
3016 830 3479 908 constellationum
3500 861 3736 917 numeris

2150 928 2416 983 annotari.
2447 924 2598 988 Unde
2620 948 2838 990 necesse
2858 947 2937 992 est
2960 940 3245 997 nonnullos
3265 945 3504 1013 geminos
3523 949 3736 1007 easdem

2150 1016 2350 1079 habere
2377 1026 2845 1098 constellationes,
2889 1044 3009 1086 cum
3040 1033 3187 1103 paria
3231 1051 3407 1091 rerum
3433 1076 3450 1105 ,
3491 1041 3576 1096 vel
3605 1057 3736 1113 quas

2150 1123 2314 1184 agunt
2342 1116 2426 1171 vel
2456 1132 2590 1188 quas
2620 1120 2906 1189 patiuntur,
2946 1134 3151 1179 eventa'
3178 1140 3287 1181 non
3331 1128 3594 1203 habeant,
3638 1134 3731 1189 sed

2150 1205 2464 1278 plerumque
2491 1206 2560 1262 ita
2586 1208 2839 1280 disparia,
2863 1221 2920 1266 ut
2944 1212 3079 1269 alius
3103 1213 3462 1282 felicissimus,
3489 1220 3625 1275 alius
3656 1222 3734 1277 in.

2148 1282 2487 1352 felicissimus
2525 1286 2666 1354 vivat
2694 1318 2708 1356 :
2741 1300 2880 1357 sicut
2907 1303 3047 1359 Esau
3075 1314 3129 1360 et
3166 1305 3331 1363 Jacob
3364 1311 3608 1380 geminos
3647 1329 3722 1369 ac~

2149 1387 2385 1456 cepimus
2407 1399 2580 1458 natos,
2613 1393 2684 1447 ita
2712 1402 2768 1447 ut
2790 1393 2974 1463 Jacob,
2997 1397 3087 1466 qui
3110 1400 3375 1467 posterior
3396 1402 3729 1471 nascebatur,

2148 1494 2311 1535 manu
2338 1481 2569 1552 plantam
2598 1486 2945 1553 praecedentis
2974 1487 3151 1545 fratris
3180 1498 3367 1547 tenens
3413 1494 3736 1554 inveniretur

2153 1564 2307 1644 (Gen.
2337 1588 2466 1641 xxv,
2494 1573 2607 1645 25).
2640 1575 2840 1632 ﬂorum
2865 1588 3009 1634 certe
3038 1580 3155 1637 dies
3172 1589 3330 1652 atque
3352 1583 3482 1640 hora
3510 1601 3733 1644 nascen~

2148 1665 2279 1721 tium
2307 1667 2461 1723 aliter
2487 1669 2661 1725 notari
2688 1686 2795 1726 non
2836 1682 3046 1742 posset,
3080 1675 3179 1729 nisi
3206 1684 3265 1730 ut
3290 1678 3569 1735 amborum
3595 1696 3732 1738 con-

2147 1756 2376 1812 stellatio
2404 1769 2547 1815 esset
2571 1775 2703 1826 una;
2736 1772 2988 1832 quantum
3014 1772 3190 1820 autem
3212 1768 3421 1824 intersit
3447 1771 3587 1828 inter
3608 1788 3730 1829 am-

2146 1846 2334 1903 borum
2359 1865 2566 1917 mores,
2608 1851 2743 1907 facta
2763 1893 2780 1920 ,
2810 1852 3017 1910 labores
3055 1865 3214 1928 atque
3247 1874 3556 1929 successus,
3584 1864 3733 1923 Scri-

2145 1948 2301 2010 ptura
2327 1943 2476 1998 testis
2496 1953 2598 2009 est,
2615 1944 2725 2014 jam
2747 1960 2840 2002 ore
2863 1947 3099 2003 omnium
3123 1951 3358 2020 gentium
3385 1966 3665 2027 pervagata
3683 1959 3723 2013 ⁸.

2217 2033 2305 2090 54.
2332 2034 2513 2106 Neque
2532 2035 2676 2093 enim
2696 2036 2762 2092 ad
2784 2054 2897 2094 rem
2916 2041 3168 2112 pertinet,
3190 2043 3331 2114 quod
3352 2044 3536 2104 dicunt
3559 2050 3730 2120 ipsum

2146 2134 2472 2182 momentum
2508 2128 2782 2184 minimum
2808 2139 2968 2202 atque
2996 2136 3428 2204 angustissimum
3457 2143 3729 2212 temporis,

2146 2217 2286 2288 quod
2314 2214 2645 2289 geminorum
2668 2230 2876 2292 partum
2904 2223 3272 2295 disterminat,
3304 2231 3526 2287 multum
3555 2234 3731 2291 valere

2147 2307 2201 2363 in
2229 2325 2406 2365 rerum
2449 2320 2637 2366 natura
2679 2321 2837 2384 atque
2861 2315 3159 2371 caelestium
3193 2332 3477 2390 corporum
3502 2323 3730 2391 rapidis—

2144 2402 2281 2459 sima
2323 2403 2624 2461 velocitate.
2668 2405 2779 2460 Etsi
2824 2408 2968 2463 enim
3009 2409 3296 2466 concedam
3339 2421 3399 2467 ut
3441 2412 3727 2484 plurimum

2144 2492 2346 2560 valeat,
2378 2502 2553 2549 tamen
2585 2494 2638 2551 in
2667 2497 3158 2555 constellationibus
3182 2515 3212 2554 a
3239 2501 3618 2559 mathematice
3644 2504 3730 2560 in-

2143 2583 2314 2638 veniri
2338 2598 2443 2638 non
2474 2592 2669 2654 potest,
2699 2586 2892 2659 quibus
2913 2588 3164 2659 inspectis
3188 2605 3247 2645 se
3275 2589 3381 2646 fata
3407 2590 3583 2649 dicere
3608 2609 3732 2664 pro-

2144 2675 2341 2732 litetur.
2372 2676 2525 2745 Quod
2549 2692 2675 2749 ergo
2718 2678 2772 2733 in
2814 2681 3309 2739 constellationibus
3352 2699 3456 2741 non
3493 2685 3727 2756 invenit,

2144 2782 2276 2837 quas
2298 2783 2519 2823 necesse
2539 2777 2621 2824 est
2644 2785 2777 2824 unas
2801 2770 3063 2841 inSpiciat,
3090 2773 3202 2828 sive
3227 2772 3293 2828 de
3320 2773 3506 2842 Jacoh,
3529 2776 3640 2833 sive
3662 2775 3731 2833 de

2144 2856 2261 2927 ejus
2305 2858 2467 2912 fratre
2505 2860 2845 2927 consulatur;
2890 2861 3014 2932 quid
3059 2862 3105 2916 ei
3143 2863 3363 2934 prodest
3401 2865 3443 2920 si
3485 2865 3646 2921 distat
3674 2867 3729 2923 in

2143 2948 2281 3005 caelo
2308 2950 2450 3019 quod
2481 2960 2679 3005 temere
2707 2965 2927 3006 securus
2958 2952 3195 3017 infamat,
3227 2963 3282 3009 et
3307 2969 3411 3009 non
3437 2954 3643 3011 distat’
3670 2957 3725 3014 in

2145 3039 2321 3095 tabula
2363 3056 2519 3111 quam
2554 3040 2751 3098 frustra
2798 3042 3053 3098 sollicitus
3096 3044 3365 3100 intuetur?
3392 3046 3569 3137 Quare
3610 3048 3727 3105 ista

2146 3145 2362 3201 quoque
2402 3132 2680 3202 opiniones
2718 3133 3028 3203 quihusdam
3070 3151 3248 3190 rerum
3292 3137 3457 3209 signis
3488 3132 3727 3199 humana

2142 3223 2557 3303 praesumptione
2602 3223 2888 3293 institutis,
2928 3224 2997 3281 ad
3036 3225 3227 3283 eadem
3264 3227 3351 3283 illa
3386 3230 3537 3300 quasi
3576 3246 3726 3302 quae-

2143 3311 2266 3367 dam
2315 3329 2434 3368 cum
2478 3313 2810 3372 dremonibus
2855 3324 3009 3387 pacta
3048 3325 3103 3374 et
3139 3327 3399 3376 conventa
3436 3321 3731 3381 referendas

2142 3410 2286 3458 sunt.

2142 3493 2367 3552 CAPUT
2421 3490 2611 3552 XXIII.
2655 3526 2729 3538 —
2780 3497 2901 3559 Cur.
2932 3500 3249 3572 repudianda
3300 3504 3726 3576 genethliacqu

2819 3592 3048 3647 scientia.

2213 3679 2304 3734 '55.
2335 3679 2470 3734 Hinc
2492 3680 2633 3735 enim
2662 3680 2721 3735 fit
2744 3691 2802 3737 ut
2821 3684 3030 3739 occulto
3055 3685 3283 3755 quodam
3300 3688 3501 3769 judicio
3521 3691 3721 3763 divino,

2141 3768 2317 3839 cupidi
2345 3769 2602 3825 malarum
2632 3772 2810 3826 rerum
2837 3772 3078 3831 homines
3105 3774 3381 3834 tradanilir
3400 3768 3649 3839 iiiudehdi
3671 3780 3725 3840 et

2142 3859 2439 3931 decipiendi
2467 3876 2565 3933 pro
2603 3862 2810 3920 merilis'
2842 3860 3171 3923 voluntatum
3211 3884 3456 3938 suarum,
3496 3874 3723 3932 illuden-

2142 3951 2283 4007 tibus
2311 3962 2404 4008 eus
2429 3960 2589 4024 atque
2614 3953 3006 4027 decipientibus
3043 3963 3535 4030 praevaricatorihtfs
3562 3976 3724 4051 ange-

2141 4041 2241 4109 lis;
2289 4043 2480 4115 quibus
2517 4045 2619 4100 ista
2654 4047 2835 4102 mundi
2876 4062 2998 4118 pars
3031 4050 3240 4120 infima,
3280 4055 3570 4110 secundum
3600 4041 3721 4127 pul-

2141 4132 2464 4189 cberrimum
2492 4134 2733 4191 ordinem
2759 4152 2935 4193 rerum
2958 4174 2975 4206 ,
3019 4139 3212 4196 divinze
3237 4143 3580 4212 providentia!
3603 4147 3721 4219 lege

2139 4224 2378 4294 subjecta
2402 4235 2503 4280 est.
2535 4227 2737 4295 Quibus
2756 4228 3086 4287 illusionihus
3105 4241 3159 4288 et
3178 4233 3577 4306 deceptionlhus
3596 4255 3723 4297 eve-

2141 4315 2240 4380 nit,
2272 4324 2330 4371 ut
2352 4314 2469 4372 istis
2495 4321 2877 4389 superstitiosis
2904 4330 2960 4378 et
2996 4324 3307 4393 perniciosis
3335 4326 3718 4388 divinationum

2138 4407 2422 4477 generibus
2465 4409 2629 4465 multa
2681 4413 2944 4481 praeterita
2983 4424 3037 4470 et
3073 4413 3246 4471 futura
3288 4415 3566 4488 dicantur,
3622 4428 3722 4480 nec

2139 4498 2295 4554 aliter
2320 4500 2597 4569 accidant,
2639 4517 2798 4573 quam
2822 4504 3102 4573 dicuntur;
3133 4509 3402 4579 multaque
3424 4512 3719 4569 observan.

2142 4590 2283 4646 tibus
2310 4586 2599 4647 secundum
2626 4593 3022 4654 observationes
3048 4613 3172 4655 suas
3210 4602 3487 4669 eveniant,
3526 4606 3721 4676 quibus

2139 4682 2394 4752 implicati
2435 4684 2753 4743 curiosiores
2793 4688 2954 4757 ﬁant,
2996 4697 3051 4744 et
3077 4704 3197 4746 sese
3237 4693 3407 4763 magis
3446 4696 3721 4768 magisque

2139 4776 2379 4833 inserant
2401 4778 2784 4850 multiplicibus
2810 4781 3012 4852 laqueis
3041 4784 3473 4853 perniciosissimi
3498 4791 3718 4846 erroris;

2138 4867 2253 4924 Hoc
2274 4883 2443 4940 genus
2472 4869 2836 4927 fornicationis
2859 4872 3052 4931 animae
3073 4875 3353 4937 salubriter
3376 4879 3550 4934 divina
3576 4882 3724 4937 Seria»

2139 4972 2294 5032 plura
2321 4979 2427 5018 non
2453 4964 2651 5026 tacuit;
2680 4979 2853 5035 neque
2880 4965 2947 5021 ab
2971 4982 3033 5022 ea
3066 4968 3144 5022 sic
3169 4968 3427 5027 deterruit
3450 4974 3681 5030 animum
3706 5019 3725 5047 ,

2140 5059 2198 5106 ut
2222 5062 2501 5125 propterea
2530 5053 2654 5107 talia
2673 5063 2891 5125 negaret
2916 5064 3036 5111 esse
3063 5061 3313 5116 sectanda
3339 5065 3461 5134 quid
3490 5065 3621 5122 falsa
3652 5068 3727 5123 di.

2138 5152 2330 5200 cuntur
2363 5159 2394 5199 a
2431 5145 2822 5216 professoribus
2854 5161 3071 5217 comm,
3112 5151 3207 5206 sed
3242 5156 3402 5210 etiam
3432 5154 3475 5211 si
3498 5158 3725 5216 dicerint

2138 5238 2294 5305 vobis,
2326 5239 2510 5309 inquit,
2534 5247 2580 5295 et
2597 5239 2671 5294 ita
2689 5241 2933 5311 emet-it,
2963 5258 3027 5297 ne
3048 5245 3266 5301 credatis
3292 5250 3365 5303 eis
3392 5246 3563 5321 (Beat.
3586 5264 3710 5323 xm,

2141 5331 2270 5398 1-5).
2302 5330 2417 5388 Non
2435 5332 2578 5387 enim
2598 5333 2722 5403 quia
2745 5333 2921 5407 imago
2940 5335 3207 5396 Samuelis
3224 5344 3423 5399 mortui
3444 5340 3588 5400 Sauli
3608 5348 3722 5418 regi

2203 5460 2365 5531 fusa,
2380 5470 2485 5531 tres
2506 5463 2799 5531 pervulgata.

2202 5527 2286 5596 {In
2312 5527 2514 5596 excusis
2528 5527 2779 5596 hactenus,
2801 5528 2847 5583 si
2868 5530 3024 5586 discat
3044 5534 3097 5587 in
3117 5535 3334 5588 calo”...
3374 5543 3422 5589 et
3453 5551 3547 5589 non
3570 5540 3728 5596 discat

2136 5586 2411 5671 fi'-£“’1’1ft’:.
2426 5586 2890 5671 i‘i‘i.‘ji"9£?!ét¥@t
2904 5600 2985 5671 δέ*
3006 5586 3724 5671 ἑέξξέξέέὺοηςεηβῐίέἧζῦιῖοῗιὶῖὲ

2137 5647 2245 5699 loco
2267 5648 2411 5700 distat
2431 5662 2448 5698 :
2466 5660 2595 5713 quau

2595 5653 2855 5724 acquitem
2876 5648 2924 5724 ai
2947 5648 3232 5724 meruimus,
3259 5659 3387 5724 quod
3410 5648 3727 5717 serenanti

2174 5713 2381 5787 garriunt,
2394 5713 2707 5787 momentum,
2727 5717 2813 5787 vei
2838 5720 3091 5787 minimum
3114 5713 3538 5787 quo'géminorum
3561 5713 3728 5787 partus

2138 5778 2520 5899 multille,
2542 5778 3303 5845 ιιιωωυωιωωωωῷὁιιιῐω
3325 5778 3714 5844 setosa-serata
