4060 6466
293 423 363 479 55
1640 407 1838 470 LIBER
1877 409 2246 471 SECUNDUS.
3493 434 3556 489 5,

294 539 417 588 vera
445 527 817 606 praenuntiavit
853 525 896 602 (l
919 525 1048 603 Reg.
1082 539 1275 596 xxvm,
1307 525 1503 594 14-20;
1536 519 1695 582 Eccli.
1719 543 1839 581 xm
1860 568 1874 593 ,

292 627 408 695 ΞΒ),
445 629 722 694 promeres
748 617 869 678 talia
894 617 1188 690 sacrilegia,
1217 615 1405 690 quibus
1427 617 1600 689 imago
1625 618 1710 672 illa
1745 633 1878 696 pra:—

293 723 501 770 sentata
533 725 634 780 est,
662 715 836 768 minus
860 699 1182 769 exsecranda
1207 719 1364 765 sunt:
1393 718 1482 765 aut
1509 707 1626 780 quia
1653 711 1706 764 in
1735 697 1880 764 Acti-

293 809 391 862 bus
416 805 794 878 Apostolorum
818 805 1146 873 ventriloqua
1171 801 1185 834 ¹
1214 797 1406 856 femina
1432 817 1612 856 verum
1637 801 1876 857 testimo-

291 901 438 954 nium
497 897 768 969 perhibuit
821 897 1087 970 Apestolis
1141 889 1376 961 Domini,
1439 889 1633 949 idcirco
1683 889 1877 949 Paulus

291 991 566 1060 apostolus
591 986 825 1060 pepercit
851 991 924 1045 illi
952 983 1178 1059 Spiritui,
1208 1003 1270 1042 ac
1291 997 1393 1041 non
1423 984 1596 1056 potius
1624 983 1872 1040 feminam

291 1084 436 1136 illius
458 1081 705 1136 daemonii
734 1081 1067 1150 correptione
1094 1089 1251 1149 atque
1272 1073 1578 1132 exclusione
1607 1075 1878 1130 inundavit

292 1173 435 1242 (τιτι.
467 1187 577 1238 ιη,
612 1165 820 1242 16-18).
869 1183 876 1189 “

357 1261 454 1317 56.
495 1261 696 1317 Omnes
739 1260 900 1332 igitur
941 1260 1082 1315 artes
1119 1257 1418 1330 liujuSmodi
1461 1251 1542 1312 vei
1590 1251 1876 1328 nugatorize

291 1355 370 1410 vel
398 1356 578 1409 noxias
615 1351 1007 1423 superstitionis
1027 1395 1040 1417 ,
1074 1363 1142 1406 ex
1170 1351 1395 1422 quadam
1426 1348 1671 1419 pestifera
1703 1348 1874 1403 socie-

288 1455 391 1501 tate
431 1447 701 1502 hominum
733 1451 785 1501 et
812 1446 1113 1501 dtemonum
1136 1487 1149 1509 ,
1182 1443 1330 1514 quasi
1353 1450 1503 1514 pacta
1531 1439 1768 1512 qutedam
1795 1441 1876 1495 in-

289 1538 464 1591 ﬁdelis
491 1545 545 1592 et
566 1538 767 1592 dolosa:
793 1536 1039 1591 amicitiae
1063 1535 1368 1601 constituta,
1398 1536 1608 1602 penitus
1637 1533 1758 1586 sunt
1785 1547 1872 1586 re-

289 1627 555 1699 pudianda
602 1637 654 1684 ct
698 1626 940 1701 fugienda
985 1625 1310 1682 chriStiano:
1350 1623 1470 1678 Non
1510 1623 1644 1694 quod
1683 1619 1873 1678 idolum

287 1725 345 1777 sit
371 1723 584 1793 aliquid,
616 1723 691 1776 ait
714 1721 1020 1791 Apostoltis,
1052 1719 1140 1774 sed
1165 1719 1281 1789 quia
1312 1732 1422 1787 quo:
1448 1715 1739 1780 immolant,
1770 1715 1874 1768 dw-

287 1813 466 1868 mom’is
511 1816 809 1880 immolant,
852 1821 897 1866 et
930 1829 1029 1866 non
1070 1805 1217 1874 Deo;
1264 1809 1378 1863 nolo
1408 1817 1572 1861 autem
1598 1821 1682 1860 vos
1711 1807 1872 1862 socios

287 1904 651 1959 damnatorum
679 1904 790 1974 ﬁeri
819 1899 871 1974 (Ι
911 1903 1026 1960 Cor.
1065 1911 1100 1958 x
1121 1945 1135 1968 ,
1165 1899 1251 1969 19,
1283 1895 1396 1971 ΞΟ).
1420 1899 1572 1966 Quod
1600 1909 1773 1955 autem
1805 1891 1872 1953 dc

288 1994 460 2062 idolis,
493 2007 547 2052 et
576 1991 643 2052 de
671 1991 1139 2062 immoiatlbnibus,
1173 2003 1291 2065 qua:
1331 1992 1520 2047 honori
1558 2005 1740 2045 eorum
1773 2005 1866 2045 cx-

287 2085 556 2155 hibentur,
589 2083 718 2144 dixit
743 2081 1046 2158 Apostolus,
1072 2077 1172 2141 hoc
1193 2081 1259 2141 de
1283 2085 1527 2139 omnibus
1550 2079 1870 2153 imaginariis

287 2179 450 2248 sighis
479 2179 816 2236 sentiendum
844 2181 954 2244 est,
992 2191 1110 2249 qua:
1142 2173 1223 2232 vei
1250 2177 1316 2230 ad
1343 2177 1543 2230 cultum
1573 2169 1832 2229 idolorum
1853 2217 1867 2241 ,

287 2274 362 2326 \‘el
393 2269 457 2326 ad
487 2270 786 2327 creaturam
826 2264 1046 2341 ejusque
1081 2271 1256 2340 partes
1297 2275 1544 2338 tanquam
1579 2259 1742 2322 Deum
1775 2280 1868 2321 co-

284 2362 467 2419 lendas
495 2361 730 2427 trahunt,
759 2359 841 2416 t'ei
865 2357 930 2416 ad
956 2355 1311 2417 remediorum
1338 2359 1666 2428 aliarumque
1687 2351 1871 2412 obser-

283 2459 551 2510 Vationum
594 2467 778 2510 curam
829 2453 1126 2525 pertinent;
1155 2467 1272 2524 qua:
1311 2469 1416 2507 non
1455 2461 1580 2508 sunt
1617 2451 1869 2508 divinitus

283 2542 343 2602 ad
372 2543 714 2602 dilectionem
753 2545 846 2602 Dei
875 2554 929 2602 et
969 2545 1192 2615 proximi
1225 2553 1472 2616 tanquam
1501 2543 1710 2621 publice
1736 2561 1864 2598 con-

283 2638 485 2707 Stitttta,
518 2636 610 2696 sed
644 2651 735 2710 per
763 2640 995 2711 privatas
1022 2637 1369 2708 appetitiones
1397 2654 1572 2692 rerum
1602 2645 1869 2707 tempora-

281 2731 408 2791 lium
461 2733 624 2788 corda
667 2729 928 2804 dissipant
970 2733 1307 2788 miserorum.
1353 2723 1410 2785 in
1455 2729 1700 2786 omnibus
1743 2746 1869 2802 ergo

284 2821 394 2878 istis
427 2819 952 2880 doctrinis’soeietas
996 2815 1296 2879 daemonum
1341 2819 1665 2877 formidanda
1713 2832 1870 2893 atque

282 2909 494 2971 vitanda
527 2923 641 2983 est,
682 2917 770 2986 qui
803 2913 931 2970 nihil
977 2917 1096 2970 cum
1128 2914 1362 2985 principe
1389 2929 1485 2968 suo
1520 2911 1727 2969 diabolo
1770 2914 1870 2992 nisi

286 2997 510 3062 reditum
543 3015 784 3062 nostrum
825 3003 1071 3062 claudere
1105 3011 1260 3076 atque
1295 3005 1544 3060 obserare
1588 3013 1866 3060 conantur.

285 3097 428 3154 Sicut
476 3109 657 3152 autem
700 3097 768 3153 de
806 3095 1006 3164 stellis,
1049 3111 1180 3166 quas
1224 3093 1459 3150 condidit
1502 3104 1556 3150 et
1606 3093 1871 3150 ordinavit

284 3183 444 3257 Deus,
476 3189 722 3243 humanm
748 3193 802 3244 et
835 3181 1149 3259 deceptoriae
1178 3187 1495 3257 conjectum
1533 3186 1601 3240 ab
1638 3183 1867 3241 homini-

284 3279 378 3335 bus
407 3271 661 3335 instituta:
693 3287 846 3346 sunt;
887 3276 967 3335 Sic
1005 3276 1163 3334 etiam
1192 3275 1257 3334 de
1285 3275 1578 3349 quibusque
1607 3277 1871 3333 nascenti-

282 3367 381 3424 bus
403 3369 486 3425 est
512 3375 724 3441 quoquo
751 3370 910 3424 modo
937 3361 1130 3424 divina:
1158 3363 1500 3439 providentim
1527 3369 1869 3424 administra-

282 3459 429 3515 tione
456 3455 800 3516 existentibus
828 3462 986 3516 rebus
1005 3504 1019 3526 ,
1050 3459 1200 3514 multi
1229 3459 1391 3515 multa
1422 3461 1666 3516 humanis
1693 3457 1868 3532 suspi-

285 3547 551 3619 tionibus,
574 3553 716 3623 quasi
736 3543 1049 3623 reguiariter
1063 3551 1357 3620 conjectata
1375 3553 1417 3618 ⁸,
1438 3545 1624 3606 litteris
1649 3551 1868 3608 manda-

281 3647 480 3698 verunt
500 3686 513 3709 ,
543 3645 586 3699 si
624 3643 760 3699 forte
790 3643 1001 3699 Insolite
1030 3639 1348 3709 acciderint,
1381 3647 1629 3714 tanquam
1655 3642 1699 3700 si
1726 3644 1868 3699 mula

280 3736 475 3805 pariat,
503 3741 595 3790 aut
624 3730 844 3791 i'ulmine
874 3729 1070 3805 aliquid
1103 3733 1443 3805 percutiatur.

281 3845 506 3908 CAPUT
543 3839 734 3906 XXIV.
765 3879 836 3891 —-
865 3850 1091 3906 Societas
1113 3858 1160 3904 et
1184 3859 1385 3921 pactum
1417 3865 1532 3902 cum
1560 3847 1869 3903 daemonibus

697 3945 750 3998 in
780 3944 1124 4014 superstitioso
1146 3960 1312 3997 rerum
1341 3959 1455 3997 usu.

351 4059 439 4114 37.
472 4057 603 4127 Qum
641 4057 818 4113 omnia
847 4065 1046 4111 tantum
1075 4056 1279 4122 valent,
1309 4063 1566 4126 quantum
1604 4069 1866 4125 praesum-

283 4153 464 4222 ptione
484 4153 784 4204 animormn
813 4150 960 4220 quasi
986 4149 1254 4204 communi
1282 4148 1509 4218 quadam
1538 4149 1714 4218 lingua
1741 4164 1864 4204 cum

283 4244 618 4298 dazmonibus
661 4242 916 4298 fmderata
957 4250 1100 4297 sunt.
1150 4242 1278 4310 Quae
1326 4251 1500 4296 tamen
1542 4241 1698 4311 plena
1742 4250 1868 4297 sunt

281 4339 457 4394 omnia
486 4336 754 4408 pestifera:
779 4335 1130 4401 curiositatis,
1155 4335 1442 4390 cruciantis
1473 4335 1859 4401 sollicitudinis.

281 4428 571 4484 mortiferae
603 4428 890 4483 servitutis.
918 4426 1034 4481 Non
1062 4427 1202 4481 enim
1233 4427 1354 4496 quia
1380 4426 1657 4492 valebant,
1693 4429 1864 4481 anim-

281 4519 501 4574 adversa
541 4528 694 4585 sunt;
741 4517 836 4574 sed
865 4517 1330 4572 animadvertendo
1366 4527 1522 4588 atque
1557 4517 1814 4589 signando
1842 4519 1863 4551 ³

281 4609 474 4664 tactum
501 4619 584 4664 est
608 4618 665 4664 ut
683 4609 937 4664 valerent.
960 4609 1026 4663 Et
1043 4608 1162 4663 ideo
1186 4608 1408 4663 diversis
1442 4607 1650 4664 diverse
1678 4623 1864 4678 prove-

280 4700 430 4754 niunt
456 4700 748 4755 secundum
789 4699 1133 4771 cogitationes
1162 4708 1216 4754 et
1244 4700 1679 4769 praesumptiones
1717 4713 1860 4754 suas.

281 4792 358 4846 Illi
382 4793 527 4846 enim
552 4793 772 4860 spiritus
795 4791 882 4862 qui
910 4791 1159 4862 decipere
1181 4791 1398 4857 volunt,
1427 4791 1551 4845 talia
1577 4797 1864 4860 procurant

282 4886 498 4955 cuique,
540 4885 781 4956 qualibus
825 4900 948 4939 eum
993 4885 1253 4940 irretitum
1299 4898 1394 4953 per
1438 4884 1766 4953 suspiciones
1809 4891 1864 4939 et

281 4979 660 5034 consensiones
687 4978 803 5048 ejus
827 4977 1026 5033 vident.
1069 4976 1218 5032 Sicut
1254 4976 1432 5045 enim,
1472 4976 1622 5031 verbi
1654 4977 1859 5046 gratia,

343 5159 360 5188 ι
390 5164 495 5218 uss.
522 5163 645 5218 tres,
684 5152 966 5218 ventitoqaa.
1004 5153 1175 5218 verius
1203 5151 1311 5218 alii,
1336 5150 1644 5218 uenti-iloqua.
1679 5158 1861 5218 Grece,

281 5211 694 5282 eggnstrimuthos,
719 5217 790 5266 uti
823 5211 1096 5279 t’vthonissa
1119 5214 1314 5282 mulier,
1342 5213 1363 5262 l
1392 5220 1506 5276 lleg.
1533 5211 1682 5282 ixvn,
1705 5211 1755 5274 7,
1772 5211 1863 5282 vo;

279 5277 412 5328 diur
447 5278 575 5341 apud
613 5285 721 5327 Lxx
754 5277 1068 5341 Interpretes,
1091 5277 1175 5341 qui
1197 5277 1508 5341 hanc‘vocem
1531 5277 1705 5336 passim
1727 5277 1861 5341 adbi-e

278 5343 424 5404 bent;
461 5337 667 5404 eamque
690 5337 897 5404 _Basilius
934 5340 982 5388 in
1017 5337 1124 5404 lsaiI
1159 5353 1256 5404 vin,
1295 5337 1371 5397 19,
1415 5338 1862 5404 interpretatur‘ad

278 5395 440 5451 haece
467 5395 635 5465 verba,
650 5395 848 5451 zétésatc
859 5395 1309 5465 cggastrimuthous,
1330 5395 1458 5465 «hoc
1482 5395 1681 5465 est,_ai_t,
1705 5399 1787 5461 qui
1811 5396 1862 5465 in

285 5481 306 5510 ε
321 5466 536 5536 Panope
559 5463 719 5536 τυιιξη
741 5461 1023 5536 redibam;
1050 5465 1138 5536 ιιθτ
1161 5461 1611 5536 γεηιῖεφψθβεὲν
1637 5462 1742 5536 ipsa
1763 5463 1861 5536 se“

287 5542 307 5571 ι
329 5521 718 5596 ri_t_u‘_loq_uente,
741 5521 840 5596 qui
850 5531 901 5573 et
922 5521 1142 5596 deterra
1164 5521 1450 5596 loquuntur,
1466 5523 1619 5596 inania
1642 5521 1862 5596 quaedam

285 5602 306 5632 ι
331 5573 633 5636 έίἤιῐὶὁιῆρὲ.
649 5573 672 5631 ᾧ
695 5573 1101 5634 Ᾱηὶιοῐδνθτίὶὶὴὶθ
1114 5573 1331 5633 Erasinus
1345 5581 1403 5631 ad
1418 5573 1548 5632 oram
1564 5573 1691 5644 libri,
1710 5573 1862 5635 fuisse

278 5661 366 5698 suo
389 5651 548 5697 etiam-
571 5655 793 5709 tempore
831 5646 956 5709 apud
995 5646 1132 5697 Italos
1148 5647 1467 5694 divinatorum
1489 5659 1665 5709 genus,
1688 5647 1772 5709 qui
1793 5648 1863 5696 sic

278 5710 390 5760 dicti
415 5718 546 5770 sunt,
569 5707 696 5772 quod
717 5721 804 5758 ore
827 5707 925 5759 non
947 5709 1155 5759 edentes
1175 5717 1364 5765 sonum,
1381 5719 1470 5769 per
1485 5707 1862 5772 'v'entrem’loqm

279 5772 365 5820 visi
390 5779 518 5821 sunt.

341 5836 361 5865 ³
385 5833 523 5892 miti,
542 5832 755 5894 conjecta
769 5830 1036 5896 At
1057 5840 1185 5896 tum,
1209 5829 1489 5894 coniectam.

343 5896 366 5928 ⁸
381 5901 488 5946 uss.
512 5893 748 5961 quinque,
763 5893 1012 5946 servando.

1985 544 2085 583 una
2127 531 2289 601 ligura
2333 532 2518 589 litterae
2545 533 2606 611 ‘X
2635 552 2752 608 quae
2791 535 3106 595 decussatim
3147 551 3378 613 notatur,
3409 549 3553 602 aliud

1984 619 2122 690 apud
2151 621 2390 682 Gnaeos.
2424 627 2561 681 aliud
2589 630 2726 700 apud
2752 631 2967 688 Latinos
2992 637 3127 691 valet
3145 678 3160 703 ,
3193 651 3515 697 nonnatura
3541 686 3553 708 ,

1984 711 2079 766 sed
2111 713 2300 782 placito
2341 727 2392 771 et
2419 721 2768 777 consensione
2813 725 3175 794 significandi;
3205 738 3258 784 et
3301 730 3418 788 ideo
3463 733 3560 804 qui

1982 813 2257 876 utramque
2284 805 2512 879 linguam
2535 815 2700 882 novit,
2721 816 2763 870 si
2788 815 2985 873 homini
3007 819 3191 876 Grtcco
3213 823 3338 878 velit
3356 825 3555 896 aliquid

1983 893 2280 984 signiﬁcare
2317 902 2630 976 scribendo,
2673 922 2778 962 non
2809 908 2858 962 in
2902 924 2961 965 ea
3000 912 3381 982 signiﬁcatione
3408 893 3559 984 ponit

1985 983 2119 1070 hanc
2148 989 2407 1059 litteram,
2446 994 2497 1048 in
2525 1012 2625 1064 qua
2663 1012 2778 1052 eam
2805 999 2950 1070 ponit
2980 1016 3098 1056 cum
3142 1004 3339 1059 homini
3368 983 3550 1063 scribit

1981 1075 2206 1162 Latino:
2237 1087 2288 1137 ct
2330 1083 2455 1138 Beta
2495 1103 2600 1140 uno
2643 1089 2936 1160 eodemque
2964 1108 3126 1160 sono,
3172 1096 3312 1162 apud
3337 1096 3553 1154 Graecos

1979 1161 2168 1250 littera:
2188 1215 2202 1239 ,
2234 1170 2370 1243 apud
2394 1175 2608 1232 Latinos
2637 1179 2796 1234 oleris
2823 1198 3014 1236 nomen
3045 1193 3154 1250 est;
3183 1161 3238 1240 et
3260 1164 3386 1240 cum‘
3408 1186 3552 1253 dico,

1980 1253 2140 1336 Lege,
2174 1263 2223 1319 in
2250 1255 2332 1321 his
2357 1267 2560 1323 duabus
2590 1272 2824 1342 syllabis,
2851 1275 2988 1328 aliud
3020 1276 3258 1345 Graecus,
3281 1279 3420 1334 aliud
3448 1280 3545 1336 La-

1981 1353 2122 1410 tinus
2165 1355 2445 1429 intelligit:
2476 1362 2612 1417 sicut
2639 1378 2765 1433 ergo
2797 1364 2876 1416 ha:
2914 1380 3099 1422 omnes
3143 1369 3554 1439 signiticationes

1979 1461 2076 1516 pro
2104 1462 2210 1501 sua!
2245 1451 2496 1528 cujusque
2529 1454 2795 1508 societatis
2820 1458 3172 1514 consensione
3200 1461 3408 1516 animos
3433 1477 3553 1516 mo-

1981 1545 2126 1598 vent,
2159 1547 2212 1593 et
2241 1541 2360 1610 quia
2387 1535 2593 1597 diversa
2620 1545 2898 1600 consensio
2920 1558 3034 1614 est,
3063 1550 3269 1606 diverse
3297 1561 3549 1618 movent;

1979 1637 2078 1681 nec
2100 1623 2217 1682 ideo
2244 1645 2626 1688 consenserunt
2653 1636 2703 1689 in
2724 1653 2813 1690 eas
2841 1637 3100 1706 homines,
3133 1643 3251 1710 quia
3279 1642 3386 1712 jam
3415 1645 3552 1702 vale-

1976 1715 2104 1775 bant
2132 1723 2196 1776 ad
2223 1723 2678 1797 signiﬁcationem,
2702 1729 2794 1785 sed
2823 1731 2940 1786 idco
2961 1733 3156 1800 valent,
3177 1735 3299 1804 quia
3325 1751 3550 1792 consen-

1977 1823 2161 1868 serunt
2193 1816 2240 1868 in
2270 1833 2396 1872 eas:
2434 1820 2510 1872 sic
2539 1821 2695 1874 etiam
2722 1822 2807 1876 illa
2835 1824 3001 1892 signa,
3034 1825 3221 1892 quibus
3249 1827 3547 1895 perniciosa

1975 1905 2275 1962 drcmonum
2305 1909 2530 1972 societas
2555 1922 2912 1982 comparatur,
2955 1931 3046 1984 pro
3077 1916 3330 1986 cujusque
3359 1917 3550 1972 obser-

1975 1998 2273 2054 vationibus
2302 2004 2494 2056 valent.
2524 2003 2673 2072 Quod
2703 2005 3128 2062 manifestissime
3157 2009 3389 2063 ostendit
3418 2009 3552 2063 ritus

1975 2101 2251 2159 augurum,
2281 2093 2368 2162 qui
2399 2104 2452 2148 et
2477 2105 2756 2164 antequam
2787 2097 3102 2165 observent,
3131 2108 3182 2152 et
3209 2109 3548 2170 posteaquam

1976 2173 2250 2235 observata
2292 2184 2436 2253 signa
2468 2187 2762 2253 tenuerint,
2796 2187 2846 2242 id
2889 2200 3050 2258 agunt
3079 2205 3143 2243 ne
3169 2191 3381 2244 videant
3409 2192 3550 2256 vola-

1979 2273 2088 2337 tus,
2119 2277 2208 2327 aut
2246 2273 2460 2330 audiant
2487 2293 2644 2332 Voces
2681 2279 2886 2344 avium;
2934 2281 3055 2349 quia
3085 2281 3228 2335 nulla
3273 2281 3371 2336 ista
3402 2283 3549 2352 signa

1976 2371 2124 2421 sunt.
2159 2364 2258 2418 nisi
2287 2382 2577 2422 consensus
2603 2367 2934 2424 ohscrvantis
2962 2371 3196 2426 accedat.

1975 2443 2196 2509 CAPUT
2236 2454 2400 2510 XXV.
2434 2488 2506 2497 —
2533 2457 2600 2512 In
2639 2459 2874 2514 institutis
2905 2460 3136 2515 Immanis
3165 2479 3262 2516 non
3307 2463 3543 2529 supersti-

2047 2545 2186 2599 tiosis
2213 2547 2442 2617 quaedam
2469 2551 2744 2620 superﬂua,
2772 2552 3001 2622 qua’dam
3026 2553 3284 2606 commoda
3315 2563 3358 2606 et
3386 2570 3553 2606 neces»

2043 2653 2198 2692 sarta.

2047 2723 2132 2784 38.
2175 2729 2375 2798 Quibus
2417 2729 2702 2801 amputatis
2744 2743 2901 2804 atque
2942 2733 3219 2789 eradicatis
3264 2733 3330 2789 ab
3371 2734 3546 2790 animo

1975 2815 2283 2890 christiano,
2313 2823 2562 2892 deinceps
2587 2824 2824 2878 videndm
2849 2835 2970 2879 sunt
3001 2825 3355 2880 institutiones
3383 2827 3548 2880 homi-

1976 2930 2100 2968 num
2129 2931 2232 2968 nou
2262 2917 2639 2987 superstitiosa:
2659 2961 2673 2984 ,
2699 2918 2748 2972 id
2779 2925 2879 2984 est,
2906 2936 3008 2972 non
3038 2935 3156 2973 cum
3184 2919 3514 2973 diemonibus
3533 2960 3548 2987 ,
3603 2918 3614 2929 '

1975 3003 2068 3060 sed
2085 3022 2202 3060 cum
2225 3009 2351 3074 ipsis
2374 3008 2672 3063 hominibus
2691 3009 2959 3064 instituit-.15.
2981 3011 3217 3081 Namque
3239 3011 3412 3065 omnia
3431 3027 3549 3082 qua:

1974 3088 2094 3150 ideo
2116 3097 2293 3153 valent
2334 3100 2468 3153 inter
2495 3099 2766 3166 homines,
2807 3101 2926 3172 quia
2969 3097 3161 3172 placuit
3201 3103 3338 3158 inter
3364 3117 3455 3157 eos
3496 3112 3551 3158 ut

1974 3191 2220 3257 Valeant,
2268 3191 2503 3247 instituta
2556 3194 2826 3248 hominum
2877 3204 3046 3248 sunt:
3085 3211 3307 3264 quorum
3361 3196 3553 3265 partim

1975 3285 2239 3354 superﬂua
2259 3286 2629 3358 iuxuriosaque
2653 3287 2885 3342 instituta
2902 3297 3046 3356 sunt,
3066 3289 3254 3358 partim
3272 3288 3552 3342 commoda

1975 3387 2028 3431 ct
2069 3381 2387 3434 necessaria.
2429 3379 2521 3434 llla
2552 3383 2688 3434 enim
2735 3382 2881 3451 signa
2923 3398 3039 3450 qua:
3081 3382 3320 3436 saltando
3353 3381 3554 3436 faciunt

1977 3455 2290 3537 histriones,
2333 3472 2375 3526 si
2419 3481 2640 3536 natura,
2687 3487 2788 3525 non
2826 3473 3065 3526 instituto
3109 3479 3163 3526 ct
3203 3473 3551 3526 consensione

1976 3562 2249 3617 hominum
2277 3563 2542 3630 valerent;
2577 3580 2679 3618 non
2718 3565 2901 3634 primis
2945 3564 3296 3634 temporibus,
3329 3567 3552 3640 saltante

1976 3653 2301 3722 pantomimo
2341 3651 2437 3728 (α),
2477 3671 2647 3722 prarco
2690 3657 3050 3725 pronuntiaret
3092 3657 3296 3726 populis
3326 3655 3550 3710 Cartha-

1972 3745 2110 3816 ginis
2147 3744 2271 3816 quid
2305 3747 2525 3801 saltator
2549 3747 2706 3802 vellet
2745 3748 2982 3818 intelligi.
3013 3747 3165 3816 Quod
3203 3748 3373 3802 adhuc
3401 3747 3550 3802 rutilti

1973 3835 2331 3893 meminerunt
2358 3853 2547 3907 senes,
2579 3855 2802 3909 quorum
2842 3839 3010 3894 relatu
3040 3839 3154 3894 haec
3191 3840 3425 3894 solemus
3454 3854 3551 3914 auf

1973 3929 2106 3986 dire.
2137 3931 2286 3998 Quod
2318 3930 2436 3985 ideo
2462 3931 2783 3986 credendum
2813 3941 2926 3997 est,
2959 3932 3080 4001 quia
3104 3945 3245 3986 nunc
3269 3946 3477 4001 quoque
3506 3930 3552 3984 si

1973 4021 2091 4092 quis
2135 4021 2395 4076 theatrum
2427 4022 2607 4076 talium
2652 4036 2907 4092 nugarum
2946 4021 3219 4092 imperitus
3246 4020 3550 4084 intraverit,

1972 4113 2073 4170 nisi
2115 4115 2162 4171 ei
2203 4115 2410 4170 dicatur
2439 4111 2503 4170 ab
2533 4115 2698 4168 altero
2726 4115 2850 4184 quid
2891 4113 2965 4168 illi
3001 4122 3173 4167 motus
3213 4111 3547 4183 signiﬁcent,

1973 4205 2166 4261 frustra
2219 4214 2362 4260 totus
2405 4205 2638 4259 intentus
2685 4212 2785 4259 est.
2832 4205 3100 4274 Appetunt
3146 4212 3320 4256 tamen
3368 4217 3551 4286 omnes

1971 4299 2252 4372 quamdam
2281 4299 2676 4354 similitudinem
2701 4299 2751 4352 in
2773 4295 3136 4368 signiﬁcando,
3161 4304 3215 4349 ut
3242 4297 3349 4364 ipsa
3373 4296 3544 4363 signa,

1971 4393 2022 4447 in
2055 4401 2307 4463 quantum
2350 4401 2568 4461 possunt
2591 4390 2780 4456 ,rcbus
2807 4405 2923 4459 quae
2963 4388 3322 4458 signiﬁcantur
3357 4385 3547 4439 similia

1970 4479 2094 4537 sint.
2123 4481 2228 4538 Sed
2266 4483 2385 4553 quia
2417 4482 2597 4536 multis
2632 4480 2803 4534 modis
2828 4478 2999 4533 simile
3025 4477 3218 4548 aliquid
3260 4477 3416 4531 alicui
3452 4492 3548 4554 ι)οτ

1970 4586 2074 4632 test
2098 4591 2236 4641 esse,
2271 4590 2376 4629 non
2404 4581 2650 4630 constant
2677 4573 2796 4626 talia
2825 4573 2972 4642 signa
3001 4571 3139 4626 inter
3161 4570 3422 4636 homines,
3449 4567 3550 4626 nisi

1969 4683 2259 4724 consensus
2285 4667 2518 4723 accedat.

2041 4759 2129 4817 39.
2173 4755 2226 4815 in
2245 4759 2461 4830 picturis
2479 4774 2604 4814 vero
2621 4765 2672 4812 et
2687 4755 2896 4822 statuis,
2913 4755 3223 4825 ueterisque
3244 4743 3548 4825 lmjusmodi

1967 4855 2230 4911 simulatis
2246 4856 2515 4924 Operibus,
2537 4855 2763 4910 maxime
2783 4854 3066 4924 peritorum
3085 4853 3372 4919 artiﬁcum,
3392 4869 3548 4907 nemo

1969 4957 2112 5004 errat
2141 4965 2260 5003 cum
2293 4949 2485 5003 similia
2520 4946 2733 5014 viderit,
2759 4957 2814 5002 ut
2841 4956 3094 5018 agnoscat
3118 4947 3310 5016 quibus
3339 4948 3444 5000 sint
3464 4963 3547 5000 re-

1970 5047 2069 5102 bus
2093 5046 2301 5100 similia.
2331 5046 2397 5100 Et
2425 5043 2526 5099 hoc
2553 5051 2718 5098 totum
2746 5056 2913 5113 genus
2940 5042 3075 5096 inter
3096 5041 3359 5112 superﬂua
3383 5039 3550 5092 homi-

1967 5156 2092 5194 num
2118 5139 2353 5193 instituta
2379 5134 2763 5191 numerandum
2792 5144 2893 5200 est,
2918 5134 3014 5187 nisi
3051 5149 3169 5187 cum
3189 5134 3401 5186 interest
3423 5129 3546 5199 quid

1967 5248 2172 5300 eorum,
2203 5247 2303 5301 qua
2330 5230 2394 5284 de
2414 5244 2592 5295 causa,
2621 5235 2675 5283 et
2701 5229 2809 5295 ubi,
2841 5236 2894 5282 et
2913 5227 3141 5298 quando,
3173 5232 3228 5278 et
3268 5222 3418 5292 cujus
3458 5239 3552 5277 au-

1967 5325 2207 5380 ctoritate
2232 5324 2342 5376 ﬁat.
2370 5321 2526 5376 Millia
2546 5320 2777 5390 denique
2807 5319 3045 5396 ﬁctarutn
3065 5316 3358 5371 fabularum
3376 5325 3429 5370 et
3449 5313 3549 5371 fal-

1971 5415 2203 5477 sitatum,
2236 5428 2457 5484 quarum
2480 5410 2774 5465 mendaciis
2804 5409 3044 5464 homines
3074 5405 3423 5470 delectantur,
3449 5405 3549 5485 hue

1968 5521 2121 5561 mana
2152 5505 2391 5560 instituta
2419 5511 2560 5559 sunt.
2593 5502 2659 5557 Et
2680 5501 2820 5556 nulla
2844 5499 3008 5568 magis
3024 5496 3295 5551 hominum
3314 5497 3548 5566 propria,

1967 5615 2084 5672 qua:
2110 5615 2140 5654 a
2169 5599 2356 5668 seipsis
2382 5597 2598 5658 habent.
2623 5590 2970 5650 existimanda
2997 5599 3138 5657 sunt,
3156 5604 3310 5660 quam
3328 5604 3552 5660 quaeque

1969 5695 2099 5752 falsa
2137 5703 2293 5764 atque
2333 5691 2628 5748 mendacia.
2673 5685 2960 5744 Commoda
2997 5700 3125 5740 vero
3165 5692 3219 5739 et
3256 5679 3553 5738 necessaria

2029 5829 2460 5945 (ﬁlim,
2484 5827 2567 5892 qui
2603 5812 3058 5892 quoslibetgestus
3091 5830 3353 5886 moresque
3390 5818 3554 5884 ειμι-ιδ

1971 5907 2054 5945 me
2139 5925 2153 5942 ο

1971 5907 2153 5947 manat.
