4060 6492
494 375 564 428 55
1443 371 1531 426 ne
1573 364 1909 425 DOCTRINA
1939 362 2368 436 CHRISTIANA,
2409 367 2466 423 s.
2505 366 2868 426 annosum
3382 345 3384 347 ’
3691 380 3762 437 ss

493 487 768 544 hominum
789 501 908 542 cum
932 485 1236 542 hominibus
1251 486 1483 541 instituta
1505 494 1646 550 sunt,
1663 473 2009 553 quarcunique
2023 482 2077 537 in

501 579 681 632 habitu
707 586 760 632 ct
785 577 928 632 cultu
955 577 1192 644 corporis
1217 575 1280 628 ad
1312 590 1475 630 sexus
1508 574 1591 628 vel
1627 573 1856 628 honores
1880 573 2080 628 discer-

495 669 697 728 nendos
725 669 1019 724 diﬁ‘erentia
1048 667 1265 736 placuit;
1299 675 1349 720 et
1376 665 1771 719 innumerabilia
1789 679 1982 734 genera
2003 664 2078 719 si-

495 761 886 834 gniﬁcationum
917 757 1032 812 sine
1061 757 1249 827 quibus
1279 757 1500 810 humana
1544 755 1790 822 societas,
1834 763 1926 808 aut
1970 770 2077 810 non

494 855 732 916 omninu.
757 860 847 906 aut
872 849 1050 905 minus
1073 849 1350 904 commode
1368 852 1596 918 geritur;
1623 863 1845 918 quaeque
1865 849 1918 903 in
1945 864 2080 918 pon-

496 946 712 1002 deribus
728 956 884 1014 atque
899 945 1188 1008 mensuris,
1206 948 1260 996 et
1285 956 1621 995 nummorum
1646 941 1714 994 im
1722 940 2078 1010 pressionibus

495 1038 580 1093 vel
614 1037 1072 1103 acstimationibus,
1099 1051 1192 1092 sua
1217 1032 1406 1102 cuique
1431 1031 1626 1086 civitati
1647 1040 1701 1086 et
1721 1031 1914 1102 populo
1953 1041 2078 1087 sunt

493 1128 738 1198 propria;
768 1137 821 1182 et
845 1137 1033 1181 eattcra
1061 1122 1382 1194 hujusmodi,
1405 1138 1523 1192 qua:
1553 1122 1655 1177 nisi
1687 1122 1964 1178 hominum
1988 1123 2074 1177 in-

491 1220 676 1273 stituta
701 1228 896 1280 essent,
928 1233 1032 1270 non
1067 1233 1158 1285 per
1182 1216 1420 1270 diversos
1451 1216 1670 1286 populos
1699 1215 1842 1270 varia
1871 1225 2071 1281 essent,

419 1296 421 1298 ’
491 1325 591 1364 nec
617 1313 669 1364 in
701 1309 828 1381 ipsis
849 1307 1069 1378 singulis
1097 1307 1300 1376 populis
1326 1322 1422 1378 pro
1443 1307 1662 1362 arbitrio
1687 1322 1904 1364 suorum
1927 1308 2076 1377 prin-

487 1404 666 1472 cipum
691 1410 1037 1457 mutarentur.
1866 1395 1879 1403 “

559 1493 647 1548 40.
689 1493 793 1548 Sed
842 1492 957 1546 hinc
997 1501 1100 1547 tota
1146 1507 1272 1564 pars
1311 1491 1662 1547 humanorum
1691 1492 2068 1558 institutorum,

486 1601 604 1654 qurc
633 1585 697 1639 ad
723 1600 874 1638 usum
891 1592 1011 1638 vdae
1037 1586 1390 1640 necessarium
1420 1584 1719 1654 proﬁciunt,
1740 1600 2071 1655 nequaquam

485 1684 568 1730 est
596 1675 840 1745 fugienda
865 1676 1182 1740 christiano;
1217 1676 1324 1730 imo
1353 1677 1511 1731 etiam
1538 1687 1793 1747 quantum
1817 1677 1947 1732 satis
1967 1685 2068 1744 est,

485 1765 759 1834 intuenda,
795 1768 1154 1837 memoriaque
1176 1767 1474 1823 retinenda.

484 1857 710 1915 CAPUT
748 1859 937 1914 XXVI.
957 1889 1026 1899 —
1054 1859 1180 1925 Quae
1199 1859 1458 1914 hominum
1483 1860 1710 1914 instituta
1738 1859 2001 1932 fugienda,
2025 1869 2071 1915 et

969 1969 1082 2024 qua:
1100 1951 1444 2023 amplectenda
1464 1952 1581 2006 sint.
1618 1939 1621 1942 ’

555 2045 880 2101 Adumbrata
909 2049 1049 2101 enim
1081 2047 1320 2116 quaedam
1347 2055 1400 2101 et
1424 2047 1749 2101 naturalibus
1785 2055 2069 2117 utcumque

484 2136 674 2190 similia
702 2136 976 2191 hominum
1006 2137 1240 2192 institula
1263 2146 1402 2190 sunt.
1427 2137 1658 2203 Quorum
1681 2152 1739 2190 ea
1758 2153 1875 2208 quae
1897 2137 1960 2190 ad
1982 2151 2072 2193 so-

481 2229 749 2292 cietatem,
783 2237 838 2282 ut
870 2228 1066 2282 dictum
1094 2236 1193 2290 est,
1223 2227 1522 2282 dmmonum
1545 2228 1830 2298 pertinent,
1861 2228 2070 2296 penitus

482 2320 807 2391 repudianda
845 2328 969 2374 sunt
994 2329 1044 2373 et
1069 2319 1376 2374 detestanda
1400 2337 1412 2373 :
1437 2335 1498 2373 ea
1531 2335 1654 2373 vero
1681 2334 1798 2387 quae
1824 2319 2069 2374 homines

483 2425 603 2466 cum
635 2409 938 2465 hominibus
969 2410 1181 2473 habent,
1215 2409 1551 2473 assumenda,
1597 2410 1647 2462 in
1671 2417 1924 2479 quantum
1962 2423 2067 2463 non

483 2510 608 2556 sunt
631 2502 895 2556 luxuriosa
922 2510 1079 2567 atque
1117 2499 1413 2570 superflua;
1443 2510 1496 2554 et
1518 2501 1744 2555 maxime
1769 2500 2067 2554 litterarum

484 2592 686 2661 ﬁgurae,
712 2593 828 2646 sine
852 2591 1040 2660 quibus
1068 2592 1243 2660 legere
1272 2606 1378 2644 non
1405 2606 1707 2661 possumus,
1744 2592 2070 2660 linguarum-

481 2698 585 2752 que
607 2683 832 2736 varietas
858 2691 1112 2751 quantum
1131 2682 1258 2734 satis
1275 2689 1370 2744 est,
1403 2681 1468 2736 de
1491 2697 1590 2751 qua
1618 2682 1862 2750 superius
1882 2683 2068 2750 dispu-

483 2773 726 2827 tavimus.
762 2772 841 2826 Ex
876 2787 940 2826 eo
965 2787 1158 2841 genere
1186 2780 1310 2826 sunt
1334 2771 1492 2826 etiam
1521 2780 1680 2837 notat,
1709 2787 1840 2841 quas
1865 2773 1952 2842 qui
1982 2772 2067 2827 di-

482 2864 721 2919 dicerunt
755 2865 964 2934 proprie
1000 2865 1108 2934 jam
1141 2864 1327 2918 notarii
1367 2863 1718 2932 appellantur.
1752 2864 1906 2920 Utilia
1945 2873 2069 2919 sunt

480 2958 601 3022 ista,
626 2974 722 3011 nec
738 2957 1010 3013 discuntur
1027 2958 1227 3023 illicito,
1251 2973 1350 3012 nec
1375 2957 1748 3026 superstitione
1775 2959 2063 3027 implicant,

480 3065 583 3106 nec
606 3051 736 3105 luxu
767 3061 1039 3115 enervant,
1074 3051 1118 3106 si
1147 3060 1348 3105 tantum
1384 3059 1663 3120 occupent,
1697 3059 1751 3107 ut
1779 3051 2069 3121 majoribus

480 3143 662 3208 rebus,
691 3142 754 3196 ad
784 3157 915 3213 quas
952 3142 1318 3213 adipiscendas
1347 3142 1547 3198 servire
1574 3141 1790 3208 debent,
1827 3157 1932 3197 non
1961 3141 2070 3198 sint

481 3235 882 3305 impedimento.

482 3327 707 3382 CAPUT
746 3325 957 3382 XXVII.
989 3357 1059 3366 —
1087 3326 1423 3381 Scientiarum
1453 3342 1579 3396 quas
1605 3325 1829 3380 homines
1863 3342 1963 3380 non
1989 3327 2070 3380 in-

550 3419 834 3484 stituerunt,
878 3417 1063 3488 aliqua:
1091 3419 1273 3489 juvant
1310 3418 1379 3472 ad
1418 3416 1801 3488 intelligentiam
1830 3416 2068 3488 Scriptu-

552 3525 672 3562 rara
678 3526 725 3561 m
733 3548 745 3561 ο

554 3599 645 3654 ll.
685 3601 931 3654 Jamvero
979 3599 1066 3653 illa
1114 3614 1234 3669 quae
1285 3613 1390 3653 non
1433 3599 1786 3664 instituendo,
1837 3598 1932 3655 sed
1979 3609 2069 3654 aut

481 3698 748 3745 transacta
780 3689 1126 3760 temporibus,
1164 3699 1254 3744 aut
1281 3691 1531 3745 divinitus
1557 3691 1817 3756 instituta,
1851 3691 2070 3747 investi-

481 3782 659 3853 gando
707 3781 950 3837 homines
998 3782 1370 3853 prodiderunt,
1419 3783 1734 3853 ubicumque
1775 3783 2066 3852 discantur,

481 3889 591 3930 non
619 3883 742 3928 sunt
765 3874 1037 3929 hominum
1067 3874 1302 3928 instituta
1329 3875 1694 3930 existimanda.
1714 3875 1946 3942 Quorum
1969 3875 2070 3930 alia

481 3974 607 4021 sunt
633 3965 698 4019 ad
725 3979 938 4020 sensum
967 3965 1226 4034 corporis,
1255 3965 1354 4019 alia
1383 3981 1508 4019 vero
1531 3965 1596 4019 ad
1620 3967 1877 4020 rationem
1906 3967 2069 4021 animi

481 4060 822 4132 pertinentia.
867 4058 972 4115 Sed
1003 4059 1088 4113 illa
1119 4075 1234 4129 quae
1261 4073 1421 4113 sensu
1447 4060 1682 4130 corporis
1721 4060 2067 4130 attinguntur,

481 4152 573 4208 vel
610 4160 818 4206 narrata
845 4151 1130 4217 credimus,
1175 4151 1256 4205 vel
1285 4150 1646 4206 demonstrata
1676 4151 1952 4218 sentimus,
1987 4151 2070 4208 vel

485 4256 700 4319 experta
729 4246 1063 4315 conjicimus.

627 4339 854 4395 CAPUT
893 4337 1127 4393 XXVIII.
1145 4367 1220 4378 —-
1245 4335 1475 4390 Historia
1501 4343 1747 4406 quatenus
1763 4336 1929 4406 juvet.

555 4433 644 4488 42.
685 4431 944 4502 Quidquid
968 4431 1127 4502 igitur
1145 4430 1212 4484 de
1235 4429 1422 4483 ordine
1449 4437 1747 4497 temporum
1777 4435 2072 4482 transacto-

483 4543 603 4582 vum
633 4526 827 4580 indicat
855 4540 915 4578 ea
946 4541 1063 4596 qum
1093 4523 1388 4593 appellatur
1411 4521 1650 4584 historia,
1671 4520 1954 4589 plurimum
1977 4535 2074 4574 nos

485 4619 699 4688 adjuvat
726 4618 792 4672 ad
829 4627 1038 4673 sanctos
1069 4616 1257 4670 Libros
1277 4613 1678 4682 intelligendos,
1705 4613 1910 4668 etiamsi
1934 4628 2076 4683 pra:-

487 4720 572 4765 ter
599 4709 887 4764 Ecclesiam
915 4708 1110 4777 puerili
1129 4706 1424 4762 eruditione
1447 4705 1700 4760 discatur.
1736 4704 1867 4760 Nam
1893 4713 1948 4760 et
1980 4721 2076 4775 per

487 4799 856 4872 Olympiadas,
900 4808 952 4854 et
1001 4814 1094 4868 per
1132 4797 1419 4853 Consulum
1465 4797 1678 4850 nomina
1725 4798 1890 4852 multa
1932 4813 2076 4869 saepe

486 4903 797 4966 quaeruntur
817 4909 845 4946 a
875 4892 1057 4958 nobis;
1090 4902 1142 4947 et
1167 4891 1458 4962 ignorantia
1479 4890 1808 4958 consulatus,
1840 4907 1946 4961 quo
1973 4907 2075 4946 na-

486 4996 572 5041 tus
599 4994 679 5042 est
711 4985 983 5049 Dominus,
1017 4993 1072 5039 et
1109 4998 1214 5053 quo
1238 4997 1425 5052 passus
1453 4990 1556 5046 est,
1584 4981 1868 5038 nonnullos
1904 4983 2078 5052 coegit

487 5096 689 5146 errare,
738 5088 795 5134 ut
833 5086 1078 5149 putarent
1119 5077 1463 5147 quadraginta
1497 5091 1592 5130 sex
1632 5092 1891 5132 annorum
1919 5085 2077 5134 :etate

487 5187 703 5244 passum
731 5186 849 5226 esse
871 5169 1173 5235 Dominum,
1204 5169 1322 5238 quia
1348 5183 1442 5237 per
1463 5176 1538 5221 tot
1561 5182 1732 5221 annos
1757 5167 2074 5222 aediﬁcatum

489 5264 744 5334 templum
777 5277 895 5316 esse
933 5260 1131 5314 dictum
1169 5268 1252 5313 est
1281 5273 1310 5310 a
1344 5256 1562 5322 Judteis,
1605 5257 1745 5327 quod
1791 5257 2075 5327 imaginem

491 5355 750 5410 Dominici
777 5351 1016 5422 corporis
1042 5349 1288 5405 habebat.
1320 5348 1390 5404 Et
1425 5363 1683 5404 annorum
1710 5349 1921 5419 quidem
1966 5349 2077 5406 fere

492 5447 702 5517 triginta
731 5447 1049 5516 baptizatum
1079 5458 1198 5499 esse
1225 5443 1518 5497 retinemus
1555 5443 1867 5497 auctoritate
1910 5458 2076 5497 evan-

494 5539 658 5611 gelica
688 5536 837 5609 (an.
861 5534 1079 5606 "1,25):
1107 5533 1200 5588 sed
1229 5541 1410 5603 postea
1425 5543 1555 5602 quot
1573 5547 1742 5587 annos
1766 5532 1817 5586 in
1845 5531 1946 5588 hac
1969 5533 2076 5588 vita

496 5631 683 5702 egerit,
716 5643 1014 5699 quanquam
1049 5635 1204 5682 textu
1239 5625 1354 5696 ipso
1388 5624 1656 5678 actionum
1688 5623 1804 5694 ejus
1831 5625 2076 5680 animad-

496 5723 630 5776 verti
655 5719 847 5789 pnssit;
871 5730 1041 5773 tamen
1069 5735 1135 5773 ne
1155 5717 1369 5773 aliunde
1389 5717 1558 5788 caligo
1577 5716 1919 5772 dubitationis
1936 5719 2077 5774 oria-

494 5821 602 5881 tur,
635 5813 701 5869 de
733 5811 948 5867 historia
976 5811 1212 5882 gentium
1237 5810 1429 5867 collata
1443 5825 1566 5866 cum
1586 5807 1896 5882 Evangelia,
1916 5809 2074 5883 liqui-

2185 481 2304 536 dius
2329 485 2627 556 certiusque
2655 487 2940 558 colligitur.
2978 489 3126 547 Tunc
3169 491 3310 548 enim
3350 493 3614 552 videbitur
3654 514 3761 558 non

2183 573 2378 630 frustra
2407 592 2525 632 esse
2549 578 2768 648 dictum,
2795 582 2937 651 quod
2962 585 3304 654 quadraginta
3326 601 3418 643 sex
3445 588 3599 646 annis
3626 601 3760 647 tem-

2183 667 2327 738 plum
2350 668 2668 726 aediﬁcatum
2697 673 2783 737 sit,
2822 683 2878 728 ut
2901 690 3020 729 cum
3052 674 3234 731 referri
3275 679 3373 734 iste
3413 696 3664 736 numerus
3688 684 3755 738 ad

2182 767 2390 814 aetatem
2416 760 2626 815 Domini
2653 777 2756 816 non
2779 765 3026 834 potuerit,
3069 767 3136 821 ad
3173 770 3517 825 secretiorem
3555 771 3759 829 instru-

2181 851 2409 906 ctionem
2441 852 2658 908 humani
2677 857 2914 925 corporis
2934 857 3212 926 referatur,
3237 874 3356 930 qu0'
3374 861 3515 916 indui
3542 874 3758 934 propter

2181 961 2279 1002 nos
2307 962 2408 1000 non
2434 946 2750 1018 dedignatus
2779 958 2863 1006 est
2902 951 3088 1007 unicus
3127 952 3222 1009 Dei
3260 952 3444 1021 Filius,
3478 971 3572 1026 per
3595 973 3752 1028 quem

2180 1037 2315 1093 facta
2345 1047 2469 1094 sunt
2496 1041 2692 1095 omnia.

2249 1133 2339 1186 45.
2381 1131 2454 1187 De
2475 1133 2700 1188 utilitate
2729 1142 2905 1189 autem
2936 1134 3187 1201 historiae,
3235 1145 3293 1192 ut
3328 1138 3565 1192 omittam
3603 1137 3757 1194 Grie-

2178 1237 2292 1291 cos,
2321 1234 2569 1295 quantam
2616 1235 2796 1281 noster
2837 1227 3152 1284 Ambrosius
3184 1230 3529 1298 quaestionem
3579 1232 3756 1297 solvit,

2177 1315 2625 1372 calumniantibus
2667 1319 2901 1374 Platonis
2951 1320 3236 1376 lectoribus
3279 1331 3334 1377 et
3379 1322 3756 1389 dilectoribus;

2177 1406 2268 1476 qui
2293 1407 2470 1463 dicere
2495 1410 2607 1462 ausi
2638 1419 2760 1465 sunt
2790 1427 2978 1466 omnes
2997 1414 3204 1468 Domini
3222 1415 3386 1469 nostri
3410 1415 3535 1470 Jesu
3557 1415 3754 1472 Christi

2176 1499 2485 1564 sententias,
2505 1515 2634 1569 quas
2651 1500 2830 1555 mirari
2847 1511 2901 1557 et
2916 1503 3204 1572 pratdicare
3227 1515 3506 1576 coguntur,
3530 1507 3596 1562 de
3631 1507 3758 1562 Pla-

2148 1589 2316 1651 ,tonis
2345 1589 2490 1645 libris
2520 1606 2639 1645 cum
2670 1591 2938 1658 didicisse,
2957 1593 3204 1664 quoniam
3233 1595 3389 1665 longe
3419 1605 3541 1651 ante
3567 1596 3758 1652 huma-

2177 1694 2302 1733 num
2345 1680 2629 1736 adventum
2674 1683 2882 1738 Domini
2925 1685 3196 1740 Platonem
3229 1685 3414 1752 fuisse,
3443 1689 3622 1758 negari
3649 1703 3757 1743 non

2176 1772 2377 1838 potest!
2402 1771 2588 1828 Nonne
2623 1784 2946 1830 memoratus
2979 1777 3279 1848 episcopus,
3303 1778 3634 1834 considerata
3671 1779 3756 1834 bi-

2175 1862 2336 1915 storia
2353 1864 2610 1932 gentium,
2631 1879 2750 1918 eum
2767 1866 3052 1935 reperisset
3072 1868 3344 1922 Platonem
3365 1868 3608 1924 Jeremia:
3630 1879 3761 1926 tem-

2173 1955 2391 2026 poribus
2417 1956 2710 2026 prol'ectum
2739 1957 2901 2013 fuisse
2942 1958 2992 2012 in
3033 1958 3340 2031 Egyptum,
3375 1961 3460 2015 ubi
3502 1962 3757 2032 propheta

2173 2046 2264 2101 ille
2294 2054 2418 2101 tunc
2447 2055 2560 2101 erat
2592 2046 2688 2118 (α),
2708 2048 3031 2116 probabilius
3047 2065 3165 2105 esse
3185 2051 3417 2105 ostendit
3441 2051 3582 2122 quod
3609 2053 3758 2109 Plato

2174 2138 2350 2207 potius
2381 2138 2576 2192 nostris
2611 2136 2825 2193 Litteris
2862 2155 2956 2210 per
2985 2139 3270 2195 Jeremiam
3313 2140 3470 2196 fuerit
3501 2143 3752 2210 imbutus,

2175 2238 2230 2282 ut
2259 2229 2347 2283 illa
2373 2238 2553 2298 posset
2577 2230 2773 2285 docere
2793 2232 2878 2286 vel
2903 2231 3136 2288 scribere
3163 2247 3282 2302 quae
3295 2232 3414 2302 jure
3442 2233 3756 2289 laudantur?

2173 2318 2310 2372 Ante
2341 2318 2566 2374 Litteras
2592 2320 2732 2374 enim
2775 2321 2945 2391 gentis
2985 2321 3352 2389 Hebrmorum,
3384 2323 3438 2378 in
3468 2339 3571 2394 qua
3600 2324 3756 2381 unius

2173 2407 2268 2462 Dei
2293 2408 2467 2463 cultus
2482 2410 2714 2477 emicuit,
2740 2425 2802 2465 ex
2830 2426 2933 2480 qua
2949 2411 3237 2466 secundum
3258 2427 3472 2467 carnem
3495 2411 3638 2468 venit
3652 2413 3760 2469 Do-

2173 2498 2350 2555 minus
2378 2508 2577 2566 noster,
2608 2517 2706 2556 nec
2734 2501 2845 2572 ipse
2873 2503 3085 2572 quidem
3115 2504 3441 2574 Pythagoras
3467 2503 3585 2572 fuit,
3608 2520 3638 2559 a
3662 2519 3758 2561 cu-

2167 2589 2258 2660 jus
2282 2591 2508 2660 posteris
2544 2591 2817 2647 Platonem
2858 2592 3176 2662 theologiam
3205 2593 3454 2649 didicisse
3494 2595 3578 2650 isti
3607 2609 3758 2650 asse-

2172 2690 2318 2736 runt.
2360 2681 2432 2734 lta
2463 2682 2812 2738 consideratis
2857 2685 3182 2753 temporibus
3221 2685 3280 2739 ﬁt
3324 2686 3490 2740 multo
3524 2685 3757 2741 credibi-

2173 2769 2275 2826 lius
2301 2773 2431 2826 istos
2463 2775 2635 2842 potius
2659 2773 2725 2828 de
2747 2774 2962 2830 Litteris
2989 2776 3187 2830 nostris
3216 2775 3465 2832 habuisse
3489 2791 3763 2846 quaecum-

2171 2879 2275 2934 que
2300 2863 2436 2918 bona
2457 2871 2512 2918 et
2529 2879 2654 2919 vera
2670 2864 2936 2930 dixerunt,
2963 2881 3120 2934 quam
3137 2865 3202 2920 de
3223 2865 3456 2920 Platonis
3476 2866 3760 2922 Dominum

2171 2953 2354 3009 Jesum
2374 2953 2665 3018 Christum,
2688 2955 2828 3022 quod
2854 2955 3309 3010 clementissimum
3335 2965 3417 3011 est
3442 2957 3683 3013 credere.

2243 3047 2332 3100 44.
2351 3045 2663 3100 Narratione
2678 3054 2852 3100 autem
2882 3045 3134 3101 historica
3163 3061 3284 3102 cum
3313 3049 3574 3118 praeterita
3595 3049 3757 3106 etiam

2173 3136 2446 3191 hominum
2477 3136 2715 3192 instituta
2744 3144 3047 3204 narrantur,
3079 3152 3184 3192 non
3232 3139 3369 3194 inter
3416 3139 3645 3196 humana
3676 3141 3758 3196 in-

2177 3230 2360 3283 stituta
2379 3229 2490 3299 ipsa
2508 3227 2726 3282 historia
2745 3229 3069 3284 numeranda
3087 3239 3189 3297 est;
3203 3231 3325 3302 quia
3335 3231 3443 3302 jam
3458 3248 3576 3303 quae
3588 3241 3762 3288 trans-

2173 3321 2368 3387 ierunt,
2409 3335 2508 3375 nec
2545 3321 2736 3376 inlecta
2764 3321 2877 3376 ﬁeri
2903 3329 3141 3392 possunt,
3172 3323 3225 3377 in
3255 3323 3441 3379 ordine
3460 3333 3757 3395 temporum

2171 3410 2414 3467 habenda
2455 3421 2600 3478 sunt,
2631 3427 2856 3482 quorum
2892 3421 2974 3468 est
3013 3413 3257 3468 conditor
3285 3425 3338 3470 et
3362 3415 3759 3472 administrator

2174 3503 2336 3560 Deus.
2369 3502 2526 3558 Aliud
2561 3505 2811 3560 est‘enim
2852 3503 2992 3559 facta
3021 3519 3259 3572 narrare,
3288 3506 3427 3562 aliud
3455 3507 3650 3564 docere
3677 3507 3758 3562 fa-

2174 3593 2381 3650 cienda.
2424 3593 2654 3650 Historia
2691 3593 2831 3651 facta
2871 3606 3050 3651 narrat
3075 3597 3303 3652 ﬁdeliter
3325 3608 3484 3668 atque
3522 3599 3757 3666 utiliter;

2174 3687 2294 3742 libri
2322 3695 2501 3743 autem
2525 3687 2850 3757 aruspicum,
2878 3696 2932 3742 et
2959 3703 3184 3758 quaeque
3217 3689 3420 3744 similes
3445 3691 3652 3758 litterae,
3685 3690 3762 3746 fa-

2174 3780 2363 3836 cienda
2379 3780 2462 3835 vel
2481 3779 2812 3835 observanda
2835 3780 3113 3836 intendunt
3133 3780 3346 3847 docere,
3373 3781 3654 3838 monitoris
3666 3797 3762 3840 au-

2175 3872 2346 3940 dacia,
2370 3888 2474 3928 non
2505 3872 2692 3928 indicis
2719 3873 2736 3905 ί
2770 3871 2896 3928 ﬁde.

2175 3965 2402 4022 CAPUT
2438 3965 2632 4021 XXIX.
2645 3964 2806 4019 -—Ad
2831 3965 3214 4036 Seriptnrarum
3233 3965 3616 4038 intelligentiam
3632 3983 3762 4033 qua-

2248 4067 2389 4112 tenus
2405 4057 2651 4112 conducat
2665 4058 2983 4123 animalium,
3006 4055 3290 4125 herbarum,
3321 4067 3440 4125 στα,
3458 4060 3765 4131 prcsertim-
3863 4087 3870 4092 -

2245 4164 2342 4219 que
2362 4147 2580 4203 siderum
2605 4148 2842 4220 cognitio.

2246 4242 2337 4298 45.
2379 4241 2474 4297 Est
2499 4242 2659 4297 etiam
2682 4242 2913 4296 narratio
2936 4241 3374 4297 demonstrationi
3402 4241 3614 4310 similis,
3654 4256 3762 4313 qua

2175 4348 2283 4390 non
2328 4333 2617 4405 praeterita,
2661 4333 2756 4389 sed
2799 4336 3078 4404 prazsentia
3123 4334 3422 4390 indicantur
3457 4336 3673 4406 ignaris.
3703 4333 3762 4391 In

2175 4439 2284 4494 quo
2307 4439 2504 4494 genere
2520 4432 2644 4479 sunt
2667 4438 3015 4494 qumcumque
3035 4427 3100 4480 de
3115 4426 3355 4482 locorum
3381 4426 3506 4490 situ,
3533 4426 3763 4481 naturis-

2177 4532 2282 4588 que
2307 4517 2633 4582 animalium,
2669 4517 2950 4588 lignorum,
2990 4518 3294 4583 herbarum,
3326 4520 3582 4590 lapidum,
3626 4521 3762 4574 alio-

2179 4623 2367 4662 rumve
2395 4623 2677 4679 corporum
2727 4609 2922 4678 scripta
2949 4619 3090 4664 sunt.
3134 4611 3208 4664 De
3245 4626 3350 4680 quo
3377 4625 3573 4679 genere
3605 4624 3763 4680 supeo

2178 4699 2291 4754 rius
2314 4699 2536 4769 egimus,
2553 4714 2776 4770 eamque
2803 4701 3161 4771 cognitionem
3189 4703 3364 4757 valere
3387 4701 3452 4756 ad
3481 4702 3764 4772 mnigmata

2180 4791 2572 4862 Scripturarum
2597 4793 2845 4849 solvenda
2875 4793 3186 4849 docuimus:
3209 4809 3317 4849 non
3342 4803 3396 4848 ut
3420 4810 3515 4863 pro
3543 4793 3765 4864 quibus-

2180 4882 2304 4938 dam
2325 4884 2488 4955 signis
2516 4884 2887 4953 adhibeantur,
2919 4893 3167 4956 tanquam
3195 4885 3262 4938 ad
3288 4885 3520 4939 remedia
3544 4885 3626 4938 vel
3649 4899 3762 4939 ma-

2181 4979 2518 5034 chinamenta
2545 4979 2936 5048 superstitionis
2978 4978 3230 5047 alicujus;
3279 4993 3398 5031 nam
3427 4985 3483 5031 et
3511 4977 3636 5032 illud
3666 4993 3732 5047 ge

2180 5085 2280 5124 nus
2301 5068 2408 5138 jam
2427 5069 2732 5123 distinctum
2749 5070 2816 5123 ab
2839 5070 2936 5123 hoc
2953 5069 3096 5123 licito
3115 5077 3168 5123 et
3194 5068 3364 5122 libero
3381 5069 3765 5140 separavimus.

2181 5161 2338 5216 Aliud
2364 5171 2445 5215 est
2469 5160 2611 5215 enim
2633 5159 2829 5223 dicere,
2863 5159 3061 5213 Tritam
3101 5159 3255 5213 istam
3288 5158 3506 5214 herbam
3536 5160 3579 5214 si
3612 5159 3767 5215 bibe-

2181 5256 2275 5322 ris,
2303 5263 2490 5311 venter
2504 5268 2608 5308 non
2635 5252 2860 5317 dolebit;
2889 5259 2945 5306 et
2968 5251 3107 5306 aliud
3133 5261 3216 5308 est
3242 5253 3440 5320 dicere,
3460 5254 3618 5308 Istam
3643 5253 3762 5307 her-

2180 5347 2302 5404 bam
2331 5348 2469 5403 collo
2497 5347 2540 5400 si
2567 5345 2926 5417 suspenderis,
2948 5354 3136 5401 venter
3165 5362 3270 5400 non
3301 5346 3516 5401 dolebit.
3538 5345 3610 5402 lbi
3626 5347 3769 5402 enim

2182 5441 2434 5511 probatur
2463 5437 2880 5508 contemperatio
2921 5439 3168 5504 salubris,
3200 5439 3287 5495 hic
3327 5441 3642 5511 signiﬁcatio
3672 5455 3769 5496 su-

2182 5533 2484 5605 perstitiosa
2510 5531 2809 5587 damnatur.
2839 5531 3148 5604 Quanquam
3183 5532 3270 5588 ubi
3298 5534 3764 5603 praecantationes,

2189 5759 2201 5772 ο
2247 5694 2428 5772 argnti,
2443 5691 2644 5758 Judicis.
2681 5699 2816 5744 Patet
2834 5691 3224 5756 legendumcum
3256 5692 3474 5746 melioris
3496 5700 3625 5745 nota
3640 5700 3772 5760 Mam,

2181 5758 2373 5812 inditis.

2247 5821 2319 5885 (α)
2343 5826 2378 5870 ιι
2405 5824 2607 5870 netraet.
2632 5829 2738 5881 cap.
2759 5815 2808 5880 4,
2832 5831 2884 5866 n.
2909 5815 2957 5866 2.
