4060 6452
282 367 356 427 ιτ
1604 358 1804 414 LIBER
1842 359 2216 419 SECUNDUS.
3502 364 3577 423 58

283 495 342 541 et
387 482 777 545 invocationes,
806 489 859 536 et
882 479 1218 536 characteres
1247 492 1355 533 non
1381 484 1526 543 sunt,
1569 476 1880 546 plerumque

284 576 509 633 dubium
526 584 609 630 est
626 584 803 628 utrum
822 588 909 627 res
928 586 1045 642 qua:
1073 570 1341 640 alligatur,
1369 577 1458 623 aut
1486 582 1699 639 quoquo
1720 566 1879 621 modo

282 669 596 738 adjungitur
620 665 862 721 sanando
886 663 1117 733 corpori,
1141 679 1191 716 v1
1215 671 1415 716 natura:
1435 661 1625 728 valeat,
1654 672 1793 731 quoa
1817 659 1881 713 li-

281 760 416 817 bere
441 761 802 816 adhibendum
832 767 933 823 est,
963 774 1030 812 an
1060 756 1402 829 signiﬁcativa
1420 755 1646 827 quadam
1674 754 1877 823 obliga-

281 856 434 909 tione
461 854 755 923 proveniat,
785 852 926 922 quod
956 859 1105 906 tanto
1125 849 1437 919 prudentius
1457 856 1666 918 oportet
1687 862 1877 901 cavere

278 950 659 1012 christianum,
686 957 885 1017 quanto
903 945 1169 1001 efﬁcacius
1190 944 1445 1014 prodesse
1469 942 1749 996 videbitur.
1772 939 1878 996 Sed

279 1040 369 1095 ubi
404 1041 540 1095 latct
567 1055 669 1110 qua
696 1053 853 1095 causa
881 1038 1005 1109 quid
1044 1037 1239 1103 valeat,
1280 1050 1387 1105 quo
1435 1035 1615 1090 animo
1654 1034 1879 1103 quisque

279 1140 468 1186 utatur
497 1132 740 1193 interest.
769 1130 1026 1185 duntaxat
1050 1130 1102 1183 in
1131 1126 1381 1182 sanandis
1406 1126 1489 1180 vel
1516 1123 1878 1194 temperandis

278 1224 623 1293 corporibus,
650 1224 763 1277 sive
783 1223 834 1277 in
856 1222 1134 1286 medicina,
1164 1221 1275 1275 sive
1294 1220 1344 1274 in
1366 1219 1705 1290 agricultura.

346 1317 446 1372 46.
486 1317 733 1371 Siderum
762 1325 939 1371 autem
966 1313 1460 1386 cognoscendorum
1484 1327 1586 1366 non
1618 1310 1874 1377 narratio,

278 1407 373 1463 sed
426 1407 815 1462 demonstratio
860 1414 962 1472 est,
1004 1420 1227 1475 quorum
1278 1418 1539 1474 perpauca
1597 1401 1877 1472 Scriptura

279 1506 693 1555 commemorat.
727 1497 876 1552 Sicut
914 1506 1091 1552 autem
1132 1496 1373 1566 plurimis
1413 1504 1569 1549 notus
1612 1502 1696 1549 est
1738 1493 1876 1548 luna:

281 1606 493 1652 cursus,
526 1590 616 1659 qui
659 1589 819 1644 etiam
854 1588 922 1643 ad
953 1588 1250 1658 passionem
1282 1585 1489 1640 Domini
1516 1570 1877 1641 anniversario

280 1680 659 1736 celebrandam
678 1679 985 1734 solemniter
1000 1678 1309 1742 adhibetur;
1329 1677 1405 1732 sic
1422 1676 1754 1747 paucissimis
1771 1690 1877 1731 ca:-

280 1784 519 1829 terorum
564 1789 779 1844 quoque
818 1772 1052 1827 siderum
1085 1772 1167 1826 vel
1199 1780 1366 1836 ortus,
1403 1770 1487 1825 vel
1516 1784 1759 1834 occasus,
1790 1768 1876 1824 vel

280 1866 381 1919 alia
399 1864 655 1933 quaelibet
676 1871 941 1917 rnamenta
963 1862 1078 1916 sine
1101 1862 1207 1916 ullo
1231 1870 1354 1916 sunt
1377 1875 1559 1916 errore
1575 1858 1873 1914 notissima.

280 1956 414 2022 Qua:
460 1972 559 2024 per
601 1956 832 2025 seipsam
881 1954 1129 2023 cognitio,
1164 1968 1465 2023 quanquam
1498 1951 1876 2022 superstitione

282 2066 387 2103 non
412 2050 616 2119 alliget,
644 2062 749 2102 non
774 2048 995 2101 multum
1029 2055 1206 2101 tamen
1232 2061 1293 2100 ac
1319 2061 1482 2115 pr0pe
1508 2045 1634 2099 nihil
1662 2043 1877 2113 adjuvat

285 2142 657 2196 tractationem
688 2140 985 2194 divinarum
1011 2139 1424 2207 Scripturarum,
1468 2145 1523 2191 et
1550 2136 1877 2191 infructuosa

283 2235 582 2288 intentione
612 2233 731 2303 plus
762 2232 1011 2303 impedit;
1035 2240 1088 2286 et
1125 2232 1246 2301 quia
1274 2230 1546 2285 familiaris
1586 2237 1666 2285 est
1696 2228 1876 2299 perni-

282 2327 587 2382 ciosissimo
622 2326 791 2381 errori
833 2324 975 2380 fatua
1012 2325 1115 2378 fata
1156 2324 1502 2388 cantantium,
1543 2321 1877 2377 commodius

283 2420 670 2489 bonestiusque
694 2418 1072 2473 contemnitur.
1119 2416 1289 2471 Habet
1328 2424 1503 2470 autem
1550 2424 1742 2485 praeter
1782 2414 1877 2469 de-

284 2512 728 2568 monstrationem
760 2508 1121 2580 prazsentium,
1146 2509 1303 2562 etiam
1338 2508 1722 2577 praeteritorum
1750 2522 1875 2561 nar-

284 2606 472 2662 rationi
502 2605 679 2659 simile
708 2602 927 2673 aliquid,
959 2602 1101 2673 quod
1124 2617 1154 2656 a
1176 2600 1420 2671 prmsenti
1453 2601 1735 2670 positione,
1762 2615 1877 2655 mo-

285 2706 446 2765 tuque
472 2696 735 2759 siderum,
762 2704 818 2749 et
840 2695 892 2748 in
918 2694 1181 2764 praeterita
1208 2708 1395 2747 eorum
1415 2692 1633 2761 vestigia
1661 2692 1875 2761 regula-

284 2790 413 2845 riter
438 2790 563 2843 licet
589 2802 887 2844 recurrere.
918 2786 1262 2841 Habctetiam
1280 2785 1573 2838 futurorum
1605 2783 1876 2853 regulares

284 2881 645 2951 conjecturas,
678 2894 783 2933 non
810 2877 1130 2947 suspiciosas
1152 2886 1205 2931 et
1232 2876 1521 2940 ominosas,
1544 2874 1639 2930 sed
1666 2883 1807 2929 ratas
1823 2882 1876 2929 et

288 2984 487 3039 certas;
531 2988 638 3027 non
664 2980 721 3025 ut
746 2988 812 3027 ex
837 2971 917 3027 eis
940 2970 1139 3041 aliquid
1170 2969 1382 3024 trahere
1411 2969 1461 3023 in
1492 2976 1671 3022 nostra
1699 2967 1836 3022 facta
1856 2968 1873 2999 ί

288 3078 339 3123 et
354 3078 541 3124 eventa
560 3076 842 3131 tentemus,
869 3065 1039 3135 qualia
1057 3061 1509 3135 genethliacorum
1528 3060 1872 3115 deliramenta

289 3170 429 3224 sunt,
458 3160 555 3215 sed
585 3169 841 3230 quantum
862 3157 926 3212 ad
950 3157 1063 3227 ipsa
1097 3155 1325 3227 pertinet
1354 3153 1548 3209 sidera.
1580 3153 1712 3207 Nam
1738 3153 1875 3208 sicut

287 3253 333 3308 is
359 3252 449 3322 qui
478 3260 749 3321 computat
785 3251 983 3314 lunam,
1026 3264 1147 3304 cum
1190 3247 1351 3302 hodie
1388 3247 1679 3317 inspexerit
1716 3255 1874 3315 quota

287 3344 376 3407 sit,
404 3352 459 3397 et
487 3351 611 3397 ante
634 3342 893 3413 quotlibet
920 3355 1089 3395 annos
1117 3348 1278 3411 quota
1311 3338 1487 3405 fuerit,
1513 3348 1567 3394 et
1586 3347 1703 3408 post
1718 3346 1876 3409 quot-

288 3435 418 3490 libet
438 3450 608 3489 annos
632 3444 791 3505 quota
819 3434 992 3489 futura
1020 3434 1087 3489 sit
1108 3441 1282 3503 potest
1304 3432 1517 3499 dicere;
1549 3432 1627 3488 sic
1652 3432 1718 3487 de
1742 3447 1877 3487 uno-

289 3544 509 3600 quoque
561 3529 809 3594 sidcrum,
857 3529 946 3599 qui
977 3544 1037 3583 ea
1069 3527 1236 3598 perite
1278 3535 1605 3596 computant,
1650 3541 1876 3595 respon-

289 3622 418 3676 dere
445 3630 850 3676 consueverunt.
894 3621 967 3675 De
1000 3636 1101 3689 qua
1139 3627 1244 3674 tota
1266 3618 1590 3687 cognitione,
1619 3626 1875 3688 quantum

289 3712 355 3765 ad
378 3727 530 3765 usum
554 3712 666 3781 ejus
692 3712 901 3777 attinet,
934 3710 1057 3781 quid
1084 3709 1212 3764 mihi
1242 3709 1511 3764 videretur
1536 3709 1741 3778 aperui.

359 3802 588 3859 CAPUT
624 3803 792 3859 XXX.
811 3834 882 3843 —
900 3802 1035 3870 Quid
1054 3802 1228 3857 eodem
1251 3806 1513 3875 conferant
1541 3811 1674 3858 arte:
1698 3819 1807 3857 me—

960 3893 1203 3947 chaniae.

364 3987 453 4041 47.
495 3986 702 4040 Artium
732 3984 891 4040 etiam
921 3993 1256 4051 caeterarum,
1285 3984 1476 4054 quibus
1497 3983 1695 4055 aliquid
1712 3983 1877 4040 fabri-

233 4147 243 4155 _
290 4088 461 4142 catur,
492 4079 573 4134 vel
595 4078 734 4150 quod
757 4090 1027 4135 remaneat
1052 4086 1173 4149 post
1191 4080 1553 4147 operationem
1574 4080 1791 4135 artificis
1810 4080 1878 4137 ab

291 4174 382 4229 illo
401 4173 668 4239 effectum,
687 4175 822 4229 sicut
836 4173 1044 4238 domus,
1064 4182 1117 4228 et
1132 4177 1427 4239 scamnum;
1449 4182 1505 4229 et
1529 4188 1622 4229 vas
1640 4174 1873 4245 aliquod,

291 4275 451 4335 atque
480 4266 580 4320 alia
608 4264 1003 4335 hujuscemodi;
1049 4265 1132 4320 vel
1170 4281 1287 4335 qua:
1325 4266 1674 4320 ministerium
1705 4266 1876 4336 quod-

291 4356 412 4411 dam
434 4356 692 4412 exhibent
728 4357 968 4426 operanti
1007 4356 1138 4422 Deo,
1179 4356 1315 4410 sicut
1339 4355 1621 4421 medicina,
1652 4364 1706 4411 et
1734 4357 1877 4427 agri-

292 4451 520 4515 cultura,
548 4458 604 4504 et
626 4448 969 4520 gubernatio;
998 4448 1080 4503 vel
1110 4463 1330 4518 quarum
1362 4448 1535 4502 omnis
1564 4447 1785 4503 effectus
1798 4457 1881 4503 est

292 4542 453 4608 actio,
483 4542 621 4596 sicut
645 4540 990 4595 saltationum
1017 4550 1071 4595 et
1095 4540 1399 4595 cursionum
1430 4548 1484 4594 et
1510 4540 1874 4595 luctaminum:

293 4634 480 4688 barum
520 4650 648 4705 ergo
672 4643 986 4689 cunctarum
1013 4634 1204 4689 artium
1248 4634 1315 4690 de
1357 4635 1639 4704 prazteritis
1664 4636 1878 4706 experi-

293 4735 469 4781 menta
497 4726 694 4780 faciunt
717 4726 875 4780 etiam
902 4724 1075 4780 futura
1106 4726 1329 4795 conjici;
1354 4742 1475 4781 nam
1503 4727 1677 4783 nullus
1696 4743 1877 4783 earum

291 4819 479 4874 artifex
508 4818 747 4874 membra
774 4826 953 4873 movet
974 4818 1024 4873 in
1052 4819 1339 4889 operando,
1364 4819 1465 4874 nisi
1490 4821 1877 4890 praeteritorum

294 4910 609 4965 memoriam
650 4925 770 4964 cum
817 4910 1111 4964 futurorum
1161 4912 1556 4980 exspectatione
1607 4919 1875 4968 contexat.

296 5001 494 5056 Harum
526 5011 703 5056 autem
734 5001 968 5069 cognitio
996 5002 1229 5057 tenuiter
1276 5002 1329 5057 in
1374 5002 1487 5071 ipsa
1515 5003 1743 5058 humana
1773 5006 1876 5060 vita

293 5092 595 5161 cursimque
647 5092 944 5161 usurpanda
987 5102 1087 5157 est,
1126 5107 1231 5147 non
1276 5093 1342 5147 ad
1385 5095 1732 5163 Operandum,
1776 5098 1878 5152 nisi

292 5183 429 5240 forte
454 5184 691 5239 officium
710 5184 924 5255 aliquod
950 5193 1125 5256 cogat,
1152 5185 1220 5241 de
1242 5202 1346 5257 quo
1364 5203 1503 5242 nunc
1526 5204 1629 5243 non
1652 5190 1875 5259 agimus;

294 5277 387 5331 sed
415 5277 483 5332 ad
503 5277 873 5347 judicandum,
911 5293 980 5333 ne
1005 5280 1223 5333 omnino
1248 5280 1551 5335 nesciamus
1580 5281 1704 5349 quid
1731 5282 1879 5337 Scri-

295 5380 447 5436 ptura
472 5369 600 5422 velit
622 5369 913 5432 insinuare,
948 5385 1069 5425 cum
1095 5369 1163 5426 de
1187 5369 1272 5425 bis
1297 5371 1499 5427 artibus
1519 5372 1725 5443 aliquas
1751 5374 1882 5444 ligu-

294 5470 437 5515 ratas
457 5461 755 5517 locutiones
779 5464 982 5518 inserit.

294 5551 521 5608 CAPUT
573 5552 767 5608 XXXI.
791 5586 864 5594 —
894 5554 1028 5621 Quid
1048 5556 1193 5626 juvet
1216 5555 1495 5613 dialectica.
1531 5557 1877 5628 Saphismata.

363 5646 454 5701 48.
500 5646 726 5702 Restant
752 5662 813 5703 ea
843 5663 962 5719 qua;
999 5663 1105 5703 non
1134 5648 1202 5703 ad
1230 5651 1472 5721 corporis
1514 5665 1736 5719 sensus,
1782 5652 1879 5709 sed

296 5737 362 5792 ad
388 5740 649 5795 rationem
697 5738 861 5794 animi
900 5740 1196 5811 pertinent,
1238 5741 1327 5797 ubi
1374 5742 1649 5815 disciplina
1694 5753 1881 5818 regnat

354 5849 1267 5919 Mmu.etlss.sex,innoura
1290 5855 1405 5907 fata.
1484 5906 1491 5913 .

1987 476 2357 547 disputationis
2380 486 2434 534 et
2474 477 2701 534 numeri.
2745 477 2852 536 Sed
2894 478 3265 550 disputationis
3290 477 3569 551 disciplina

1984 572 2049 626 ad
2078 573 2257 627 omnia
2285 588 2476 641 genera
2501 574 2870 644 qmstionum,
2900 590 3019 644 qua:
3044 574 3095 628 in
3124 573 3338 629 Litteris
3364 576 3563 630 sanctis

1982 673 2107 719 sunt
2154 667 2479 736 penetranda
2518 677 2572 721 et
2621 667 2995 733 dissolvenda,
3050 669 3329 739 plurimum
3379 669 3563 724 valet:

1984 765 2185 810 tantum
2211 756 2279 811 ibi
2301 758 2531 813 cavenda
2559 768 2640 814 est
2660 759 2822 813 libido
2846 759 3072 825 rixandi,
3104 770 3158 815 et
3182 760 3396 829 puerilis
3416 776 3561 832 qua:-

1981 847 2102 903 dam
2142 851 2427 905 ostentatio
2462 850 2761 920 decipiendi
2806 852 3187 907 adversarium.
3242 853 3378 908 Sunt
3414 855 3554 908 enim

1982 941 2149 996 multa
2166 958 2284 1012 qua:
2309 943 2641 1013 appellantur
2662 944 3009 1015 scpbismata,
3038 946 3183 999 falsa:
3201 945 3567 1001 conclusiones

1981 1035 2244 1090 rationum
2270 1077 2283 1098 ,
2322 1044 2377 1090 et
2404 1035 2711 1106 plerumque
2739 1037 2809 1090 ita
2838 1052 2989 1092 veras
3026 1038 3326 1103 imitantes,
3367 1047 3425 1093 ut
3451 1054 3557 1092 non

1980 1129 2153 1183 solum
2187 1128 2363 1183 tardos
2385 1171 2400 1194 ,
2442 1128 2534 1183 sed
2574 1129 2876 1198 ingeniosos
2902 1130 3059 1184 etiam
3091 1130 3267 1184 minus
3289 1130 3569 1199 diligenter

1980 1229 2212 1275 attentos
2243 1220 2531 1291 decipiant.
2561 1220 2841 1290 Proposuit
2866 1222 3005 1274 enim
3037 1220 3271 1291 quidam,
3303 1220 3486 1275 dicens
3517 1222 3565 1275 ci

1980 1328 2101 1369 cum
2136 1328 2242 1383 quo
2270 1314 2587 1383 loquebatur
2616 1331 2628 1366 :
2661 1313 2811 1380 Quod
2841 1328 2940 1383 ego
2968 1328 3083 1366 sum
3104 1354 3120 1379 ,
3166 1324 3220 1367 tu
3250 1330 3353 1367 non
3384 1329 3461 1369 es.
3497 1316 3568 1370 At

1982 1406 2070 1462 ille
2099 1407 2371 1463 consensit
2404 1426 2416 1461 :
2447 1424 2629 1461 verum
2656 1408 2797 1461 enim
2824 1416 2935 1461 erat
2964 1423 3027 1461 ex
3050 1415 3219 1475 parte,
3250 1407 3331 1460 vel
3352 1422 3418 1461 eo
3447 1407 3565 1477 ipso

1980 1498 2121 1569 quod
2152 1500 2253 1553 iste
2284 1498 2569 1553 insidiosus
2589 1540 2604 1564 ,
2640 1499 2729 1554 ille
2754 1499 2977 1568 simplex
3007 1506 3138 1551 erat.
3169 1498 3319 1552 Tunc
3341 1499 3441 1553 iste
3468 1499 3565 1552 ad-

1980 1590 2112 1646 didit
2138 1608 2151 1644 :
2178 1591 2291 1662 Ego
2314 1600 2492 1645 autem
2521 1590 2679 1645 homo
2699 1606 2836 1644 sum.
2869 1591 2979 1644 lloc
3003 1604 3212 1659 quoque
3239 1606 3358 1643 cum
3385 1590 3451 1643 ab
3475 1590 3564 1644 illo

1979 1684 2305 1761 accepisset,
2334 1684 2595 1737 conclusit
2622 1683 2804 1738 dicens
2836 1702 2848 1737 :
2876 1683 2956 1737 Tu
2987 1683 3144 1752 igitur
3173 1699 3277 1738 non
3306 1699 3365 1738 es
3394 1683 3557 1738 homo

1984 1776 2100 1849 (a).
2146 1776 2296 1844 Quod
2338 1793 2506 1847 genus
2552 1778 2909 1846 captiosarum
2959 1777 3358 1832 conclusionnm
3407 1778 3555 1833 Scri-

1979 1877 2129 1941 ptura
2151 1912 2166 1936 ,
2212 1878 2463 1939 quantum
2505 1870 2752 1925 existimo
2774 1912 2790 1937 ,
2830 1869 3123 1924 detestatur
3164 1869 3251 1923 illo
3276 1870 3395 1924 loco
3419 1910 3432 1931 ,
3463 1868 3551 1923 ubi

1979 1961 2176 2017 dictum
2198 1970 2281 2016 est
2310 1980 2322 2014 :
2351 1962 2449 2027 Qui
2478 1962 2747 2031 sophistica
2784 1962 3023 2032 loquitur,
3055 1960 3253 2014 adibitis
3270 1968 3341 2014 est
3368 1960 3558 2030 (Eccli.

1980 2069 2172 2109 xxxvtt
2195 2096 2210 2119 ,
2240 2052 2356 2122 23.).
2401 2053 2711 2122 Quanquam
2744 2053 2902 2108 etiam
2937 2067 3115 2107 sermo
3141 2067 3244 2106 non
3272 2052 3559 2121 captiosus,

1980 2146 2073 2200 sed
2104 2154 2284 2200 tamen
2311 2144 2666 2199 abundantius
2692 2160 2849 2214 quam
2877 2145 3188 2213 gravitatem
3219 2143 3373 2197 decet
3397 2184 3411 2206 ,
3444 2158 3565 2198 vcr-

1978 2239 2171 2295 borum
2193 2247 2504 2293 ornamenta
2533 2247 2848 2293 consectans
2873 2280 2887 2303 ,
2918 2236 3237 2305 sophisticus
3265 2235 3480 2291 dicitur.

2052 2332 2141 2387 49.
2187 2332 2322 2388 Sunt
2358 2333 2516 2387 etiam
2562 2347 2704 2386 verm
2738 2331 3101 2387 connexiones
3148 2330 3564 2386 ratiocinationis

1978 2424 2139 2481 falsas
2163 2424 2419 2478 habentes
2444 2422 2757 2488 sententias,
2780 2437 2898 2492 qum
2918 2430 3314 2490 consequuntur
3328 2436 3564 2475 errorem

1980 2515 2121 2571 illius
2161 2531 2284 2573 cum
2310 2530 2415 2584 quo
2445 2516 2620 2585 agitur
2648 2532 2660 2567 :
2687 2529 2805 2583 quae
2828 2520 3004 2567 tamen
3045 2512 3111 2567 ad
3137 2511 3238 2566 hoc
3267 2511 3567 2567 inferuntur

1980 2624 2009 2663 a
2033 2610 2175 2664 bono
2204 2618 2257 2663 et
2279 2608 2439 2663 docto
2461 2606 2696 2672 homine,
2720 2614 2777 2660 ut
2797 2606 2850 2659 in
2881 2605 2945 2658 iis
2964 2606 3285 2659 erubescens
3308 2604 3393 2657 ille
3414 2603 3565 2671 cujus

1979 2716 2216 2756 errorem
2244 2707 2641 2769 consequuntur
2662 2738 2677 2763 ,
2707 2696 2951 2750 eumdem
2983 2695 3247 2764 relinquat
3280 2708 3519 2748 errorem
3545 2710 3560 2758 ;

1978 2794 2101 2864 quia
2128 2792 2171 2846 si
2202 2793 2254 2846 in
2291 2790 2479 2846 eodem
2519 2804 2736 2844 manere
2760 2787 3023 2867 voluerit,
3052 2802 3271 2841 necesse
3300 2793 3383 2840 est
3402 2786 3561 2839 etiam

1980 2886 2066 2941 illa
2093 2900 2214 2956 quae
2240 2884 2457 2939 damnat
2475 2925 2487 2945 ,
2534 2891 2719 2937 tenere
2741 2890 2976 2951 cogatur.
3018 2880 3132 2935 Non
3159 2880 3299 2935 enim
3326 2895 3448 2935 vera
3481 2881 3564 2933 in-

1981 2977 2187 3033 ferebat
2215 2975 2520 3046 Apostolus,
2550 2990 2670 3030 cum
2700 2974 2919 3039 diceret,
2952 2972 3130 3043 Neque
3155 2972 3379 3027 Christus
3402 2989 3568 3026 mur-

1979 3071 2144 3135 rexit;
2170 3077 2223 3124 et
2254 3069 2340 3123 illa
2371 3068 2471 3122 alia
2491 3110 2506 3133 ,
2538 3066 2719 3121 Inanis
2740 3074 2813 3121 est
2841 3067 3132 3137 pradicatio
3166 3076 3358 3128 nostra,
3386 3065 3554 3119 inanis

1979 3170 2121 3215 estet
2162 3160 2288 3229 ﬁdes
2331 3170 2495 3213 vestra
2536 3157 2576 3228 (I
2603 3157 2722 3214 Cor.
2764 3173 2874 3224 xv,
2906 3155 3030 3229 I4);
3080 3166 3135 3212 et
3170 3156 3421 3226 deinceps
3461 3156 3564 3212 alia

1981 3270 2099 3324 qum
2125 3254 2348 3308 omnino
2382 3252 2513 3307 falsa
2540 3262 2666 3307 sunt
2692 3294 2707 3317 ,
2738 3252 2863 3319 quia
2901 3258 2955 3306 et
2983 3251 3222 3306 Christus
3253 3250 3563 3315 resurrexit,

1980 3354 2035 3401 et
2065 3360 2171 3399 non
2201 3353 2317 3399 erat
2343 3343 2516 3399 inanis
2544 3343 2856 3414 przedicatio
2886 3358 3073 3397 eorum
3105 3343 3194 3411 qui
3236 3342 3339 3398 hoc
3362 3358 3568 3397 annun-

1982 3437 2203 3503 tiabant,
2228 3451 2325 3491 nec
2344 3435 2475 3491 ﬁdes
2495 3450 2679 3490 eorum
2704 3435 2792 3504 qui
2814 3434 2915 3489 hoc
2941 3434 3275 3489 crediderant
3306 3451 3319 3487 :
3347 3433 3440 3487 sed
3466 3433 3563 3488 ista

1981 3528 2115 3583 falsa
2145 3528 2425 3583 verissime
2462 3527 2923 3583 connectebantur
2952 3526 3028 3581 illi
3057 3527 3333 3581 sententiae
3358 3541 3457 3596 qua
3483 3526 3565 3580 di-

1981 3622 2203 3677 cebatur
2245 3635 2353 3675 non
2390 3634 2509 3675 esse
2553 3620 3001 3675 resurrectionem
3046 3628 3398 3673 mortuorum.
3447 3617 3567 3673 Istis

1980 3719 2160 3769 autem
2199 3711 2347 3767 falsis
2388 3710 2712 3782 repudiatis,
2745 3710 2993 3781 quoniam
3022 3724 3146 3765 vera
3172 3718 3323 3764 erant
3351 3708 3396 3762 si
3422 3724 3566 3764 mor—

1983 3803 2060 3859 tui
2096 3818 2205 3858 non
2244 3811 2558 3873 resurgunt,
2587 3816 2922 3871 consequens
2946 3801 3048 3855 erit
3071 3801 3392 3855 resurrectio
3418 3815 3567 3855 mor-

1993 3904 2226 3950 tuorum.
2254 3893 2384 3949 Cum
2405 3910 2533 3964 ergo
2562 3894 2670 3947 sint
2692 3909 2832 3948 verte
2857 3892 3236 3958 connexiones,
3267 3907 3370 3946 non
3394 3892 3566 3947 solum

1981 4001 2251 4050 verarum,
2283 3985 2377 4041 sed
2403 3986 2560 4040 etiam
2588 3984 2837 4039 falsarum
2867 3985 3273 4046 sententiarum,
3307 3983 3458 4038 facile
3481 3989 3566 4037 est

1980 4077 2261 4133 veritatem
2302 4075 2691 4131 connexionum
2718 4074 2875 4130 etiam
2904 4074 2955 4129 in
2982 4073 3180 4129 scholis
3211 4073 3313 4127 illis
3339 4072 3565 4138 discere,

1981 4186 2100 4241 qua:
2147 4177 2344 4240 printer
2387 4168 2677 4223 Ecclesiam
2728 4176 2872 4222 sunt.
2940 4167 3329 4223 Sententiarum
3379 4175 3555 4221 autem

1982 4262 2180 4317 veritas
2200 4263 2251 4315 in
2274 4262 2473 4315 sanctis
2495 4259 2669 4315 Libris
2690 4258 3063 4315 ecclesiasticis
3082 4257 3444 4328 investiganda
3458 4266 3563 4312 est.

1981 4351 2205 4408 CAPUT
2242 4350 2459 4407 XXXII.
2498 4381 2572 4390 —
2615 4350 2810 4404 Veritas
2850 4350 3213 4403 connexionum
3255 4365 3357 4402 non|
3383 4350 3445 4401 ab
3472 4348 3567 4402 Ito-

2158 4443 2376 4496 minibus
2397 4443 2624 4495 instituta
2657 4451 2758 4497 est.
2790 4442 2878 4495 sed
2902 4450 3095 4493 tantum
3122 4440 3398 4493 observata.

2054 4533 2142 4589 50.
2167 4531 2283 4603 Ipsa
2314 4540 2487 4586 tamen
2520 4532 2712 4586 veritas
2738 4530 3124 4584 connexionum
3155 4544 3260 4584 non
3307 4529 3566 4597 instituta,

1983 4624 2076 4679 sed
2107 4623 2471 4678 animadversa
2496 4631 2577 4677 est
2610 4622 2677 4676 ab
2705 4621 3005 4676 hominibus
3038 4630 3092 4675 et
3120 4630 3329 4688 notata,
3369 4631 3425 4675 ut
3450 4638 3568 4677 eam

1983 4716 2191 4786 possint
2235 4715 2321 4770 vel
2350 4714 2556 4769 discere
2598 4714 2684 4769 vel
2732 4714 2928 4769 docere
2962 4732 2975 4769 :
3006 4730 3128 4768 nam
3176 4722 3259 4770 est
3298 4714 3353 4769 in
3391 4730 3570 4771 rerum

1982 4809 2188 4862 ratione
2236 4815 2487 4877 perpetua
2532 4815 2585 4861 et
2626 4806 2877 4861 divinitus
2924 4805 3181 4860 inStituta.
3237 4805 3386 4861 Sicut
3427 4807 3568 4861 enim

1982 4902 2071 4972 qui
2102 4910 2279 4955 narrat
2302 4900 2541 4955 ordinem
2570 4909 2896 4970 temporum,
2924 4914 3028 4953 non
3051 4914 3175 4954 eum
3209 4900 3322 4969 ipse
3348 4914 3567 4968 compo-

1983 4994 2087 5059 nit;
2122 5000 2176 5046 et
2197 4993 2433 5046 locorum
2460 4992 2613 5056 situs,
2643 4999 2733 5043 aut
2763 4999 2980 5044 naturas
3005 4989 3310 5045 animalium
3337 4990 3420 5044 vel
3443 4991 3570 5045 stir-

1982 5087 2127 5157 pium
2169 5085 2254 5139 vel
2308 5084 2539 5155 lapidum
2580 5084 2668 5154 qui
2713 5082 2976 5146 ostendit,
3041 5099 3149 5137 non
3204 5096 3291 5137 res
3337 5082 3573 5137 ostendit

1981 5178 2050 5233 ab
2077 5176 2377 5232 hominibus
2428 5176 2727 5242 institutas;
2780 5185 2833 5230 et
2884 5175 2971 5230 ille
3017 5176 3106 5246 qui
3148 5175 3475 5229 demonstrat
3500 5177 3573 5229 si-

1983 5268 2107 5325 dera
2146 5284 2439 5339 eorumque
2480 5276 2688 5333 motus,
2728 5283 2836 5322 non
2860 5283 2889 5321 a
2924 5284 2982 5322 se
3012 5268 3095 5323 vel
3137 5267 3203 5320 ab
3229 5266 3443 5322 homine
3474 5266 3573 5321 ali-

1982 5378 2088 5433 quo
2118 5378 2228 5417 rem
2274 5362 2570 5417 institutam
2598 5362 2928 5417 demonstrat
2959 5380 2972 5416 :
3002 5362 3078 5415 sic
3120 5360 3277 5414 etiam
3304 5361 3391 5429 qui
3423 5360 3570 5429 dicit,

1985 5453 2118 5508 Cum
2142 5453 2331 5507 falsum
2357 5462 2438 5509 est
2462 5452 2604 5524 quod
2632 5454 2976 5524 consequitur
2997 5492 3010 5515 ,
3044 5466 3263 5507 necesse
3287 5460 3368 5507 est
3394 5461 3451 5507 ut
3478 5452 3574 5507 fal-

1983 5561 2101 5601 sum
2132 5546 2201 5600 sit
2242 5545 2381 5616 quod
2422 5545 2703 5615 prmcedit;
2748 5544 3025 5599 verissime
3063 5542 3224 5612 dicit,
3262 5560 3432 5615 neque
3462 5546 3575 5615 ipse

1985 5639 2113 5696 facit
2140 5651 2195 5694 ut
2237 5640 2303 5695 ita
2341 5640 2447 5709 sit,
2495 5639 2589 5696 sed
2616 5649 2815 5695 tantum
2848 5639 2917 5693 ita
2944 5653 3061 5695 esse
3094 5639 3443 5698 demonstrat.
3491 5640 3570 5696 Ex

2050 5797 2124 5861 (α)
2147 5804 2243 5848 Hoc
2271 5796 2548 5863 syllogismo
2578 5795 2771 5861 quidam
2796 5795 2996 5863 adorsus
3017 5797 3301 5863 Diogenem,
3322 5798 3430 5862 ipse
3452 5794 3575 5851 facta

1994 5870 2023 5912 δ
2046 5858 2261 5927 Diogene
2283 5858 2609 5913 conversione
2621 5866 2791 5924 captus
2810 5858 3126 5913 deridebatur
