4060 6454
460 393 530 461 ss
1406 389 1496 448 ne
1533 377 1873 446 meram
1907 355 2346 450 tantarum,
2385 369 2444 438 s.
2486 381 2852 443 AUGIiSTINi
3239 411 3258 418 ς
3671 369 3740 438 dit

445 507 564 594 lue
607 492 789 586 regula
825 485 957 568 illud
995 515 1078 566 est
1121 488 1263 580 quod
1303 504 1373 562 de
1409 493 1654 594 apostoli)
1698 471 1864 594 Paulo
1896 499 2056 594 cum:
2097 551 2103 560 _

463 602 876 666 memoravimus
909 624 924 660 :
951 601 1204 676 pramedit
1241 598 1382 656 enim
1411 607 1518 652 non
1549 585 1668 650 esse
1695 581 2045 646 restirrectio-

464 719 586 759 nem
616 699 945 756 mortuorum
969 738 986 764 ,
1016 684 1158 767 quod
1185 680 1531 749 diccbant'illi
1557 687 1780 758 quorum
1811 677 2046 738 etii-orem

467 781 746 850 destruere
771 781 984 845 volebat
1009 785 1315 857 Apostolus.
1361 779 1529 838 Porro
1558 768 1702 834 illani
1733 769 2048 832 sententiain

468 881 859 956 praecedentem
881 921 896 947 ,
928 892 1032 949 qua
1057 862 1304 932 dicebant
1327 877 1436 928 non
1463 875 1582 926 esSe
1607 859 2050 956 resurrectionem

464 953 820 1043 mortuorum,
839 971 1142 1028 necessario
1157 955 1414 1039 sequitur,
1445 957 1622 1036 Νρέιίιε
1641 953 1870 1019 Christus
1889 962 2050 1014 restir-

467 1066 594 1126 rexit
627 1085 644 1124 :
675 1065 776 1122 hoc
804 1056 978 1120 autem
1006 1051 1146 1134 quod
1171 1059 1428 1130 sequitur,
1459 1046 1646 1111 falsiitn
1673 1055 1780 1119 e'St;
1807 1043 2052 1107 Clliisttls

467 1161 611 1220 enim
654 1159 992 1217 resurrexit:
1032 1153 1222 1210 falsuin
1247 1148 1330 1208 est
1354 1143 1481 1221 ergo
1509 1145 1564 1206 ei
1591 1137 1730 1219 quod
1769 1139 2048 1219 praecedit;

470 1255 722 1326 pra'cedit
750 1261 946 1318 autem,
972 1259 1074 1304 non
1093 1261 1210 1303 esse
1233 1243 1674 1302 resurrectionem
1689 1237 2018 1296 mortuorum
2035 1241 2051 1267 ‘

469 1322 552 1405 est
584 1348 740 1418 igitur
766 1341 1086 1400 resurrectio
1115 1343 1475 1394 mortuorum.
1511 1325 1662 1404 Quod
1687 1326 1851 1387 tetulit
1883 1322 2057 1386 brevid

472 1452 554 1498 ter
583 1437 650 1496 ita
679 1435 906 1494 dicitur:
935 1433 992 1490 Si
1015 1451 1120 1490 non
1141 1437 1222 1488 est
1243 1427 1565 1486 reSurrectio'
1584 1425 1936 1492 mortuorum,
1966 1437 2058 1478 ne-

474 1549 576 1603 que
613 1525 854 1586 Christus
895 1525 1186 1582 resurrexit
1218 1543 1232 1579 :
1261 1511 1503 1578 Christus
1527 1525 1701 1574 autem
1729 1509 2056 1580 resurreﬁtlt;

475 1633 555 1678 cst
578 1623 735 1693 igitur
761 1617 1080 1676 resurrectio
1102 1616 1454 1672 mortuorum.
1487 1607 1600 1668 Hoc
1619 1609 1766 1680 ergo,
1795 1607 1852 1662 ut
1873 1608 2064 1662 cense-1

475 1715 658 1786 quenti
687 1701 863 1768 ablato
889 1709 1158 1766 auferatur
1181 1697 1340 1764 etiam
1371 1700 1676 1761 necessario
1703 1696 1842 1772 quod
1867 1699 2063 1786 peace:

477 1775 579 1870 dit,
627 1821 731 1858 non
773 1801 1114 1858 instituerunt
1145 1790 1418 1864 homines,
1463 1791 1556 1850 sed
1599 1790 1964 1848 ostenderunt.
1997 1775 2065 1844 Et

479 1897 592 1952 haec
623 1895 802 1966 regula
834 1887 1060 1964 pertinet
1090 1885 1156 1946 ad
1186 1889 1466 1946 veritatem
1489 1883 1877 1942 connexionum
1896 1924 1909 1948 ,
1955 1879 2065 1936 noli

479 1978 544 2044 ad
577 1989 848 2043 veritatem
871 1975 1276 2040 sententiarum.

478 2063 708 2136 CAPUT
752 2061 985 2134 XXXIII.
1019 2105 1093 2116 -
1146 2063 1210 2128 ιη
1246 2069 1392 2143 falsis
1432 2055 1685 2125 sententiis
1727 2062 2068 2122 conctltsibitéii

761 2184 892 2224 vera:
915 2183 1020 2222 esse
1047 2171 1254 2237 possunt
1273 2205 1286 2231 ,
1319 2173 1364 2218 et
1388 2159 1442 2216 in
1468 2156 1596 2216 veris
1622 2154 1784 2232 falsis.

555 2254 642 2320 5i.
670 2257 775 2319 Sed
803 2261 852 2316 in
884 2249 986 2314 hoc
1013 2251 1130 2313 loc'o
1171 2255 1240 2312 de
1289 2249 1684 2310 resurrectione
1725 2250 1846 2304 cum
1887 2247 2074 2318 agere.

483 2365 569 2412 tur
592 2397 606 2421 ,
647 2361 703 2410 et
731 2353 912 2423 regula
943 2347 1296 2406 coilnexionis
1326 2345 1446 2400 vera
1477 2339 1560 2399 est
1586 2385 1599 2407 ,
1631 2343 1685 2396 et
1721 2339 1830 2414 ipsa
1867 2340 1919 2394 in
1947 2336 2076 2393 'con—

488 2447 726 2505 clusionc
766 2440 1049 2500 sententia.
1097 2431 1155 2497 in
1195 2432 1344 2494 falsis
1386 2437 1561 2492 autem
1591 2427 1902 2500 sententiis,
1941 2432 2074 2488 con.

488 2532 730 2594 nexionis
780 2525 992 2590 veritas
1025 2526 1107 2588 est
1155 2524 1256 2586 isto
1305 2524 1465 2584 liiodtl
1495 2523 1511 2582 ἐ
1543 2521 1800 2581 facitliiius
1845 2524 2074 2594 aliquem

485 2627 839 2692 concessisse,
869 2619 926 2680 Si
946 2614 1142 2678 animal
1169 2617 1250 2676 est
1274 2617 1515 2686 cochlea,
1541 2615 1726 2672 Vocem
1757 2615 1946 2681 habet;
1977 2605 2081 2668 tiae

493 2736 756 2777 concesso
776 2762 791 2788 ,
819 2733 940 2774 cum
974 2710 1254 2788 probatum
1287 2706 1445 2768 fuerit
1465 2709 1648 2766 vocem
1672 2707 1943 2763 cochleam
1973 2709 2080 2762 non

491 2810 722 2880 habere,
764 2805 1012 2881 quoniam
1039 2798 1384 2876 eohseqllenli
1417 2797 1592 2858 aiiiatu
1621 2799 1747 2857 illud
1775 2799 1914 2872 quod
1945 2803 2084 2870 prae-

492 2905 636 2960 cedit
655 2903 910 2968 aufertur,
938 2887 1275 2956 concluditur
1302 2912 1405 2952 non
1423 2902 1542 2952 esSe
1557 2892 1749 2950 aitinlal
1779 2892 2079 2948 cochleam.

493 2996 622 3065 Quze
659 2991 918 3049 sententia
959 2985 1092 3046 falsa
1129 2985 1211 3044 est
1235 3032 1249 3057 ,
1285 2986 1381 3068 sed
1417 3000 1482 3042 ex
1509 2985 1764 3042 concessu
1794 2977 1924 3038 falso
1957 2987 2085 3038 vera

496 3097 579 3144 est
615 3077 975 3142 conclusionis
1013 3083 1294 3138 Connexio.
1341 3076 1550 3135 Veritas
1594 3080 1770 3150 itaqbe
1808 3078 2086 3134 sententia:

495 3185 593 3251 per
621 3175 850 3246 seipsam
877 3167 1056 3240 valet;
1087 3168 1283 3230 veritas
1311 3169 1485 3228 autem
1510 3165 1856 3227 coimetionis
1875 3182 1941 3225 ex
1971 3169 2088 3239 ejus

495 3280 616 3326 cum
646 3286 750 3340 quo
785 3271 958 3340 agitur
980 3309 994 3336 ,
1045 3265 1295 3337 opinione
1322 3255 1404 3321 vel
1447 3262 1794 3319 cuncessititle
1823 3263 2084 3318 consistit.

496 3361 621 3420 Ideo
641 3369 836 3426 autem,
857 3357 913 3416 ut
936 3364 1091 3430 supra
1109 3353 1358 3425 diximus,
1383 3353 1604 3412 infertur
1619 3355 1743 3411 vehi
1755 3353 2088 3410 collectione

507 3453 646 3526 quod
674 3449 860 3508 falsum
893 3447 994 3519 est,
1025 3457 1082 3508 ut
1111 3453 1230 3506 eum
1263 3451 1412 3520 cujus
1441 3453 1677 3506 errorem
1699 3451 1966 3526 corrigere
1991 3443 2088 3504 vd-

497 3523 708 3614 lumus,
761 3537 1017 3616 paeniteat
1056 3541 1388 3598 concessisse
1427 3523 1777 3611 precedentla
1803 3581 1818 3606 ,
1861 3546 2086 3611 Quorum

497 3637 876 3709 consequentia
905 3629 1048 3693 Videt
1071 3644 1193 3692 esse
1229 3629 1552 3705 respuenda.
1597 3628 1714 3691 iam
1746 3630 1871 3691 iiin‘c
1893 3630 2093 3691 intelli-

499 3745 626 3804 gere
651 3731 804 3785 facile
831 3728 912 3785 est
932 3771 946 3796 ,
979 3721 1117 3784 sicut
1144 3725 1196 3782 in
1223 3719 1372 3783 l‘aisis
1393 3720 1672 3781 sententiis
1699 3726 1861 3781 teras
1878 3767 1892 3792 ,
1929 3727 2006 3804 ‘slc
2033 3723 2088 3781 In

505 3799 645 3880 veris
675 3821 956 3878 sententiis
999 3814 1159 3876 falsas
1204 3813 1574 3874 conclusiones
1608 3817 1728 3874 esse
1766 3813 1942 3894 posse.
1986 3799 2093 3873 Fac

503 3915 643 3974 enim
685 3911 913 3984 aliquem
959 3909 1302 3984 proposuisse
1322 3951 1336 3976 ,
1367 3907 1420 3965 Si
1445 3906 1619 3980 justus
1644 3905 1724 3964 est
1758 3907 1850 3964 ille
1875 3951 1889 3976 ,
1922 3900 2094 3964 bonhs

505 4023 608 4076 est,
633 4017 686 4065 et
715 4023 835 4063 esse
855 4018 1168 4062 concessum
1195 4019 1211 4072 ;
1243 3986 1434 4060 deinde
1461 4003 1814 4074 assllnipsiSSe
1831 4045 1844 4066 .
1870 3997 1982 4058 Non
2010 3995 2095 4058 εὲι

504 4113 687 4160 autem
717 4101 933 4174 justus;
983 4114 1090 4170 quo
1116 4098 1242 4153 item
1273 4095 1560 4162 conceSso,
1607 4085 1852 4150 intulisse
1877 4089 2094 4150 conciti-

506 4197 716 4254 sionem
745 4237 761 4263 ,
807 4188 921 4250 Non
953 4197 1034 4248 est
1061 4191 1218 4262 igitur
1244 4184 1432 4244 bonus.
1478 4174 1608 4256 Quae
1637 4193 1811 4242 tamen
1838 4181 1938 4242 etsi
1967 4193 2093 4243 veta

505 4291 611 4344 sint
639 4289 816 4344 omnia
839 4329 854 4356 ,
891 4304 994 4342 non
1023 4293 1106 4342 est
1130 4295 1303 4340 tamen
1330 4291 1452 4339 t'era
1489 4267 1672 4353 regula
1715 4274 2090 4356 conclusionis.

505 4383 619 4441 Non
643 4383 785 4439 enim
805 4382 941 4437 sicut
965 4379 1141 4434 ablato
1163 4373 1508 4448 consequenti
1537 4351 1772 4430 aul‘erttlt‘
1792 4351 2094 4429 necessario

509 4477 648 4548 quod
689 4471 974 4546 prmccdit,
1007 4471 1076 4528 ita
1103 4471 1262 4526 etiam
1300 4463 1478 4524 ablato
1516 4456 1830 4538 prmcedenli
1859 4464 2096 4520 aufertur

519 4565 827 4626 necessario
857 4565 998 4638 quod
1029 4564 1391 4634 consequitur.
1439 4560 1570 4630 Quia
1602 4576 1783 4616 verum
1812 4568 1894 4614 est
1913 4600 1930 4626 ,
1973 4573 2094 4613 cum

509 4665 738 4717 dicimus
761 4703 776 4727 ,
817 4661 872 4716 Si
910 4672 1090 4714 orator
1123 4668 1206 4714 est
1230 4700 1244 4724 ,
1295 4655 1454 4711 homo
1482 4664 1564 4711 est
1593 4673 1606 4708 :
1635 4669 1701 4710 ex
1727 4669 1828 4724 qua
1855 4651 2098 4724 pr0posi-

515 4757 658 4809 tione
686 4753 729 4806 si
763 4768 1131 4818 assumamus,
1163 4749 1276 4805 Non
1305 4757 1387 4804 est
1407 4755 1582 4802 autem
1607 4754 1824 4810 orator;
1859 4760 1963 4798 non
1993 4742 2098 4798 erit

513 4860 848 4915 consequens
876 4860 996 4898 eum
1024 4841 1264 4897 intuleris
1289 4882 1302 4906 ,
1331 4833 1448 4896 Non
1475 4845 1560 4892 est
1587 4832 1744 4907 igitur
1769 4820 1950 4889 homo.

512 4940 594 4995 CA
605 4938 737 4995 PUT
757 4923 996 4992 XXXIV.
1020 4966 1088 4978 --
1109 4933 1265 4988 Aliud
1284 4934 1354 4987 est
1379 4947 1524 4986 nosse
1546 4929 1676 5000 leges
1696 4923 2096 4994 conclusionmit,

899 5012 1040 5083 aliud
1062 5025 1315 5082 veritatem
1339 5021 1714 5078 sententiarum.

585 5124 674 5180 59..
718 5122 1052 5194 Quapropter
1085 5117 1225 5174 aliud
1265 5126 1346 5173 est
1379 5129 1537 5170 nosse
1570 5109 1780 5184 regulas
1804 5099 2099 5169 connexio-

515 5233 677 5284 num,
721 5215 862 5272 aliud
889 5211 1268 5269 sententiarum
1295 5200 1590 5265 veritatem.
1638 5204 1694 5260 in
1734 5203 1840 5260 illis
1879 5195 2103 5260 discitur

519 5309 647 5382 quid
674 5309 742 5364 sit
771 5320 1105 5378 consequens
1129 5347 1144 5372 ,
1185 5292 1308 5375 quid
1341 5303 1449 5357 non
1473 5313 1828 5370 consequens,
1859 5292 1984 5369 quid
2010 5313 2102 5354 re-

517 5421 780 5480 pugnans.
832 5402 1181 5472 Consequens
1207 5405 1318 5462 est,
1343 5390 1398 5452 Si
1423 5405 1603 5450 orator
1629 5401 1710 5448 cst
1731 5434 1748 5462 ,
1789 5392 1950 5449 homo
1976 5388 2058 5448 est
2083 5407 2100 5446 :

523 5502 913 5571 inconsequens
933 5537 952 5564 ,
979 5495 1036 5552 Si
1081 5491 1242 5548 homo
1270 5500 1372 5549 est.
1417 5498 1598 5544 oratur
1623 5496 1705 5543 est
1734 5505 1748 5541 :
1778 5501 2103 5558 repugnans,

521 5595 578 5653 Si
622 5593 788 5650 homo
825 5599 946 5658 est,
991 5585 1296 5660 quadrupes
1334 5591 1436 5640 est.
1468 5579 1566 5638 Hic
1587 5595 1714 5653 ergo
1741 5579 1809 5636 de
1835 5579 1946 5651 ipsa
1974 5593 2106 5634 con-

529 5687 758 5744 nexione
800 5679 1086 5756 iudicatur.
1137 5669 1197 5735 in
1236 5675 1457 5733 veritate
1502 5677 1678 5730 autem
1725 5667 2109 5728 sententiarum

528 5781 658 5850 ipsa
685 5791 782 5848 per
808 5790 870 5832 se
890 5771 1169 5830 sententiae
1185 5811 1200 5838 ,
1229 5785 1336 5826 non
1361 5783 1545 5825 earum
1569 5764 1830 5821 connexio
1867 5761 2112 5818 conside-

2154 493 2278 552 veia
2307 490 2638 554 connexione
2675 493 3005 570 junguntur,
3049 489 3208 555 titiani
3249 497 3380 569 ipsa!‘
3414 497 3578 555 cel-tte
3603 497 3734 556 itaut

2153 594 2373 648 neceSSe
2397 596 2497 647 εει.
2525 581 2747 658 Quidam
2775 582 2950 648 autem
2971 584 3049 647 sic
3071 597 3130 647 se
3149 591 3365 662 iactant,
3395 599 3518 647 cum
3537 591 3734 648 verita-

2149 680 2261 756 tein
2289 683 2680 740 c‘onnéxiontmt
2700 681 3000 760 didicerint,
3031 682 3180 756 ψωέί
3207 685 3590 741 Sententiarum
3619 686 3736 758 ipsi

2158 769 2227 833 sit
2258 769 2473 832 veritas.
2493 833 2499 842 ,
2517 769 2584 832 Et
2611 777 2796 832 rurstis
2817 819 2831 845 ε
2872 771 3084 848 quidam
3112 767 3421 848 plerunlque
3445 775 3738 833 retinentes

2156 873 2337 926 ve'ram‘
2383 867 2698 926 sententiam
2723 913 2738 939 ,
2781 862 2920 926 male
2949 874 3008 926 se
3035 866 3412 935 Contemnunt,
3443 867 3564 942 quia
3595 871 3740 942 leges

2157 956 2516 1018 conclusionis
2545 952 2822 1034 ignorant:
2870 961 2991 1018 cum
3018 959 3210 1018 incliat-
3241 959 3311 1018 sit
3334 961 3424 1034 Qui
3449 963 3597 1017 novit
3616 977 3739 1020 esse

2160 1045 2608 1112 resurrehtidncni
2637 1048 2988 1121 riibitudl‘iltti,
3017 1059 3176 1127 quam
3203 1049 3294 1110 ille
3319 1053 3405 1126 qui
3433 1053 3581 1109 norit
3605 1063 3738 1110 cond

2161 1141 2391 1220 sedllens
2433 1139 2587 1218 esse,
2630 1147 2690 1204 ut
2716 1145 2762 1204 si
2788 1140 3108 1205 resurrectio
3134 1141 3467 1204 atomorum
3503 1160 3610 1204 non
3636 1144 3738 1216 est,

2161 1256 2333 1298 neque
2355 1229 2596 1297 Christus
2621 1235 2996 1298 rasurreXerit.

2161 1319 2386 1389 CAPUT
2413 1323 2632 1389 xxxv.
2661 1363 2728 1374 -
2757 1329 2981 1389 Solantia
3009 1329 3282 1402 deﬁniendi
3303 1329 3348 1386 et
3367 1327 3622 1386 dividendi
3643 1331 3748 1386 non

2269 1427 2341 1481 est
2368 1427 2500 1496 falsa
2524 1422 2718 1480 etiamsi
2749 1419 2892 1498 falsis
2919 1419 3232 1480 adhibeatur.
3269 1421 3480 1478 Falsum
3504 1421 3646 1495 quid.

2237 1502 2327 1575 33.
2360 1499 2490 1573 item
2519 1513 2742 1573 scientia
2773 1508 3057 1574 deliniendi
3078 1561 3093 1585 ,
3122 1511 3412 1584 dividendi,
3440 1516 3600 1588 atque
3630 1517 3750 1586 para'

2170 1598 2331 1698 tiendi
2357 1653 2372 1678 ,
2419 1615 2720 1682 quanqumn
2747 1611 2906 1666 etiam
2944 1611 3102 1668 rebus
3140 1601 3285 1666 falsis
3308 1608 3623 1681 plerutrlque
3659 1603 3754 1664 ad:

2169 1696 2444 1774 iubeatur,
2479 1701 2588 1774 ipsa
2617 1710 2793 1758 tamen
2820 1701 2950 1758 falsa
2976 1713 3081 1758 non
3108 1709 3208 1770 εει,
3240 1714 3411 1772 neque
3429 1699 3498 1757 ab
3523 1696 3752 1756 homini.i

2171 1763 2270 1850 hiis
2314 1789 2587 1858 instituta,
2637 1785 2730 1850 sed
2757 1796 2809 1850 in
2836 1807 3015 1849 rerum
3055 1793 3263 1849 ratione
3297 1763 3591 1862 comperta.
3637 1791 3755 1848 Non

2172 1883 2314 1943 enini
2343 1877 2465 1958 quia
2499 1887 2554 1943 et
2589 1875 2780 1942 tabulis
2809 1882 2916 1942 suis
2951 1895 3068 1942 eam
3101 1891 3272 1957 poeta:
3297 1926 3310 1950 ,
3338 1892 3393 1940 et
3417 1881 3758 1956 opinionibus

2173 1980 2372 2036 ei‘roris
2395 1973 2476 2036 sul
2498 1980 2577 2034 vel
2603 1969 2718 2034 falsi
2745 1972 3067 2050 phil050phl,
3090 1977 3175 2033 vel
3195 1968 3354 2032 etiam
3377 1973 3632 2040 haeretici,
3658 1975 3759 2031 hoc

2175 2057 2276 2140 est,
2296 2063 2412 2127 falsi
2441 2067 2717 2127 christiani
2737 2065 2992 2126 adhibere
3019 2074 3449 2136 conSucverunt,
3479 2071 3760 2139 propterea

2175 2149 2366 2222 i'alsum
2394 2162 2474 2222 est
2503 2175 2672 2238 neque
2701 2161 2751 2220 in
2782 2161 3113 2230 deﬁniendo,
3163 2169 3338 2234 neQue
3385 2163 3436 2218 in
3481 2153 3763 2218 dividendo

2179 2272 2270 2318 aut
2310 2255 2586 2330 partiendo
2607 2302 2620 2325 ,
2651 2250 2848 2329 aliquid
2889 2247 3348 2329 complectentium
3382 2257 3502 2311 esse
3527 2251 3666 2326 qhod
3697 2251 3762 2308 ad
3813 2257 3828 2266 '

2181 2357 2296 2410 rem
2337 2349 2505 2422 ipsam
2541 2365 2648 2406 non
2688 2347 2948 2422 pertinet,
2981 2356 3073 2404 aut
3111 2337 3307 2418 aliquid
3355 2343 3496 2418 quod
3537 2343 3765 2417 pertinet

2182 2444 2632 2523 prietereunduin.
2682 2438 2792 2500 Hoc
2817 2453 3003 2498 verum
3033 2435 3116 2498 est
3139 2483 3154 2508 ,
3193 2435 3402 2498 etlalnsi
3429 2445 3490 2496 ea
3523 2449 3642 2511 uiue
3669 2437 3766 2494 de»

2189 2523 2444 2596 liniuntur
2486 2545 2576 2594 aut
2617 2533 3038 2602 distribuuntur,
3084 2546 3208 2590 vera
3247 2539 3352 2589 ilon
3379 2533 3505 2588 sint.
3553 2527 3684 2587 Nam
3713 2532 3767 2586 Et

2191 2621 2362 2708 ipsum
2411 2625 2600 2690 laisum
2641 2623 2929 2698 delinitur,
2977 2644 3097 2685 cum
3141 2621 3371 2684 dicimus
3411 2623 3602 2682 falsum
3649 2630 3770 2681 esse

2189 2728 2630 2802 significationem
2656 2727 2732 2786 rei
2762 2744 2868 2784 non
2891 2725 2962 2784 ita
2988 2742 3046 2783 se
3072 2715 3314 2780 habentis
3339 2731 3398 2778 ut
3425 2715 3772 2792 significatur,

2191 2825 2304 2880 sive
2332 2819 2437 2877 alio
2457 2815 2634 2894 aliquo
2659 2819 2818 2876 modo
2843 2839 2858 2874 :
2885 2833 3002 2890 quae
3032 2806 3272 2874 deliniti'o
3302 2824 3422 2894 vera
3452 2814 3554 2880 est,
3591 2818 3774 2882 quam-

2176 2920 2272 2974 .vis
2303 2909 2490 2972 laisum
2533 2913 2717 2971 verum
2747 2928 2866 2968 esse
2907 2927 3015 2968 non
3057 2911 3242 2981 poSsit.
3293 2893 3580 2962 l’ossumus
3615 2903 3776 2960 etiarn

2193 3011 2451 3079 dividere,
2474 3005 2731 3074 dicentes,
2755 2997 2860 3062 duo
2875 3020 2994 3060 esse
3013 3009 3207 3074 genera
3230 2989 3345 3056 falsi
3373 3019 3387 3056 :
3411 3013 3572 3054 unum
3591 3003 3774 3054 eorum

2195 3119 2316 3177 quae
2344 3103 2562 3158 omnino
2591 3115 2711 3155 esse
2759 3114 2863 3152 non
2895 3087 3119 3168 possunt
3141 3085 3420 3177 :_altet'um
3445 3100 3630 3148 eorum
3657 3101 3778 3162 qua:

2197 3170 2300 3252 non
2327 3201 2450 3250 sunt
2467 3235 2484 3260 ,
2511 3190 2750 3264 quamvis
2765 3205 2883 3246 esse
2907 3176 3131 3264 possint.
3161 3170 3290 3240 Nam
3312 3177 3400 3254 nul
3426 3179 3553 3239 dicit
3574 3185 3777 3254 septem

2196 3301 2250 3346 et
2277 3289 2375 3344 tria
2405 3281 2650 3342 undecim
2689 3297 2842 3350 esse,
2876 3273 2927 3336 id
2959 3275 3087 3336 dicit
3108 3273 3249 3350 quod
3283 3275 3502 3332 omnino
3523 3289 3642 3332 esse
3671 3277 3778 3330 non

2196 3390 2372 3458 potest
2403 3399 2415 3434 :
2445 3364 2535 3463 qui
2571 3389 2746 3434 autem
2781 3364 2912 3432 dicit
2949 3373 3184 3430 calendis
3211 3415 3224 3438 ,
3265 3366 3416 3427 veriti
3457 3370 3654 3442 gratia,
3692 3365 3778 3439 ja-

2197 3471 2394 3530 nuariis
2435 3457 2662 3543 pluisse,
2697 3461 2975 3523 tamenetsi
3001 3460 3195 3543 factum
3231 3475 3338 3516 non
3367 3461 3466 3526 sit,
3509 3457 3560 3514 id
3603 3465 3778 3514 tamen

2195 3556 2326 3624 dicit
2369 3541 2512 3636 quod
2559 3557 2674 3617 fieri
2713 3557 2962 3631 potuerit.
3021 3541 3268 3636 Delinitio
3311 3548 3470 3624 igitur
3500 3561 3554 3636 et
3591 3543 3778 3636 divisio

2197 3631 2452 3716 falsorum
2495 3663 2669 3726 potest
2705 3667 2826 3708 esse
2867 3631 3182 3714 verissima,
3229 3641 3470 3716 quamvis
3497 3635 3628 3698 falsa
3667 3635 3777 3712 lpSa

2167 3811 2170 3815 ,
2196 3753 2378 3826 utique
2403 3763 2526 3804 vera
2552 3763 2657 3826 non
2685 3740 2810 3800 sint.
2913 3791 2921 3799 .

2197 3821 2422 3902 CAi’UT
2465 3821 2708 3896 XXX“.
2747 3867 2818 3878 --
2857 3823 3176 3906 Eloquentia:
3214 3836 3460 3902 pra'cep‘ta
3488 3831 3604 3883 veru
3643 3829 3779 3892 sunt,

2389 3935 2618 4012 quamvis
2647 3927 2995 3987 eisinterdum
3019 3925 3151 4000 falsa
3181 3921 3598 4012 persuadeantur.

2269 4013 2356 4086 5i.
2383 3999 2518 4084 Sunt
2553 4019 2712 4082 etiam
2737 4017 2976 4094 qumdam
3011 3999 3273 4088 pratccpla
3301 3999 3562 4068 uberioris
3599 4003 3784 4082 dispu-

2199 4123 2448 4188 tationis,
2475 4135 2593 4190 qum
2616 4115 2725 4187 jam
2755 4111 3056 4184 eloquentia
3094 4107 3414 4171 nominatur,
3447 4095 3784 4190 quaelnihllo-

2198 4219 2378 4276 minus
2414 4228 2540 4270 vera
2567 4211 2711 4278 sunt,
2739 4203 2980 4279 quamvis
3003 4203 3080 4259 eis
3105 4198 3310 4272 possint
3332 4197 3490 4254 etiam
3516 4184 3645 4250 falsa
3673 4201 3786 4264 per-

2198 4303 2410 4366 suaderi
2443 4323 2456 4359 :
2498 4297 2591 4358 sed
2620 4301 2737 4372 quia
2768 4309 2822 4354 et
2843 4312 2968 4352 vera
2998 4297 3220 4365 possunt
3239 4291 3256 4324 ί
3277 4333 3292 4358 ,
3325 4291 3431 4344 non
3454 4294 3536 4344 ρει
3561 4285 3785 4342 facultas

2201 4391 2312 4471 ipsa
2355 4388 2672 4468 culpahiiis,
2713 4387 2806 4446 sed
2849 4405 2910 4444 ea
2951 4386 3092 4441 male
3140 4381 3400 4438 utentium
3443 4375 3782 4450 perversitas.

2201 4467 2333 4550 i‘iam
2361 4467 2532 4560 neque
2559 4479 2660 4542 hoc
2679 4485 2748 4540 ab
2775 4475 3080 4538 hominibus
3110 4469 3412 4531 institutum
3441 4479 3542 4536 εει,
3575 4477 3632 4524 ut
3660 4467 3785 4522 cha-

2199 4571 2372 4642 ritatis
2401 4585 2422 4616 ³
2448 4555 2724 4650 expressio
2754 4563 3012 4632 conciliet
3051 4563 3371 4650 auditorem,
3416 4567 3506 4617 ant
3548 4569 3605 4616 ut
3631 4555 3786 4615 facile

2203 4669 2343 4750 quod
2387 4648 2642 4738 intendit,
2685 4667 2918 4750 insinuet
2944 4648 3120 4720 brevis
3145 4669 3199 4716 et
3235 4667 3416 4729 aperta
3445 4653 3699 4720 narratio,
3731 4659 3787 4708 et

2205 4744 2440 4824 varietas
2461 4767 2576 4836 ejus
2600 4763 2715 4818 sine
2750 4744 2960 4816 fastidio
2991 4761 3170 4811 teneat
3197 4751 3460 4836 intentos;
3499 4753 3558 4836 et
3577 4749 3788 4836 cmtcra:

2201 4827 2507 4934 hujusmodi
2535 4851 2970 4917 observationes,
3001 4863 3119 4920 quae
3157 4843 3268 4900 sive
3309 4841 3360 4896 in
3391 4831 3542 4894 falsis
3581 4833 3695 4934 sive
3723 4827 3786 4934 in

2201 4921 2343 5012 vei-is
2369 4947 2546 5008 causis
2568 4991 2584 5018 ,
2626 4963 2772 5004 verae
2814 4953 2938 5000 sunt
2964 4942 3162 5006 tamen,
3191 4929 3242 4992 in
3265 4941 3518 5018 Quantum
3549 4923 3634 4984 vel
3664 4921 3806 4982 sciri-

2201 5047 2289 5104 vei
2318 5037 2465 5100 credi
2491 5015 2688 5111 aliquid
2731 5026 2929 5092 faciunt
2947 5075 2959 5097 ,
2987 5039 3079 5086 aut
3103 5020 3166 5084 ad
3195 5015 3550 5097 expetendum
3584 5017 3790 5111 pigicia-

2203 5102 2400 5196 dumve
2421 5102 2628 5190 animos
2653 5133 2868 5188 movent
2885 5169 2900 5194 ,
2929 5133 2982 5180 et
3004 5123 3230 5178 inventa:
3258 5115 3432 5190 potius
3461 5105 3604 5188 quod
3632 5102 3704 5168 ita
3731 5107 3790 5168 se

2207 5234 2470 5297 habeant,
2492 5243 2652 5301 quam
2679 5234 2738 5282 ut
2755 5221 2830 5278 ita
2858 5237 2918 5278 se
2943 5215 3196 5274 haberent
3227 5210 3503 5270 institutae.

2277 5300 2526 5384 CAPUTW
2542 5313 2810 5379 XXXVII.
2848 5345 2922 5358 -—
2969 5311 3096 5380 Quae
3138 5307 3326 5364 utilitas
3363 5302 3630 5362 rhetoricae
3671 5300 3722 5355 et

2861 5399 3156 5462 dialectice.

2281 5511 2372 5569 55.
2395 5506 2501 5565 Sed
2525 5504 2646 5561 haec
2667 5515 2791 5575 pars
2815 5499 2836 5534 ³
2857 5513 2978 5556 cum
2995 5495 3242 5564 discitur,
3266 5489 3436 5563 magis
3462 5493 3524 5544 ut
3549 5481 3790 5558 protera-

2167 5655 2172 5753 ξ
2212 5659 2607 5797 ὠῌὲὼυενα
2639 5653 2743 5712 este
2783 5655 3146 5725 magna
3181 5653 3297 5704 vero
3327 5644 3554 5714 βιαιως
3590 5638 3797 5706 mepte.

2167 5778 2168 5781 η
2503 5763 2514 5776 ⁸
2573 5788 2599 5797 ._
2642 5787 2672 5797 -.
2923 5778 2958 5797 o-
3014 5786 3169 5797 ....--
3215 5767 3475 5797 --.κληηξηι
3535 5761 3783 5797 ,ιρι-,θηρο-

2279 5761 2695 5851 ἶενίιαιξδ
2717 5778 3060 5851 crispa-assient
3211 5767 3509 5851 ocmdecirnﬂ,
3532 5761 3784 5851 cm

528 5835 704 5928 mnda-
721 5876 806 5925 est
821 5883 835 5898 ·
862 5861 1114 5923 mireris
1131 5835 1399 5932 cenisque
1425 5855 1724 5925 pennatus,
1743 5861 1869 5911 cum
1891 5853 2115 5912 ineat-.3
2162 5896 2187 5916 η
2237 5903 2247 5911 ,
2280 5858 2303 5891 ³
2323 5835 2873 5915 Basilii».
2895 5843 3002 5896 los
3025 5841 3268 5893 saltim
3286 5836 3398 5888 nudi
3417 5842 3524 5886 an.
3545 5837 3623 5884 El-
3644 5835 3699 5884 οι
3719 5838 3807 5878 uo-
