4060 6468
230 381 290 445 οι
1580 377 1781 436 LIBER
1819 364 2199 436 SECUNDUS.

230 507 354 560 lilii!
377 509 445 559 ea
473 505 594 574 quae
631 498 898 555 intellecta
935 495 1086 562 sunt,
1131 495 1293 567 quam
1336 501 1396 549 ut
1441 482 1815 562 inteliigamus,

231 595 539 654 adhibenda
561 597 663 649 εει.
693 593 783 647 Illa
805 601 933 647 vero
954 581 1354 645 eoitclusiouum
1374 595 1429 642 et
1452 585 1818 641 delinitionum

230 690 280 745 et
307 674 749 744 liisulb'utic'mtiin
775 728 791 754 ,
823 684 1109 754 plurimum
1136 681 1521 736 intellecturem
1562 678 1816 748 adjuvat:

229 789 441 844 tantum
481 785 622 840 absit
644 785 814 842 error,
844 789 949 850 quo
977 775 1220 830 videntur
1256 773 1498 828 homines
1523 771 1622 828 sibi
1650 773 1816 841 ipsum

228 880 402 936 beata:
443 875 568 932 iiee
611 874 886 929 veritatem
917 869 1165 926 didiciSSe
1187 909 1201 934 ,
1233 877 1352 922 eum
1390 866 1488 920 ista
1513 863 1812 920 didicerint.

227 968 548 1039 quanquam
571 966 884 1036 plerumque
914 960 1117 1015 accidat
1144 959 1202 1013 et
1233 957 1437 1012 facilius
1464 949 1702 1010 homines
1730 965 1816 1010 res

225 1077 312 1119 eas
330 1059 714 1131 aeseqitattlur,
736 1061 950 1126 propter
969 1061 1098 1124 quas
1118 1050 1474 1122 aSchuchdas
1496 1050 1592 1103 isut
1613 1048 1816 1101 discun-

225 1159 306 1211 tur
335 1197 348 1218 ,
385 1157 552 1224 quam
587 1151 771 1206 talium
801 1149 1186 1217 praecepturum
1216 1140 1592 1197 nodosissimas
1621 1146 1676 1194 et
1709 1139 1818 1207 spi-

225 1248 549 1305 nosissit‘nas
592 1242 921 1315 disciplinas.
971 1241 1246 1309 Tanquam
1292 1237 1337 1290 si
1385 1234 1645 1304 quispiam
1688 1231 1815 1287 dare

225 1340 412 1395 volens
441 1341 707 1408 przecepta
733 1331 1036 1388 ambulandi
1054 1373 1068 1398 ,
1110 1335 1316 1383 nioneat
1347 1329 1453 1380 non
1485 1339 1602 1380 esse
1631 1325 1814 1378 levan-

225 1432 345 1491 dum
378 1431 736 1504 posteriorem
763 1426 952 1498 pedem
972 1467 985 1490 ,
1021 1423 1119 1478 hisi
1147 1425 1264 1476 cum
1291 1419 1530 1491 posueris
1557 1417 1810 1488 priorem,

226 1525 422 1582 deinde
451 1521 754 1578 minutatim
786 1513 1231 1588 quemadmodum
1275 1509 1614 1566 articulorum
1642 1513 1697 1562 et
1723 1517 1817 1577 po-

225 1617 412 1692 plitum
452 1614 702 1671 cardines
747 1594 990 1682 oporteat
1036 1613 1288 1671 movere,
1330 1602 1626 1692 describat.
1672 1600 1812 1656 Vera

224 1691 363 1767 enim
393 1709 558 1774 dicit,
603 1709 705 1760 hee
743 1704 895 1757 aliter
928 1699 1184 1755 ambulari
1223 1701 1424 1766 potést;
1473 1693 1567 1749 sed
1605 1691 1813 1746 facilius

227 1803 470 1861 homines
491 1800 609 1853 lucc
629 1795 875 1852 faciendo
894 1792 1186 1856 ambulant,
1214 1795 1371 1858 quam
1389 1784 1816 1840 animadVerttmt

224 1907 338 1954 cum
367 1892 606 1960 faciunt,
642 1891 734 1946 aut
759 1888 1059 1957 intelligunt
1085 1897 1205 1938 eum
1237 1881 1474 1936 audiunt.
1507 1879 1608 1945 Qui
1635 1885 1811 1932 autem

225 1984 494 2044 ambulare
527 1984 637 2038 hoii
660 1983 911 2052 pOSSiiiit,
954 1977 1122 2032 multo
1151 1975 1325 2029 miutis
1347 1983 1409 2027 ea
1435 1979 1654 2037 curant,
1695 1981 1812 2036 quae

224 2090 318 2140 uec
337 2077 667 2149 experiendo
687 2072 905 2145 possunt
920 2071 1212 2126 attendere.
1244 2067 1316 2121 lta
1339 2063 1812 2136 ple‘rumquecitius

226 2176 539 2247 ingeniosus
567 2170 713 2226 vt‘de‘t
735 2173 840 2224 non
868 2171 986 2222 CSSe
1012 2155 1180 2220 ratam
1208 2159 1625 2226 conclusionem,
1654 2173 1811 2228 quam

223 2269 485 2339 prteeepta
527 2263 646 2332 ejus
683 2259 853 2330 capit;
891 2257 1079 2312 tardus
1117 2257 1292 2308 autem
1332 2257 1439 2306 uoti
1474 2265 1591 2307 eam
1633 2249 1808 2316 videt;

223 2359 311 2415 Sed
356 2356 534 2412 multo
570 2353 744 2407 militis
778 2349 919 2421 quod
945 2347 1011 2402 de
1041 2345 1126 2401 illa
1157 2344 1464 2415 przecipitur
1495 2360 1508 2395 :
1541 2343 1812 2412 magisque

224 2451 274 2506 iu
301 2447 384 2502 his
413 2445 668 2501 omnibtis
712 2441 825 2512 ipsa
873 2438 1173 2509 speetacula
1218 2435 1458 2491 veritatis
1496 2442 1638 2504 saepe
1665 2433 1812 2487 dele-

227 2543 361 2599 ctant
381 2584 397 2608 ,
427 2547 590 2611 quam
624 2553 688 2593 ex
711 2537 786 2591 eis
813 2536 865 2590 in
893 2531 1211 2602 disputando
1241 2537 1330 2584 aut
1353 2527 1638 2600 judicando
1659 2527 1811 2596 adju-

226 2629 442 2697 iamur;
478 2631 582 2686 nisi
609 2627 744 2683 forte
767 2625 908 2705 Quod
935 2623 1303 2680 exercitatiora
1324 2619 1552 2676 reddunt
1580 2621 1810 2691 ingenia,

225 2730 260 2782 si
293 2727 456 2782 etiam
489 2717 812 2792 maligniora
851 2721 942 2772 aut
987 2715 1249 2770 lnliatiora
1277 2726 1384 2768 non
1409 2711 1666 2776 reddant,
1711 2710 1814 2767 hoc

226 2828 328 2883 est,
373 2825 433 2872 ut
457 2825 551 2870 aut
577 2811 829 2882 decipere
859 2806 1134 2865 verisimili
1165 2809 1414 2862 sermone
1447 2811 1608 2876 atque
1649 2804 1814 2859 inter-

225 2907 590 2979 rogationibus
634 2907 857 2968 ament,
903 2905 990 2955 aut
1031 2897 1231 2969 aliquid
1266 2903 1552 2968 magnum,
1604 2911 1710 2967 quo
1753 2907 1813 2951 se

225 3001 374 3057 bonis
406 3007 567 3069 atque
608 2994 981 3051 innocentibus
1033 2996 1388 3083 aptepouant,
1438 2997 1498 3044 se
1540 2995 1812 3044 assecutus

227 3091 407 3166 pulerit
436 3093 527 3163 qui
556 3091 656 3145 ista
678 3087 999 3144 didicerunt.

224 3230 446 3287 CAPUT
483 3225 776 3284 XXXVIII.
798 3255 869 3274 -r
891 3223 1232 3277 Numerorum
1267 3220 1476 3275 scientia
1503 3236 1605 3274 non
1628 3235 1690 3274 ea:
1718 3220 1812 3272 ho-

289 3325 484 3376 minum
508 3321 758 3384 instituto,
786 3317 874 3371 sed
895 3332 957 3372 ea:
980 3330 1148 3371 rerum
1174 3322 1358 3367 natura
1395 3321 1466 3368 est
1505 3313 1568 3367 ab
1599 3303 1816 3368 homini-

289 3414 382 3468 bus
410 3413 698 3466 adinventa.

288 3526 386 3583 56.
422 3525 676 3580 Jamvero
719 3522 927 3578 numeri
959 3520 1237 3590 disciplina
1266 3519 1485 3575 cuilibet
1511 3518 1812 3576 tardissimo

222 3619 425 3682 ciarum
445 3625 528 3672 est
542 3616 678 3687 quod
699 3631 805 3670 non
825 3616 976 3671 sitab
1001 3613 1304 3668 hominibus
1327 3614 1583 3680 instituta,
1602 3614 1694 3669 sed
1714 3629 1812 3684 po-

225 3712 327 3766 tius
343 3711 587 3780 indagata
599 3719 761 3780 atque
782 3709 1015 3763 inventa.
1032 3706 1147 3763 Non
1162 3706 1304 3762 enim
1322 3705 1457 3760 sicut
1468 3706 1692 3775 primam
1707 3707 1814 3778 syl-

227 3803 398 3863 labam
429 3801 612 3865 Italiae,
644 3816 801 3870 quam
833 3800 1048 3855 brevem
1076 3797 1550 3868 pronuntiaverunt
1579 3807 1808 3863 veteres,

226 3893 391 3947 voluit
415 3892 691 3962 Virgilius,
709 3901 763 3946 et
783 3892 938 3960 longa
959 3889 1095 3944 facta
1117 3899 1228 3954 est;
1253 3888 1325 3943 ita
1345 3889 1620 3958 quisquam
1641 3899 1812 3958 potest

227 3985 440 4040 edicere
459 4000 580 4039 cum
602 3984 848 4048 voluerit,
869 3993 922 4037 ut
951 3992 1032 4037 ter
1058 3991 1206 4037 terna
1237 3991 1326 4036 aut
1348 3991 1454 4036 non
1473 3981 1578 4036 sint
1598 3995 1808 4050 novem,

228 4086 314 4131 aut
333 4093 438 4131 non
456 4075 884 4146 possintefiicere
909 4075 1220 4146 quadratam
1239 4074 1478 4146 ﬁguram,
1497 4087 1585 4130 aut
1611 4090 1715 4130 non
1743 4077 1810 4131 ad

229 4169 514 4225 ternarium
538 4179 818 4222 numerum
843 4167 994 4236 tripla
1017 4168 1142 4230 sint,
1165 4167 1230 4221 ad
1257 4167 1524 4222 senarium
1547 4168 1806 4237 sescupla,

228 4242 291 4314 ad
319 4261 523 4315 nullum
553 4259 733 4329 dupla,
767 4260 885 4330 quia
916 4258 1272 4329 intelligibiics
1301 4260 1506 4314 numeri
1533 4261 1809 4315 semissem

228 4367 330 4406 non
357 4351 581 4406 habent.
610 4352 733 4407 Sive
772 4368 896 4422 ergo
928 4351 978 4405 in
1006 4352 1196 4420 seipsis
1233 4353 1638 4407 considerentur
1657 4395 1671 4419 ,
1700 4355 1811 4410 sive

227 4445 289 4499 ad
319 4447 605 4515 ﬁgurarum
631 4455 722 4500 aut
741 4446 806 4500 ad
828 4460 1079 4500 sonorum
1101 4445 1389 4509 aliarumt'e
1411 4448 1700 4502 motionum
1732 4449 1810 4504 ἰρι-

226 4549 315 4605 ges
342 4538 551 4592 numeri
579 4537 947 4602 adhibeantur,
980 4538 1436 4593 incommutabiles
1461 4540 1669 4609 regulas
1712 4539 1808 4594 ha-

233 4627 370 4695 bent,
410 4645 586 4698 neque
621 4631 728 4683 ullo
767 4629 926 4683 tnodo
963 4630 1028 4683 ab
1059 4630 1357 4685 hutninibus
1387 4630 1680 4698 institutas,
1713 4633 1807 4689 Sed

237 4723 618 4792 hgeniosorum
647 4722 934 4791 sagacitate
954 4737 1070 4776 com
1081 4729 1275 4790 pertas.

292 4815 380 4868 57.
407 4814 538 4880 Quae
565 4823 742 4868 tamen
783 4814 960 4868 omnia
987 4813 1224 4883 quisquis
1255 4814 1324 4867 ita
1351 4813 1617 4880 dilexerit,
1647 4823 1702 4868 ut
1722 4815 1806 4885 ja-

235 4915 364 4960 ctare
401 4917 460 4960 se
492 4907 633 4961 inter
662 4906 935 4975 imperitos
966 4906 1120 4972 velit,
1151 4915 1206 4960 et
1233 4921 1338 4960 non
1371 4907 1543 4976 potius
1568 4913 1808 4978 quaerere

227 4999 360 5054 unde
388 4999 498 5054 sint
524 5013 669 5064 vera,
694 5014 810 5067 quae
840 4997 1204 5053 tantummodo
1231 5013 1353 5053 vera
1383 5014 1500 5055 esse
1529 5016 1808 5070 pet-sense-

226 5090 324 5154 rit;
355 5101 407 5144 et
443 5089 587 5144 unde
621 5089 863 5159 quaedam
903 5104 1006 5143 non
1042 5090 1211 5142 solum
1245 5105 1366 5144 vera
1399 5090 1490 5144 sed
1522 5091 1682 5146 etiam
1722 5094 1805 5147 in-

226 5177 637 5244 commutabilia,
667 5191 784 5250 qua:
817 5175 1267 5234 incomm'utabilia
1308 5193 1426 5235 esse
1455 5177 1806 5251 comprehen-

225 5271 394 5337 derit;
429 5289 492 5327 ac
530 5274 608 5327 sic
646 5288 677 5326 a
711 5272 888 5342 specie
917 5287 1198 5341 corporum
1225 5287 1391 5342 usque
1428 5273 1492 5326 ad
1523 5273 1805 5330 humanam

226 5371 458 5420 mentem
482 5364 817 5434 perveniens,
841 5379 962 5418 cum
986 5372 1040 5418 et
1069 5365 1234 5433 ipsam
1261 5363 1566 5419 mutabilem
1591 5362 1828 5422 invene?

224 5456 308 5518 rit,
341 5453 487 5526 quod
513 5471 658 5511 nunc
679 5455 853 5522 docta,
888 5471 1028 5510 nunc
1057 5455 1266 5511 indocta
1296 5457 1383 5521 sit,
1417 5459 1698 5513 constituta
1732 5469 1807 5512 ta-

224 5562 340 5601 men
390 5547 532 5603 inter
572 5548 1059 5602 incommutabiletn
1095 5562 1251 5618 supra
1294 5561 1351 5603 se
1394 5550 1705 5615 veritatem,
1755 5561 1808 5606 et

222 5642 490 5696 mutabilia
524 5640 662 5696 inira
690 5656 748 5696 se
769 5652 984 5705 cetera,
1016 5639 1082 5696 ad
1109 5643 1264 5696 unius
1291 5643 1387 5697 Dei
1417 5643 1623 5698 laudent
1650 5655 1806 5716 atque

223 5805 329 5841 trem
355 5799 480 5854 uss,
503 5805 614 5844 eum
634 5792 846 5858 ducitur
870 5795 989 5846 :aiii
1009 5795 1183 5846 decem
1205 5796 1426 5858 codices,
1465 5811 1575 5849 ram
1608 5797 1802 5852 dicitur.

225 5864 275 5904 At
295 5861 400 5905 ων.
416 5891 432 5919 ,
457 5870 570 5907 cum
589 5857 862 5910 disciditur.

1930 489 2262 548 dilectionem
2291 494 2478 552 cuneta
2507 503 2843 570 eunrertcre,
2874 511 2904 558 a
2928 511 3033 576 quo
3059 511 3249 567 elihcta
3278 517 3396 571 esSe
3416 525 3514 572 co-

1928 585 2164 653 gnoseu;
2193 583 2380 644 doctus
2397 587 2564 648 videri
2589 601 2782 664 potest,
2798 611 2915 653 esse
2939 607 3116 656 autem
3139 606 3348 675 sapiens
3364 609 3510 665 nullo

1929 675 2107 730 modo.

1927 764 2151 824 CAPUT
2189 767 2430 827 XXXIX.
2451 804 2525 814 -—
2551 773 2744 841 Quibus
2772 796 2836 833 ea:
2853 795 3007 852 supra
3028 788 3209 843 notatis
3235 781 3513 861 disciplinis

2093 878 2248 931 quove
2278 865 2446 919 animo
2498 867 2668 922 danda
2696 882 2869 943 opera.
2903 873 3061 947 Leges
3086 879 3337 935 Immanis.

1996 951 2083 1006 88;
2113 953 2466 1020 Quamobrem
2492 959 2698 1016 videtur
2718 963 2845 1018 mihi
2873 965 3122 1024 studiosis
3149 976 3201 1024 et
3225 971 3512 1042 ingeniosis

1923 1041 2368 1112 adulescentibus;
2393 1059 2444 1104 et
2466 1052 2777 1108 timentibus
2802 1057 2986 1124 Deum,
3019 1041 3331 1134 beatamque
3355 1067 3508 1121 vitam

1924 1139 2282 1205 quaerentibus
2307 1182 2319 1202 ,
2378 1143 2664 1199 salubriter
2704 1150 2923 1219 prmcipi
2955 1161 3010 1205 ut
3053 1154 3222 1208 nullas
3247 1157 3511 1213 doctrinas

1923 1242 2041 1296 qua:
2069 1240 2260 1298 prteter
2286 1233 2579 1290 Ecclesiam
2603 1238 2793 1292 Christi
2816 1252 3149 1311 exercentur,-
3176 1253 3419 1316 tauquam
3447 1252 3509 1303 ad

1922 1317 2129 1374 beatam
2156 1323 2316 1377 vitam
2348 1328 2734 1394 capessendam
2761 1345 2946 1388 secure
2971 1336 3119 1406 sequi
3147 1339 3393 1405 audeant,
3418 1344 3507 1396 Sed

1921 1428 2013 1468 eas
2042 1416 2218 1472 sobrie
2243 1418 2630 1491 diligenterque
2650 1424 2936 1492 dijttdieent
2965 1446 2977 1481 :
3007 1438 3058 1482 et
3078 1430 3120 1483 si
3141 1439 3268 1499 quas
3292 1433 3510 1488 invene-

1921 1503 2028 1558 rint
2055 1506 2122 1560 ab
2152 1506 2456 1565 hominibus
2483 1511 2773 1582 institutas,
2806 1519 2980 1572 varias
3007 1525 3219 1588 propter
3247 1523 3506 1578 dirersant

1921 1594 2245 1652 voluntatem
2293 1601 2713 1671 instituendum,
2745 1614 2798 1661 et
2841 1608 3044 1678 ignotas
3087 1623 3297 1681 propter
3335 1619 3508 1685 smpi-

1919 1688 2101 1744 ciones
2127 1694 2451 1761 errantium,
2490 1698 2719 1752 maxime
2750 1700 2792 1752 si
2826 1699 3019 1755 habent
3061 1705 3218 1756 etiam
3249 1715 3366 1758 cum
3398 1707 3507 1759 (he-

1921 1779 2168 1833 monibus
2203 1783 2386 1838 initam
2417 1787 2724 1841 societatem
2755 1805 2850 1858 per
2877 1794 3220 1858 quarumdam
3250 1796 3382 1864 signi
3411 1804 3506 1849 'ca-

1921 1869 2122 1924 tionum
2146 1876 2294 1942 quasi
2325 1877 2564 1944 quaedam
2587 1889 2733 1947 pacta
2757 1889 2915 1951 atque
2935 1889 3188 1938 conivente
3207 1905 3217 1945 :
3235 1889 3509 1956 repotiicnt

1921 1963 2134 2031 penitus
2163 1974 2216 2018 et
2246 1965 2606 2031 detestentur;
2638 1971 2870 2026 alienent
2895 1974 3052 2028 etiam
3079 1977 3307 2030 studium
3349 1994 3375 2030 a
3416 1994 3507 2032 su—

1921 2055 2136 2122 perﬂuis
2176 2066 2231 2111 et
2283 2058 2571 2116 luxuriosis
2620 2063 2891 2118 hominum
2936 2067 3206 2121 institmis.
3251 2069 3338 2124 illa
3384 2087 3508 2126 vero

1919 2144 2161 2202 instituta
2191 2148 2487 2218 hominum,
2512 2168 2630 2222 qua:
2650 2154 2716 2208 ad
2743 2156 3048 2211 societatem
3076 2161 3467 2217 comitantium
3490 2167 3504 2196 ¹

1918 2240 2116 2306 valent,
2146 2257 2242 2310 pro
2267 2243 2377 2312 ipsa
2410 2244 2564 2315 hujus
2589 2247 2713 2301 vitm
2744 2250 3056 2304 necessitate
3085 2266 3187 2305 non
3220 2255 3504 2324 negligant.

1917 2329 1974 2385 In
2003 2334 2212 2387 caeteris
2258 2343 2432 2389 autem
2471 2336 2757 2402 doctrinis,
2801 2355 2919 2408 qum
2961 2342 3099 2410 apud
3137 2353 3322 2412 gentes
3360 2347 3506 2401 iuve-

1919 2424 2153 2493 niuntur,
2186 2437 2386 2495 praeter
2428 2429 2705 2484 historiam
2739 2447 2941 2500 rerum,
2972 2435 3051 2487 vel
3091 2437 3340 2504 praeteriti
3371 2447 3506 2492 teat-

1921 2519 2068 2587 poris
2093 2520 2176 2573 vel
2207 2523 2504 2589 praesentis,
2538 2524 2600 2577 ad
2625 2539 2812 2579 sensus
2841 2529 3080 2596 corporis
3105 2531 3504 2598 pertinentium,

1919 2610 2114 2678 quibus
2143 2613 2301 2665 etiam
2326 2615 2529 2668 utilium
2561 2617 2752 2669 artium
2775 2619 3123 2686 corporalium
3148 2622 3504 2689 experimenta

1917 2708 1973 2756 et
1996 2703 2322 2770 conjectura:
2349 2718 2785 2774 annumerantur,
2817 2718 2873 2764 et
2901 2721 3092 2779 praeter
3121 2714 3376 2768 rationem
3399 2715 3507 2768 dis-

1918 2793 2204 2862 putationis
2229 2805 2284 2850 ct
2303 2799 2528 2862 numeri,
2565 2800 2692 2853 nihil
2725 2801 2854 2857 utile
2882 2817 3000 2856 esse
3025 2803 3274 2859 arbitror.
3310 2806 3366 2860 ln
3392 2807 3506 2877 qui-

1915 2883 2016 2940 bus
2041 2886 2286 2941 omnibus
2317 2890 2600 2944 tenendum
2625 2900 2726 2956 est,

2163 2999 2229 3051 Ne
2253 3002 2368 3069 quid
2390 2997 2563 3069 nimis;

2257 3064 2464 3127 (Terent.
2489 3064 2732 3128 inlmdrq
2757 3074 2850 3120 act.
2880 3071 2926 3131 l,
2950 3083 3079 3122 scen.
3100 3072 3170 3136 l.)

1917 3172 1973 3222 et
2003 3169 2231 3224 maxime
2256 3170 2307 3224 in
2339 3171 2403 3224 iis
2427 3185 2544 3241 qute
2581 3173 2646 3227 ad
2676 3175 2917 3244 corporis
2943 3189 3133 3231 sensus
3173 3177 3505 3246 pertinentia,

1916 3259 2202 3314 Volvuntur
2243 3265 2596 3332 temporibus,
2627 3274 2680 3319 et
2705 3269 3043 3322 continentur
3074 3270 3221 3325 locis.

1988 3351 2078 3407 59.
2112 3351 2258 3407 Sicut
2289 3363 2463 3409 autem
2500 3358 2713 3427 quidam
2746 3360 2811 3413 de
2839 3362 3012 3417 verbis
3041 3359 3286 3419 omnibus
3327 3375 3380 3420 et
3405 3377 3507 3421 tto-

1916 3445 2151 3501 miuibus
2176 3445 2423 3514 hebraeis,
2454 3459 2507 3504 et
2533 3452 2691 3521 syris,
2721 3461 2771 3506 et
2802 3456 3061 3522 a'gyptiis,
3098 3458 3176 3509 rei
3199 3457 3242 3511 si
3274 3469 3372 3524 qtta
3404 3460 3504 3514 alia

1917 3537 2094 3607 lingua
2124 3540 2175 3592 in
2195 3538 2481 3610 Seripturis
2507 3545 2701 3596 sanctis
2735 3545 2957 3599 inveniri
2987 3557 3180 3614 potest,
3215 3557 3330 3618 qua:
3353 3550 3402 3603 in
3429 3551 3506 3605 eis

1917 3628 2038 3683 sine
2069 3631 2507 3701 interpretatione
2551 3644 2671 3688 sttttt
2707 3635 2871 3704 posita
2900 3678 2913 3702 ,
2947 3638 3205 3699 locarunt.
3241 3648 3296 3692 ut
3325 3653 3386 3694 ea
3417 3655 3504 3696 se-

1916 3720 2139 3789 paratim
2172 3721 2689 3791 interpretarentur;
2734 3735 2786 3780 et
2814 3727 2953 3795 quod
2991 3729 3247 3782 Eusebius
3278 3729 3402 3783 iecit
3439 3730 3507 3786 de

1919 3820 2216 3882 temporum
2249 3814 2464 3869 historia
2493 3825 2710 3886 propter
2733 3818 3028 3872 divinorum
3063 3820 3336 3874 Librorum
3364 3831 3508 3888 qltm-

1917 3905 2138 3968 stiones,
2173 3921 2292 3977 qute
2333 3921 2487 3960 usum
2519 3908 2632 3977 ejus
2659 3907 2894 3978 ﬂagitant
2921 3927 2932 3959 ε
2963 3911 3100 3976 quod
3129 3926 3254 3978 ergo
3279 3909 3331 3964 hi
3362 3910 3498 3966 fece-

1916 4005 2041 4050 runt
2082 3997 2148 4051 de
2189 3997 2272 4051 his
2317 3999 2509 4063 rebus,
2544 4009 2599 4054 ttt
2640 4015 2744 4053 non
2787 4002 2854 4054 sit
2893 4017 3109 4057 necesse
3137 4003 3424 4058 christiano
3453 4006 3503 4059 in

1916 4089 2102 4145 multis
2129 4102 2347 4160 propter
2379 4107 2541 4160 pauca
2585 4093 2825 4147 laborare
2851 4110 2863 4151 :
2893 4095 2968 4148 sic
2996 4095 3148 4148 video
3191 4111 3344 4164 posse
3371 4099 3501 4164 ﬁeri,

1915 4183 1960 4235 si
1989 4197 2147 4252 quem
2186 4197 2374 4238 eorum
2410 4185 2501 4254 qui
2533 4195 2783 4254 possunt,
2815 4186 3091 4255 benignam
3133 4203 3259 4241 sane
3287 4205 3502 4259 operam

1915 4273 2163 4329 fraternae
2189 4275 2403 4330 utilitati
2434 4276 2664 4330 delectet
2691 4276 3027 4345 impendere.
3065 4285 3121 4330 ut
3143 4290 3504 4349 quoscumque

1915 4373 2173 4420 terrarum
2210 4367 2354 4421 locos
2377 4408 2389 4430 ,
2415 4383 2600 4436 qurere
2629 4369 2873 4421 aninmiia
2903 4366 2984 4421 vel
3015 4369 3202 4421 herbas
3230 4377 3384 4436 atque
3415 4387 3502 4424 arv-

1913 4455 2075 4511 bores
2114 4457 2228 4512 sive
2267 4459 2476 4526 lapides
2505 4458 2588 4511 vel
2634 4459 2846 4511 metalla
2885 4459 3162 4525 incognita,
3195 4461 3502 4530 speciesque

1913 4549 2178 4618 quaslibet
2203 4548 2476 4617 Scriptura
2502 4552 2908 4614 cotnmcn'toral,
2939 4567 2997 4603 ea
3029 4551 3319 4618 generatim
3353 4553 3500 4622 dige-

1916 4655 2041 4694 rens
2067 4675 2082 4704 ,
2126 4634 2239 4693 sOla
2281 4640 2518 4708 exposita
2556 4641 2745 4694 litteris
2776 4640 3004 4694 tundet.
3036 4643 3216 4695 Potest
3253 4644 3408 4697 etiam
3437 4645 3504 4700 de

1913 4733 2154 4786 numeris
2187 4731 2318 4796 lieri,
2352 4739 2410 4785 ut
2439 4747 2623 4786 eorum
2657 4733 3023 4787 tantummodo
3051 4739 3389 4789 numerorum
3414 4754 3504 4792 cx-

1915 4824 2086 4893 posita
2119 4824 2252 4880 ratio
2283 4824 2684 4886 conscrihalur,
2716 4840 2848 4893 quos
2877 4826 3050 4880 divina
3097 4826 3364 4894 Scriptura
3396 4846 3503 4885 me-

1912 4918 2086 4974 tninit.
2111 4918 2346 4986 Quorum
2374 4917 2544 4987 aliqua
2575 4927 2667 4972 aut
2690 4919 2865 4972 omnia
2899 4919 3033 4972 forte
3056 4925 3161 4987 jam
3196 4923 3326 4974 facta
3358 4933 3497 4980 sunt.

1913 5011 2053 5066 sicut
2084 5011 2250 5064 multa
2281 5026 2400 5080 qua:
2435 5025 2463 5063 a
2496 5010 2649 5063 bouis
2677 5010 2954 5079 doctisque
2982 5011 3281 5064 christiunls
3319 5012 3498 5064 elabo-

1911 5113 2026 5158 rata
2054 5110 2210 5172 atque
2245 5101 2545 5171 conscripta
2570 5118 2674 5155 non
2701 5102 3109 5162 arbitrabantur.
3146 5104 3437 5155 invenimus
3458 5105 3498 5165 ﬂ;

1912 5197 2007 5252 sed
2040 5197 2151 5250 sive
2174 5205 2391 5265 propter
2415 5195 2594 5249 turbas
2618 5196 3012 5265 negligentiutn,
3044 5198 3154 5249 sive
3176 5209 3390 5264 propter
3423 5199 3499 5248 in—

1912 5291 2154 5344 vidorum
2185 5289 2570 5344 occultationes
2601 5289 2784 5342 latent.
2818 5289 2970 5354 Quod
3001 5300 3174 5342 utrum
3205 5290 3270 5342 de
3299 5289 3501 5343 ratione

1913 5379 2216 5450 disputandi
2263 5380 2377 5435 ﬁeri
2422 5381 2612 5449 possit,
2647 5379 2832 5448 ignoro
2871 5399 2884 5434 :
2926 5391 2979 5434 et
3014 5379 3217 5433 videtur
3241 5381 3365 5433 tnihi
3397 5397 3500 5435 non

1913 5487 2092 5544 posse,
2120 5475 2241 5544 quia
2275 5489 2369 5543 per
2405 5481 2569 5527 totum
2613 5481 2812 5527 textum
2841 5474 3227 5540 Scripturarum
3259 5473 3500 5542 colligata

1914 5577 1995 5622 cst
2017 5575 2300 5622 nervorum
2324 5566 2472 5630 vice;
2499 5576 2553 5620 et
2574 5566 2690 5620 ideo
2714 5567 2880 5635 magis
2901 5565 2964 5618 ad
2987 5566 3226 5636 ambigua
3251 5566 3499 5622 solventia

1979 5685 1994 5712 ι
2023 5687 2096 5727 Er.
2121 5686 2172 5742 et
2195 5687 2302 5730 Lov.
2323 5715 2337 5740 ,
2362 5677 2734 5730 convem'entium
2761 5691 2779 5728 :
2802 5691 2888 5740 pro
2910 5692 3006 5740 quo
3029 5677 3144 5728 Bad.‘
3163 5681 3259 5728 Am.
3289 5685 3339 5730 et
3373 5685 3499 5742 Mss,

1915 5741 2274 5791 concinentium.

1979 5806 1998 5834 ²
2021 5806 2092 5871 sic
2113 5804 2445 5871 novemdecim
2467 5810 2572 5871 ipss.
2599 5807 2654 5871 At
2679 5800 2859 5864 vulgati
2879 5801 3064 5856 habent
3087 5817 3100 5854 :
3122 5810 3268 5866 atque
3292 5812 3503 5858 conscii-

1919 5872 1999 5924 βία
2018 5865 2328 5927 arbitramur,
2359 5879 2454 5916 non
2472 5865 2750 5917 invenimus.
