4060 6454
566 359 637 420 σε
1485 349 1574 406 ns
1611 341 1955 403 DOCTRINA
1992 337 2424 411 cumsuam,
2463 339 2520 397 s.
2561 344 2932 405 AUGUSTlNl
3773 353 3840 411 ω

563 489 618 534 et
645 473 979 547 explicanda,
1009 471 1077 530 de
1099 470 1292 542 quibus
1316 476 1437 540 post
1463 469 1762 538 loquemur,
1790 462 2028 531 legentes
2047 457 2144 512 ad-

559 571 729 643 juvat,
754 584 911 640 quam
942 565 1008 621 ad
1044 564 1309 635 incognita
1339 562 1509 633 signa,
1541 558 1610 614 de
1640 555 1834 628 quibus
1854 567 1998 610 nunc
2029 551 2145 622 agi-

563 680 704 729 mus,
732 659 1119 734 cognoscenda.

561 755 789 816 CAPUT
828 754 1016 810 XL.—-
1035 752 1110 806 Ab
1133 749 1360 806 Ethnicis
1379 747 1421 804 si
1443 745 1566 817 quid
1588 753 1718 800 recte
1741 743 1959 811 dictum,
1978 741 2034 799 in
2055 757 2148 798 no-

924 857 1084 901 strum
1113 859 1259 898 usum
1286 850 1358 897 est
1386 837 1790 895 convertendum.

634 944 723 999 60.
756 939 1064 1009 Philos0phi
1109 944 1289 993 autem
1330 933 1422 1006 qui
1459 940 1744 999 vocantur,
1783 931 1830 985 si
1871 944 1974 1002 qua
2012 927 2148 986 forte

561 1051 686 1091 vera
725 1042 779 1090 et
816 1032 937 1088 ﬁdei
957 1039 1150 1086 nostrae
1177 1025 1571 1082 accommodata
1612 1023 1888 1090 dixerunt,
1919 1022 2148 1077 maxime

561 1124 844 1191 Platonici,
875 1139 980 1178 non
1007 1121 1179 1176 solum
1207 1116 1540 1174 formidanda
1559 1130 1665 1170 non
1685 1103 1826 1177 sunt,
1861 1113 1955 1168 sed
1975 1112 2043 1168 ab
2070 1112 2148 1167 eis

561 1219 724 1274 etiam
747 1227 996 1284 tanquam
1016 1210 1223 1282 injustis
1247 1209 1645 1282 possessoribus
1661 1208 1714 1262 in
1733 1217 1886 1262 usum
1904 1215 2146 1260 nostrum

566 1310 900 1367 vindicanda.
928 1308 1075 1363 Sicut
1101 1305 1242 1362 enim
1269 1302 1507 1376 Egyptii
1545 1317 1650 1357 non
1683 1301 1854 1356 solum
1888 1299 2025 1354 idola
2051 1297 2148 1352 ha-

563 1405 756 1459 bebant
788 1411 842 1457 et
865 1413 1028 1455 onera
1058 1398 1255 1468 gravia,
1281 1411 1398 1467 quae
1423 1394 1648 1465 populus
1677 1391 1838 1448 Israel
1858 1391 2148 1447 detestare-

562 1504 647 1548 tur
687 1502 742 1548 et
783 1492 1024 1562 fugeret,
1066 1489 1161 1545 sed
1189 1489 1350 1545 etiam
1378 1502 1502 1542 vasa
1543 1493 1702 1556 atque
1730 1491 2040 1538 ornamenta
2079 1481 2148 1537 de

561 1602 691 1640 auro
718 1593 772 1638 et
798 1591 1017 1653 argento
1039 1623 1054 1645 ,
1097 1588 1150 1637 et
1185 1589 1386 1636 vestem
1406 1620 1422 1645 ,
1451 1593 1570 1648 quae
1601 1577 1689 1632 ille
1713 1575 1938 1646 populus
1966 1573 2148 1629 exiens

565 1679 632 1734 de
657 1677 923 1749 Egypto,
961 1673 1064 1729 sibi
1090 1673 1268 1745 potius
1311 1680 1559 1738 tanquam
1594 1667 1662 1723 ad
1692 1681 1844 1722 usum
1873 1665 2149 1720 meliorem

560 1769 805 1826 clanculo
834 1765 1152 1827 vindicavit;
1178 1779 1282 1818 non
1305 1762 1618 1816 auctoritate
1640 1759 1872 1829 propria,
1896 1757 1990 1812 sed
2015 1772 2150 1826 pra:-

563 1873 722 1935 cepto
764 1862 880 1929 Dei,
913 1860 1045 1931 ipsis
1073 1857 1340 1929 Egyptiis
1364 1855 1663 1911 nescienter
1689 1850 2150 1908 eommodantihus

561 1973 644 2021 ea,
677 1955 869 2026 quibus
896 1969 1001 2008 non
1045 1953 1181 2007 bene
1209 1948 1493 2005 utebantur
1518 1945 1538 2020 (
1561 1945 1729 2000 Exod.
1761 1960 1838 2009 ιιι,
1866 1942 1957 2010 22,
1983 1951 2029 1997 et
2052 1945 2146 2010 xli,

561 2049 664 2120 '55)
696 2066 708 2101 :
742 2048 819 2102 sic
847 2045 1104 2101 doctrinae
1133 2057 1321 2098 omnes
1346 2041 1632 2096 Gentilium
1656 2055 1764 2092 non
1786 2038 1958 2092 solum
1985 2037 2148 2090 simu-

564 2141 669 2194 lata
697 2147 752 2194 et
789 2136 1156 2208 superstitiosa
1189 2135 1436 2205 ﬁgmenta
1475 2144 1770 2203 gravesque
1797 2128 2036 2183 sarcinas
2061 2143 2150 2184 su-

561 2231 879 2304 pervacanei
902 2229 1098 2284 laboris
1135 2227 1348 2293 habent,
1383 2240 1502 2296 quae
1529 2224 1888 2294 unusquisque
1908 2231 2148 2276 nostrum

562 2327 697 2381 duce
737 2323 950 2380 Christo
987 2323 1054 2377 de
1095 2321 1350 2376 societate
1393 2318 1682 2375 Gentilium
1729 2317 1946 2380 exiens,
1989 2314 2150 2369 debet

562 2415 857 2472 abominari
897 2422 1056 2483 atque
1085 2412 1350 2477 det-itare;
1397 2409 1490 2465 sed
1532 2409 1690 2464 etiam
1717 2407 1963 2462 liberales
1993 2405 2152 2460 disci-

561 2509 734 2581 plinas
759 2508 876 2564 usui
904 2505 1142 2562 veritatis
1166 2505 1420 2575 aptiores,
1445 2511 1500 2558 et
1519 2501 1759 2572 qumdam
1779 2515 1989 2554 morum
2016 2515 2151 2568 prae-

560 2611 714 2672 cepta
735 2599 1014 2656 utilissima
1031 2599 1323 2662 continent,
1342 2596 1513 2665 deque
1532 2595 1650 2664 ipso
1669 2609 1774 2648 uno
1795 2593 1904 2648 Deo
1923 2591 2150 2647 colendo

560 2692 814 2748 nonnulla
841 2707 965 2746 vera
991 2689 1330 2744 inveniuntur
1349 2687 1488 2757 apud
1509 2701 1634 2750 eos;
1657 2685 1797 2756 quod
1816 2699 2000 2739 eorum
2028 2691 2150 2738 tan-

561 2801 718 2856 quam
746 2799 932 2837 aurum
958 2792 1012 2838 et
1034 2791 1334 2852 argentum,
1363 2779 1505 2850 quod
1531 2793 1637 2833 non
1664 2778 1762 2847 ipsi
1785 2777 2146 2842 instituerunt,

562 2876 654 2930 sed
686 2875 752 2930 de
785 2872 1100 2945 quibusdam
1130 2872 1280 2942 quasi
1310 2870 1536 2925 metallis
1564 2869 1755 2924 divina:
1779 2866 2146 2939 providentia),

564 2982 683 3037 quae
709 2965 903 3036 ubique
946 2963 1114 3018 infusa
1137 2972 1243 3029 est,
1272 2971 1545 3040 aruerunt,
1576 2969 1630 3015 et
1657 2975 1762 3030 quo
1791 2973 2041 3030 perverse
2065 2967 2150 3013 at-

559 3075 662 3128 que
701 3058 959 3128 injuriose
983 3056 1048 3110 ad
1075 3055 1326 3125 obsequia
1355 3054 1656 3109 daemonum
1695 3053 1998 3117 abutuntur,
2029 3067 2148 3106 cum

564 3151 632 3205 ab
673 3165 856 3205 eorum
887 3149 1079 3203 misera
1109 3148 1364 3202 societate
1397 3160 1516 3201 sese
1533 3145 1712 3200 animo
1738 3153 1964 3214 separat,
1993 3142 2151 3197 debet

559 3241 633 3295 ah
655 3242 734 3296 eis
758 3239 966 3295 auferre
989 3239 1312 3294 christianus
1333 3236 1400 3292 ad
1427 3251 1584 3291 usum
1604 3236 1804 3305 justum
1829 3235 2149 3305 praedicandi

563 3333 859 3404 Evangelii.
893 3331 1108 3388 Vestem
1150 3344 1364 3400 quoque
1391 3329 1622 3392 illorum,
1645 3327 1695 3382 id
1741 3335 1843 3394 est,
1873 3326 2149 3382 hominum

559 3427 771 3498 quidem
800 3426 1058 3492 instituta,
1077 3423 1172 3480 sed
1189 3433 1364 3478 tamen
1381 3421 1781 3478 accommodata
1795 3421 2040 3476 humanze
2057 3435 2146 3476 so-

561 3501 763 3584 cietati,
791 3532 894 3588 qua
918 3517 970 3572 in
995 3517 1094 3572 hac
1113 3517 1221 3571 vita
1241 3530 1425 3570 carere
1449 3529 1554 3570 non
1581 3527 1887 3584 possumus,
1909 3513 2149 3583 accipere

559 3617 718 3679 atque
763 3608 965 3664 habere
993 3607 1202 3664 licuerit
1231 3609 1285 3662 iu
1312 3621 1466 3661 usum
1513 3604 1873 3662 convertenda
1900 3603 2149 3660 christia-

558 3715 708 3756 num.

631 3795 720 3849 6i.
749 3793 882 3852 Nam
906 3792 1031 3864 quid
1057 3793 1199 3849 aliud
1241 3792 1482 3849 fecerunt
1510 3792 1665 3848 multi
1689 3791 1816 3847 boni
1843 3790 2025 3847 ﬁdeles
2048 3804 2148 3845 no-

562 3887 695 3942 stri?
715 3886 902 3942 Nonne
926 3887 1212 3957 aspicimus
1232 3895 1430 3958 quanto
1451 3902 1584 3942 auro
1607 3894 1662 3941 et
1687 3895 1905 3956 argento
1925 3893 1979 3940 et
2003 3891 2149 3939 veste

562 3978 939 4034 suffarcinatus
957 3979 1145 4034 exierit
1167 3978 1234 4034 de
1253 3978 1484 4050 Aigypto
1508 3978 1802 4050 Cyprianus
1823 3978 2010 4033 doctOr
2030 3991 2150 4031 sua-

563 4069 816 4126 vissimus
841 4078 896 4125 et
936 4079 1139 4142 martyr
1168 4070 1535 4126 beatissimus?
1574 4081 1770 4141 quanto
1805 4069 2149 4125 Lactantius?

561 4169 760 4230 quanto
783 4159 1108 4226 Victorinus,
1137 4159 1358 4232 Optatus
1382 4201 1396 4226 ,
1429 4160 1689 4228 Hilarius,
1719 4169 1779 4215 ut
1813 4160 1881 4216 de
1907 4161 2040 4216 vivis
2067 4169 2148 4215 ta-

563 4251 758 4308 ceam?
785 4261 984 4322 quanto
1015 4252 1429 4307 innumerabiles
1453 4251 1622 4308 Crteci
1643 4253 1667 4306 ?
1691 4252 1841 4320 Quod
1865 4253 2012 4323 prior
2036 4252 2150 4322 ipse

561 4344 902 4402 ﬁdelissimus
931 4343 1026 4399 Dei
1055 4344 1282 4400 famulus
1308 4344 1515 4415 Moyses
1545 4344 1760 4410 fecerat,
1787 4344 1854 4400 de
1882 4359 1987 4414 quo
2011 4347 2149 4400 scri-

562 4447 708 4509 ptum
739 4446 821 4492 est
848 4436 990 4508 quod
1018 4437 1257 4494 eruditus
1294 4438 1450 4494 fuerit
1491 4440 1636 4494 omni
1683 4441 1940 4509 sapientia
1980 4439 2148 4511 Egy-

562 4533 790 4601 ptiorum
815 4531 968 4601 (Act.
998 4545 1093 4599 vn,
1115 4531 1231 4601 22).
1261 4531 1462 4600 Quibus
1482 4532 1730 4588 omnibus
1749 4533 1876 4588 viris
1895 4533 2151 4603 supersti-

561 4623 696 4676 tiosa
730 4621 979 4678 Gentium
1004 4624 1358 4690 consuetudo,
1407 4633 1461 4679 et
1487 4625 1715 4680 maxime
1759 4625 1860 4679 illis
1889 4625 2147 4696 tempori-

563 4713 682 4780 bus,
727 4728 847 4768 cum
881 4713 1076 4769 Christi
1107 4716 1371 4771 recutiens
1396 4716 1578 4786 jugum
1606 4717 1935 4772 Christianos
1963 4732 2147 4786 perse-

561 4804 854 4875 quebatur,
886 4805 1193 4876 disciplinas
1221 4822 1351 4877 quas
1384 4808 1541 4862 utiles
1585 4808 1846 4874 habebat,
1877 4825 2148 4880 nunquam

559 4896 957 4965 commodaret,
991 4899 1034 4952 si
1061 4913 1152 4954 eas
1192 4899 1244 4954 in
1271 4914 1424 4954 usum
1463 4898 1670 4955 colendi
1701 4901 1857 4954 unius
1887 4901 2014 4968 Dei,
2043 4917 2148 4972 quo

561 5003 730 5044 vanus
759 4989 1024 5046 idolorum
1067 4991 1241 5046 cultus
1271 4990 1705 5059 exscinderetur,
1736 5008 2054 5048 conversum
2083 4995 2149 5050 iri

562 5084 926 5153 suspicaretur
943 5102 964 5139 :
998 5084 1091 5140 sed
1117 5085 1378 5140 dederunt
1399 5101 1586 5140 aurum
1607 5128 1622 5153 ,
1663 5096 1717 5140 et
1758 5096 2032 5158 argentum
2053 5130 2068 5154 ,
2095 5097 2148 5143 et

563 5184 766 5230 vestem
794 5190 943 5230 suam
970 5177 1182 5232 exeunti
1208 5178 1406 5248 populo
1436 5178 1526 5232 Dei
1549 5177 1615 5233 de
1639 5178 1890 5250 Egypto,
1918 5181 2149 5236 nescien-

561 5275 642 5322 tes
671 5267 1115 5338 quemadmodum
1156 5268 1241 5322 illa
1269 5283 1387 5338 qua:
1425 5268 1650 5336 dabant,
1681 5271 1732 5325 in
1761 5269 1960 5327 Christi
1989 5273 2148 5329 obse-

560 5361 742 5431 quium
782 5360 1054 5418 cederent.
1100 5361 1232 5416 Illud
1278 5363 1422 5417 enim
1472 5366 1524 5418 in
1571 5364 1757 5420 Exodo
1786 5365 2002 5433 factum,
2033 5369 2149 5425 sine

560 5451 722 5506 dubio
753 5453 1030 5523 ﬁguratum
1058 5462 1168 5518 est,
1211 5463 1270 5509 ut
1306 5453 1408 5511 hoc
1447 5456 1832 5528 praesignaret;
1862 5462 2003 5530 quod
2031 5462 2148 5518 sine

558 5542 870 5614 prmjudicio
895 5545 1136 5614 alterius,
1167 5554 1258 5603 aut
1285 5548 1449 5619 paris,
1474 5556 1566 5605 aut
1591 5551 1829 5608 melioris
1849 5552 2148 5626 intelligen-

561 5635 646 5693 tia:
665 5635 912 5694 dixerim.
1888 5636 1892 5640 ’

2252 457 2476 518 CAPUT
2524 462 2660 519 XLI.
2700 495 2771 506 —-
2809 465 3050 522 Studium
3092 467 3376 540 Scriptura!
3416 486 3606 540 εαενω,
3641 472 3839 544 qualem

2482 557 2703 610 animant
2729 559 2968 628 requirat.
3007 559 3227 632 Hyssopi
3253 563 3602 633 praprietatcs.

2325 646 2414 703 62.
2443 646 2549 704 Sed
2569 648 2674 703 hoc
2709 651 2869 704 modo
2899 651 3187 708 instructus
3211 653 3507 709 divinarum
3531 653 3840 726 Scriptura-

2250 754 2370 795 rum
2401 741 2702 809 studiosus,
2732 759 2853 799 cum
2902 745 2969 800 ad
3007 761 3098 801 eas
3137 749 3546 818 perscrutandas
3583 750 3842 809 accedere

2251 831 2495 900 coeperit,
2518 832 2644 888 illud
2666 835 3013 904 apostolicum
3034 837 3266 907 cogitare
3294 854 3398 894 non
3425 848 3636 895 cesset:
3660 840 3842 898 Scieno

2252 921 2322 976 tia
2340 923 2506 993 inﬂat,
2528 925 2750 980 clraritas
2773 927 2993 995 ludiﬁcat
3020 927 3063 998 (I
3081 929 3196 982 Cor.
3214 945 3328 998 vm,
3353 930 3429 1002 l).
3451 930 3528 987 Ita
3552 933 3694 987 enim
3717 949 3844 990 sen-

2251 1013 2368 1080 tiet,
2401 1017 2643 1084 quamvis
2672 1016 2737 1072 de
2763 1016 2998 1090 Egypto
3025 1018 3174 1074 dives
3199 1029 3373 1087 exeat,
3403 1031 3578 1079 tamen
3605 1023 3702 1078 nisi
3733 1025 3842 1080 Pa-

2251 1106 2380 1162 scha
2408 1109 2595 1177 egerit,
2625 1109 2827 1163 salvum
2855 1125 2914 1166 se
2941 1125 3061 1167 esse
3090 1128 3194 1167 non
3224 1128 3402 1185 posse.
3437 1115 3638 1171 Pascha
3659 1125 3838 1172 autem

2251 1205 2492 1253 nostrum
2526 1200 2831 1256 immolatus
2867 1211 2950 1258 est
2974 1203 3218 1259 Christus
3249 1204 3370 1276 (Id.
3401 1222 3455 1272 v,
3483 1208 3569 1278 7),
3600 1208 3839 1279 nihilque

2251 1290 2422 1360 magis
2451 1291 2744 1348 immolatio
2779 1293 2974 1350 Christi
3006 1309 3104 1352 nos
3131 1296 3285 1354 docet
3303 1339 3318 1366 ,
3359 1314 3515 1370 quam
3541 1300 3668 1356 illud
3697 1301 3839 1372 quod

2251 1381 2364 1452 ipse
2386 1384 2594 1450 clamat,
2624 1394 2871 1456 tanquam
2894 1387 2962 1442 ad
2982 1403 3075 1444 eos
3096 1404 3230 1458 quos
3255 1390 3308 1444 in
3328 1390 3560 1463 Egypto
3580 1393 3678 1447 sub
3704 1394 3841 1449 Pha-

2250 1488 2414 1530 raone
2453 1475 2594 1530 videt
2621 1476 2900 1533 laborare:
2947 1478 3116 1534 Venite
3151 1481 3220 1535 ad
3257 1499 3356 1554 me,
3387 1485 3473 1552 qui
3517 1484 3756 1539 laboratis
3789 1493 3839 1540 et

2250 1569 2447 1622 onerati
2485 1570 2623 1638 estis,
2651 1579 2698 1624 et
2739 1587 2831 1642 ego
2863 1572 3089 1642 reﬁciam
3118 1591 3224 1629 vos.
3258 1574 3443 1630 Tollite
3457 1578 3641 1648 jugum
3672 1594 3839 1632 meum

2249 1677 2402 1731 super
2439 1678 2555 1727 vos,
2587 1673 2647 1747 [et
2689 1664 2866 1720 discite
2897 1684 2930 1720 a
2963 1684 3042 1721 me
3069 1669 3189 1738 quia
3221 1669 3358 1724 mitis
3397 1687 3512 1724 sum
3545 1681 3594 1726 et
3633 1671 3840 1727 humilis

2250 1753 2441 1821 corde;
2477 1764 2523 1808 et
2564 1756 2824 1812 invenietis
2860 1761 3081 1829 requiem
3119 1762 3381 1817 animabus
3411 1765 3603 1820 vestris.
3646 1765 3840 1837 Iugum

2251 1845 2385 1898 enim
2415 1860 2579 1898 meum
2597 1847 2707 1901 lene
2734 1857 2824 1913 est,
2851 1858 2898 1903 et
2921 1853 3121 1906 sarcina
3144 1869 3255 1907 mea
3279 1855 3399 1912 levis
3418 1865 3489 1909 est
3515 1855 3732 1927 (Matth.
3760 1872 3836 1923 ιι,

2250 1934 2454 2007 28-50)
2480 1955 2492 1989 :
2515 1939 2726 2008 quibus,
2751 1941 2851 1996 nisi
2878 1942 3091 1998 mitibus
3116 1952 3170 1998 et
3190 1944 3476 2002 humilibus
3502 1947 3683 2015 corde,
3705 1963 3842 2018 quos
3892 1961 3903 1964 ·

2253 2043 2358 2082 non
2390 2029 2538 2084 inﬂat
2563 2031 2804 2099 scientia,
2836 2033 2928 2088 sed
2967 2034 3199 2090 charitas
3223 2037 3485 2093 aediﬁcat?
3507 2039 3843 2097 Meminerint

2251 2137 2379 2192 ergo
2418 2138 2601 2178 eorum
2637 2126 2726 2194 qui
2770 2126 2968 2182 Pascha
3001 2128 3094 2182 illo
3132 2136 3372 2199 tempore
3407 2146 3503 2201 per
3531 2132 3840 2188 umbrarum

2253 2213 2560 2283 imaginaria
2590 2216 2932 2272 celebrabant
2956 2219 2993 2283 ι,
3013 2233 3133 2273 cum
3159 2220 3354 2290 signari
3385 2230 3564 2290 postes
3585 2223 3842 2293 sanguine

2251 2306 2373 2373 agni
2394 2307 2740 2375 juberentur,
2775 2309 3006 2380 hyssopo
3041 2308 3208 2366 fuisse
3235 2311 3469 2382 signatos
3499 2311 3704 2384 (Ex-od.
3741 2330 3838 2382 xu,

2252 2397 2380 2468 22).
2408 2398 2583 2454 Herba
2612 2400 2728 2456 haec
2763 2401 2908 2457 mitis
2935 2412 2989 2458 et
3017 2404 3234 2458 humilis
3260 2415 3342 2460 est
3365 2446 3380 2471 ,
3408 2415 3463 2460 et
3496 2406 3626 2462 nihil
3653 2406 3843 2463 fortius

2253 2499 2307 2544 et
2352 2492 2730 2560 penetrabilius
2758 2495 2874 2564 ejus
2904 2495 3207 2552 radicibus:
3234 2505 3293 2551 ut
3320 2497 3373 2551 in
3416 2499 3673 2556 charitate
3696 2500 3843 2555 radi-

2253 2585 2354 2636 cati
2383 2594 2435 2638 et
2465 2583 2660 2640 fundati
2689 2588 2956 2657 possimus
2977 2589 3430 2658 comprehendere
3449 2605 3570 2646 cum
3595 2591 3844 2646 omnibus

2255 2677 2476 2741 sanctis,
2521 2693 2639 2746 qua;
2661 2677 2731 2732 sit
2766 2678 3014 2746 latitudo,
3043 2688 3095 2733 et
3125 2677 3416 2750 longitudo,
3438 2691 3492 2735 et
3515 2681 3760 2748 altitudo,
3789 2689 3844 2738 et

2255 2765 2594 2836 profundum,
2623 2768 2674 2823 id
2701 2779 2800 2838 est,
2831 2785 3043 2826 crucem
3071 2771 3278 2826 Domini
3299 2787 3315 2830 ;
3335 2771 3485 2843 cujus
3513 2773 3732 2829 latitudo
3755 2772 3842 2828 di-

2253 2862 2390 2916 citur
2432 2863 2484 2916 in
2522 2872 2826 2919 transverso
2872 2865 3047 2936 ligno,
3087 2880 3193 2935 quo
3236 2866 3593 2922 extenduntur
3619 2880 3842 2933 manus;

2253 2955 2544 3026 longitudo,
2571 2972 2604 3012 a
2631 2965 2770 3012 terra
2799 2973 2966 3028 usque
2993 2957 3059 3012 ad
3100 2958 3270 3028 ipsam
3300 2958 3650 3024 latitudinem,
3679 2972 3785 3028 quo
3810 2972 3844 3012 a

2253 3048 2498 3103 manibus
2523 3058 2574 3103 et
2597 3048 2730 3102 infra
2755 3057 2922 3102 totum
2948 3062 3141 3118 corpus
3161 3048 3418 3119 afligitur;
3448 3048 3688 3116 altitudo,
3715 3064 3746 3103 a
3767 3049 3847 3105 la-

2255 3139 2477 3194 titudine
2514 3154 2724 3194 sursum
2752 3155 2921 3210 usque
2947 3140 3014 3195 ad
3042 3155 3328 3209 summum,
3360 3142 3444 3198 cui
3483 3141 3719 3198 adhzeret
3753 3156 3846 3197 ca-

2252 3241 2349 3301 put
2371 3232 2428 3296 ”;
2461 3230 2782 3300 profundum
2821 3247 2968 3297 vero,
2997 3232 3138 3302 quod
3171 3242 3325 3287 terrae
3365 3233 3584 3288 inﬁxum
3611 3235 3844 3290 abscon-

2251 3320 2412 3376 ditur.
2437 3322 2553 3389 Quo
2574 3322 2726 3392 signo
2752 3324 2948 3390 crucis,
2978 3324 3152 3378 omnis
3177 3324 3316 3379 actio
3334 3324 3620 3378 christiana
3643 3324 3848 3380 descri-

2250 3415 2425 3482 bitur,
2466 3415 2603 3472 bene
2641 3418 2851 3487 operari
2896 3417 2948 3472 in
2979 3416 3228 3482 Christo,
3263 3425 3320 3474 et
3354 3419 3405 3473 ei
3443 3427 3848 3488 perseveranter

2252 3505 2550 3574 inhmrere,
2581 3523 2799 3579 sperare
2837 3509 3074 3565 coelestia
3095 3549 3110 3577 ,
3152 3519 3486 3566 sacramenta
3513 3525 3618 3565 non
3662 3509 3846 3580 profa-

2251 3613 2382 3654 nare
2401 3598 2496 3671 (a).
2520 3599 2624 3655 Per
2652 3599 2789 3655 hanc
2813 3602 3074 3656 actionem
3103 3602 3309 3672 purgati
3337 3601 3629 3657 valebimus
3648 3616 3849 3674 cogno-

2252 3705 2403 3746 scere
2463 3691 2624 3744 etiam
2686 3693 3169 3761 supereminentem
3236 3692 3471 3746 scientia:
3527 3692 3846 3751 charitatem

2251 3781 2447 3837 Christi
2472 3780 2511 3846 ³,
2545 3796 2646 3851 qua
2689 3783 2907 3852 aequalis
2935 3789 3018 3837 est
3045 3781 3209 3848 Patri,
3239 3797 3333 3851 per
3369 3797 3526 3852 quem
3555 3782 3693 3839 facta
3719 3795 3846 3842 sunt

2250 3874 2428 3929 omnia
2453 3914 2470 3940 ,
2514 3883 2575 3928 ut
2610 3863 2932 3944 impleamur
2972 3875 3028 3929 in
3069 3890 3282 3930 omnem
3327 3876 3706 3946 plenitudinem
3745 3879 3846 3936 Dei

2255 3964 2480 4037 (Ephes.
2513 3981 2591 4034 ιιι,
2623 3964 2848 4037 47—19).
2880 3966 2978 4021 Est
3004 3967 3164 4021 etiam
3201 3967 3252 4022 in
3283 3967 3515 4040 hyssopo
3538 3967 3620 4024 vis
3645 3984 3844 4040 purga-

2254 4058 2411 4125 toria,
2442 4072 2511 4113 ne
2536 4057 2755 4112 inﬂante
2782 4058 3007 4113 scientia
3031 4061 3100 4113 de
3125 4058 3322 4113 divitiis
3345 4059 3412 4114 ab
3438 4059 3670 4131 Egypto
3698 4061 3845 4116 abla-

2238 4149 2342 4219 ~tis,
2371 4152 2600 4222 superbe
2627 4151 2824 4220 aliquid
2850 4152 3032 4221 pulmo
3053 4152 3288 4208 tumidus
3313 4152 3527 4207 anhelet
3551 4170 3564 4206 :
3594 4153 3844 4226 Asperges

2253 4260 2351 4308 me,
2401 4243 2590 4313 inquit,
2623 4243 2842 4314 hyssopo
2880 4253 2926 4298 et
2952 4243 3284 4312 :mundabor;
3315 4244 3504 4298 lavabis
3531 4261 3628 4312 me,
3661 4256 3707 4300 et
3747 4262 3842 4300 su-

2254 4351 2342 4406 per
2368 4335 2530 4388 niuem
2575 4335 2864 4390 dealbabor.
2897 4336 3108 4390 Auditui
3139 4353 3246 4390 meo
3290 4337 3432 4391 dabis
3457 4339 3840 4394 exsultationem

2251 4433 2298 4480 et
2324 4425 2571 4479 lwtitiam.
2599 4425 2801 4480 Deinde
2826 4435 3214 4497 consequenter
3251 4429 3488 4482 annectit
3511 4437 3567 4482 ut
3593 4427 3842 4486 ostendat

2253 4521 2619 4586 purgationem
2648 4532 2680 4570 a
2707 4518 2952 4587 superbia
2983 4518 3266 4590 signiﬁcari
3293 4519 3546 4590 hyssopo,
3575 4519 3641 4574 Et
3665 4520 3841 4576 exsul-

2251 4607 2424 4661 tabant
2443 4624 2560 4661 ossa
2579 4608 2844 4662 humiliata
2865 4610 2884 4680 (
2903 4608 3049 4664 Psal.
3078 4627 3128 4675 L,
3147 4611 3201 4676 9,
3231 4610 3298 4666 10

2252 4725 2273 4773 ι
2323 4701 2548 4759 CAPUT
2586 4700 3027 4760 XLII.-—Sacrae
3065 4704 3346 4774 Scriptura?
3385 4720 3499 4758 cum
3541 4705 3760 4775 profana

2878 4798 3210 4868 comparatio.

2324 4887 2412 4943 65.
2453 4888 2719 4956 Quantum
2748 4897 2925 4944 autem
2949 4889 3122 4943 minor
3146 4897 3228 4943 est
3251 4889 3385 4954 auri,
3414 4888 3620 4960 argenti
3644 4887 3830 4944 vestis-

2251 4996 2355 5050 que
2374 4981 2523 5051 copia
2543 5023 2559 5050 ,
2582 4996 2741 5051 quam
2765 4980 2833 5036 de
2852 4981 3083 5052 ΕΒΗ)ιο
3111 4995 3292 5036 secum
3330 4980 3419 5035 ille
3444 4980 3672 5051 populus
3701 4979 3832 5035 abs-

2881 5149 2906 5184 r
2928 5134 3147 5185 umbram
3518 5131 3836 5185 celebrabant.

2315 5140 2336 5233 ;
2501 5145 2600 5186 Am.
2627 5143 2679 5187 et
2699 5143 2795 5197 Er.,
2819 5148 2910 5246 per
2928 5137 3147 5185 umbram
3518 5137 3836 5185 celebrabant.

2457 5236 2468 5247 .
2495 5209 2594 5249 Am.
2618 5205 2691 5247 Er.
2718 5206 2822 5260 etp
2843 5210 3015 5260 ertque
3038 5205 3173 5258 Mss.,
3299 5209 3535 5248 eumnam
3555 5209 3649 5260 quo
3670 5194 3840 5246 adlue-

2250 5200 2260 5221 τ
2315 5203 2336 5233 ί
2359 5200 2468 5250 Bad.
2495 5209 2594 5249 Am.
2618 5205 2691 5247 Er.
2718 5206 2770 5249 et
2791 5198 3015 5261 plerique
3038 5205 3173 5258 Mss-a

2251 5268 2508 5393 ’έοἯῖἒ
2534 5320 2965 5393 Supereminentem
3277 5319 3525 5393 charitatis
3556 5318 3751 5371 Christi.
3785 5324 3842 5369 At

2251 5387 2419 5454 plures
2441 5393 2492 5434 et
2515 5385 2729 5454 melioris
2751 5392 2877 5454 nota:
2899 5390 3027 5442 Mss,
3050 5385 3263 5454 scientia
3284 5385 3580 5454 charitatem.
3617 5442 3630 5454 _
3702 5443 3711 5454 _

2314 5449 2386 5510 (α)
2409 5446 2684 5512 Legendum
2725 5445 2932 5512 videtur,
2971 5444 3358 5512 propalare,quo
3388 5453 3486 5496 stet
3525 5442 3745 5512 analogia
3776 5441 3843 5512 ad

2251 5507 2503 5573 superiora
2527 5509 2694 5573 isthagc
2723 5509 2909 5573 verba:
2941 5507 3242 5573 Proﬂmdum
3277 5507 3388 5573 itero
3419 5507 3547 5573 quod
3581 5512 3726 5556 terra:
3769 5507 3844 5573 trt-

2249 5566 2408 5638 fiafum
2441 5568 2763 5638 absconditur.
2789 5571 2860 5618 sic
2882 5571 2930 5638 in
2953 5566 3096 5632 epist.
3128 5571 3207 5632 55,
3231 5571 3292 5619 ad
3313 5566 3605 5638 genuarium,
3629 5579 3745 5638 (κιρ...
3766 5566 3841 5638 tt,

2250 5627 2300 5684 'n.
2327 5634 2406 5693 25,
2424 5633 2506 5680 uiai
2531 5632 2959 5695 dominiczecrucis
2981 5627 3160 5695 partes,
3190 5627 3517 5693 eamdemque
3541 5627 3748 5694 AliostOIi
3782 5629 3843 5676 ad

2251 5695 2425 5758 Ephes.
2451 5696 2481 5743 5
2505 5695 2661 5758 locum
2683 5694 3055 5758 ad'christiauos
3071 5707 3232 5744 mores
3249 5695 3414 5758 itidem
3432 5695 3661 5744 transfert
3683 5699 3846 5754 Augu-

2251 5756 2425 5817 sanus,
2455 5775 2479 5804 ι
2497 5756 2798 5820 Profundum,
2818 5757 2902 5818 ait,
2934 5757 3064 5820 quod
3083 5764 3231 5810 terrae
3256 5756 3456 5808 inﬁxum
3487 5763 3566 5808 est
3593 5760 3846 5807 secretum

2260 5836 2286 5870 ε
2304 5820 2591 5872 sacramenti
2612 5818 2901 5884 praeﬁgunt.
2917 5833 2942 5866 ι
