4060 6454
234 386 305 483 σε
1178 377 1186 397 ’
1270 376 1288 386 ”
1591 420 1790 478 LIBER

1923 416 2143 481 artus.
2362 373 2608 393 ’Π
2799 369 2819 420 ί
2993 374 3005 393 ⁷
3101 378 3207 504 ’
3453 428 3523 493 εδ

233 542 387 607 tulit,
438 540 492 595 in
518 537 915 610 comparatione
941 536 1246 592 divitiarum
1287 551 1418 607 quas
1458 545 1645 608 postea
1673 536 1834 592 Jero-

232 631 463 703 solymm
493 641 816 687 consecutus
861 638 979 698 est,
1024 646 1144 700 qua:
1191 630 1421 685 maxime
1451 630 1503 684 in
1547 629 1834 686 Salomone

225 736 354 793 rege
374 722 734 778 ostenduntur
760 721 859 794 (lll
885 721 1014 794 Reg.
1043 737 1098 787 ι,
1129 720 1355 794 14-25);
1390 730 1532 776 tanta
1559 723 1616 775 ﬁt
1643 730 1833 776 cuncta

224 815 482 882 scientia,
528 831 648 885 quae
678 815 892 885 quidem
938 824 1021 871 est
1062 815 1241 882 utilis,
1299 815 1521 870 collecta
1565 815 1633 870 de
1680 815 1829 869 libris

221 905 480 962 Gentium
502 949 518 973 ,
545 907 596 962 si
617 907 915 961 divinarum
938 906 1328 976 Scripturarum
1355 907 1591 962 scientia:
1613 921 1830 976 compa-

217 1007 395 1053 retur.
427 997 560 1051 Nam
589 999 846 1070 quidquid
887 999 1048 1053 homo
1069 1009 1218 1054 extra
1241 998 1520 1066 didicerit,
1545 999 1588 1053 si
1613 998 1828 1052 noxium

216 1101 339 1156 est,
366 1091 440 1146 ibi
469 1090 794 1157 damnatur;
824 1091 868 1146 si
897 1093 1025 1147 utile
1053 1100 1166 1158 est,
1199 1092 1268 1145 ibi
1292 1089 1579 1147 invenitur.
1609 1089 1677 1143 Et
1705 1104 1826 1144 cum

220 1182 291 1236 ibi
323 1181 558 1252 quisque
587 1184 851 1239 invenerit
874 1183 1051 1238 omnia
1080 1199 1198 1253 qua:
1231 1182 1430 1238 utiliter
1457 1182 1583 1236 alibi
1610 1180 1822 1247 didicit,

219 1272 394 1327 multo
446 1273 813 1329 abundantius
865 1274 938 1329 ibi
990 1274 1226 1328 inveniet
1278 1288 1341 1328 ea
1388 1288 1508 1344 quae
1558 1287 1824 1342 nusquam

220 1365 442 1420 omnino
470 1367 643 1434 alibi,
695 1367 790 1422 sed
819 1367 872 1422 in
922 1367 1130 1422 illarum
1182 1366 1550 1421 tantummodo
1579 1366 1820 1436 Scriptu-

219 1473 400 1514 rarum
451 1459 688 1514 mirabili
714 1459 995 1516 altitudine
1037 1469 1092 1516 et
1131 1461 1359 1516 mirabili
1391 1460 1689 1515 humilitate
1731 1457 1818 1513 di-

1942 549 2180 595 scuntur.
2230 535 2340 594 Hac
2367 538 2525 610 igitur
2546 537 2890 596 instructione
2919 522 3197 612 pricditum
3225 558 3345 598 cum
3372 546 3522 616 signa

1939 633 2207 704 incognita
2236 633 2485 688 lectorem
2513 649 2617 690 non
2651 635 3014 705 impedierint,
3043 637 3226 693 mitem
3268 647 3319 693 et
3348 639 3520 694 numi-

1937 723 2042 781 lem
2069 724 2264 794 corde,
2296 725 2633 797 subjugatum
2667 726 2857 782 leniter
2885 727 3097 784 Christo
3115 771 3130 795 ,
3160 737 3216 785 et
3238 741 3518 786 oneratum

1936 817 2142 872 sarcina
2165 818 2264 872 levi
2288 857 2304 885 ,
2338 817 2612 873 fundatum
2641 827 2695 872 et
2721 818 3011 874 radicatam
3039 830 3090 876 et
3116 820 3428 876 aediﬁcatum
3463 822 3519 878 in

1935 909 2223 975 charitate,
2250 924 2407 980 quem
2430 909 2448 940 ¹
2472 909 2692 964 scientia
2721 909 2906 965 inﬂare
2935 927 3038 965 non
3071 913 3269 981 possit,
3301 913 3519 969 accedat

1934 1001 2002 1056 ad
2027 1001 2271 1071 ambigua
2293 1001 2442 1070 signa
2469 999 2520 1055 in
2540 1000 2828 1071 Scripturis
2849 1002 3234 1057 consideranda
3261 1013 3315 1059 et
3339 1003 3518 1059 discu-

1935 1093 2140 1161 tienda,
2167 1093 2236 1150 de
2272 1094 2463 1164 quibus
2491 1093 2600 1165 jam
2630 1097 2787 1150 tertio
2812 1096 3078 1150 volumine
3118 1095 3296 1153 dicere
3325 1112 3518 1168 aggre-

1932 1183 2048 1238 diar
2065 1226 2081 1252 ,
2109 1184 2250 1255 quod
2285 1184 2537 1239 Dominus
2565 1183 2764 1239 donare
2788 1185 3112 1257 dignabitur.

1928 1355 2185 1482 quiemsdiu:
2208 1363 2264 1406 In
2285 1353 2535 1419 charitate,
2558 1369 2704 1422 quant
2723 1354 2922 1410 scientia
2939 1356 3125 1423 inﬂare.
3143 1357 3366 1424 Plerique
3388 1367 3518 1422 Mss,

1219 1689 1709 1800 LIBER
1800 1685 2103 1792 TER
2127 1686 2289 1790 ΤΙ
2311 1684 2524 1794 US.

167 1895 176 1905 -
256 1884 537 1945 'lfostquam
558 1879 663 1945 egit
686 1879 735 1928 in
755 1878 1009 1945 superiore
1026 1877 1153 1945 libro
1169 1877 1234 1926 de
1249 1875 1548 1945 removenda
1571 1875 1820 1945 signorum
1836 1871 2122 1944 ignorantia,
2142 1871 2314 1945 transit
2334 1885 2466 1945 nunc
2477 1879 2521 1921 s.
2546 1880 2716 1945 Doctor
2733 1876 2792 1926 ad
2817 1879 3253 1931 considerationem
3273 1881 3515 1945 ambigui-

181 1966 183 1969 -
217 1943 350 2000 tatis,
373 1933 488 2003 quae
505 1933 620 1990 cum
637 1942 688 1989 in
705 1933 913 2002 propriis
929 1947 1031 1990 tum
1050 1941 1100 1989 in
1119 1937 1364 1989 translatis
1380 1939 1534 2000 signis
1550 1933 1773 1986 occurrit.
1800 1943 1849 1984 in
1861 1933 2075 1996 prepriis
2097 1933 2294 1995 quidem
2308 1945 2377 2004 ex
2403 1935 2795 2043 interpunctione
2817 1953 3006 2000 vocum,
3033 1955 3096 1990 ex
3118 1954 3286 1995 earum
3308 1933 3519 2004 produn-

217 2004 438 2043 ﬁalinnp-
468 2017 530 2043 mr
554 2003 747 2043 nneiniti
772 2001 1039 2043 signiﬁcatu
1061 2016 1073 2043 ε
1101 2002 1228 2043 mind
1253 2014 1409 2043 uanus
1429 1999 1756 2043 amltiuuitatis
1775 2011 1838 2043 ex
1857 2002 2089 2043 contextu
2106 2008 2363 2043 sermonis.
2386 2002 2436 2043 et
2453 1996 2524 2043 col
2548 1999 2709 2043 alioue
2733 2000 3073 2043 interm-0mm-
3097 2013 3181 2043 aut,
3205 2004 3311 2043 ρίιις
3339 2003 3519 2043 Ιίηιγιιφ

217 1995 440 2063 ﬁatione,
468 2017 532 2052 ex
554 1995 750 2064 ancipiti
770 1995 1040 2064 signiﬁcatu
1061 2016 1073 2050 :
1101 2002 1229 2064 quod
1250 2014 1409 2063 genus
1425 1995 1756 2064 ambiguitatis
1775 2011 1838 2046 ex
1857 1995 2089 2064 contextu
2106 1995 2368 2064 sermonis,
2386 2002 2436 2044 et
2453 1996 2524 2064 col

2548 1999 2709 2067 atioue
2732 1999 3074 2067 interpretum,
3097 2013 3182 2054 aut
3205 1999 3320 2066 ejus'
3337 2003 3519 2067 linguae

215 2065 348 2128 unde
365 2057 612 2126 scriptura
635 2057 865 2128 translata
889 2071 965 2128 est
987 2057 1290 2128 inspectione
1315 2062 1494 2128 resolvi
1513 2057 1741 2110 ostendit.
1767 2065 1818 2128 In
1838 2057 2088 2128 translatis
2103 2057 2399 2128 vero‘signis
2427 2057 2988 2128 ambiguitascontihgit,
3008 2057 3118 2114 cum
3142 2057 3248 2128 ipsa'
3258 2057 3519 2116 dictiovnon

216 2125 278 2176 ad
300 2117 484 2191 litterae:
505 2138 710 2191 sensum
731 2127 926 2191 ponitur
945 2125 1000 2191 in
1021 2117 1304 2187 Scripturis:
1327 2138 1422 2186 qua
1443 2124 1508 2191 d_e
1525 2134 1586 2191 _re
1609 2122 1864 2191 operosius
1884 2117 2379 2191 disputat,_tradit(fue
2401 2117 2601 2191 regule
2628 2124 2806 2191 quibus
2835 2117 3226 2191 dignoscatur'an
3250 2127 3429 2191 locutio
3461 2128 3516 2176 ﬁ-

218 2189 507 2253 gurata_sit,
538 2193 592 2237 et
625 2187 670 2237 si
707 2181 907 2250 quidem
937 2181 1160 2250 ﬁgurata,
1177 2199 1274 2250 quo
1297 2181 1433 2249 pacto
1458 2181 1656 2234 debeat‘
1671 2181 1918 2246 explicari.
1951 2181 2017 2230 Ad
2051 2185 2327 2229 extremum
2367 2181 2518 2243 ipsius
2547 2181 2757 2234 't‘iclionii
2790 2181 2983 2248 sept'em
3015 2189 3212 2251 regulas
3240 2190 3518 2253 singulatim

221 2249 480 2311 expendit.

1654 2347 2078 2407 ﬂWﬂ

253 2478 483 2535 CAPUT
523 2478 816 2536 PRIMUM.
838 2509 912 2520 —
931 2478 1146 2536 Summa
1171 2479 1486 2550 superiorum
1512 2475 1775 2539 librorum,

741 2581 788 2626 et
816 2589 1000 2642 scapus
1025 2572 1294 2643 sequentis.

288 2665 343 2720 1.
385 2665 564 2720 Homo
609 2666 802 2721 timens
851 2666 1049 2731 Deum,
1075 2664 1402 2720 voluntatem
1435 2663 1550 2734 ejus
1579 2662 1632 2716 in
1670 2657 1814 2715 Scri-

219 2759 390 2828 pturis
417 2759 619 2814 sanctis
650 2759 931 2829 diligenter
959 2759 1196 2827 inquirit.
1251 2757 1320 2812 Et
1344 2773 1411 2812 ne
1454 2764 1595 2810 amet
1636 2762 1811 2808 certa-

222 2850 364 2905 mina
385 2893 401 2917 ,
435 2853 635 2920 pietate
665 2860 1004 2916 mansuetus;
1033 2850 1378 2920 prreinnnitus
1409 2848 1567 2902 etiam
1592 2845 1814 2902 scientia

222 2942 526 3014 linguarum
545 2985 561 3010 ,
609 2959 675 2998 ne
702 2945 756 2997 in
795 2943 969 2998 verbis
997 2942 1454 3012 locutionibusque
1483 2941 1673 3011 ignotis
1701 2937 1812 2992 lue-

221 3044 362 3099 reat;
395 3035 747 3105 praemunitus
784 3034 942 3089 etiam
986 3035 1287 3104 cognitione
1329 3032 1677 3103 quarumdam
1723 3045 1811 3085 re-

221 3141 336 3180 rum
367 3126 792 3180 necessariarum
822 3168 837 3192 ,
888 3141 954 3181 ne
991 3126 1100 3179 vim
1131 3135 1439 3179 naturamve
1479 3139 1660 3179 earum
1693 3138 1813 3192 qua:

222 3226 442 3285 propter
467 3215 872 3270 similitudinem
894 3215 1234 3282 adhibentur,
1259 3215 1500 3286 ignoret;
1529 3215 1814 3284 adjuvante

223 3307 382 3362 etiam
413 3307 659 3363 codicum
710 3308 968 3374 veritate,
1021 3323 1179 3378 quam
1230 3309 1400 3362 solcrs
1425 3306 1813 3362 emendationis

223 3398 496 3470 diligentia
524 3401 826 3470 procuravit
857 3419 870 3454 :
903 3403 1079 3455 veniat
1123 3401 1195 3454 ita
1236 3399 1522 3454 instructus
1549 3399 1614 3454 ad
1644 3399 1814 3454 ambi-

222 3508 320 3563 gua
381 3491 782 3562 Scripturarum
831 3492 1157 3548 discutienda
1210 3502 1369 3563 atque
1426 3492 1702 3546 solvenda.
1744 3491 1814 3548 Ut

224 3593 403 3639 autem
431 3584 603 3653 signis
632 3585 891 3654 ambiguis
917 3601 1020 3638 non
1052 3583 1345 3653 decipiatur
1365 3625 1380 3649 ,
1429 3591 1685 3653 quantum
1717 3598 1814 3652 per

225 3691 318 3730 nos
347 3678 539 3730 instrui
587 3687 759 3746 potest
788 3678 842 3742 ¹;
878 3678 987 3732 lieri
1021 3686 1196 3732 autem
1242 3685 1416 3746 potest
1456 3686 1516 3730 ut
1545 3677 1672 3731 istas
1699 3676 1812 3730 vias

224 3784 352 3838 quas
373 3769 660 3824 ostendere
681 3769 948 3834 volumus,
974 3778 1220 3839 tanquam
1243 3769 1474 3838 pueriles
1499 3769 1583 3823 vel
1611 3768 1812 3839 magni-

227 3859 412 3916 tudine
461 3859 688 3930 ingenii,
745 3860 829 3916 vel
860 3859 1074 3929 majoris
1124 3859 1527 3914 illuminationis
1568 3859 1812 3915 claritate

223 3948 463 4004 derideat
493 3965 507 4003 ;
540 3949 633 4004 sed
662 3959 870 4018 tamen,
922 3959 978 4004 ut
1012 3965 1277 4020 cceperam
1311 3950 1516 4015 dicere,
1555 3961 1810 4020 quantum

224 4054 316 4110 per
350 4056 452 4095 nos
479 4041 668 4096 instrui
699 4049 894 4112 potest,
926 4041 1015 4111 qui
1060 4057 1124 4096 eo
1149 4041 1268 4095 loco
1294 4041 1457 4095 animi
1482 4051 1592 4105 est,
1635 4050 1690 4095 ut
1717 4056 1812 4110 per

224 4149 321 4188 nos
351 4133 541 4187 instrui
575 4133 777 4200 valeat,
806 4134 938 4188 sciat
963 4133 1359 4203 ambiguitatem
1399 4132 1687 4202 Scripturae
1721 4118 1849 4202 autl

227 4225 276 4280 in
299 4226 483 4281 verbis
512 4226 740 4295 prepriis
763 4241 912 4290 esse,
943 4233 1034 4280 aut
1070 4225 1122 4280 in
1152 4225 1458 4291 translatis;
1485 4240 1602 4295 qum
1617 4239 1811 4295 genera

225 4317 274 4372 in
304 4318 545 4373 secundo
574 4317 712 4373 libro
735 4317 1240 4372 demonstravimus.

224 4409 449 4466 CAPUT
490 4410 554 4465 ll.
576 4441 648 4451 —
668 4410 982 4480 Antbiguitas
1001 4427 1062 4464 ea:
1079 4410 1339 4465 verborum
1374 4411 1690 4465 distinctione
1713 4427 1810 4479 quo

809 4504 958 4556 modo
987 4504 1230 4558 tollenda.

288 4595 346 4651 2.
379 4594 488 4651 Sed
525 4610 661 4658 cum,
683 4595 842 4650 verba
871 4597 1081 4665 pr0pria
1111 4596 1309 4650 iaciunt
1334 4595 1633 4666 ambiguam
1662 4595 1809 4652 Scri-

228 4696 459 4758 pturam,
492 4687 667 4757 primo
689 4686 973 4741 videndum
1001 4695 1083 4742 est
1114 4703 1179 4742 ne
1208 4687 1345 4742 male
1372 4687 1771 4743 distinxerimus
1790 4728 1807 4755 ,

227 4789 314 4834 aut
360 4779 904 4850 prouuntiaverimus.
955 4779 1086 4834 Cum
1132 4796 1260 4850 ergo
1297 4781 1534 4835 adhibita
1584 4781 1810 4836 intentio

227 4868 482 4924 incertum
511 4885 632 4925 esse
659 4869 952 4940 perviderit
977 4871 1243 4940 quomodo
1273 4871 1703 4940 distinguendum
1721 4882 1812 4927 aut

226 4959 490 5029 quomodo
510 4961 966 5030 pronuntiandum
999 4962 1102 5025 sit,
1127 4963 1370 5016 consulat
1384 4963 1618 5033 regulam
1647 4963 1767 5018 ﬁdei
1792 5006 1808 5032 ,

227 5069 380 5122 quam
410 5053 481 5108 de
509 5053 906 5124 Scripturarum
939 5054 1265 5124 planioribus
1307 5055 1436 5109 locis
1474 5064 1528 5110 et
1557 5055 1812 5111 Ecclesiae

225 5143 536 5200 auctoritate
566 5145 835 5214 percepit;
893 5143 959 5199 de
989 5160 1088 5214 qua
1139 5145 1266 5198 satis
1311 5146 1546 5215 egimus,
1595 5162 1716 5201 cum
1744 5146 1811 5201 de

226 5237 380 5292 rebus
407 5237 462 5290 in
506 5238 680 5307 primo
711 5236 847 5291 libro
876 5237 1232 5307 loqueremur.
1266 5236 1419 5303 Quod
1445 5238 1488 5292 si
1528 5239 1698 5294 amba:
1729 5239 1811 5293 vel

224 5335 379 5382 etiam
407 5343 629 5395 omnes,
675 5329 720 5382 si
763 5329 941 5398 plures
986 5328 1178 5382 fuerint
1225 5338 1436 5399 partes,
1491 5329 1810 5400 ambiguita-

228 5427 328 5474 teut
355 5421 650 5476 secundum
683 5419 842 5474 ﬁdem
870 5423 1174 5485 sonuerint,
1210 5431 1385 5476 textus
1412 5423 1527 5492 ipse
1547 5423 1812 5477 sermonis

227 5525 254 5562 a
309 5511 734 5580 prmeedentibus
776 5520 830 5565 et
869 5511 1320 5580 consequentibus
1364 5512 1642 5583 partibus,
1693 5529 1812 5584 qua:

288 5693 303 5724 ι
326 5699 433 5756 διεε.
461 5695 643 5756 ltemig.
659 5693 942 5743 Theoderic.
970 5701 1022 5743 et
1042 5693 1239 5742 Cisterc.
1265 5692 1344 5742 hic
1375 5693 1589 5744 addunt:
1611 5701 1813 5745 Jnvante

231 5754 452 5813 Domino,
474 5754 580 5806 han:
599 5754 934 5806 demonstrare
961 5759 1084 5805 totus
1115 5761 1271 5804 noster
1304 5763 1498 5807 conatus
1517 5765 1604 5806 est.
1637 5756 1814 5806 Floria-

228 5819 382 5867 censis
444 5831 565 5867 vero
626 5819 820 5882 miicum
881 5817 1144 5880 interponit
1202 5817 1442 5880 verbum,
1499 5817 1748 5882 explicabo
1793 5831 1811 5868 :

229 5887 482 5943 utrumque
505 5881 725 5944 ineptum
746 5878 1006 5944 glossema.

1925 2466 2322 2538 ambiguitatem
2374 2470 2514 2526 illam
2546 2473 2598 2527 in
2629 2475 2806 2531 medio
2839 2489 3158 2548 posuerunt,
3190 2491 3356 2538 restat
3388 2499 3518 2540 eon-

1933 2557 2218 2627 sulendus,
2244 2571 2301 2615 ut
2326 2561 2600 2619 videamus
2619 2567 2828 2621 cuinam
2851 2572 3148 2635 sententiae,
3178 2574 3244 2629 de
3273 2575 3513 2644 pluribus

1918 2662 2035 2717 quae
2055 2663 2113 2704 se
2141 2651 2450 2720 ostendunt,
2475 2653 2611 2708 ferat
2638 2656 2946 2728 suffragium
2965 2701 2978 2725 ,
3007 2676 3230 2732 eamque
3259 2664 3360 2719 sibi
3377 2681 3509 2720 eon-

1918 2743 2023 2797 texi
2063 2744 2310 2813 patiatur.

1988 2835 2040 2888 5.
2071 2835 2187 2890 Jam
2233 2853 2373 2892 nunc
2395 2840 2637 2910 exempla
2663 2843 2960 2899 considera.
2993 2846 3084 2901 Illa
3113 2847 3363 2906 haeretica
3393 2851 3509 2906 dis-

1947 2926 2150 2991 tinctio,
2174 2927 2240 2981 In
2263 2931 2510 3002 principio
2528 2942 2632 2986 erat
2671 2934 2903 3003 Verbum,
2931 2949 2978 2991 et
3013 2937 3228 2994 Verbum
3242 2952 3348 2996 erat
3373 2953 3512 3013 apud

1917 3019 2099 3086 Deum,
2132 3031 2177 3075 et
2209 3021 2342 3076 Deus
2371 3035 2508 3089 erat,
2543 3035 2599 3080 ut
2625 3028 2762 3083 alius
2804 3044 2994 3085 sensus
3020 3034 3118 3094 sit,
3172 3032 3386 3088 Verbum
3415 3035 3510 3088 hoc
3565 3092 3575 3098 _

1917 3124 2023 3167 erat
2053 3113 2102 3165 in
2131 3114 2379 3184 principio
2405 3120 2544 3187 apud
2565 3117 2727 3172 Deum
2748 3161 2762 3186 ,
2792 3136 2898 3175 non
2929 3123 3044 3176 vult
3071 3123 3302 3179 Verbum
3344 3125 3510 3180 Deum

1917 3204 2175 3259 conﬁteri.
2211 3205 2315 3260 Sed
2346 3206 2446 3261 hoc
2473 3211 2654 3279 regula
2687 3209 2808 3266 ﬁdei
2854 3211 3207 3269 refellendum
3251 3225 3365 3284 est,
3407 3233 3511 3287 qua

1917 3297 2070 3350 nobis
2085 3297 2151 3352 de
2176 3298 2450 3354 Trinitatis
2467 3304 2767 3372 aequalitate
2786 3308 3147 3374 prmseribitur
3164 3318 3221 3363 ut
3245 3309 3506 3376 dicamus,

1918 3385 1986 3440 Et
2015 3387 2152 3442 Deus
2180 3399 2284 3443 erat
2321 3389 2566 3457 Verbum;
2595 3393 2791 3450 deinde
2817 3398 3228 3468 subjungamus,
3263 3399 3377 3454 Hoc
3403 3410 3512 3455 erat

1915 3480 1970 3533 in
1997 3481 2246 3551 principio
2275 3485 2414 3551 apud
2449 3483 2612 3537 Deum
2646 3485 2822 3554 (Joan.
2851 3504 2888 3552 l,
2921 3490 2972 3553 1,
3005 3489 3085 3560 ε).

1985 3573 2040 3625 4.
2067 3572 2154 3625 Illa
2198 3588 2323 3627 vero
2367 3574 2722 3630 distinctionis
2751 3579 3067 3649 ambiguitas
3118 3593 3306 3636 neutra
3359 3592 3509 3652 parte

1916 3664 2117 3718 resistit
2187 3664 2340 3732 ﬁdei,
2391 3676 2444 3720 ct
2486 3667 2604 3722 ideo
2649 3676 2796 3724 textu
2841 3671 2956 3740 ipso
3001 3674 3262 3728 sermonis
3305 3674 3500 3744 dijudi-

1917 3753 2082 3808 canda
2122 3764 2235 3819 est,
2267 3755 2355 3811 ubi
2385 3757 2458 3810 ait
2488 3757 2774 3828 Apostolus
2803 3779 2814 3814 ε
2842 3761 2910 3814 Et
2935 3763 3057 3833 quid
3075 3765 3256 3835 eligam
3283 3767 3495 3835 ignoro:

1921 3846 2198 3918 compellor
2231 3857 2398 3902 autem
2437 3865 2502 3904 ex
2540 3851 2734 3904 duobus
2755 3869 2774 3916 ;
2817 3855 3272 3923 concupiscentiam
3315 3857 3503 3912 habens

1916 3936 2156 4005 dissolvi,
2198 3947 2244 3992 et
2285 3957 2389 3994 esse
2427 3957 2540 3994 cum
2570 3941 2806 4010 Christo;
2836 3945 2994 3999 multo
3027 3950 3157 4000 enim
3185 3950 3344 4020 magis
3369 3951 3505 4021 opti-

1914 4027 2051 4082 nium
2070 4045 2305 4084 :manere
2321 4031 2372 4084 in
2393 4049 2544 4085 carne
2567 4036 2898 4088 necessarium
2915 4048 3120 4107 propter
3139 4055 3224 4093 vos
3246 4039 3503 4113 (Philipp.

1916 4135 1954 4186 ι,
1986 4121 2078 4184 ‘23,
2110 4121 2497 4189 24).]ncertum
2528 4126 2669 4178 enim
2698 4136 2779 4180 est
2807 4138 2978 4181 utrum
3005 4148 3066 4184 ea:
3100 4132 3294 4187 duobus
3322 4151 3510 4188 concu-

1919 4214 2218 4283 piscentiam
2258 4215 2476 4282 habens,
2520 4232 2586 4270 an
2616 4220 2891 4289 compellor
2913 4233 3078 4275 autem
3105 4240 3166 4277 ex
3199 4225 3418 4292 duobus,
3451 4237 3509 4283 ut

1920 4304 2049 4359 illud
2096 4305 2443 4376 adjungatur,
2471 4311 2921 4377 concupiscentiam
2963 4313 3148 4368 habens
3194 4317 3432 4385 dissolvi,
3460 4328 3506 4374 et

1916 4413 2022 4450 esse
2045 4413 2160 4450 cum
2203 4396 2423 4453 Christo.
2466 4398 2572 4454 Sed
2627 4403 2876 4470 quoniam
2925 4404 2992 4456 ita
3023 4405 3293 4474 sequitur,
3349 4410 3505 4464 multo

1917 4490 2048 4542 enim
2086 4491 2246 4561 magis
2271 4492 2512 4560 optimum
2535 4534 2550 4558 ,
2584 4504 2805 4562 apparet
2825 4511 2943 4549 eum
2976 4497 3089 4565 ejus
3115 4499 3299 4569 optiiui
3326 4500 3505 4558 dicere

1919 4595 1976 4635 se
2016 4579 2213 4634 habere
2238 4581 2720 4650 concupiscentiam
2738 4625 2752 4648 ,
2797 4593 2854 4638 ut
2879 4600 2997 4638 cum
3025 4602 3091 4641 ex
3117 4587 3322 4645 duobus
3351 4607 3503 4648 com-

1918 4671 2149 4741 pellatur
2167 4712 2182 4738 ,
2212 4672 2428 4726 alterius
2451 4682 2631 4728 tamen
2659 4674 2850 4731 habeat
2879 4680 3358 4748 concupiscentiam
3380 4724 3396 4752 ,
3428 4685 3507 4739 al-

1917 4763 2080 4817 terius
2101 4763 2502 4830 necessitatem;
2525 4767 3006 4837 concupiscentiam
3027 4771 3230 4827 scilicet
3249 4789 3366 4829 esse
3382 4792 3504 4832 cum

1919 4856 2165 4928 Christo,
2198 4859 2567 4913 necessitatem
2611 4876 2827 4917 manere
2865 4863 2918 4917 in
2949 4880 3130 4920 carne.
3179 4867 3307 4933 Qua:
3333 4872 3504 4926 ambio

1918 4948 2089 5018 guitas
2118 4964 2220 5002 uno
2250 4951 2594 5020 consequenti
2623 4954 2788 5008 verbo
2815 4954 3166 5025 diiudicatur,
3190 4961 3332 5029 quod
3363 4965 3506 5031 posi-

1917 5050 2026 5096 tum
2069 5049 2182 5107 est,
2214 5043 2345 5096 enim
2377 5058 2397 5096 :
2424 5059 2581 5113 quam
2603 5046 2912 5115 particulam
2944 5048 3032 5118 qui
3058 5050 3389 5108 abstulerunt
3416 5056 3500 5108 in-

1919 5143 2211 5203 terpretes,
2243 5134 2329 5188 illa
2358 5136 2532 5204 potius
2553 5140 2813 5193 sententia
2842 5140 2982 5195 ducti
3014 5152 3168 5212 sunt,
3201 5155 3259 5199 ut
3287 5163 3392 5200 non
3416 5164 3505 5203 so-

1916 5227 2023 5280 lmn
2055 5226 2299 5295 compelli
2331 5243 2397 5281 ex
2423 5227 2658 5296 duobus,
2708 5229 2801 5286 sed
2847 5233 3005 5286 etiam
3047 5233 3274 5290 duorum
3305 5236 3506 5295 habere

1917 5320 2401 5388 concupiscentiam
2434 5303 2720 5376 videretur.
2769 5323 2860 5378 Sic
2900 5341 3027 5395 ergo
3070 5326 3500 5398 distinguendum

1918 5419 2001 5466 est
2033 5429 2044 5464 :
2080 5409 2144 5464 Et
2170 5411 2289 5481 quid
2312 5411 2496 5481 eligam
2521 5412 2698 5483 ignoro
2732 5429 2750 5468 :
2774 5416 3049 5487 compellor
3076 5428 3242 5472 autem
3273 5437 3337 5474 ex
3364 5422 3494 5476 duo-

1920 5502 2040 5569 bus;
2084 5518 2240 5572 quam
2289 5502 2676 5560 distinctionem
2729 5510 2996 5577 sequitur,
3047 5513 3505 5584 concupiscentiam

1921 5595 2105 5650 habens
2129 5596 2360 5662 dissolvi,
2391 5605 2437 5651 et
2466 5613 2570 5652 esse
2595 5615 2707 5652 cum
2737 5599 2952 5656 Christo.
2989 5603 3052 5657 Et
3079 5613 3325 5676 tanquam
3355 5626 3504 5681 qua:-

1920 5698 2127 5742 rerctur
2169 5702 2332 5758 quare
2373 5686 2529 5757 hujus
2571 5690 2648 5743 rei
2682 5692 2856 5758 potius
2886 5693 3076 5748 habeat
3119 5700 3536 5770 concupiscen-_

1922 5781 2083 5841 tiam;
2115 5781 2274 5833 multo
2307 5779 2438 5832 enim
2469 5781 2628 5851 magis
2654 5783 2932 5851 Optimum,
2967 5785 3154 5855 inquit.
3185 5786 3295 5843 Cur
3313 5803 3441 5861 ergo
3473 5807 3505 5848 e

1917 5871 2126 5929 duobus
2159 5871 2528 5942 compellitur?
2574 5871 2707 5939 Quia
2755 5883 2838 5930 est
2886 5875 3134 5933 manendi
3178 5879 3504 5954 necessitas,
