4060 6456
549 364 619 441 ω
1449 362 1540 421 ne
1580 360 1923 420 nocrmus
1959 354 2394 443 cuBlSTtAuA,
2432 360 2489 437 s.
2530 361 2898 422 AUGUSTINI

546 498 707 555 quam
750 482 822 539 ita
867 480 1123 554 subjecit,
1171 480 1382 539 Manere
1399 479 1453 534 in
1478 496 1630 535 carne
1656 477 1991 534 necessarium
2016 492 2134 549 pro-

548 589 656 649 pter
681 593 787 632 vos.

618 672 671 725 5.
702 668 799 725 Ubi
824 676 1002 723 autem
1030 683 1199 739 neque
1231 666 1540 739 prtescrlpto
1569 661 1726 743 fidei,
1757 676 1931 749 neque
1965 660 2132 749 ipsius

466 759 479 771 ’
549 763 812 820 sermonis
838 772 983 817 textu
1008 760 1323 833 ambiguitas
1355 756 1605 827 explicari
1632 740 1999 839 potest,‘nihil
2029 740 2129 806 ob?-

546 867 628 921 cst
672 853 963 911 secundum
1013 852 1301 924 quamlibet
1346 865 1529 905 carum
1576 863 1693 919 quae
1740 845 2123 925 ostenduntur,

546 953 860 1005 sententiam
890 948 1235 1019 distinguere.
1264 942 1441 998 Veluti
1468 951 1551 1018 est
1580 942 1666 1001 illa
1692 939 1755 994 ad
1785 937 2123 1013 Corinthios,

550 1040 596 1096 11
603 1060 657 1095 as
678 1058 796 1112 ergo
825 1040 1177 1110 prontissiones
1206 1036 1460 1098 habentes,
1492 1032 1775 1093 charissimi
1793 1074 1807 1097 ,
1825 1028 2130 1102 Amundenttts

546 1153 635 1188 nos
656 1133 716 1186 ub
744 1133 880 1187 omni
910 1129 1317 1207 coinquinatione
1340 1126 1506 1180 carnis
1533 1136 1578 1179 et
1598 1125 1802 1197 spiritus
1823 1164 1837 1189 ,
1864 1120 2132 1197 perﬁcien-

544 1237 617 1281 tes
659 1225 1106 1293 sanctiﬁcationem
1140 1221 1190 1275 in
1218 1222 1395 1274 timore
1427 1219 1541 1272 Dei.
1571 1218 1747 1288 Capite
1774 1232 1883 1269 nos.
1920 1210 2129 1267 Nemini

544 1320 803 1389 nocuimus
826 1318 911 1393 (ιι.
931 1314 1047 1371 Cor.
1070 1330 1165 1393 rp,
1368 1312 1590 1392 ppbiuqi
1610 1320 1691 1391 es}
1716 1309 1907 1393 quippe
1926 1315 2125 1379 utrum,

545 1410 847 1463 Mundemus
866 1424 954 1461 nos
970 1406 1031 1459 ab
1054 1405 1189 1459 omni
1216 1404 1616 1472 coinquinatione
1635 1402 1799 1454 carnis
1826 1408 1870 1453 et
1898 1399 2124 1469 spiritus,

543 1502 832 1557 secundum
860 1500 1002 1553 illam
1030 1498 1369 1562 sententiam,
1407 1494 1473 1550 Ut
1492 1496 1554 1548 sit
1576 1503 1751 1547 sancta
1779 1502 1824 1545 et
1850 1505 2059 1560 corpore
2078 1497 2125 1543 et

541 1595 720 1665 spiritu
749 1593 792 1661 (l
824 1591 941 1647 Cor.
974 1606 1069 1655 vu,
1111 1587 1226 1662 5i);
1266 1584 1363 1653 an,
1407 1582 1716 1639 Mundemus
1764 1600 1855 1637 nos
1892 1580 1954 1635 ab
1991 1580 2128 1634 onmi

541 1687 941 1754 coinquinatione
970 1684 1134 1736 carnis
1160 1723 1174 1747 ,
1220 1692 1277 1735 ut
1310 1682 1446 1735 alius
1472 1679 1540 1733 sit
1568 1692 1756 1749 sensug
1776 1720 1790 1743 ,
1828 1675 1891 1737 Et
1918 1674 2126 1746 spiritus

543 1780 851 1851 per/ieientes
876 1776 1327 1844 sanctiﬁCationem
1367 1773 1418 1825 in
1471 1772 1647 1825 timore
1696 1770 1789 1823 Dei
1825 1768 1989 1837 capite
2013 1783 2122 1820 nos.

543 1871 698 1927 Tales
737 1871 896 1939 igitur
924 1865 1326 1921 distinctionum
1358 1863 1729 1933 ambiguitates
1772 1858 1825 1914 in
1862 1866 2127 1931 potestate

545 1961 770 2029 legentis
791 1967 931 2023 sunt.

539 2050 765 2107 CAPUT
793 2050 858 2105 Ill
868 2051 1071 2114 .-—Qua
1091 2050 1285 2109 ratione
1296 2046 1594 2118 expediatur
1608 2044 1909 2116 ambiguitas
1922 2058 1987 2097 ea:
2002 2058 2125 2113 pro-

579 2142 909 2210 nuntiatione.
944 2137 1262 2207 Percontutio
1288 2149 1333 2192 et
1350 2136 1673 2215 interrogatio
1699 2151 1796 2207 quo
1829 2132 2086 2211 digerant,

613 2234 664 2289 6.
697 2232 1055 2301 Quaecumque
1091 2241 1266 2285 autem
1298 2230 1363 2284 de
1393 2229 1654 2299 ambiguis
1694 2226 2124 2281 distinctionibus

545 2324 807 2390 diximus,
836 2323 1023 2379 eadem
1047 2321 1378 2377 observanda
1408 2328 1530 2374 sunt
1554 2328 1608 2374 et
1635 2318 1687 2373 in
1714 2318 1974 2387 ambiguis
2005 2332 2129 2387 pro—

547 2416 984 2497 nuntiatiouibus.
1016 2414 1147 2469 Nam
1165 2422 1219 2468 et
1243 2414 1371 2493 ipsa:
1399 2412 1498 2467 nisi
1524 2411 1734 2469 lectoris
1757 2410 1916 2491 nimia
1939 2410 2129 2465 vitien-

548 2513 633 2559 tur
663 2506 860 2559 incuria
879 2546 891 2568 ,
915 2514 1004 2569 aut
1030 2504 1229 2574 regulis
1261 2502 1382 2557 lidei
1411 2502 1782 2581 corriguntur,
1813 2510 1902 2554 aut
1928 2516 2128 2575 prince-

542 2596 718 2653 dentis
742 2599 825 2652 vel
854 2596 1229 2669 consequentis
1257 2594 1595 2659 contextioue
1624 2593 1888 2667 sermonis
1913 2609 1927 2671 f,
1961 2601 2051 2669 aut
2081 2592 2126 2671 si

541 2700 789 2747 neutrum
817 2692 1004 2744 horum
1033 2689 1313 2744 adhibetur
1335 2687 1401 2742 ad
1427 2688 1835 2757 correctionem,
1860 2666 2127 2759 nihilomi-

539 2799 640 2838 nus
658 2783 832 2837 dnbim
854 2782 1229 2857 remanebunt,
1254 2791 1307 2835 nt
1329 2780 1567 2853 quolibet
1596 2779 1756 2834 modo
1800 2779 1967 2851 lector
1996 2794 2125 2849 pro-

540 2876 864 2933 nuntiaverit
884 2916 900 2943 ,
927 2892 1034 2933 non
1063 2876 1131 2929 sit
1154 2875 1206 2928 in
1225 2874 1399 2945 culpa.
1428 2871 1540 2927 Nisi
1560 2872 1703 2945 enim
1732 2872 1862 2927 ﬁdes
1883 2879 2125 2939 revocet,

541 2952 642 3052 qua
673 2950 939 3035 credimus
971 2967 1135 3021 Deum
1180 2980 1285 3041 non
1313 2973 1684 3020 accusaturum
1725 2962 1980 3020 adversus
2016 2962 2127 3017 ele-

541 3071 656 3115 ctos
685 3076 839 3128 suos,
871 3071 926 3115 et
968 3057 1237 3137 Christum
1280 3076 1384 3112 non
1413 3058 1888 3133 condemnaturum
1929 3056 2128 3125 electos

541 3169 700 3222 suos,
731 3163 904 3229 potest
934 3152 1063 3217 illud
1094 3153 1170 3231 sic
1198 3150 1559 3231 pronuntiari,
1609 3149 1732 3215 Quis
1758 3149 2007 3213 accusabit
2036 3151 2130 3202 ad-

540 3264 711 3302 versus
737 3246 917 3303 electos
945 3244 1040 3299 Dei
1059 3246 1083 3301 ?
1102 3230 1166 3298 ut
1193 3230 1328 3298 hanc
1364 3243 1829 3315 interrogationem
1854 3241 2003 3312 quasi
2044 3257 2129 3319 rc-

541 3339 761 3423 sponsio
799 3339 1187 3408 subsequatur,
1230 3334 1370 3391 Deus
1396 3335 1481 3409 qui
1501 3334 1773 3404 justiﬁcat.
1825 3332 1893 3387 Et
1935 3334 2127 3403 iterum

543 3432 903 3501 interrogetur
922 3472 936 3497 ,
981 3429 1104 3495 Quis
1131 3437 1203 3482 est
1232 3427 1315 3498 qui
1343 3426 1679 3493 condemnat?
1707 3434 1763 3480 et
1798 3423 2127 3497 respondea—

543 3533 647 3589 tur,
673 3522 899 3578 Christus
925 3518 963 3573 J
966 3536 1077 3573 esus
1105 3520 1190 3593 qui
1216 3528 1444 3572 mortuus
1469 3526 1558 3572 est.
1587 3515 1738 3586 Quod
1764 3516 1983 3571 credere
2003 3516 2126 3587 quia

542 3614 1001 3677 dementissimum
1030 3617 1143 3680 est,
1183 3611 1254 3666 ita
1283 3608 1745 3685 pronuntiabitur,
1785 3619 1843 3662 ut
1863 3606 2130 3691 praecedat

545 3706 907 3779 percontatio,
936 3712 1186 3789 sequatur
1213 3702 1576 3773 interrogatio.
1620 3699 1761 3757 later
1782 3700 2129 3787 percontatio-

544 3815 665 3855 ncm
691 3807 867 3853 autem
894 3806 949 3851 et
972 3795 1441 3866 interrogationem
1493 3794 1595 3859 hoc
1629 3801 1839 3847 veteres
1872 3792 2127 3865 interesse

544 3891 832 3957 dixerunt,
862 3889 1005 3961 quod
1042 3889 1110 3943 ad
1140 3888 1593 3959 percontationem
1625 3887 1788 3941 multa
1814 3885 2127 3955 responderi

546 3994 805 4054 possunt;
851 3981 919 4036 ad
968 3980 1440 4051 interrogationem
1483 3994 1653 4048 vero,
1706 3988 1794 4047 aut
1833 3978 1981 4044 Non,
2036 3986 2128 4047 aut

548 4074 749 4131 Etiam.
782 4074 1215 4151 Pronuntiabitur
1240 4090 1368 4146 ergo
1392 4077 1459 4127 ita
1487 4116 1499 4139 ,
1530 4084 1585 4127 ut
1617 4082 1735 4143 post
1763 4074 2128 4145 percontatio-

546 4182 667 4223 nem
685 4182 787 4261 qua
803 4167 1049 4245 dicimus,
1083 4167 1207 4232 Quis
1232 4164 1485 4221 accusabit
1516 4166 1755 4220 adversus
1782 4165 1962 4221 electos
1994 4165 2132 4237 Dei?

547 4258 673 4331 illud
706 4255 868 4341 quod
908 4259 1145 4331 sequitur
1191 4273 1325 4312 sono
1370 4255 1747 4329 interrogantis
1793 4256 2124 4341 enuntietur,

546 4349 685 4404 Deus
721 4351 806 4419 qui
840 4350 1131 4420 justiﬁcal?
1157 4358 1215 4403 ut
1242 4349 1400 4404 tacite
1431 4347 1844 4419 reSpondeatur,
1871 4346 1988 4404 Non
2016 4365 2031 4402 :
2079 4357 2133 4419 et

546 4442 675 4496 item
707 4452 1111 4513 percontemur,
1166 4439 1290 4506 Quis
1319 4450 1389 4495 est
1429 4441 1516 4513 qui
1540 4438 1883 4495 condemnat?
1920 4455 2134 4511 rursus-

546 4547 650 4604 que
676 4532 1077 4603 iuterrogemus,
1103 4529 1333 4587 Christus
1360 4530 1510 4587 Iesus
1534 4532 1619 4601 qui
1649 4542 1879 4586 mortuus
1903 4542 1993 4598 est,
2018 4549 2130 4607 ηια-

548 4615 625 4696 gis
648 4633 813 4678 autem
839 4624 924 4695 qui
949 4626 1253 4693 resurrexit,
1283 4625 1368 4696 qui
1396 4634 1467 4679 est
1506 4624 1559 4677 in
1587 4622 1793 4679 dextera
1820 4622 1946 4693 Dei,
1973 4625 2056 4697 qui
2086 4634 2132 4680 et

550 4716 837 4788 interpellat
880 4734 972 4793 pro
1010 4716 1151 4771 nobis
1182 4715 1357 4788 (Rom.
1386 4732 1516 4785 vm,
1549 4716 1649 4782 55,
1688 4716 1806 4788 54)?
1846 4725 1902 4770 ut
1942 4716 2134 4793 ubique

552 4808 707 4863 tacite
735 4809 1120 4897 respondeatur
1141 4850 1155 4877 ,
1203 4807 1340 4861 Non.
1375 4808 1442 4862 At
1468 4822 1594 4862 vero
1639 4807 1730 4867 illo
1760 4808 1876 4861 loco
1906 4807 1992 4861 ubi
2017 4792 2129 4875 ait,

552 4900 687 4965 Quid
714 4917 830 4972 ergo
876 4901 1137 4971 dicemus?
1183 4899 1316 4965 Quia
1339 4909 1507 4972 gentes
1535 4916 1646 4971 qua:
1682 4916 1783 4953 non
1815 4900 2134 4959 sectabantur

548 4990 813 5063 iustitiam,
838 4992 1275 5065 apprehenderunt
1294 4993 1550 5063 justitiam
1572 4992 1742 5063 (Rom.
1775 5008 1851 5067 Ix,
1885 4992 2006 5067 59);
2030 4994 2133 5061 nisi

549 5092 669 5152 post
703 5084 1155 5153 percontationem
1184 5098 1287 5155 qua
1313 5082 1510 5139 dictum
1535 5091 1648 5163 est,
1686 5083 1822 5149 Quid
1850 5102 1968 5157 ergo
1996 5087 2135 5142 dice-

490 5250 495 5257 .
550 5178 699 5235 mus?
723 5177 1000 5253 responsio
1019 5176 1348 5248 subjiciatur,
1381 5174 1511 5240 Quia
1525 5185 1695 5255 gentes
1718 5194 1832 5251 quce
1851 5195 1951 5233 non
1972 5190 2138 5235 secta-

549 5266 733 5322 bantur
783 5269 1070 5342 justitiam,
1125 5262 1561 5339 apprehenderunt
1604 5269 1891 5341 justitiam,
1959 5279 2133 5331 textus

549 5374 884 5433 consequens
911 5377 1015 5415 non
1037 5360 1345 5416 cohaerebit.
1378 5360 1621 5430 Qualibet
1640 5371 1815 5419 autem
1844 5378 1975 5420 voce
2004 5381 2132 5436 pro-

553 5450 821 5506 nuntietur
846 5452 971 5508 illnd
1002 5451 1141 5522 quod
1168 5450 1459 5508 Nathanael
1491 5453 1654 5522 dixit,
1681 5453 1721 5508 A
1754 5453 2015 5511 Nazareth
2042 5474 2136 5529 po-

552 5552 643 5600 test
688 5544 881 5618 aliquid
909 5544 1025 5598 boni
1062 5561 1169 5599 esse
1193 5544 1372 5615 (Joan.
1402 5563 1449 5615 ι,
1478 5546 1592 5619 46),
1622 5548 1733 5615 sive
1777 5548 2093 5617 afﬁrmantis
2112 5595 2128 5621 ,

554 5647 613 5693 ut
642 5637 766 5692 illud
796 5637 965 5692 solum
993 5637 1057 5693 ad
1081 5638 1548 5711 interrogationem
1580 5641 1835 5713 pertineat
1868 5643 2010 5714 quod
2036 5645 2132 5713 ait,

552 5730 599 5788 Α
618 5728 668 5784 Ν
671 5731 910 5813 azareth?
927 5732 1040 5803 sive
1061 5740 1228 5787 totum
1249 5749 1369 5788 cum
1390 5732 1719 5811 dubitatione
1738 5733 2131 5807 interrogantis;

552 5837 659 5883 non
684 5821 839 5897 video
862 5824 1129 5913 quomodo
1152 5824 1519 5901 discernatur:
1551 5833 1773 5901 uterque
1793 5833 1973 5911 autem
2001 5843 2129 5911 ἓρρ-

2241 490 2331 549 sus
2361 476 2517 537 {idem
2549 493 2652 551 non
2683 480 2928 552 impedit.

2312 570 2362 626 7.
2405 571 2499 631 Est
2524 573 2680 651 etiam
2703 574 3018 661 ambiguitas
3046 574 3099 630 in
3128 590 3261 653 sono
3284 575 3447 647 dubio
3470 576 3818 661 syllabarum,

2238 675 2291 745 et
2340 665 2455 759 tunc
2495 668 2675 759 utique
2713 666 2781 723 ad
2807 670 3292 759 pronuntiationem
3340 672 3632 747 pertinens.
3685 674 3818 755 Nam

2238 758 2377 831 quod
2403 752 2656 829 scriptum
2682 769 2790 826 est,
2810 752 2946 819 ‘Non
2974 770 3046 815 est
3064 761 3411 823 absconditum
3438 774 3532 818 ate
3551 782 3606 818 os
3627 752 3815 837 meum,

2236 851 2373 923 quod
2406 852 2569 925 fecisti
2610 852 2662 906 in
2704 851 2994 905 abscondito
3024 851 3211 925 (Psal.
3240 870 3487 925 cxxxvm
3508 898 3521 919 ,
3554 853 3643 927 15)
3667 897 3680 921 ,
3713 871 3822 913 non

2237 944 2410 999 elucet
2436 944 2629 1015 legenti
2668 956 2844 1000 utrum
2885 956 3131 1029 correpta
3168 948 3339 1005 littera
3387 966 3442 1003 os
3468 949 3819 1020 pronuntiet,

2236 1051 2304 1091 an
2336 1036 2617 1111 producta.
2638 1038 2691 1093 Si
2717 1038 2858 1095 enim
2885 1040 3155 1111 corripiat,
3185 1041 3252 1095 ab
3277 1056 3342 1109 eo
3368 1041 3508 1113 quod
3530 1052 3653 1115 sunt
3671 1057 3815 1117 ossa;

2236 1130 2280 1184 si
2311 1140 2487 1184 autem
2514 1129 2804 1203 producat,
2837 1131 2906 1184 ab
2931 1147 2995 1186 eo
3025 1130 3167 1219 quod
3195 1140 3320 1209 sunt
3345 1148 3469 1201 ora,
3503 1133 3817 1209 intelligitur

2237 1238 2487 1287 numerus
2517 1224 2816 1295 singularis.
2842 1222 2945 1293 Sed
2976 1224 3097 1297 talia
3129 1223 3321 1299 lingua:
3347 1225 3701 1311 praecedentis
3727 1243 3819 1305 rn-

2236 1314 2507 1382 Spectione
2527 1313 2883 1391 dijudicautur
2903 1332 2915 1367 :
2938 1330 3056 1389 nam
3077 1314 3132 1384 in
3160 1312 3347 1369 Graeco
3376 1332 3482 1385 non
3508 1326 3693 1384 στᾲμα,
3722 1314 3820 1397 sed

2234 1408 2390 1459 ὁστέον
2418 1404 2646 1493 positum
2672 1416 2772 1460 est.
2806 1404 2956 1477 Unde
2978 1405 3288 1499 plerumque
3315 1406 3561 1499 loquendi
3594 1422 3821 1481 consue-

2237 1494 2363 1548 tudo
2413 1494 2644 1565 vulgaris
2695 1497 2873 1551 utilior
2899 1494 2989 1551 est
3024 1494 3391 1567 signiﬁcandis
3423 1498 3607 1564 rebus,
3659 1514 3819 1569 quam

2236 1583 2509 1657 integritas
2550 1587 2798 1643 litterata.
2834 1588 3041 1643 Mallem
3072 1587 3282 1659 quippe
3325 1604 3446 1644 cum
3487 1585 3821 1647 barbarismo

2234 1679 2335 1734 dici
2358 1717 2375 1747 ,
2402 1678 2520 1753 ﬁon
2548 1691 2631 1749 est
2655 1681 3023 1753 abscqnditum
3050 1698 3079 1736 a
3118 1693 3169 1737 te
3205 1697 3385 1737 ossum
3412 1698 3590 1737 meum
3611 1723 3628 1750 ,
3659 1699 3820 1754 quam

2234 1782 2293 1828 ut
2319 1773 2439 1829 ideo
2470 1783 2612 1829 esset
2632 1776 2806 1829 minus
2828 1784 3067 1843 apertum
3088 1815 3103 1839 ,
3134 1776 3253 1845 quia
3283 1776 3451 1845 magis
3468 1776 3688 1831 latinum
3716 1784 3820 1832 est.

2235 1863 2341 1920 Sed
2386 1865 2670 1936 aliquando
2718 1865 2910 1941 dubius
2952 1865 3175 1936 syllabae
3219 1879 3385 1920 sonus
3427 1866 3591 1922 etiam
3643 1866 3821 1921 vicino

2234 1955 2399 2027 yerbo
2428 1955 2494 2025 ad
2520 1957 2763 2023 eamdem
2784 1958 3103 2027 sententiam
3132 1957 3438 2039 pertinente
3461 1952 3817 2031 diiudicaturi

2234 2048 2371 2102 sicut
2392 2058 2473 2102 est
2500 2047 2628 2102 illud
2658 2049 2918 2120 Apostoli,
2953 2049 3079 2114 Quas
3099 2050 3318 2123 praedico
3344 2049 3499 2117 vobis,
3526 2051 3656 2106 sicut
3682 2065 3820 2120 pra!-

2234 2139 2372 2206 dixi,
2402 2140 2641 2211 quoniam
2665 2130 2750 2217 qui
2779 2140 2901 2195 talia
2927 2150 3118 2221 ggum,
3145 2158 3355 2219 rrgnunt
3383 2138 3476 2214 Dei
3516 2159 3619 2221 non
3657 2141 3821 2221 passi-

2235 2228 2415 2284 debunt
2464 2229 2658 2302 (Galat.
2679 2248 2737 2298 v,
2764 2230 2878 2302 2|).
2928 2233 2984 2286 Si
3015 2232 3380 2287 tantummodo
3406 2233 3656 2300 dixisset,
3690 2234 3820 2299 Qua

2234 2321 2453 2393 pradico
2474 2322 2631 2390 vobis,
2656 2338 2829 2394 neque
2855 2324 3235 2394 subjunxisset,
3263 2326 3392 2380 sicut
3418 2326 3654 2397 praedixi,
3681 2342 3823 2381 non-

2234 2413 2335 2467 nisi
2356 2413 2428 2468 ad
2458 2414 2698 2469 codicem
2727 2415 3077 2495 praecedentis
3115 2416 3306 2493 lingua:
3331 2418 3708 2495 recurrentium
3736 2434 3823 2489 es-

2233 2514 2350 2572 set,
2396 2514 2453 2561 ut
2479 2522 2922 2578 cognosceremus
2946 2515 3121 2562 utrum
3154 2502 3206 2563 in
3233 2523 3297 2563 eo
3318 2510 3459 2579 quod
3490 2510 3651 2574 dixit,
3685 2526 3819 2581 pra:-

2234 2597 2381 2679 dico,
2422 2598 2759 2669 producenda
2789 2614 2855 2652 an
2872 2582 3201 2673 corripienda
3228 2608 3366 2655 esset
3392 2600 3567 2655 media
3590 2602 3818 2677 syllaba:

2234 2704 2374 2744 nunc
2399 2698 2576 2744 autem
2616 2682 2954 2745 manifestum
2987 2699 3069 2746 est
3098 2691 3490 2761 producendam
3516 2706 3675 2758 esse;
3709 2707 3817 2771 non

2232 2782 2375 2843 enim
2405 2782 2512 2847 ait,
2539 2782 2689 2837 Sicut
2716 2783 2996 2854 praedicavi
3016 2825 3031 2850 ,
3064 2783 3158 2839 sed
3186 2782 3315 2837 sicut
3334 2783 3570 2855 prtedixi.

2303 2872 2529 2932 CAPUT
2567 2875 2656 2943 iV.
2679 2862 2750 2916 -ὲ
2773 2875 3088 2957 Ambiguitas
3108 2864 3341 2933 dictionis
3364 2894 3464 2946 qua
3501 2877 3697 2957 ratione
3724 2892 3817 2932 cz-

2909 2967 3159 3041 pediatur.

2306 3058 2361 3114 8.
2384 3057 2499 3114 Non
2525 3058 2696 3113 solum
2718 3067 2893 3114 autem
2918 3059 3030 3112 ista:
3053 3101 3068 3127 ,
3112 3058 3204 3113 sed
3236 3059 3395 3114 etiam
3424 3060 3529 3115 illa.-
3558 3059 3822 3131 ambigui-

2236 3158 2371 3227 tates
2397 3168 2514 3225 quae
2544 3167 2647 3223 non
2674 3153 2738 3207 ad
2765 3134 3164 3211 distinctionem
3193 3153 3278 3208 vel
3317 3153 3385 3209 ad
3432 3154 3821 3241 pronuntiatio-

2234 3262 2355 3300 nem
2381 3246 2687 3317 pertinent,
2733 3245 2980 3301 similiter
3005 3247 3415 3302 consideranda:
3440 3246 3575 3302 sunt
3606 3266 3618 3302 :
3651 3248 3823 3327 qualis

2234 3337 2321 3417 illa
2347 3347 2427 3392 est
2456 3337 2523 3392 ad
2548 3337 3053 3405 Thessalonicenses
3073 3381 3088 3406 ,
3138 3351 3403 3433 propterea
3447 3340 3694 3395 consolati
3729 3357 3822 3397 su-.

2236 3446 2367 3496 mus,
2382 3429 2582 3499 fratres,
2599 3430 2651 3483 in
2667 3430 2801 3484 vobis
2824 3431 2864 3502 (l
2895 3429 3076 3487 Thess.
3107 3429 3185 3499 ιιί,
3211 3429 3286 3505 7).
3320 3431 3544 3487 Dubium
3572 3441 3652 3487 est
3678 3433 3822 3509 enim

2236 3530 2409 3575 utrum
2434 3563 2447 3587 ,
2478 3518 2523 3576 Ο
2551 3520 2773 3583 fratres;
2803 3536 2870 3577 an
2892 3564 2907 3590 ,
2942 3522 3049 3577 llos
3074 3521 3269 3578 fratres
3300 3540 3313 3578 :
3363 3532 3607 3579 neutrum
3644 3532 3822 3578 autem

2214 3612 2427 3668 .horum
2456 3623 2537 3667 est
2575 3620 2757 3667 contra
2786 3612 2942 3667 [idem
2967 3629 2983 3679 ;
3016 3613 3109 3668 sed
3137 3628 3308 3684 graaca
3338 3614 3513 3684 lingua
3542 3613 3640 3668 hos
3669 3627 3824 3668 casus

2236 3718 2391 3773 pares
2417 3718 2521 3757 non
2558 3703 2745 3769 habet,
2776 3711 2831 3758 et
2852 3702 2971 3758 ideo
3001 3702 3087 3757 illa
3110 3704 3346 3772 inSpecta
3370 3703 3704 3757 renuntiatur
3730 3717 3826 3757 vo-

2236 3794 2442 3849 cativus
2460 3837 2475 3862 ,
2500 3793 2549 3847 id
2574 3793 2653 3848 est
2676 3835 2690 3858 ,
2718 3793 2762 3848 Ο
2791 3792 3007 3849 fratres.
3037 3792 3189 3859 Quod
3212 3793 3255 3847 si
3284 3793 3534 3847 voluisset
3559 3792 3824 3862 interpres

2236 3885 2446 3950 dicere,
2493 3885 2779 3955 Propterea
2814 3884 3229 3939 consolationem
3261 3883 3543 3939 habuimus
3563 3924 3577 3948 ,
3608 3882 3821 3963 fratres,

2239 3980 2293 4034 in
2321 3979 2503 4046 vobis;
2532 3980 2706 4034 minus
2732 3979 2984 4051 servitum
3015 3988 3157 4031 esset
3186 3977 3391 4040 verbis,
3425 3975 3520 4032 sed
3553 3976 3730 4031 minus
3753 3975 3823 4030 de

2239 4073 2495 4127 sententia
2517 4071 2850 4129 dubitaretur
2882 4088 2896 4124 :
2927 4078 3017 4135 aut
3041 4078 3185 4123 certe
3211 4069 3255 4123 si
3275 4068 3564 4125 adderetur
3582 4109 3596 4133 ,
3618 4067 3819 4134 Nostri,

2239 4181 2396 4219 nemo
2428 4163 2537 4218 fere
2562 4163 2854 4235 ambigeret
2870 4163 3167 4219 vocativum
3196 4175 3315 4216 esse
3344 4176 3548 4226 casum,
3582 4174 3700 4226 cum
3728 4174 3825 4212 au-

2238 4254 2396 4323 diret,
2451 4255 2727 4327 PrOpterea
2775 4255 3021 4309 consolati
3045 4271 3250 4323 sumus,
3301 4257 3486 4328 fratres
3515 4251 3721 4316 nostri,
3766 4253 3822 4305 in

2238 4351 2392 4404 vobis.
2422 4348 2528 4405 Sed
2551 4349 2661 4431 jam
2692 4348 2795 4405 hoc
2835 4348 3187 4423 periculosius
3237 4348 3581 4418 permittitur.
3619 4344 3696 4419 Ita
3738 4344 3823 4413 fa-

2237 4451 2380 4497 ctum
2412 4451 2493 4495 est
2538 4440 2591 4494 in
2617 4440 2703 4494 illa
2733 4440 2797 4495 ad
2825 4440 3127 4499 Corinthios
3151 4482 3164 4509 ,
3192 4456 3314 4495 cum
3362 4440 3437 4493 ait
3478 4436 3771 4509 Apostolus
3804 4456 3817 4491 :

2244 4534 2480 4600 Quotidie
2507 4534 2697 4588 morior
2716 4574 2730 4601 ,
2760 4551 2847 4605 per
2883 4543 3098 4587 vestram
3124 4531 3369 4605 gloriam,
3402 4535 3584 4604 fratres
3607 4572 3622 4596 ,
3667 4546 3822 4606 gugm

2239 4623 2395 4679 habeo
2420 4626 2471 4679 in
2496 4623 2694 4680 Christo
2714 4624 2838 4680 Jesu
2863 4625 2901 4693 (Ι
2933 4624 3052 4680 Cor.
3078 4641 3168 4692 xv,
3192 4625 3305 4696 5i).
3334 4625 3421 4678 Ait
3445 4625 3585 4678 enim
3606 4622 3822 4699 quidam

2240 4720 2503 4792 interpres
2523 4760 2538 4785 ,
2574 4718 2812 4784 Quotidie
2838 4720 3025 4772 morior
3044 4760 3058 4785 ,
3089 4735 3177 4789 per
3195 4726 3408 4771 vestram
3426 4717 3546 4791 juro
3567 4716 3780 4787 gloriam
3804 4732 3823 4780 ;

2237 4812 2357 4885 quia
2382 4810 2430 4865 in
2449 4826 2621 4882 grwco
2641 4809 2979 4880 voxjurantis
2994 4809 3093 4883 (νὴ)
3120 4808 3395 4863 manifesta
3417 4815 3499 4862 est
3524 4807 3637 4861 sine
3653 4807 3824 4860 ambi-

2238 4918 2340 4973 guo
2356 4916 2505 4959 sono.
2526 4901 2813 4955 Rarissime
2830 4901 2987 4972 igitur
3007 4910 3058 4954 et
3074 4898 3383 4954 difﬁcillime
3402 4898 3624 4953 inveniri
3648 4906 3826 4979 potest

2239 4994 2553 5065 ambiguitas
2582 4994 2636 5048 in
2664 4993 2891 5064 propriis
2922 4992 3101 5048 verbis
3121 5034 3135 5060 ,
3165 5000 3419 5067 quantum
3449 4989 3517 5045 ad
3548 4990 3713 5045 libros
3738 4989 3823 5044 di-

2238 5087 2478 5141 vinarum
2504 5085 2894 5156 Scripturarnm
2914 5090 3141 5155 spectat,
3173 5098 3330 5152 quam
3355 5100 3460 5137 non
3482 5091 3571 5137 aut
3599 5083 3828 5136 circum-

2238 5180 2432 5235 stantia
2470 5180 2584 5251 ipsa
2610 5176 2872 5243 sermonis
2902 5192 3005 5249 qua
3032 5160 3373 5248 cognoscitur
3399 5176 3714 5253 scriptorum
3745 5175 3827 5231 in-

2240 5271 2436 5339 tentio,
2493 5254 2589 5325 aut
2634 5270 2981 5341 interpretum
3032 5267 3273 5339 collatio,
3328 5277 3421 5341 aut
3470 5267 3824 5355 praecedentis

2240 5362 2433 5433 linguae
2460 5362 2631 5417 solvat
2662 5362 2942 5434 inspectio.

2283 5452 2509 5512 CAPUT
2549 5454 2614 5509 ν.
2652 5485 2722 5495 -
2752 5453 3035 5527 Scriptum
3079 5455 3324 5528 ﬁguratas
3372 5453 3646 5537 locutionef
3702 5451 3770 5506 ad

2501 5548 2719 5602 litteram
2746 5549 2974 5621 accipere
3004 5549 3211 5604 servitus
3241 5548 3559 5603 miserabilis.

2311 5641 2365 5700 9.
2402 5641 2508 5698 Sed
2534 5642 2817 5717 verborum
2866 5644 3240 5701 translatorum
3288 5642 3693 5713 ambiguitates,
3758 5640 3827 5697 de

2242 5734 2437 5806 quibus
2466 5734 2718 5806 deinceps
2744 5735 3065 5806 loquendum
3088 5745 3172 5791 est
3190 5776 3205 5803 ,
3234 5750 3341 5791 non
3370 5735 3694 5792 mediocrem
3724 5749 3824 5789 cu-

2244 5842 2356 5884 ram
2384 5826 2802 5898 industriamque
2830 5826 3152 5907 desiderant.
3192 5828 3322 5907 Nam
3354 5828 3407 5907 in
3447 5826 3702 5912 principio
3731 5845 3825 5907 ca-
