4060 6470
284 378 351 437 se
1078 340 1079 343 γ
1672 368 1861 427 LIBER

1967 369 2214 431 EiiTlUS.
2970 329 2981 335 -
3498 390 3566 451 70

286 496 516 549 vendum
547 501 626 549 est
653 508 721 548 ne
747 482 1020 562 ﬁguratam
1046 487 1365 545 locutionem
1391 486 1457 543 ad
1479 488 1708 543 litteram
1732 486 1871 542 acci-

285 586 419 654 pias.
450 586 516 639 Et
542 584 608 639 ad
655 584 761 639 hoc
803 585 944 639 enim
972 582 1201 652 pertinet
1239 581 1377 651 quod
1422 581 1493 633 ait
1540 581 1822 649 Apostolus
1857 598 1870 634 :

284 676 477 730 Littera
507 677 720 741 occidit,
752 677 961 746 spiritus
1001 684 1166 729 autem
1202 674 1416 740 viviﬁcat
1441 671 1507 743 (il
1536 672 1651 725 Cor.
1687 687 1762 737 nt,
1792 671 1871 745 ϐ).

284 770 414 821 (tum
467 768 609 821 enim
664 768 887 838 ligurate
914 766 1114 822 dictum
1166 766 1243 819 sic
1284 765 1574 833 accipitur,
1625 772 1871 833 tanquam

284 860 497 928 proprie
544 856 744 913 dictum
807 861 905 925 sit,
955 858 1241 914 carnaliter
1267 857 1486 925 sapitur.
1542 855 1721 925 Neque
1764 856 1869 909 ulla

282 965 427 1005 mors
453 967 649 1007 annua:
690 953 1068 1023 congruentius
1112 951 1414 1020 appellatur
1435 993 1448 1016 ,
1482 965 1640 1020 quam
1666 965 1785 1003 cum
1818 948 1869 1002 id

278 1042 441 1095 etiam
464 1042 608 1112 quod
636 1045 686 1097 in
719 1059 779 1098 ea
806 1044 991 1098 bestiis
1017 1043 1309 1107 antecellit,
1328 1041 1429 1095 hoc
1450 1050 1549 1106 est,
1576 1041 1871 1110 intelligen-

279 1136 344 1186 tia
373 1136 525 1191 carni
556 1136 837 1204 subjicitur
861 1136 1133 1206 sequendo
1179 1136 1427 1190 litteram.
1471 1135 1568 1199 Qui
1610 1134 1749 1188 enim
1781 1150 1867 1187 se-

278 1228 456 1296 quitur
480 1229 715 1284 litteram
737 1270 750 1292 ,
801 1229 1053 1290 translata
1080 1228 1242 1283 verba
1272 1228 1410 1282 sicut
1439 1227 1649 1296 propria
1692 1233 1862 1291 tenet,

278 1336 448 1388 netpie
490 1321 621 1375 illud
664 1320 806 1391 (μιοά
854 1322 1067 1390 proprio
1107 1321 1269 1374 verbo
1292 1320 1652 1389 signiﬁcatur,
1704 1317 1867 1372 refert

275 1413 336 1465 ad
361 1414 523 1467 aliam
552 1415 998 1484 signiﬁcationem
1035 1431 1048 1469 :
1081 1411 1175 1467 scd
1206 1413 1247 1466 si
1278 1411 1566 1467 Sabbatnm
1598 1410 1861 1479 audierit,

278 1502 418 1557 verbi
444 1504 616 1573 gratia
637 1545 650 1567 ,
682 1520 790 1559 non
814 1504 1059 1573 intelligit
1079 1503 1180 1556 nisi
1208 1518 1369 1556 unum
1385 1503 1523 1557 diem
1551 1502 1617 1557 de
1637 1510 1860 1569 septem,

277 1595 361 1662 qui
387 1596 647 1649 continuo
676 1595 943 1655 volumine
987 1604 1328 1664 repetuntur;
1375 1603 1430 1649 et
1470 1609 1588 1648 cum
1639 1594 1865 1647 audierit

277 1685 640 1751 Sacriﬁcium,
674 1702 781 1740 non
819 1687 1025 1747 excedit
1050 1687 1373 1756 cogitatione
1402 1684 1532 1739 illud
1576 1685 1715 1754 quod
1749 1685 1861 1737 ﬁeri

278 1777 339 1832 de
366 1779 600 1833 victimis
629 1794 878 1849 pecorum
911 1782 1242 1850 terrenisque
1284 1778 1542 1833 fructibus
1578 1779 1733 1834 solet.
1786 1778 1861 1834 Ea

279 1871 486 1927 demum
516 1881 601 1925 est
650 1873 966 1927 miserabilis
1018 1873 1208 1927 animze
1253 1874 1513 1937 servitus,
1567 1873 1714 1942 signa
1768 1886 1862 1941 pro

279 1965 428 2017 rebus
452 1965 731 2033 accipere;
762 1974 816 2020 et
838 1980 996 2035 supra
1028 1974 1326 2020 creaturam
1360 1980 1697 2034 corpoream,
1729 1979 1858 2018 ocu-

279 2054 378 2107 lum
419 2056 619 2108 mentis
646 2055 713 2113 ad
760 2055 1112 2110 hauriendum
1158 2065 1414 2110 aeternum
1459 2056 1638 2110 lumen
1684 2054 1860 2110 levare

277 2162 374 2200 non
406 2163 588 2215 posse.

339 2239 567 2295 CAPUT
600 2240 1079 2295 VL—Judworum
1108 2244 1317 2296 servitus
1343 2243 1434 2296 sub
1452 2243 1609 2313 signis
1632 2242 1856 2296 utilibus.

341 2332 427 2385 10.
460 2331 593 2398 Quae
635 2342 811 2387 tamen
842 2334 1071 2388 servitus
1102 2334 1155 2387 in
1180 2334 1365 2387 Judzeo
1406 2335 1597 2403 pepnlo
1630 2334 1783 2403 lenge
1827 2351 1856 2387 a

273 2436 585 2495 exterarum
611 2426 848 2503 gentium
893 2442 1045 2485 more
1074 2427 1092 2466 ³
1134 2426 1399 2493 distabat;
1432 2426 1857 2502 quandoquidem

271 2515 427 2569 rebus
450 2518 832 2593 temporalibus
864 2519 933 2581 ita
960 2518 1223 2595 subjugati
1255 2529 1425 2595 erant,
1444 2527 1502 2581 ut
1530 2536 1667 2595 unus
1694 2520 1771 2593 eis
1802 2519 1856 2583 in

272 2611 517 2665 omnibus
556 2611 1023 2665 commendaretur
1076 2613 1232 2666 Deus.
1266 2612 1331 2664 Et
1358 2627 1661 2681 quanquam
1710 2612 1857 2687 signa

270 2717 445 2755 rerum
475 2703 829 2771 spiritualium
861 2718 956 2772 pro
1000 2703 1128 2772 ipsis
1169 2704 1328 2756 rebus
1360 2704 1732 2767 observarent,
1767 2718 1859 2755 nc-

270 2795 501 2848 scientes
531 2809 639 2864 quo
667 2794 1014 2860 referrentur,
1048 2795 1099 2849 id
1123 2804 1295 2849 tamen
1320 2796 1533 2849 insitum
1570 2778 1854 2859 habebant,

270 2887 408 2955 quod
439 2888 532 2940 tali
555 2889 818 2942 servitute
847 2889 932 2941 uni
961 2888 1219 2953 omnium,
1253 2904 1409 2957 quem
1441 2904 1542 2941 non
1576 2887 1819 2943 videbant
1840 2930 1855 2955 ,

271 2980 545 3047 placerent
568 2982 697 3034 Deo.
724 2980 897 3046 Quam
928 2982 1222 3037 cusmdiam
1258 2992 1503 3051 tanquam
1535 2983 1632 3035 sub
1678 2982 1858 3051 pzt‘da-

271 3086 401 3139 gogo
432 3071 781 3140 parvulorum
826 3070 990 3126 fuisse
1018 3072 1203 3126 scribit
1232 3073 1515 3143 Apostolus
1542 3070 1739 3141 (Galat.
1772 3088 1855 3137 ιιι,

272 3162 379 3233 24).
410 3164 479 3218 Et
524 3164 649 3219 ideo
691 3164 777 3234 qui
828 3164 1018 3218 talibus
1048 3165 1211 3234 signis
1254 3164 1591 3232 pertinaciter
1630 3165 1859 3218 inlaese-

272 3264 392 3307 runt
412 3297 424 3314 .
450 3264 880 3309 contemnentem
909 3255 1007 3309 ista
1040 3255 1338 3319 Dominum,
1374 3272 1491 3309 cum
1514 3256 1622 3325 jam
1654 3265 1859 3325 tempus

273 3346 614 3399 revelationis
658 3360 842 3399 eorum
897 3346 1156 3410 venisset,
1222 3345 1363 3400 ferre
1423 3363 1527 3399 non
1574 3354 1860 3415 potuerunt

274 3434 491 3506 (Matth.
534 3453 628 3499 xu,
652 3438 709 3508 2)
736 3454 749 3504 ;
776 3448 933 3508 atque
963 3438 1086 3492 inde
1111 3439 1429 3501 calumnias,
1456 3439 1596 3509 quod
1636 3439 1856 3494 sabbato

274 3539 514 3590 curaret,
549 3530 708 3583 moliti
732 3539 855 3584 sunt
882 3531 1148 3600 principes
1177 3546 1358 3585 eorum
1388 3529 1533 3603 (Luc.
1562 3548 1634 3596 vt,
1669 3530 1743 3603 7);
1775 3548 1860 3600 po-

274 3620 541 3689 pulusque
583 3621 742 3690 signis
772 3623 873 3676 illis
902 3631 1151 3693 tanquam
1197 3623 1356 3677 rebus
1395 3623 1681 3678 adstrictus
1705 3666 1717 3688 ,
1752 3639 1859 3677 non

273 3715 528 3768 credebat
560 3715 721 3769 Deum
759 3732 911 3782 esse,
943 3717 1024 3770 vel
1051 3732 1080 3770 a
1112 3716 1219 3771 Dee
1246 3718 1484 3783 venisse,
1528 3718 1616 3786 qui
1639 3733 1698 3770 ea
1722 3718 1861 3772 sicut

274 3806 532 3860 aludaeis
572 3807 1017 3875 obscrvabantur,
1067 3807 1230 3863 nollet
1276 3808 1565 3863 attendere.
1618 3808 1722 3862 Sed
1770 3808 1859 3878 qui

274 3899 652 3964 crediderunt,
698 3917 765 3955 ex
800 3902 990 3971 quibus
1022 3900 1156 3955 facta
1197 3910 1277 3955 est
1308 3902 1475 3970 prima
1502 3900 1739 3956 Ecclesia
1767 3900 1859 3955 Je-

276 3991 688 4061 rosoiymitana,
722 3992 850 4046 satis
875 3991 1221 4046 ostenderunt
1251 4000 1444 4060 quanta
1479 3992 1674 4047 utilitas
1704 3992 1861 4047 fuerit

276 4095 340 4133 co
367 4081 527 4134 modo
555 4083 652 4137 sub
682 4082 967 4153 paedagogo
988 4083 1276 4149 custodiri,
1312 4092 1367 4137 ut
1398 4082 1543 4154 signa
1574 4100 1689 4155 qure
1723 4094 1858 4138 tem-

278 4173 535 4241 poraliter
576 4174 822 4242 imposita
862 4183 1011 4228 crant
1045 4174 1429 4240 servientibus,
1476 4174 1540 4227 ad
1584 4175 1738 4229 unius
1766 4175 1860 4230 Dei

276 4264 506 4330 cultum,
537 4266 624 4333 qui
660 4265 780 4319 fecit
808 4267 998 4320 coelqu
1028 4275 1079 4320 et
1104 4275 1327 4332 terram,
1354 4266 1655 4335 opinionem
1679 4267 1863 4321 obser-

277 4359 515 4412 vantium
548 4352 847 4428 religa’rcnt.
898 4359 1137 4429 Namque
1176 4359 1251 4412 illi
1282 4360 1400 4429 quia
1434 4359 1659 4429 proximi
1706 4359 1862 4430 spiri-

277 4448 508 4502 tualibus
526 4448 741 4503 fuerunt
765 4450 838 4521 (in
860 4451 986 4521 ipsis
1004 4451 1145 4505 enim
1170 4446 1549 4521 temporalibus
1566 4462 1619 4507 et
1635 4452 1830 4507 carnali
1845 4484 1862 4493 -

274 4540 375 4594 bus
391 4542 564 4594 votis'
581 4551 738 4611 atque
763 4532 946 4612 signis,
966 4543 1207 4612 quamvis
1230 4542 1497 4612 quomodo
1518 4544 1862 4613 spiritualiter

276 4642 459 4688 essent
487 4634 826 4705 intelligenda
854 4636 1141 4701 “CSt'il‘eﬂt,
1173 4652 1336 4690 unum
1365 4645 1540 4691 tamen
1569 4637 1863 4693 didicerant

276 4728 520 4781 venerari
568 4738 827 4781 teternum
870 4728 1083 4799 Deum),
1132 4738 1243 4783 tam
1286 4744 1508 4797 capaces
1547 4731 1864 4784 exsﬁterunt

278 4817 508 4885 Spiritus
548 4819 744 4886 sancti,
780 4828 833 4874 ut
870 4820 1047 4873 omnia
1078 4834 1169 4873 sua
1199 4819 1522 4883 venderent,
1567 4835 1862 4890 eorumque

276 4911 507 4979 pretium
542 4910 898 4981 indigentibus
929 4912 1349 4966 distribuendum
1372 4954 1385 4975 ,
1418 4920 1540 4966 ante
1580 4912 1863 4982 Apostolo-

276 5019 392 5057 rum
426 5002 590 5072 pedes
632 5012 893 5073 ponerent
933 5004 1068 5075 (Act.
1100 5019 1169 5069 tv,
1205 5004 1316 5074 5i),
1342 5019 1503 5074 seque
1543 5012 1680 5058 totos
1708 5003 1860 5059 dedi-

276 5103 463 5149 carent
490 5095 599 5148 Deo
631 5104 881 5164 tanquam
914 5096 1167 5164 templum
1196 5100 1425 5161 novum,
1455 5095 1604 5165 cujus
1633 5104 1860 5150 terrente

276 5187 517 5258 imagini,
538 5187 641 5242 hoc
670 5197 774 5253 est,
798 5189 993 5257 templo
1023 5188 1186 5242 veteri
1205 5229 1218 5254 ,
1251 5188 1578 5241 serviebant.

347 5282 437 5347 υ.
476 5281 593 5335 Non
626 5283 767 5335 enim
798 5281 897 5336 hoc
933 5280 1064 5334 ullas
1101 5280 1353 5341 ecclesias
1376 5279 1625 5334 Gentium
1668 5278 1862 5335 fecisse

279 5376 537 5445 scriptum
566 5384 670 5440 est,
702 5375 822 5445 quia
870 5390 974 5429 non
1006 5380 1113 5435 tam
1141 5386 1304 5442 prepe
1330 5371 1531 5426 inventi
1555 5379 1728 5437 erant,
1772 5371 1863 5442 qui

277 5468 559 5523 simulacra
579 5466 878 5523 manuiacta
899 5466 1031 5521 deos
1056 5464 1341 5528 habebant.

341 5670 357 5700 ⁸
386 5677 537 5720 Vetus
558 5668 714 5719 codex
737 5668 897 5726 Corb.,
918 5672 1088 5718 morte.

344 5733 489 5801 ἥλω).
511 5767 526 5791 ,
541 5730 676 5801 pacis
701 5743 717 5781 :
741 5743 828 5801 pro
851 5727 1347 5801 quo‘Eras‘musbaud
1372 5726 1577 5776 feliciter
1599 5727 1862 5801 substituit,

280 5792 483 5843 toribus.
510 5790 581 5857 Sic
600 5790 759 5857 etiam
782 5790 890 5857 Lov.
916 5798 972 5857 At
994 5792 1102 5857 Bad.
1130 5797 1182 5857 et
1202 5798 1309 5851 Mss.
1334 5802 1508 5855 magno
1530 5802 1769 5851 consensu
1790 5790 1865 5840 fc-

280 5864 410 5921 runt,
433 5854 569 5909 rotis.
595 5856 760 5919 idest,
786 5853 1119 5925 oblationibus.
1162 5853 1169 5857 “
1266 5860 1269 5865 ‘
1423 5853 1432 5855 ⁷
1606 5860 1607 5865 ‘

2122 490 2348 546 CAPUT
2387 490 2497 548 VII.
2527 525 2595 535 —
2618 494 2840 553 Servitus
2886 501 3106 571 gentium
3134 503 3222 558 sub
3267 504 3423 577 signis

2623 590 2918 660 ginutilibus.

2051 698 2117 775 Et
2146 700 2187 752 si
2220 701 2428 771 quando
2465 704 2621 777 aliqui
2654 722 2835 773 eorum
2888 708 2969 777 illa
3005 719 3251 785 tanquam
3297 714 3442 784 signa
3477 714 3557 783 in-

1980 795 2256 867 terpretari
2287 796 2631 867 conabantur,
2662 800 2725 852 ad
2753 811 3048 873 creaturam
3080 804 3354 858 colendam
3388 823 3551 865 vene-

1980 884 2304 956 rantiumque
2328 888 2646 971 referebant.
2672 892 2804 957 Quid
2824 895 2963 947 enim
2989 895 3112 949 ιιιίιιί
3146 897 3361 965 prodest
3386 900 3553 952 simu-

1977 976 2195 1045 lat-runt,
2249 980 2391 1037 verbi
2423 983 2607 1057 gratia,
2652 984 2877 1059 Neptuni
2919 1002 3021 1040 non
3054 988 3221 1057 ipsum
3250 988 3550 1069 habendum

1978 1067 2159 1132 Deum,
2188 1070 2279 1123 sed
2312 1086 2375 1125 eo
2415 1073 2694 1141 signiﬁcari
2729 1078 3027 1133 universum
3078 1096 3242 1145 mare,
3276 1083 3356 1135 vel
3386 1067 3544 1135 etiam

1974 1175 2161 1219 omnes
2187 1178 2351 1241 aquas
2372 1172 2611 1245 cwtcras,
2646 1184 2760 1239 (lilii)
2780 1152 3006 1229 inutilius
3030 1173 3323 1251 proruunt?
3352 1175 3486 1228 sicut
3517 1192 3543 1229 ο

1973 1253 2200 1347 quodam
2232 1265 2385 1325 poeta
2407 1258 2614 1331 illorum
2641 1260 2977 1341 describitur,
3016 1266 3057 1331 si
3090 1265 3224 1331 bene
3256 1267 3450 1337 recolo,
3478 1268 3545 1347 ita

1972 1343 2177 1401 dicente
2200 1365 2212 1400 :

2122 1487 2207 1550 Tu,
2232 1488 2449 1550 Neptune
2473 1489 2627 1546 pater,
2651 1486 2725 1534 cui
2746 1492 2963 1549 tempora
2980 1500 3095 1537 cana
3119 1492 3336 1550 crepanti

2119 1542 2393 1621 anima-salo
2415 1542 2883 1621 resinatit,ntiiagtiu's
2899 1552 2973 1620 cui
2990 1542 3385 1621 perpete-uicum

2122 1605 2314 1654 Proliuit
2336 1619 2564 1667 oceanus,
2588 1605 2856 1658 et'ﬁunﬁna
2884 1605 3102 1661 crinibus
3120 1621 3298 1662 errant.

1970 1728 2323 1808 [laccsiliqua
2372 1736 2508 1797 intra
2553 1738 2706 1794 dulce
2733 1741 3012 1795 tectorium
3043 1751 3292 1803 sonantes
3333 1741 3541 1809 lapillos

1965 1825 2131 1893 quatit
2159 1823 2266 1896 (u);
2314 1843 2419 1887 non
2470 1840 2553 1889 est
2576 1840 2751 1889 autem
2782 1833 3079 1898 hominum,
3127 1835 3219 1888 sed
3260 1850 3543 1903 porcorum

1964 1915 2132 1979 cibus.
2154 1915 2308 1979 Novit
2329 1921 2456 1989 quid
2482 1921 2675 1987 dicam,
2718 1925 2804 1991 qui
2834 1924 3173 1993 Evangelium
3216 1926 3362 1979 novit
3388 1924 3539 1997 (Luc.

1967 2022 2059 2072 xv,
2090 2008 2202 2076 i6).
2236 2009 2372 2076 Quid
2399 2027 2527 2080 ergo
2550 2012 2678 2073 mihi
2706 2015 2921 2082 prodest
2960 2016 3096 2084 quod
3127 2016 3354 2086 Neptuni
3382 2017 3546 2083 simu-

1971 2101 2033 2155 1.ι
2056 2119 2171 2167 rum
2203 2106 2266 2156 ad
2286 2105 2430 2167 illam
2459 2106 2898 2175 signiﬁcationem
2928 2110 3174 2175 refertur,
3205 2110 3303 2173 nisi
3328 2111 3458 2173 forte
3488 2117 3544 2175 ut

1964 2202 2210 2254 neutrum
2229 2196 2433 2257 colam?
2459 2207 2562 2251 tam
2581 2199 2721 2269 enim
2754 2201 2881 2259 mihi
2910 2211 3076 2267 statua
3101 2202 3368 2270 qua-libet,
3387 2217 3541 2270 quam

1963 2301 2109 2343 mare
2141 2288 2465 2354 universum,
2498 2304 2601 2347 non
2634 2300 2717 2349 est
2745 2291 2902 2349 Deus.
2952 2291 3139 2345 Fateor
3171 2304 3345 2351 tamen
3387 2291 3543 2355 altius

1963 2378 2235 2438 demersos
2256 2395 2393 2447 esse,
2412 2383 2498 2450 qui
2526 2398 2685 2451 opera
2705 2382 2977 2451 hominum
3006 2384 3132 2443 deos
3156 2394 3360 2453 putant,
3384 2401 3540 2455 quam

1963 2471 2049 2539 qni
2082 2486 2240 2538 Opera
2272 2472 2364 2529 Dei
2388 2489 2402 2537 ;
2437 2475 2527 2528 sed
2551 2476 2705 2531 nobis
2729 2492 2864 2531 unus
2893 2477 3191 2547 diligendus
3218 2487 3270 2531 ct
3290 2478 3544 2539 colendus

1965 2564 2100 2616 Deus
2130 2566 2430 2645 prmeipilur
2457 2567 2627 2637 (Deut.
2659 2585 2730 2633 vr,
2779 2570 2853 2643 5),
2882 2570 2969 2639 qui
3016 2570 3137 2633 iecit
3186 2570 3299 2623 lure
3340 2570 3537 2636 omnia,

1962 2672 2184 2725 quorum
2215 2658 2286 2717 iiii
2321 2658 2599 2713 simulacra
2624 2672 2963 2724 venerantur,
2998 2661 3077 2713 vel
3105 2672 3348 2731 tanquam
3388 2660 3539 2727 deos,

1964 2747 2046 2801 vel
2075 2757 2319 2816 tanquam
2340 2750 2483 2817 signa
2503 2758 2555 2802 ct
2574 2749 2831 2820 imagines
2854 2750 3162 2803 deorum.Si
3188 2766 3312 2819 ergo
3334 2751 3565 2825 signum

1964 2841 2159 2894 utiliter
2187 2843 2480 2895 institutum
2514 2858 2606 2910 pro
2637 2842 2747 2911 ipsa
2777 2859 2833 2896 rc
2868 2844 3038 2912 sequi,
3067 2844 3151 2897 cui
3181 2842 3541 2911 signiﬁcanda;

1963 2931 2257 2985 institutum
2304 2942 2417 2997 est,
2448 2934 2673 2991 carnalis
2718 2940 2800 2986 est
2842 2935 3106 2997 servitus;
3139 2943 3339 3002 quanto
3376 2932 3542 3001 magis

1963 3024 2224 3077 inutilium
2264 3040 2439 3077 rerum
2470 3025 2618 3094 signa
2660 3025 2896 3078 instituta
2926 3041 3020 3092 pro
3062 3024 3221 3077 rebus
3264 3022 3543 3092 accipere?

1962 3114 2089 3181 Quae
2115 3115 2159 3168 si
2190 3114 2434 3169 retuleris
2460 3113 2527 3167 ad
2553 3130 2615 3171 ea
2646 3113 2757 3183 ipsa
2782 3114 3004 3184 quaehis
3029 3114 3414 3183 signiﬁcantur,
3441 3112 3544 3183 eis-

1961 3221 2062 3275 que
2091 3206 2327 3260 colendis
2352 3206 2587 3261 animum
2608 3208 2948 3277 obligaveris,
2972 3207 3320 3265 nihilominus
3364 3204 3544 3263 servili

1961 3298 2262 3366 carnalique
2282 3311 2446 3351 onere
2475 3306 2634 3365 atque
2664 3298 2924 3353 velamine
2966 3313 3069 3351 non
3100 3297 3326 3352 carebis.

2034 3434 2257 3491 CAPUT
2297 3434 2687 3489 “IL—Aliter
2711 3433 2884 3495 Judtei
2912 3451 2941 3485 α
2970 3432 3473 3504 signorumservitute

2423 3525 2636 3593 liberati,
2660 3526 2803 3577 aliter
2831 3522 3069 3578 Gentiles.

2040 3637 2125 3692 12.
2164 3637 2521 3705 Quamobrem
2544 3638 2833 3713 christiana
2864 3637 3080 3701 libertas
3109 3651 3200 3691 eos
3228 3651 3360 3713 quos
3390 3636 3540 3695 inve-

1964 3731 2040 3791 nit
2069 3731 2167 3789 sub
2190 3730 2356 3801 signis
2386 3730 2620 3801 utilibus,
2642 3738 2886 3803 tanquam
2917 3744 3076 3805 prope
3094 3727 3356 3801 inventos,
3378 3727 3541 3793 inter—

1963 3825 2184 3895 pretatis
2228 3824 2393 3893 signis
2439 3822 2631 3895 quibus
2662 3822 2856 3887 subditi
2878 3831 3058 3899 erant,
3100 3821 3331 3881 clevatos
3367 3819 3543 3891 adeas

1964 3930 2052 3969 res
2072 3929 2293 3986 quarum
2340 3913 2425 3966 illa
2456 3913 2603 3981 signa
2633 3921 2772 3975 sunt,
2826 3912 3065 3965 liberavit
3096 3928 3106 3962 :
3140 3926 3204 3963 ex
3252 3910 3332 3963 bis
3389 3909 3542 3979 facite

1965 4008 2347 4071 suntEcclesia:
2370 4014 2671 4065 sanctorum
2691 4005 3066 4075 .Israelitarum.
3092 4004 3235 4069 Quos
3265 4012 3438 4071 autem
3466 4001 3537 4071 in-

1964 4103 2105 4156 venit
2128 4102 2227 4154 sub
2247 4101 2413 4170 signis
2441 4099 2727 4163 inutilibus,
2754 4114 2856 4171 qon
2885 4097 3056 4151 solum
3085 4095 3331 4149 servilem
3355 4108 3547 4171 Opera-

1968 4196 2165 4263 tironem
2202 4194 2301 4249 sub
2329 4193 2524 4257 talibus
2551 4192 2734 4262 signis,
2768 4190 2861 4267 sed
2916 4191 3075 4253 etiam
3106 4188 3218 4265 ipsa
3260 4188 3403 4259 signa
3436 4186 3546 4251 fru-

1965 4288 2151 4355 stravit
2170 4287 2499 4359 removitque
2524 4284 2703 4347 omnia
2726 4301 2737 4335 :
2764 4289 2821 4359 ut
2839 4297 2867 4337 a
2889 4280 3226 4359 corruptione
3249 4275 3543 4341 multitudi-

1968 4383 2049 4443 nis
2073 4381 2441 4447 situulatorum
2464 4378 2706 4441 deorum,
2732 4390 2886 4465 quam
2910 4388 3050 4444 saepe
3077 4387 3137 4424 ac
3164 4371 3375 4441 prepric
3400 4368 3545 4437 Scri-

1968 4486 2121 4546 ptura
2151 4473 2554 4539 fornicationem
2580 4459 2755 4532 vocat,
2783 4468 2848 4527 ad
2872 4467 3025 4519 unius
3057 4465 3147 4527 Dei
3179 4464 3373 4517 cultum
3399 4459 3541 4527 Gen-

1966 4578 2049 4625 tes
2070 4573 2544 4629 converterentur;
2580 4576 2679 4625 nec
2703 4560 2798 4626 sub
2831 4558 2959 4635 ipsis
2990 4557 3097 4626 jam
3127 4554 3290 4635 signis
3329 4552 3543 4613 utilibus

1965 4662 2261 4726 servitum,
2284 4657 2378 4714 sed
2414 4655 2778 4721 exercitatum:
2803 4652 2976 4724 potius
2994 4650 3228 4717 animum
3265 4648 3317 4715 in
3358 4661 3541 4711 eorum

1966 4750 2311 4821 intelligentia
2329 4746 2610 4820 spirituali.

2035 4888 2259 4947 CAPUT
2289 4885 2380 4942 IX.
2409 4914 2481 4927 ——
2507 4882 2634 4948 Quis
2670 4882 2925 4951 signorum
2951 4878 3183 4932 servitute
3214 4876 3471 4946 premitur,

2258 4981 2368 5049 quis
2398 4995 2516 5032 non.
2550 4974 2858 5046 Baptismus.
2892 4971 3233 5024 Eucharistia.

2040 5099 2124 5154 l5.
2166 5094 2275 5151 Sub
2293 5093 2442 5165 signo
2460 5089 2598 5144 enim
2626 5086 2788 5140 servit
2812 5084 2898 5154 qui
2927 5091 3173 5151 operatur
3198 5089 3287 5134 aut
3316 5093 3541 5133 venera-

1969 5199 2054 5245 tur
2073 5189 2299 5261 aliquam
2328 5198 2441 5238 rem
2491 5179 2896 5248 signiﬁcantem,
2929 5176 3173 5228 nesciens
3196 5171 3319 5241 quid
3346 5170 3541 5239 signiﬁ-

1970 5290 2054 5337 cet
2078 5298 2090 5335 :
2118 5280 2206 5351 qui
2254 5292 2381 5331 vero
2414 5281 2507 5328 aut
2553 5277 2817 5340 operatur,
2870 5277 2961 5320 aut
3009 5273 3292 5345 veneratur
3320 5262 3446 5315 utile
3477 5262 3546 5315 si-

1969 5389 2129 5445 gnum
2159 5369 2411 5425 divinitus
2432 5365 2747 5426 institutum,
2780 5361 2933 5428 cujus
2950 5360 3052 5412 vim
3083 5354 3543 5425 signiﬁcationem.

1968 5463 2344 5539 queintelligit,
2370 5475 2474 5513 non
2501 5458 2602 5512 hoc
2624 5461 2904 5509 veneratur
2920 5449 3058 5520 quod
3081 5447 3284 5519 videtur
3301 5456 3352 5501 et
3374 5456 3543 5509 trans-

1971 5561 2031 5625 it,
2078 5556 2169 5612 scd
2203 5554 2326 5609 illud
2358 5552 2532 5635 potius
2563 5562 2668 5621 quo
2692 5546 2812 5600 talia
2854 5552 3043 5607 cuncta
3091 5540 3369 5595 referenda
3400 5546 3523 5592 sunt

1971 5652 2111 5708 Talis
2139 5658 2311 5703 autem
2346 5646 2506 5698 homo
2533 5640 2819 5712 spiritualis
2855 5647 2907 5691 ct
2950 5637 3082 5689 liber
3103 5644 3202 5695 est,
3228 5637 3383 5689 etiam
3414 5642 3544 5687 tem-

1971 5762 2099 5820 pore
2130 5742 2417 5804 servitutis,
2451 5718 2563 5810 quo
2581 5733 2881 5797 carnalibus
2914 5730 3105 5783 animis
3133 5729 3364 5783 nondum
3396 5742 3547 5805 opor-

1970 5849 2044 5896 tet
2092 5840 2237 5911 signa
2284 5834 2371 5890 illa
2400 5829 2643 5897 revelari,
2693 5838 2915 5923 quorum
2953 5822 3079 5903 jugo
3104 5821 3380 5899 cdomandi
3410 5826 3553 5879 sunt,
