4060 6460
489 436 552 493 τι
1414 429 1504 488 DE
1546 427 1888 487 noenum
1929 425 2360 496 CHRISTIANA,
2398 429 2455 487 ε.
2487 430 2858 492 AUGUSTINI
3226 396 3256 400 ﬂ
3689 445 3765 506 vs

484 555 641 612 Tales
665 558 838 609 autem
865 545 1161 621 splrituales
1175 554 1326 603 erant
1341 545 1660 602 Patriarchae
1684 559 1746 598 ac
1761 541 2069 613 Prophetre,

485 659 776 716 omnesque
827 643 882 698 in
908 641 1103 712 populo
1145 638 1306 695 Israel
1345 653 1440 708 per
1481 651 1614 707 quos
1642 634 1795 690 nobis
1837 633 2070 704 Spiritus

485 749 700 797 sanctus
729 739 842 806 ipsa
868 734 1253 803 Scripturarum
1298 738 1352 786 et
1376 728 1568 783 auxilia
1594 734 1648 782 et
1685 724 1872 780 solatia
1900 723 2063 779 mini-

485 830 688 888 stravit.
722 828 834 883 Hoc
872 841 998 881 vero
1027 834 1267 892 tempore
1303 829 1648 891 posteaquam
1678 815 2068 872 resurrectione

486 920 694 978 Domini
739 916 905 972 nostri
935 911 1420 969 manifestissimum
1470 906 1722 963 indicium
1779 903 2068 962 nostraeli-

483 1012 702 1069 bertatis
723 1009 915 1072 illuxit,
945 1022 1041 1062 nec
1065 1019 1249 1060 eorum
1279 1001 1489 1073 quidem
1515 1001 1807 1071 signorum,
1825 1013 1942 1069 qua:
1956 997 2066 1068 jam

483 1103 856 1172 intelligimus,
906 1097 1214 1167 operatione
1250 1093 1396 1164 gravi
1449 1091 1651 1147 onerati
1700 1097 1918 1152 sumas;
1969 1087 2065 1144 sed

481 1193 722 1266 quaedam
746 1205 907 1261 pauca
934 1203 1028 1257 pro
1065 1186 1264 1252 multis,
1292 1183 1586 1253 eademque
1617 1180 1759 1236 factu
1785 1179 2054 1244 facillima,

481 1298 536 1342 et
561 1285 841 1340 intellectu
869 1278 1262 1350 augustissima,
1292 1284 1348 1331 et
1372 1274 1742 1331 observatione
1768 1272 2064 1328 castissima

483 1379 594 1448 ipse
626 1375 879 1431 Dominus
903 1381 956 1427 et
1002 1369 1291 1440 apostolica
1319 1366 1533 1422 tradidit
1557 1365 1834 1434 disciplina
1870 1383 1884 1418 :
1910 1362 2064 1418 sicuti

480 1479 562 1526 est
580 1465 831 1538 Baptismi
858 1471 1268 1524 sacramentum,
1315 1469 1370 1515 et
1393 1457 1684 1514 celebratio
1722 1455 1963 1524 corporis
2009 1463 2066 1510 et

478 1560 750 1630 sanguinis
779 1555 1006 1610 Domini.
1026 1554 1154 1623 Quae
1170 1553 1532 1622 unusquisque
1551 1566 1674 1606 cum
1692 1549 1934 1618 percipit,
1956 1563 2063 1618 quo

479 1650 775 1707 referantur
803 1647 1032 1702 imbutus
1057 1645 1316 1716 agnoscit,
1356 1649 1416 1696 ut
1443 1657 1504 1698 ea
1536 1657 1640 1696 non
1661 1641 1860 1696 carnali
1889 1640 2061 1694 servi-

478 1750 608 1806 tute,
633 1739 726 1795 sed
772 1737 1028 1809 spirituali
1049 1737 1226 1806 potius
1246 1734 1492 1788 libertate
1533 1740 1836 1788 veneretur.
1868 1730 2065 1795 Ut,au.

477 1840 584 1888 tem
612 1833 837 1885 litteram
869 1828 1039 1897 sequi,
1081 1835 1135 1882 et
1172 1825 1321 1895 signa
1351 1839 1448 1893 pro
1472 1824 1635 1879 rebus
1661 1838 1781 1893 quae
1807 1822 1871 1876 iis
1900 1821 2060 1892 signi-

478 1926 702 1981 ﬁcantur
729 1923 991 1990 accipere,
1025 1919 1235 1974 servilis
1262 1916 1584 1972 inﬁrmitatis
1609 1924 1728 1980 est;
1761 1915 1833 1968 ita
1858 1912 2061 1970 inutili-

478 2026 560 2073 ter
585 2018 732 2087 signa
779 2013 1137 2083 interpretari,
1167 2011 1303 2065 male
1328 2009 1566 2078 vagantis
1591 2008 1789 2064 erroris
1835 2015 1932 2062 est.
1958 2006 2057 2073 Qui

476 2119 652 2166 autem
683 2124 787 2163 non
809 2107 1049 2176 intelligit
1089 2104 1214 2175 quid
1241 2103 1502 2174 signiﬁcet
1547 2101 1776 2170 signum,
1804 2109 1857 2154 et
1881 2107 2057 2154 tamen

477 2201 685 2270 signum
714 2213 832 2253 esse
872 2195 1136 2266 intelligit,
1167 2209 1268 2250 nec
1314 2193 1427 2263 ipse
1479 2190 1738 2261 premitur
1782 2189 2054 2244 servitute.

476 2290 660 2345 Melius
687 2300 767 2344 est
795 2295 969 2342 autem
991 2286 1075 2341 vel
1099 2285 1266 2354 premi
1294 2281 1600 2353 incognitis,
1629 2280 1723 2336 sed
1749 2279 1964 2335 utilibus
1980 2280 2057 2334 si-

476 2382 612 2453 gnis,
635 2396 794 2452 quam
823 2378 1074 2442 inutiliter
1103 2392 1166 2432 ea
1194 2373 1609 2445 interpretando,
1632 2387 1663 2426 a
1675 2371 1806 2443 jugo
1825 2371 2055 2427 servitu-

477 2473 544 2528 tis
570 2472 811 2527 eductam
849 2469 1110 2525 cervicem
1135 2466 1338 2536 laqueis
1358 2464 1559 2520 erroris
1584 2465 1842 2518 inserere.

476 2605 697 2663 CAPUT
726 2603 794 2660 X.
829 2634 896 2644 —
923 2601 1072 2658 Unde
1118 2602 1442 2672 dignoscatur
1467 2615 1533 2652 an
1562 2599 1781 2668 ﬁgurata
1814 2598 1879 2652 sit
1907 2597 2051 2651 locu-

547 2698 634 2750 tio.
656 2695 854 2766 Regula
875 2693 1144 2764 generalis.
1161 2690 1413 2746 Charitas.
1442 2687 1727 2760 Cupiditas.
1752 2686 2053 2760 Flagitium.

545 2787 788 2843 Facinus.
825 2784 1048 2840 Utilitas.
1079 2781 1437 2852 Beneﬁcentia.

545 2921 633 2976 M.
669 2921 994 2975 lluicautem
1016 2914 1370 2971 observationi
1389 2929 1490 2984 qua
1511 2927 1760 2969 cavemus
1780 2911 2056 2984 ﬁguratam

475 3012 818 3078 locutionem,
848 3011 898 3065 id
920 3017 1022 3075 est,
1055 3009 1360 3063 translatam
1389 3006 1538 3076 quasi
1569 3005 1834 3076 propriam
1879 3003 2053 3074 sequi;

473 3105 804 3176 adiungenda
829 3105 987 3158 etiam
1016 3103 1103 3155 illa
1146 3109 1247 3164 est,
1277 3115 1344 3155 ne
1375 3101 1640 3170 propriam
1671 3099 1820 3170 quasi
1853 3099 2057 3168 ﬁgura-

473 3205 582 3252 tam
609 3197 836 3251 velimus
859 3193 1120 3263 accipere.
1142 3190 1596 3246 Demonstrandus
1626 3199 1708 3245 est
1735 3191 1892 3261 igitur
1913 3191 2058 3260 prius

473 3287 664 3343 modus
711 3284 1039 3340 invenienda:
1069 3283 1372 3344 locutionis,
1425 3282 1710 3352 proiiriane
1735 3297 1802 3336 an
1834 3283 2056 3352 ﬁgurata

471 3380 562 3434 sit.
591 3379 658 3433 Et
677 3379 776 3433 iste
795 3377 1013 3432 omnino
1035 3375 1225 3430 modus
1251 3383 1354 3441 cst,
1378 3383 1437 3428 ut
1461 3373 1714 3444 quidquid
1739 3375 1788 3428 in
1811 3389 2058 3429 sermone

471 3470 650 3528 divino
687 3487 857 3541 neque
889 3469 956 3524 ad
986 3483 1191 3522 morum
1222 3465 1579 3533 honestatem,
1622 3481 1795 3536 neque
1839 3466 1905 3520 ad
1934 3465 2054 3520 ﬁdei

469 3565 745 3620 veritatem
775 3563 991 3634 proprie
1032 3559 1216 3616 referri
1264 3567 1456 3630 potest,
1489 3558 1769 3629 ﬁguratum
1801 3573 1918 3612 esse
1966 3571 2058 3612 co-

469 3673 713 3731 gnoscas.
750 3657 951 3711 Merum
999 3656 1250 3710 honestas
1291 3652 1360 3708 ad
1412 3651 1735 3722 diligendum
1783 3652 1947 3705 Deum
2003 3659 2059 3705 et

471 3751 790 3821 proximum,
823 3747 944 3802 ﬁdei
990 3747 1185 3801 veritas
1227 3744 1294 3799 ad
1335 3742 1760 3815 cognoscendum
1795 3742 1958 3796 Deum
1989 3749 2044 3796 et

470 3843 770 3914 proximum
793 3841 1038 3910 pertinet.
1053 3837 1188 3908 Spes
1209 3845 1384 3892 autem
1413 3850 1506 3890 sua
1532 3835 1721 3905 cuique
1746 3841 1828 3888 est
1854 3833 1906 3886 in
1929 3848 2054 3887 cono

471 3933 692 3989 scientia
719 3933 953 4003 prepria,
975 3928 1424 4001 quemadmodum
1455 3943 1514 3983 se
1534 3928 1696 3982 sentit
1721 3925 1788 3980 ad
1817 3925 2056 3980 dilectio-

469 4041 592 4081 nem
623 4024 716 4079 Dei
745 4033 800 4078 et
851 4023 1101 4094 proximi,
1138 4021 1599 4091 cognitionemque
1645 4017 1926 4088 proﬁcere.
1981 4016 2057 4071 De

468 4115 662 4186 quibus
685 4114 931 4168 omnibus
961 4113 1129 4182 primo
1147 4111 1284 4166 libro
1306 4111 1504 4165 dictum
1531 4118 1634 4164 est.

542 4206 630 4261 15.
669 4205 772 4262 Sed
794 4204 1041 4274 quoniam
1066 4203 1300 4273 proclive
1327 4210 1410 4256 est
1440 4200 1728 4255 humanum
1761 4215 1929 4270 genus
1949 4214 2054 4254 non

470 4314 539 4354 ex
556 4298 838 4353 momentis
859 4295 1289 4367 ipsiuslibidinis,
1324 4295 1416 4351 sed
1449 4296 1624 4365 potius
1653 4310 1761 4350 sua:
1781 4303 2057 4349 consuetu-

474 4388 615 4444 diuis
635 4389 903 4443 aestimare
931 4395 1164 4456 peccata,
1210 4387 1267 4440 ﬁt
1292 4386 1604 4456 plerumque
1626 4395 1682 4438 ut
1710 4386 1933 4455 quisque
1969 4385 2057 4440 ho-

473 4483 675 4536 minum
707 4497 767 4536 ea
799 4490 1002 4534 tantum
1030 4478 1292 4549 culpanda
1320 4478 1623 4542 arbitretur,
1660 4491 1778 4546 quae
1826 4490 1937 4530 suae
1971 4491 2055 4532 re-

469 4574 642 4644 gionis
667 4581 723 4628 et
747 4573 1000 4644 temporis
1022 4571 1266 4626 homines
1296 4571 1600 4638 vituperare
1624 4577 1780 4636 atque
1800 4566 2055 4623 damnare

469 4675 857 4722 consueverunt
875 4681 890 4730 ;
905 4675 958 4719 et
985 4680 1044 4720 ea
1067 4672 1268 4718 tantum
1292 4661 1562 4732 probanda
1583 4670 1742 4729 atque
1767 4659 2048 4728 laudanda,

468 4772 588 4828 quae
627 4757 961 4812 consuetudo
1009 4770 1193 4810 eorum
1219 4769 1343 4808 cum
1371 4753 1563 4822 quibus
1587 4751 1734 4818 vivit,
1771 4750 2004 4805 admittit
2031 4765 2047 4804 :

470 4865 643 4920 eoque
673 4849 930 4919 contingit
977 4857 1031 4902 ut
1077 4848 1120 4902 si
1157 4847 1282 4917 quid
1323 4845 1594 4916 Scriptura
1621 4845 1704 4899 vel
1735 4841 2054 4915 praaceperit

466 4940 608 5012 quod
631 4941 880 4996 abhorret
906 4957 936 4994 a
987 4939 1372 4996 consuetudine
1417 4938 1765 5004 audientium,
1795 4938 1877 4992 vel
1906 4937 2048 5008 quod

467 5050 574 5090 non
592 5035 843 5092 abhorret
882 5035 1198 5105 'culpaverit,
1241 5035 1284 5088 si
1311 5035 1547 5088 animum
1564 5032 1874 5102 corumjam
1903 5033 2048 5089 verbi

470 5126 638 5179 vinxit
660 5126 966 5190 auctoritas,
1010 5125 1284 5194 ﬁguratam
1335 5125 1654 5178 locutionem
1687 5132 1890 5194 putent.
1931 5123 2048 5179 Non

466 5228 641 5273 autem
677 5219 914 5289 praecipit
939 5218 1210 5286 Scriptura
1236 5217 1336 5270 nisi
1367 5216 1702 5284 cbaritatem,
1751 5233 1850 5272 nec
1870 5219 2050 5288 culpat

467 5312 568 5366 nisi
597 5311 974 5382 cupiditatem;
1002 5318 1058 5366 et
1083 5326 1147 5366 eo
1178 5309 1336 5365 modo
1364 5309 1614 5365 informat
1658 5327 1835 5367 mores
1875 5312 2048 5368 homi-

471 5419 618 5478 num.
652 5403 782 5458 Item
809 5403 852 5456 si
890 5402 1124 5456 animum
1154 5402 1544 5472 przcoccupavit
1581 5402 1806 5473 alicujus
1849 5404 2046 5459 erroris

467 5488 670 5567 opinio,
689 5494 941 5565 quidquid
961 5495 1113 5555 aliter
1132 5496 1423 5550 asseruerit
1443 5495 1742 5566 Scriptura,
1763 5497 2044 5568 ﬁguratum

466 5586 711 5640 homines
731 5583 1074 5638 arbitrantur.
1107 5583 1222 5638 Non
1251 5593 1430 5640 autem
1473 5588 1664 5642 asserit
1688 5589 1787 5642 nisi
1815 5588 2043 5643 catholi-

464 5692 580 5730 cam
612 5674 786 5740 ﬁdem,
802 5673 962 5729 rebus
985 5675 1287 5744 praateritis,
1303 5688 1357 5732 et
1371 5676 1580 5744 futuris,
1600 5689 1654 5735 et
1673 5682 2039 5749 prtesentibus.

469 5767 861 5822 Praeteritorum
895 5769 1126 5823 narratio
1153 5777 1266 5836 est,
1308 5770 1602 5827 futurorum
1643 5775 2039 5845 prmnuntiatio,

465 5856 803 5932 praesentium
826 5859 1209 5919 demonstratio
1229 5881 1241 5918 :
1261 5863 1356 5920 sed
1371 5863 1548 5920 omnia
1565 5864 1681 5922 haec
1707 5865 1774 5922 ad
1796 5867 2037 5925 eamdem

2176 543 2487 602 charitatem
2541 549 2880 606 nutriendam
2937 558 3098 623 atque
3154 553 3639 627 corroborandam,
3701 569 3758 617 et

2176 637 2519 764 fgﬁiditatem
2571 644 2887 700 vincendam
2941 652 3102 716 atque
3155 648 3598 721 exstinguendam
3652 667 3758 708 va-

2198 723 2312 764 ent.

2245 823 2332 879 i6.
2371 824 2696 883 Charitatem
2742 843 2876 885 voco
2921 839 3125 886 motum
3152 830 3315 886 animi
3359 831 3428 888 ad
3471 832 3753 890 fruendum

2173 915 2284 970 Deo
2303 926 2519 987 pr0pter
2533 919 2726 988 ipsum,
2741 928 2794 975 et
2809 928 3037 991 seatque
3055 923 3298 993 proximo
3322 934 3536 995 propter
3552 925 3718 981 Deum
3737 942 3754 982 :

2172 1008 2511 1078 cupiditatem
2541 1020 2738 1076 autem,
2772 1023 2974 1067 motum
3002 1015 3164 1070 animi
3193 1015 3259 1071 ad
3305 1016 3587 1074 fruendum
3613 1035 3672 1075 se
3697 1029 3755 1076 et

2171 1101 2413 1170 proximo
2438 1111 2494 1157 et
2519 1103 2759 1174 quolibet
2786 1121 3011 1175 corpore
3042 1123 3146 1162 non
3162 1119 3380 1179 propter
3394 1111 3579 1166 Deum.
3601 1112 3752 1180 Quod

2169 1203 2345 1250 autem
2374 1197 2482 1266 agit
2507 1197 2760 1252 indomita
2785 1200 3046 1269 cupiditas
3072 1201 3140 1256 ad
3164 1204 3614 1273 corrumpendum
3637 1206 3754 1260 ani.

2167 1301 2312 1340 mum
2325 1296 2580 1359 etcorpus
2591 1305 2766 1357 suum,
2781 1291 3031 1362 ﬂagitium
3044 1303 3289 1350 vocatur:
3304 1297 3442 1367 quod
3455 1305 3631 1352 autem
3645 1299 3753 1370 agit

2168 1386 2228 1432 ut
2239 1378 2392 1435 alteri
2414 1393 2619 1450 noceat,
2648 1383 2847 1439 facinus
2862 1384 3072 1441 dicitur.
3089 1387 3156 1442 Et
3174 1387 3288 1442 haec
3301 1389 3540 1444 suntduo
3555 1406 3752 1460 genera

2166 1470 2403 1525 omnium
2422 1482 2753 1542 peccatorum
2770 1476 2895 1542 ;sed
2909 1475 3100 1547 ﬂagitia
3114 1479 3290 1548 priora
3315 1489 3456 1534 sunt.
3475 1481 3603 1548 Qua:
3628 1497 3749 1536 cum

2165 1564 2555 1621 exinaniverint
2574 1569 2830 1636 animum,
2849 1581 2900 1624 et
2920 1569 2985 1624 ad
3007 1572 3288 1641 quamdam
3314 1581 3603 1643 egestatem
3624 1589 3750 1644 per-

2165 1654 2436 1723 duxerint,
2459 1658 2514 1712 in
2532 1657 2765 1714 facinora
2785 1661 3071 1730 prosilitur,
3103 1679 3208 1734 quo
3245 1676 3619 1721 removeantur
3646 1668 3748 1722 im-

2166 1747 2468 1817 pedimenta
2491 1749 2827 1820 ﬂagitiorum,
2846 1762 2938 1808 aut
2951 1753 3252 1823 adjumenta
3273 1768 3598 1826 quaerantur.
3615 1757 3747 1814 Item

2163 1841 2303 1910 quod
2331 1841 2440 1910 agit
2477 1841 2709 1898 charitas
2733 1858 2836 1912 quo
2884 1844 2986 1898 sibi
3014 1847 3197 1914 prosit,
3231 1847 3426 1902 utilitas
3454 1857 3576 1903 est:
3604 1848 3746 1919 quod

2164 1940 2338 1986 autem
2379 1932 2486 2002 agit
2517 1941 2572 1986 ut
2613 1933 2781 2003 prosit
2810 1936 3070 2004 proximo,
3118 1938 3468 1994 beneﬁcentia
3496 1941 3743 1998 nomina-

2163 2033 2270 2078 tur.
2303 2023 2370 2078 Et
2394 2025 2478 2079 hic
2506 2027 2756 2094 praacedit
2783 2027 3018 2094 utilitas;
3049 2029 3170 2099 quia
3199 2046 3357 2086 nemo
3387 2040 3560 2102 potest
3584 2048 3647 2088 ex
3678 2047 3746 2089 eo

2161 2115 2301 2184 quod
2336 2131 2442 2170 non
2469 2116 2647 2184 habet,
2692 2118 2944 2188 prodesse
2972 2120 3143 2176 alteri.
3175 2122 3383 2190 Quanto
3409 2132 3587 2180 autem
3628 2141 3746 2180 ma-

2159 2207 2240 2277 gis
2272 2222 2494 2278 regnum
2510 2209 2814 2279 cupiditatis
2837 2210 3146 2280 destruitur,
3185 2222 3332 2269 tanto
3346 2215 3619 2273 charitatis
3643 2232 3741 2272 au-

2158 2306 2328 2368 getur.

2158 2432 2388 2491 CAPUT
2425 2435 2518 2491 XI.
2539 2465 2607 2477 -
2627 2437 2825 2509 Regula
2864 2439 2926 2494 de
2965 2439 3028 2495 iis
3055 2457 3167 2511 qua:
3205 2442 3449 2498 saevitiam
3490 2445 3737 2513 redolent,

2231 2533 2616 2603 referunturque
2641 2532 2967 2588 nihilominus
2992 2549 3056 2589 ea:
3076 2550 3289 2604 persona
3313 2535 3412 2591 Dei
3431 2537 3508 2592 vel
3533 2549 3741 2594 sancto-

2228 2637 2362 2676 rum.

2230 2757 2318 2813 17.
2363 2757 2628 2830 Quidquid
2657 2775 2783 2832 ergo
2808 2776 3051 2832 asperum
3095 2772 3150 2819 et
3196 2763 3346 2835 quasi
3371 2779 3571 2820 saivum
3601 2763 3740 2820 iactu

2159 2849 2409 2921 dictuque
2434 2852 2486 2906 in
2530 2855 2726 2908 sanctis
2752 2854 3039 2925 Scripturis
3085 2856 3276 2926 legitur
3303 2871 3367 2911 ex
3400 2872 3620 2926 persona
3644 2857 3740 2913 Dei

2158 2941 2243 2996 vel
2273 2953 2574 2998 sanctorum
2611 2945 2743 3015 ejus,
2789 2945 2854 3000 ad
2884 2947 3184 3016 cupiditatis
3210 2963 3428 3017 regnum
3463 2947 3740 3002 destruen-

2160 3031 2286 3088 dum
2317 3035 2476 3089 valet.
2503 3035 2653 3101 Quod
2683 3037 2724 3091 si
2755 3037 3029 3112 perspicue
3065 3047 3235 3104 sonat,
3264 3053 3368 3093 non
3399 3047 3481 3094 est
3502 3038 3567 3094 ad
3594 3038 3740 3094 aliud

2161 3125 2494 3180 referendum
2532 3127 2679 3196 quasi
2713 3128 2934 3197 ﬁgurate
2963 3129 3159 3182 dictum
3195 3130 3281 3183 sit.
3311 3129 3476 3184 Sicuti
3503 3138 3583 3184 est
3609 3128 3739 3183 illud

2160 3217 2397 3286 Apostoli
2426 3236 2439 3271 :
2471 3212 2800 3272 T/iesaurims
2824 3220 2911 3273 tibi
2941 3220 3070 3273 iram
3093 3221 3146 3274 in
3173 3221 3252 3274 die
3290 3221 3380 3274 ira:
3402 3230 3449 3275 et
3474 3220 3740 3276 revelatio-
3781 3221 3790 3236 ‘

2161 3309 2239 3362 nis
2275 3308 2408 3377 justi
2440 3308 2628 3379 judicii
2669 3309 2784 3374 Dei,
2815 3311 2901 3381 qui
2939 3311 3111 3364 reddet
3155 3312 3421 3382 unicuique
3467 3313 3742 3365 secundum

2159 3416 2311 3469 Opera
2333 3415 2427 3453 sua
2455 3414 2474 3452 :
2501 3400 2563 3453 iis
2589 3401 2788 3470 quidem
2827 3402 2912 3472 qui
2949 3402 3222 3457 secundum
3245 3404 3592 3458 sustinentiam
3614 3403 3740 3458 boni

2159 3491 2342 3559 operis,
2371 3489 2586 3560 gloriam
2615 3501 2661 3545 et
2681 3491 2921 3546 honorem
2943 3503 2989 3546 et
3011 3494 3439 3564 incorruptionem
3467 3494 3740 3566 quterenli-

2160 3581 2271 3646 bus,
2295 3583 2443 3636 vitam
2467 3595 2708 3638 teternam
2724 3603 2743 3651 ;
2764 3587 2830 3639 iis
2859 3596 3022 3640 autem
3047 3589 3133 3658 qui
3160 3603 3222 3642 ea:
3259 3588 3571 3642 contentione
3601 3596 3738 3654 sunt,

2160 3681 2206 3725 et
2226 3673 2455 3742 difﬁdunt
2483 3676 2696 3742 veritati,
2723 3677 2928 3730 credunt
2947 3686 3114 3730 autem
3132 3678 3404 3747 iniquitati,
3435 3679 3511 3731 ira
3539 3689 3586 3732 et
3607 3678 3744 3732 indi-

2159 3767 2347 3836 gnatio.
2369 3753 2646 3821 Tribulatio
2672 3777 2716 3822 et
2736 3769 2965 3839 angustia
2988 3770 3040 3822 in
3069 3786 3262 3823 onmem
3284 3771 3503 3823 animam
3525 3770 3742 3826 hominis

2161 3857 2414 3927 operantis
2443 3858 2653 3924 malum,
2683 3856 2856 3914 Judaei
2885 3860 3102 3928 primum
3145 3869 3188 3914 et
3217 3859 3379 3914 (ἶνιεεὶ
3404 3860 3576 3931 (Rom.
3597 3877 3655 3928 ιι,
3674 3863 3740 3919 5-

2159 3948 2236 4020 9).
2264 3948 2368 4004 Sed
2391 3951 2490 4003 hoc
2515 3950 2580 4003 ad
2598 3964 2711 4016 eos,
2742 3965 2863 4004 cum
2889 3951 3083 4020 quibus
3115 3953 3370 4006 evertitur
3390 3953 3502 4022 ipsa
3532 3953 3741 4023 cupidi-

2161 4049 2261 4106 tas,
2291 4040 2380 4111 qui
2430 4057 2547 4095 eam
2578 4042 2790 4096 vincere
2836 4042 3138 4097 noluerunt.
3167 4043 3300 4099 Cum
3342 4054 3519 4100 autem
3547 4046 3596 4100 in
3641 4046 3741 4101 ho.

2159 4135 2304 4189 mine
2332 4135 2415 4188 cui
2441 4134 2830 4204 dominabatur,
2849 4151 3008 4206 regna
3021 4135 3321 4206 cupiditatis
3341 4139 3736 4208 subvertuntur,

2165 4225 2250 4280 illa
2276 4236 2358 4281 est
2397 4237 2579 4296 aperta
2603 4227 2796 4288 locutio
2827 4244 2842 4282 :
2873 4228 2972 4294 Qui
3007 4239 3175 4283 autem
3225 4229 3350 4284 Jesu
3379 4229 3562 4286 Christi
3597 4242 3736 4302 sunt,

2159 4336 2360 4374 carnem
2391 4337 2535 4374 suam
2562 4321 2916 4390 cruci/inerunt
2945 4339 3058 4375 cum
3101 4323 3417 4393 passionibus
3439 4325 3454 4355 ¹
3483 4334 3527 4379 et
3553 4341 3740 4379 concu-

2159 4412 2413 4483 piscentiis
2451 4411 2643 4482 (Galat.
2691 4430 2752 4480 v,
2794 4414 2905 4485 24).
2948 4414 3057 4469 Nisi
3106 4417 3226 4486 quia
3270 4425 3325 4471 et
3362 4416 3450 4472 hic
3497 4417 3741 4487 quadam

2158 4506 2320 4577 verba
2364 4507 2615 4561 translata
2654 4515 2972 4574 tractantur,
3021 4509 3174 4564 sicuti
3222 4519 3322 4574 est,
3358 4511 3434 4562 ira
3469 4508 3600 4577 Dei,
3651 4519 3738 4577 et,

2158 4598 2514 4666 cruciﬁxerunt
2565 4613 2580 4652 :
2624 4598 2716 4652 sed
2759 4615 2863 4653 non
2913 4608 3018 4652 tam
3049 4599 3212 4653 multa
3243 4609 3386 4668 sunt,
3414 4601 3497 4655 vel
3526 4601 3598 4657 ita
3639 4616 3739 4671 po-

2158 4690 2278 4756 sita,
2313 4701 2367 4744 ut
2415 4690 2664 4761 obtegam
2693 4706 2930 4756 sensum,
2961 4701 3016 4748 et
3062 4691 3366 4763 allegoriam
3393 4695 3475 4749 vel
3511 4695 3736 4764 aenigma

2155 4780 2371 4850 faciant,
2385 4799 2542 4854 quam
2561 4784 2771 4854 proprie
2783 4783 3054 4854 ﬁguratam
3075 4784 3395 4840 locutionem
3414 4800 3566 4840 voco.
3585 4785 3738 4853 Quod

2157 4881 2333 4927 autem
2381 4873 2625 4928 Jeremize
2666 4874 2876 4940 dicitur,
2925 4874 3058 4928 Ecce
3081 4877 3316 4930 constitui
3349 4885 3395 4930 te
3419 4876 3566 4931 hodie
3585 4893 3738 4947 super

2155 4974 2324 5034 gentes
2351 4973 2396 5018 et
2425 4981 2597 5036 regna,
2629 4974 2683 5018 ut
2707 4967 2908 5030 evellas,
2947 4975 2993 5019 et
3019 4966 3269 5032 destruas,
3306 4976 3351 5020 et
3377 4968 3661 5039 disperdas,
3687 4975 3737 5022 et

2155 5057 2368 5129 dissipes
2395 5057 2604 5131 (Jerem.
2621 5075 2659 5126 1,
2689 5059 2776 5132 10)
2800 5075 2815 5125 ;
2835 5075 2936 5112 non
2953 5059 3168 5113 dubium
3199 5061 3322 5130 quin
3343 5059 3562 5130 ﬁgurata
3589 5060 3736 5115 locu—

2155 5151 2229 5206 tio
2258 5157 2366 5204 tota
2382 5150 2469 5216 sit,
2497 5149 2564 5205 ad
2591 5165 2714 5206 eum
2733 5150 2894 5205 ﬁnem
2922 5148 3198 5204 referenda
3223 5166 3379 5220 quem
3419 5151 3671 5206 diximus.

2153 5259 2381 5316 CAPUT
2407 5259 2520 5315 Xll.
2549 5290 2621 5300 —
2649 5259 2846 5330 Regula
2872 5259 2935 5313 de
2959 5258 3106 5312 dictis
3135 5268 3181 5312 et
3220 5259 3368 5328 factis
3401 5261 3549 5330 quasi
3573 5260 3732 5332 flagi-

2224 5354 2364 5409 tiosis
2389 5355 2734 5425 imperitorum
2749 5352 2978 5424 judicio,
3019 5368 3131 5422 quia
3155 5351 3264 5406 Deo
3291 5354 3366 5408 vel
3392 5355 3578 5408 sanctis
3614 5354 3736 5409 siris

2225 5444 2529 5500 tribuuntur.
2561 5443 2724 5496 Facta
2741 5443 3040 5513 judicantur
3063 5459 3128 5497 ea:
3145 5443 3553 5499 circumstantiis.

2228 5555 2313 5611 18.
2343 5556 2470 5623 Quae
2494 5565 2668 5610 autem
2689 5554 2838 5626 quasi
2867 5555 3125 5626 ﬂagitiosa
3156 5556 3416 5624 imperitis
3441 5556 3687 5612 videntur
3714 5598 3730 5625 ,

2155 5653 2267 5708 sive
2295 5660 2496 5705 tantum
2524 5649 2684 5716 dicta,
2717 5649 2830 5704 sive
2859 5648 3018 5704 etiam
3049 5647 3185 5703 facta
3215 5658 3358 5717 sunt,
3399 5649 3483 5706 vel
3523 5665 3590 5706 ex
3637 5651 3730 5706 Dei

2211 5812 2228 5844 ¹
2255 5809 2390 5880 mliti,
2414 5808 2539 5860 vitiis
2556 5821 2573 5869 ;
2590 5822 2678 5880 pro
2698 5820 2794 5870 quo
2817 5814 2940 5865 Mss.,
2959 5802 3271 5880 ραςςεξίρηίιιιιεε
3293 5814 3419 5878 Hauc
3435 5821 3603 5860 vocem
3623 5809 3738 5861 red-

2147 5876 2216 5926 dit
2239 5875 2413 5938 passim
2437 5873 2726 5935 Augustinus
2749 5883 2834 5933 pro
2856 5879 3033 5931 greca,
3051 5872 3140 5919 tots
3163 5872 3409 5932 patémass'.
