4060 6470
1325 262 1369 283 κ

283 339 357 403 π
958 380 970 385 .,
1633 332 1838 390 ιιΒΕη

1949 327 2193 396 Ξῐιτὶυε.
3478 355 3548 414 τι

285 471 550 529 persona,
603 452 688 509 vel
729 467 794 509 ex
838 451 1111 506 hominum
1147 460 1369 520 quorum
1423 446 1575 502 nobis
1613 445 1863 501 sanctitas

286 547 712 612 commendatur,
733 552 842 600 tota
873 543 1090 614 ﬁgurata
1123 549 1245 596 sunt
1275 558 1288 594 :
1317 553 1539 610 quorum
1577 537 1642 592 ad
1682 539 1859 592 cbari-

287 645 408 694 tatis
432 647 643 708 pastum
667 633 989 691 enucleanda
1009 641 1210 688 secreta
1236 638 1376 685 sunt.
1405 629 1655 699 Quisquis
1683 637 1858 682 autem

285 730 444 784 rebus
487 725 930 796 praetereuntibus
973 722 1265 778 restrictius
1309 720 1505 786 utitur,
1553 732 1710 788 quam
1742 732 1860 772 sese

289 821 486 874 habent
535 832 712 872 mores
756 830 941 870 eorum
987 829 1107 868 cum
1139 812 1328 882 quibus
1354 811 1501 874 vivit,
1533 816 1623 862 aut
1654 816 1854 876 tempo-

282 923 405 965 rans
446 916 542 963 aut
585 906 983 978 superstitiosus
1026 913 1110 958 est
1149 921 1164 958 :
1209 902 1448 973 quisquis
1492 915 1622 957 vero
1652 901 1736 955 sic
1780 903 1858 953 eis

281 1003 482 1066 utitur,
513 1008 573 1054 ut
607 1011 776 1054 metas
807 995 1200 1052 consuetudinis
1238 995 1498 1049 bonorum
1547 995 1686 1049 inter
1720 1008 1857 1062 quos

279 1100 542 1156 versatur,
571 1088 814 1152 excedat,
830 1095 924 1141 aut
939 1085 1133 1156 aliquid
1161 1085 1435 1154 signiﬁcat,
1456 1093 1546 1138 aut
1566 1083 1856 1153 ﬂagitiosus

278 1191 375 1236 est.
415 1181 475 1236 In
516 1179 764 1234 omnibus
807 1177 947 1232 enim
982 1175 1172 1230 talibus
1211 1187 1314 1228 non
1353 1189 1478 1229 usus
1515 1189 1714 1240 rerum,
1760 1173 1852 1227 sed

279 1273 442 1327 libido
465 1271 667 1326 utentis
696 1271 748 1323 in
770 1269 923 1338 culpa
949 1275 1048 1322 est.
1073 1265 1253 1336 Neque
1277 1267 1382 1320 ullo
1401 1265 1556 1319 modo
1575 1265 1849 1334 quisquam

279 1363 489 1418 sobrius
517 1361 827 1428 crediderit,
861 1359 1067 1414 Domini
1109 1359 1271 1428 pedes
1317 1358 1384 1411 ita
1427 1366 1693 1427 unguento
1728 1371 1850 1425 pre-

279 1457 410 1510 tioso
448 1470 480 1508 a
517 1455 739 1509 muliere
771 1453 1008 1522 perfusos
1034 1451 1212 1522 (Joan.
1245 1468 1338 1517 xu,
1365 1453 1440 1521 5),
1473 1461 1529 1506 ut
1555 1452 1852 1505 luxuriae-

276 1561 386 1601 rum
414 1554 468 1600 et
497 1561 724 1615 nequam
753 1544 1026 1598 hominum
1047 1543 1238 1606 solent,
1265 1557 1486 1612 quorum
1511 1543 1632 1596 talia
1665 1543 1848 1596 convi-

279 1636 356 1689 via
394 1636 745 1690 detestamur.
791 1634 934 1689 Odor
961 1634 1102 1688 enim
1142 1633 1330 1698 bonus,
1373 1632 1511 1687 fama
1553 1634 1692 1703 bona
1726 1643 1807 1688 est
1831 1675 1846 1701 ,

274 1742 431 1798 quam
465 1727 710 1797 quisquis
750 1725 904 1780 bona:
949 1725 1073 1779 vita:
1120 1724 1371 1794 aper-ibus
1400 1724 1681 1791 habuerit,
1725 1725 1847 1780 dunt

275 1821 492 1889 vestigia
526 1817 726 1872 Christi
769 1818 1040 1886 sequitur,
1071 1815 1222 1885 quasi
1250 1816 1412 1885 pedes
1434 1817 1550 1886 ejus
1577 1818 1848 1886 pretiosis-

280 1911 409 1964 simo
428 1910 600 1965 odore
625 1908 908 1979 perfundit.
942 1907 1018 1962 lta
1047 1906 1186 1976 quod
1227 1907 1278 1960 in
1305 1907 1426 1961 aliis
1455 1909 1696 1977 personis
1730 1909 1848 1976 ple-

276 2017 501 2071 rumque
519 2001 776 2071 ﬂagitium
798 2008 900 2066 est,
917 1999 969 2054 in
990 1999 1166 2053 divina
1190 1998 1271 2053 vel
1295 1997 1601 2069 prophetica
1621 2013 1847 2069 persona

274 2107 477 2162 magna:
511 2091 786 2160 cujusdam
832 2091 910 2146 rei
937 2091 1145 2160 signum
1172 2099 1278 2146 est.
1321 2092 1440 2146 Alia
1465 2098 1549 2146 est
1573 2091 1768 2161 quippe
1797 2092 1848 2145 in

274 2185 497 2254 perditis
523 2184 784 2250 moribus,
814 2183 915 2236 alia
943 2182 996 2237 in
1023 2182 1159 2238 Osee
1183 2182 1456 2252 propheta:
1477 2183 1849 2241 vaticinatione

273 2278 579 2346 conjunctio
613 2274 918 2330 meretricis
940 2274 1102 2345 (Osee
1141 2291 1179 2339 ι,
1205 2273 1263 2348 2)
1297 2289 1310 2327 :
1345 2290 1460 2340 nec,
1502 2275 1547 2329 si
1589 2275 1850 2345 ﬂagitiose

273 2368 324 2422 in
367 2367 628 2422 conviviis
654 2367 1069 2421 temulentorum
1125 2372 1180 2420 et
1229 2365 1544 2420 lascivorum
1583 2365 1851 2421 nudantur

270 2473 535 2530 corpora;
582 2465 862 2527 propterea
921 2455 976 2511 in
1035 2454 1240 2510 balneis
1286 2450 1651 2512 audum‘csse
1695 2455 1847 2528 ﬂagi—

268 2553 396 2605 tium
436 2561 542 2606 est.

340 2646 425 2702 19.
458 2645 599 2711 Quid
637 2645 796 2715 igitur
836 2645 966 2701 locis
1011 2651 1066 2700 et
1118 2643 1446 2715 temporibus
1498 2644 1848 2716 personisque

267 2738 584 2802 conveniat,
628 2738 908 2806 diligenter
957 2735 1338 2790 attendendum
1380 2744 1482 2799 est,
1532 2751 1600 2792 ne
1649 2748 1847 2792 temere

265 2827 464 2897 ﬂagitia
495 2827 968 2898 reprehendamus.
1002 2826 1142 2881 Fieri
1169 2829 1309 2881 enim
1341 2835 1518 2898 potest
1536 2837 1590 2881 ut
1616 2828 1732 2882 sine
1753 2828 1849 2882 ali-

263 2933 369 2986 quo
392 2919 523 2972 vitio
543 2917 783 2987 cupedia:
818 2919 832 2948 ¹
858 2918 940 2972 vel
972 2919 1290 2984 voracitatis,
1317 2919 1700 2984 pretiosissimo
1727 2919 1846 2974 cibo

265 3011 478 3080 sapiens
528 3017 748 3073 utatur;
805 3009 1066 3078 insipiens
1123 3017 1305 3064 autem
1365 3009 1656 3065 fmdissima
1711 3011 1845 3079 gulae

267 3099 476 3152 ﬂamma
524 3100 578 3153 in
616 3100 923 3153 vilissimum
965 3100 1229 3154 ardescat.
1277 3101 1344 3154 Et
1385 3115 1546 3156 sanus
1574 3102 1595 3132 ³
1625 3101 1846 3172 quisque

263 3189 511 3243 maluerit
549 3204 699 3243 more
737 3189 943 3264 Domini
984 3190 1130 3258 pisce
1166 3189 1307 3244 vesci
1349 3188 1499 3261 (Luc.
1535 3206 1678 3256 xxiv,
1707 3193 1801 3261 45)
1825 3233 1841 3259 ,

266 3292 422 3346 quam
467 3279 714 3332 lenticula
757 3294 906 3334 more
951 3280 1091 3333 Esau
1140 3279 1351 3348 nepotis
1387 3280 1651 3336 Abraham
1691 3280 1842 3350 (Gen.

265 3383 391 3437 xxv,
424 3367 540 3440 54),
585 3378 674 3423 aut
713 3370 914 3424 hordeo
945 3385 1092 3425 more
1115 3371 1499 3440 jumentorum.
1537 3371 1651 3426 Non
1699 3373 1842 3427 enim

262 3470 554 3530 propterea
573 3463 983 3517 contiuentiores
1012 3462 1166 3517 nobis
1191 3471 1314 3517 sunt
1335 3464 1607 3534 pleraeque
1635 3464 1841 3530 bestiae,

260 3553 385 3620 quia
441 3553 712 3607 vilioribus
747 3555 958 3608 aluntur
997 3555 1155 3609 escis.
1193 3553 1325 3609 Nam
1366 3556 1420 3609 in
1460 3556 1709 3610 omnibus
1746 3555 1845 3610 hu-

261 3640 563 3710 juscemodi
584 3645 758 3709 rebus,
790 3660 899 3698 non
926 3660 988 3699 ex
1019 3660 1204 3699 carum
1235 3661 1412 3701 rerum
1441 3655 1624 3701 natura
1653 3646 1844 3717 quibus

259 3736 484 3800 utimur,
514 3736 609 3791 sed
636 3752 701 3790 ex
729 3752 885 3792 causa
915 3738 1094 3792 utendi
1137 3747 1190 3792 et
1234 3739 1393 3792 modo
1437 3739 1718 3808 appetendi
1761 3740 1842 3796 vel

264 3828 598 3897 probandum
628 3839 728 3893 est,
759 3830 847 3884 vel
873 3829 1275 3899 improbandum
1305 3831 1444 3902 quod
1476 3832 1717 3886 facimus.

331 3917 422 3973 20.
470 3918 657 3988 Regno
705 3928 918 3974 terreno
954 3929 1163 3975 veteres
1196 3921 1323 3991 justi
1360 3926 1576 3980 celeste
1621 3938 1841 3994 regnum

263 4007 706 4078 imaginabantur,
726 4019 779 4065 et
807 4013 1246 4081 prmnuntiabant.
1275 4014 1613 4071 Sufﬁciendze
1633 4016 1654 4048 ³
1677 4018 1840 4086 prolis

257 4111 423 4152 causa
451 4109 568 4154 erat
603 4116 826 4154 uxorum
862 4103 1090 4172 plurium
1117 4105 1273 4158 simul
1298 4107 1390 4160 uni
1425 4108 1538 4161 viro
1574 4106 1838 4162 habenda-

262 4204 380 4243 rum
432 4191 768 4261 inculpabilis
805 4197 1136 4250 consuetudo
1169 4195 1276 4269 (Id.
1313 4214 1417 4264 xVI,
1443 4199 1507 4264 5,
1540 4214 1664 4266 xxv,
1701 4200 1762 4265 l;
1794 4209 1840 4254 et

259 4280 306 4336 ll
335 4282 466 4355 Reg.
496 4300 550 4349 ν,
579 4285 668 4358 15)
690 4303 703 4351 ;
727 4294 781 4342 et
800 4287 918 4343 ideo
936 4305 1091 4343 unam
1122 4291 1367 4345 feminam
1395 4293 1614 4348 maritos
1643 4294 1840 4350 habere

261 4377 523 4446 plurimos
548 4378 825 4435 honestum
854 4398 958 4436 non
982 4393 1099 4438 erat
1129 4401 1142 4437 :
1177 4399 1278 4438 non
1306 4385 1449 4440 enim
1473 4387 1661 4441 mulier
1676 4403 1741 4444 eo
1757 4397 1840 4444 est

261 4469 568 4538 fecundior,
603 4473 696 4527 sed
738 4475 1032 4530 meretricia
1080 4476 1252 4546 potius
1298 4477 1568 4547 turpitudo
1611 4488 1710 4547 est,
1753 4480 1839 4536 vel

259 4572 523 4631 quaestum
575 4564 661 4618 vel
716 4564 910 4620 liberos
962 4567 1119 4636 vulgo
1175 4583 1431 4637 quaerere.
1485 4569 1540 4624 In
1597 4571 1841 4642 hujusce-

261 4652 400 4706 modi
438 4653 674 4708 moribus
702 4656 951 4725 quidquid
977 4657 1187 4712 illorum
1213 4671 1511 4728 temporum
1541 4664 1835 4719 sanctinon

259 4744 543 4800 libidinose
581 4745 876 4813 faciebant,
916 4750 1155 4818 quamvis
1195 4765 1256 4805 ea
1298 4749 1534 4808 facerent
1587 4770 1704 4823 qua:
1735 4754 1838 4811 hoc

261 4844 500 4903 tempore
541 4836 641 4889 nisi
679 4851 773 4905 per
803 4837 1071 4892 libidinem
1121 4838 1234 4895 ﬁeri
1279 4855 1382 4894 non
1433 4851 1687 4912 possunt,
1731 4861 1835 4900 non

257 4926 439 4996 culpat
465 4925 759 4996 Scriptura.
790 4929 855 4981 Et
885 4929 1138 4999 quidquid
1185 4931 1256 4986 ibi
1305 4931 1406 4987 tale
1437 4942 1700 5000 narratur,
1730 4951 1835 4990 non

254 5019 429 5074 solum
461 5019 713 5074 historice
739 5034 801 5074 ac
830 5023 1057 5090 pr0prie,
1088 5023 1182 5078 sed
1205 5025 1363 5079 etiam
1388 5025 1610 5096 ﬁgurate
1629 5042 1692 5082 ac
1714 5043 1834 5098 pro-

257 5108 465 5179 phetice
495 5119 793 5178 acceptum,
817 5111 1270 5182 interpretandum
1293 5122 1376 5170 est
1400 5131 1566 5186 usque
1596 5118 1648 5172 in
1677 5118 1834 5173 ﬁnem

259 5200 403 5254 illum
427 5201 718 5266 cbaritatis,
733 5202 844 5256 sive
861 5202 974 5268 Dei,
996 5205 1108 5258 sive
1134 5205 1382 5274 proximi,
1401 5206 1514 5262 sive
1539 5207 1830 5280 utriusque.

320 5356 639 5429 *__F.diti_,_ritio
655 5357 932 5429 lautialautia
950 5373 967 5420 ,'
985 5358 1064 5410 vel
1071 5394 1094 5429 _,
1122 5359 1379 5429 cupidinis.
1406 5372 1459 5416 Al
1475 5373 1604 5427 Mss,
1627 5370 1738 5423 vitio
1755 5386 1835 5423 cu-

428 5456 442 5477 ,
471 5419 521 5469 id
544 5427 620 5469 est
640 5418 810 5471 vitioso
833 5418 1045 5471 ciborum
1070 5418 1321 5474 lautiorum
1349 5418 1730 5496 suaviorumque'
1749 5418 1834 5499 5,3.

318 5482 429 5529 titu.

256 5492 500 5614 “glad,
519 5546 572 5614 et
586 5540 748 5614 sanius
768 5541 992 5614 quisque,
1005 5551 1138 5614 Mss,
1147 5559 1318 5614 _sanus.

319 5603 340 5634 ³
489 5602 695 5682 aliquot,
714 5602 1288 5682 Suscipienda:.halii_cmn
1312 5609 1480 5682 editis,
1503 5615 1835 5682 Summ,-

256 5664 382 5726 ‘1‘0"
406 5660 713 5736 νίηείιίὲωυάι
728 5673 830 5736 9st,
848 5660 1024 5731 δίδοτε.
1044 5667 1134 5736 _lih.
1160 5670 1215 5736 5,
1243 5684 1290 5720 v.
1316 5660 1414 5736 ωε
1437 5660 1480 5674 "
1503 5660 1798 5682 "ww-vv
1815 5660 1832 5684 ι

439 5726 585 5774 Aliam
610 5739 672 5776 ex
698 5726 789 5777 alia
811 5726 1090 5791 generando
1111 5731 1277 5781 sufﬁce
1297 5733 1499 5795 prolem.

564 5805 794 5871 Sacr.
824 5812 1097 5874 Aususr.
1135 5813 1242 5873 ΠΙ.

1969 446 2120 505 Sicut
2144 451 2288 508 enim
2318 452 2505 512 talares
2530 464 2583 512 et
2612 448 2897 516 manicatas
2920 462 3124 520 tunicas
3153 465 3350 524 habere
3395 473 3537 541 apud

1969 538 2238 598 Romanos
2261 555 2468 603 veteres
2493 549 2743 621 flagitium
2768 564 2913 621 erat;
2948 573 3088 614 nunc
3111 568 3285 616 autem
3308 538 3533 620 honesto

1968 629 2082 684 loco
2098 633 2254 697 natis,
2273 649 2392 690 cum
2413 638 2628 694 tunicati
2645 651 2785 708 sunt,
2809 659 2910 699 non
2940 660 3030 701 eas
3052 646 3248 705 habere
3276 649 3529 721 ﬂagitium

1965 728 2048 772 est
2078 736 2093 774 :
2121 721 2198 775 sic
2222 724 2744 786 animadvertendum
2765 742 2866 799 est,
2898 736 2951 789 in
2975 745 3168 792 ca‘tero
3194 755 3403 812 quoque
3433 760 3530 800 usu

1965 822 2140 862 rerum
2173 811 2359 869 abesse
2387 828 2635 886 Oportere
2675 822 2942 880 libidinem
2967 868 2983 893 ,
3031 844 3148 897 qua:
3198 811 3332 886 non,
3358 835 3531 891 solum

1964 897 2074 965 ipsa
2105 915 2318 971 eorum,
2353 905 2488 962 inter
2515 926 2647 980 quos
2677 914 2833 980 vivit,
2875 921 3256 978 consuetudine
3289 927 3533 996 nequiter

1961 990 2214 1059 abutitur;
2234 995 2326 1050 sed
2347 998 2502 1054 etiam
2527 1017 2666 1073 saepe
2692 1005 2822 1062 ﬁnes
2845 1008 2959 1078 ejus
2984 1026 3214 1081 egressa,
3240 990 3526 1073 fmditatem

1959 1085 2417 1174 suam,qttzeinter
2441 1089 2666 1146 claustra
2692 1111 2898 1152 morum
2927 1100 3241 1158 solemnium
3263 1104 3521 1174 latitabat,

1957 1166 2368 1240 ﬂagitiosissima
2399 1182 2675 1250 eruptione
2700 1188 3015 1244 manifestat.

2040 1282 2219 1376 DAPU
2227 1286 2268 1340 Τ
2305 1288 2441 1344 XIII.
2462 1321 2535 1333 -—-
2556 1293 2875 1353 Continuatio
2897 1302 3118 1368 ejusdem
3140 1312 3439 1376 argumenti.

2027 1373 2117 1429 21.
2141 1375 2403 1449 Quidquid
2431 1391 2605 1438 autem
2646 1390 2889 1457 congruit
2930 1373 3294 1451 consuetudini
3340 1414 3525 1454 eorum

1953 1476 2074 1519 cum
2101 1469 2291 1536 quibus
2321 1473 2423 1526 vita
2457 1474 2552 1529 ista
2580 1475 2816 1546 degenda
2845 1482 2930 1538 vel
2960 1487 3274 1544 necessitate
3301 1491 3528 1560 imponi-

1955 1562 2060 1621 tur,
2090 1557 2174 1612 vel
2199 1558 2376 1616 ofﬁcio
2392 1566 2694 1635 suscipitur,
2713 1585 2742 1621 a
2762 1571 2913 1625 bouis
2930 1578 3196 1645 etmagnis
3221 1557 3521 1637 hominibus

1951 1645 2018 1700 ad
2051 1649 2326 1706 utilitatem
2372 1662 2424 1708 et
2468 1655 2868 1715 beneficentiam
2905 1664 3236 1723 referendum
3277 1679 3394 1736 est;
3444 1674 3526 1728 vel

1954 1741 2181 1808 preprie,
2203 1743 2338 1798 sicut
2362 1755 2413 1800 ct
2433 1762 2531 1802 uos
2547 1749 2824 1820 debemus,
2841 1755 2925 1810 vel
2941 1758 3098 1813 etiam
3123 1759 3362 1830 ﬁgurate,
3389 1766 3527 1822 sicut

1958 1828 2236 1900 Prophetis
2265 1833 2407 1892 licet.

1957 1941 2182 2000 CAPUT
2209 1946 2347 2003 XIV.
2373 1951 2623 2008 -Error
2646 1959 2965 2027 opinantium
2992 1966 3192 2020 nullam
3233 1983 3338 2024 esse
3366 1972 3524 2043 justi-

2477 2044 2599 2098 tiam
2627 2064 2716 2117 per
2742 2049 2976 2119 seipsam.

2022 2145 2110 2198 22.
2146 2147 2198 2202 In
2237 2164 2354 2219 quae
2398 2151 2531 2208 facta
2574 2157 2792 2227 legenda
2836 2176 2957 2217 cum
3005 2164 3279 2224 incurrunt
3327 2171 3525 2229 indocti

1952 2237 2168 2293 alterius
2193 2245 2619 2316 consuetudinis,
2656 2251 2756 2305 nisi
2787 2255 3097 2311 auctoritate
3123 2260 3477 2329 reprimantur
3501 2305 3520 2330 ,

1951 2327 2145 2399 ﬂagitia
2175 2343 2392 2401 putant;
2427 2353 2523 2392 nec
2542 2351 2759 2408 possunt
2777 2327 3199 2404 animadvertere
3218 2358 3378 2406 totam
3396 2327 3524 2409 con;

1950 2421 2305 2478 versationem
2338 2441 2508 2494 suam,
2540 2430 2624 2484 vel
2654 2431 2705 2485 in
2729 2434 3012 2506 conjugiis,
3039 2439 3120 2494 vel
3151 2440 3202 2496 in
3227 2444 3520 2512 conviviis,

1949 2510 2034 2564 vel
2064 2511 2114 2565 in
2145 2516 2356 2580 vestitu,
2386 2528 2679 2593 caitcroque
2716 2524 2944 2582 humano
2984 2531 3124 2586 victu
3150 2543 3308 2604 atque
3333 2537 3474 2592 cultu

1949 2599 2066 2691 aliis
2111 2605 2356 2672 gentibus
2397 2616 2452 2663 et
2496 2611 2610 2667 aliis
2644 2618 2966 2684 temporibus
2990 2599 3304 2691 ﬂagitiosum
3333 2599 3521 2683 videri;

1953 2687 2066 2754 Qua
2117 2693 2368 2750 varietate
2412 2697 2870 2759 innumerabilium
2910 2687 3344 2767 consuetudinum
3372 2730 3524 2771 com-

1949 2781 2076 2834 moti
2123 2782 2336 2851 quidam
2375 2787 2755 2860 dormitantes,
2788 2803 2844 2850 ut
2885 2797 2954 2851 ita
2985 2799 3186 2868 dicam,
3227 2804 3314 2873 qui
3353 2821 3526 2877 neque

1947 2869 2056 2924 alto
2081 2885 2269 2928 somno
2295 2877 2528 2932 stultitia:
2554 2882 2912 2950 sopiebantur,
2941 2904 3037 2943 nec
3066 2890 3119 2944 in
3146 2869 3417 2962 sapientiai
3440 2869 3522 2951 lu-

1948 2975 2064 3016 cem
2093 2973 2334 3032 poterant
2363 2970 2633 3040 evigilare,
2663 2982 2977 3042 putaverunt
3005 2982 3196 3036 nullam
3221 2998 3340 3040 esse
3363 2985 3524 3054 justi-

1949 3050 2072 3104 tiam
2103 3068 2198 3121 per
2223 3057 2471 3124 seipsam,
2501 3061 2594 3114 sed
2617 3064 2892 3135 unicuique
2921 3070 3060 3137 genti
3089 3050 3524 3134 consuetudinem

1947 3157 2095 3198 suam
2117 3145 2314 3217 justam
2342 3151 2508 3206 videri
2539 3172 2550 3208 :
2579 3171 2697 3224 qua:
2735 3173 2852 3213 cum
2902 3162 2971 3215 sit
3019 3163 3224 3222 diversa
3277 3170 3524 3226 omnibus

1945 3239 2209 3305 gentibus,
2244 3241 2435 3296 debeat
2458 3254 2630 3300 autem
2659 3248 3099 3309 incommutabilis
3125 3272 3338 3315 manere
3362 3261 3524 3330 justi-
3597 3290 3602 3295 -

1948 3331 2040 3394 tia,
2086 3333 2195 3386 fieri
2237 3335 2568 3391 manifestum
2597 3340 2794 3394 nullam
2826 3358 3044 3412 usquam
3086 3362 3205 3403 esse
3242 3349 3519 3419 justitiam.

1947 3421 2059 3476 Non
2093 3425 2488 3494 intellexerunt,
2521 3446 2588 3484 ne
2614 3433 2775 3487 multa
2795 3449 3226 3508 commemorem,
3261 3441 3410 3508 Quod
3435 3446 3523 3499 tibi

1947 3515 2059 3582 ﬁcti
2088 3533 2186 3569 non
2213 3519 2284 3572 vis
2303 3561 2317 3584 ,
2354 3521 2444 3574 alii
2471 3538 2533 3574 ne
2572 3525 2747 3593 feceris
2770 3524 2960 3597 (Tobiae
2987 3544 3058 3593 tv,
3091 3531 3186 3595 16;
3214 3531 3397 3588 Matth.
3428 3551 3518 3604 vn,

1948 3607 2059 3672 12),
2090 3609 2233 3662 nullo
2261 3611 2415 3664 modo
2443 3627 2599 3680 posse
2635 3616 2736 3668 ulla
2776 3632 2960 3671 eorum
3000 3621 3180 3689 gentili
3219 3623 3522 3683 diversitate

1946 3701 2155 3754 variari.
2203 3701 2331 3769 Qua:
2363 3707 2618 3759 sententia
2650 3723 2769 3761 cum
2817 3711 3042 3765 refertur
3079 3713 3142 3766 ad
3187 3714 3518 3772 dilectionem

1947 3789 2059 3854 Dei,
2084 3793 2259 3846 omnia
2281 3793 2470 3864 ﬂagitia
2496 3798 2808 3865 moriuntur;
2836 3816 2954 3855 Cum
2975 3803 3038 3855 ad
3069 3805 3314 3872 proximi,
3338 3810 3517 3864 omnia

1947 3881 2194 3939 facinora.
2244 3885 2408 3941 Nemo
2450 3890 2589 3943 enim
2658 3891 2768 3945 vult
2835 3897 3099 3964 corrumpi
3158 3897 3518 3957 habitaculum

1944 3989 2096 4029 suum
2132 3994 2146 4031 :
2175 3991 2276 4031 non
2307 3993 2433 4049 ergo
2457 3981 2614 4036 debet
2643 3998 2983 4055 corrumpere
3015 3987 3369 4046 habitaculum
3400 3993 3512 4060 Dei,

1943 4067 2172 4135 seipsum
2199 4069 2418 4124 scilicet.
2437 4071 2672 4128 Etnemo
2687 4075 2790 4129 vult
2819 4077 2917 4130 sibi
2947 4094 2973 4130 a
3001 4095 3263 4151 quoquam
3291 4086 3465 4139 noceri
3498 4103 3513 4140 :

1945 4172 2041 4213 nec
2067 4159 2176 4227 ipse
2205 4159 2363 4231 igitur
2388 4164 2629 4232 cuiquam
2661 4170 2918 4224 nocuerit.

1945 4268 2165 4326 CAPUT
2202 4270 2316 4326 XV.
2345 4305 2414 4314 —
2439 4275 2634 4348 Regula
2674 4279 2724 4332 in
2765 4281 2994 4351 ﬁguratis
3034 4283 3367 4344 locationibus
3403 4308 3510 4346 scr-

2625 4371 2807 4426 t'nndn.

2012 4453 2098 4509 25.
2132 4453 2218 4509 Sic
2245 4470 2425 4511 eversa
2451 4461 2726 4530 tyrannide
2747 4464 3063 4532 cupiditatis,
3082 4465 3306 4523 cbaritas
3327 4484 3513 4542 regnat

1937 4545 2244 4615 justissimis
2288 4549 2490 4618 legibus
2530 4550 2827 4608 dilectionis
2858 4553 2947 4607 Dei
2982 4565 3194 4625 prOptcr
3215 4559 3401 4626 Deum,
3430 4565 3513 4618 sui

1943 4647 1994 4691 et
2027 4638 2246 4705 proximi
2273 4648 2489 4708 propter
2515 4640 2701 4695 Deum.
2746 4643 3050 4700 Servabitur
3085 4663 3212 4719 ergo
3260 4650 3312 4704 in
3359 4651 3511 4709 locu-

1943 4727 2170 4781 tionibus
2218 4729 2453 4798 figuratis
2496 4732 2677 4802 regula
2709 4731 3030 4803 hujusmodi,
3061 4747 3120 4792 ut
3155 4748 3257 4794 tam
3281 4740 3367 4796 diu
3393 4758 3512 4798 ver-

1939 4826 2090 4871 setur
2114 4818 2345 4887 diligenti
2377 4820 2798 4877 consideratione
2835 4825 2974 4894 quod
3017 4828 3220 4899 legitur,
3249 4830 3417 4888 donec
3445 4835 3510 4889 ad

1939 4927 2155 4980 regnum
2192 4911 2465 4968 charitatis
2494 4914 2854 4984 interpretatio
2887 4919 3218 4987 perducatur.
3249 4923 3303 4978 Si
3334 4935 3509 4980 autem

1940 5001 2041 5058 hoc
2061 5005 2168 5072 jam
2197 5005 2404 5072 proprie
2429 5017 2600 5073 sonat,
2643 5007 2781 5062 nulla
2813 5019 3020 5078 putetur
3049 5011 3264 5082 ﬁgurata
3297 5015 3510 5074 locutio.

1975 5094 2196 5151 CAPUT
2219 5094 2357 5150 XVI.
2386 5126 2457 5136 —
2485 5097 2674 5168 Regula
2703 5100 2766 5152 de
2795 5101 3123 5156 (auctionibus
3144 5107 3473 5176 prwceptivis.

2009 5186 2097 5242 24.
2125 5185 2180 5242 Si
2209 5189 2515 5258 praeceptiva
2543 5190 2737 5244 locutio
2763 5201 2842 5246 cst
2872 5203 2962 5246 aut
2993 5194 3239 5264 ﬂagitium
3267 5205 3354 5250 aut
3384 5197 3512 5253 faci-

1940 5294 2038 5333 nus
2062 5288 2266 5346 vetaus,
2297 5289 2388 5334 aut
2414 5282 2688 5336 utilitatem
2726 5293 2814 5338 aut
2860 5285 3257 5340 beneﬁcentiam
3295 5288 3509 5357 jubens,

1942 5386 2043 5425 non
2072 5380 2153 5426 est
2181 5370 2420 5440 ﬁgurata.
2442 5372 2496 5427 Si
2524 5382 2697 5428 autem
2733 5373 2984 5445 ﬂagitium
3014 5384 3104 5430 aut
3133 5376 3331 5434 facinus
3361 5381 3511 5436 vide-

1942 5468 2027 5515 tur
2062 5459 2271 5531 jubere,
2313 5470 2402 5515 aut
2441 5462 2716 5519 utilitatem
2744 5476 2834 5520 aut
2861 5467 3262 5524 beneﬁcentiam
3291 5481 3467 5527 vetare
3491 5516 3508 5538 ,

1942 5549 2159 5621 ﬁgurata
2186 5559 2288 5607 est.
2322 5550 2442 5606 Nisi
2482 5555 2916 5625 mendacem-itis,
2959 5557 3144 5626 inquit,
3189 5575 3388 5615 carnem
3416 5563 3512 5630 ﬁlii

1942 5644 2178 5709 hominis,
2207 5653 2251 5697 ct
2277 5645 2569 5716 sanguimm
2607 5646 2842 5716 biberitis,
2875 5665 2972 5702 non
3001 5649 3240 5706 habebitis
3270 5654 3417 5707 vitam
3460 5656 3512 5708 in

1942 5734 2074 5790 vobis
2103 5733 2276 5809 (Joan.
2301 5752 2374 5804 γι,
2399 5739 2508 5802 54).
2538 5738 2762 5793 Facinus
2793 5741 2871 5795 vel
2903 5741 3151 5808 ﬂagitium
3182 5747 3386 5802 videtur
3417 5748 3510 5816 jn-

2897 5833 3182 5914 (Τνοη.)
