4060 6456
517 376 581 431 7'5
1007 351 1015 357 ’
1407 358 1492 412 DE
1535 351 1870 410 DOCTIlINA
1911 341 2341 410 CIIRISTIANA,
2380 341 2436 397 S.
2480 337 2844 397 AUGUSTIII
3696 329 3765 386 7C.

517 489 646 542 bere
676 501 688 536 :
719 481 883 554 figura
905 485 984 534 est
1013 489 1139 548 ergo
1159 515 1172 541 ,
1203 470 1514 544 praecipiens
1545 462 1774 538 passioni
1805 458 2085 516 dominica:

523 547 1040 638 cOmmttnicandunt,
1064 547 1118 624 et
1141 565 1371 622 suaviter
1394 570 1552 631 atque
1575 555 1771 612 utiliter
1800 547 2091 607 reconden-

521 670 645 726 dum
697 666 752 725 in
775 663 1048 720 .memoria
1077 657 1219 730 quod
1249 670 1342 727 pro
1371 652 1523 708 nobis
1547 665 1670 706 caro
1699 648 1814 716 ejus
1839 641 2089 699 crucifixa

520 772 574 817 et
607 759 882 815 vulnerata
918 754 1004 809 sit.
1036 751 1125 807 Ait
1149 749 1418 818 Scriptura
1449 760 1462 796 :
1491 742 1552 798 Si
1589 739 1815 795 esurierit
1857 733 2089 789 inimicus

522 866 655 920 tuus,
687 851 796 906 ciba
833 845 1077 914 illum;si
1104 843 1227 907 sitit,
1255 848 1428 912 potum
1463 834 1530 888 da
1564 833 1660 888 illi.
1695 830 1792 920 Hie
1817 827 1964 883 nullo
1987 824 2087 879 du-

521 917 718 999 bitante
760 937 1158 995 beneficentiam
1200 927 1436 1002 praecipit
1467 942 1479 978 :
1509 923 1600 978 sed
1631 919 1772 992 quod
1810 917 2050 986 sequitur
2071 955 2087 980 ,

526 1033 636 1088 Hoc
661 1034 791 1086 enim
833 1028 1021 1098 faciens
1058 1022 1294 1078 carbones
1320 1016 1449 1088 ignis
1486 1027 1718 1083 congeres
1756 1022 1904 1078 super
1941 1011 2090 1074 caput

522 1129 630 1196 ejus
656 1093 983 1195 (Provixxv,
1012 1116 1102 1181 21,
1127 1112 1225 1176 22;
1255 1109 1401 1162 Rom.
1433 1119 1524 1171 xu,
1555 1100 1678 1174 20);
1710 1093 2092 1154 malevolentim

525 1189 726 1269 facinus
771 1219 920 1280 putes
957 1203 1128 1276 juberi
1176 1219 1190 1256 :
1237 1215 1306 1254 ne
1341 1198 1496 1267 igitur
1523 1191 1842 1249 dubitaveris
1874 1189 2092 1257 figurate

523 1308 744 1369 dictum,
775 1279 843 1356 ιιι
889 1312 1010 1353 cum
1054 1293 1220 1365 possit
1265 1288 1541 1359 dupliciter
1583 1279 1934 1352 interpretari,
1987 1291 2092 1331 uno

513 1397 683 1452 modo
708 1393 773 1447 ad
801 1387 1112 1450 nocendum,
1145 1384 1312 1438 altero
1338 1379 1401 1433 ad
1432 1374 1814 1448 praestandum;
1837 1370 1900 1424 ad
1926 1369 2093 1423 benc-

527 1486 790 1543 ficentiam
821 1493 870 1536 te
895 1480 1068 1551 potius
1087 1475 1317 1532 eltaritas
1344 1477 1577 1533 revocet,
1610 1475 1662 1519 ut
1686 1462 1949 1532 intelligas
1977 1474 2092 1514 car-

525 1579 690 1634 bones
719 1574 852 1645 ignis
881 1549 997 1626 essc
1025 1574 1242 1622 urentes
1278 1558 1598 1632 pmuitentize
1623 1554 1869 1625 gemitus,
1905 1549 2093 1620 quibus

525 1640 772 1738 superbia
812 1670 1031 1718 sanatur
1071 1657 1186 1727 ejus
1215 1653 1302 1723 qui
1332 1651 1476 1706 dolet
1513 1663 1571 1702 se
1617 1644 1886 1699 inimicum
1934 1640 2095 1694 fuisse

527 1735 789 1820 hominis,
819 1770 849 1808 a
878 1766 980 1822 quo
1007 1750 1122 1820 ejus
1161 1744 1383 1801 miserias
1428 1739 1750 1796 subvenitur.
1801 1735 1926 1788 Item
1974 1747 2095 1787 cum

527 1837 622 1906 ait~
649 1848 937 1909 Dominus,
991 1841 1086 1908 Qui
1130 1847 1263 1892 amut
1311 1835 1529 1888 animant
1574 1845 1738 1894 suant,
1777 1825 1944 1896 perdet
1988 1838 2097 1876 eam

529 1941 710 2012 (Joan.
738 1954 832 2004 xu,
859 1935 984 2004 25),
1017 1945 1120 1986 ιιοιι
1149 1928 1425 1983 utilitatem
1469 1932 1649 1976 vetare
1698 1915 1956 1987 putandus
1981 1921 2094 1975 cst,

528 2003 632 2102 qua
672 2003 825 2085 debet
855 2003 1075 2097 quisque
1099 2031 1415 2075 conservare
1443 2015 1669 2068 animam
1697 2023 1843 2064 suam
1870 2023 1885 2072 ;
1916 2005 2009 2060 sed
2039 2003 2100 2057 fi-

529 2101 711 2195 gurate
749 2120 981 2184 dictum,
1027 2112 1202 2184 perdat
1227 2109 1467 2170 animum,
1497 2104 1547 2158 id
1573 2109 1673 2168 est,
1704 2101 2101 2177 perimatatque

535 2215 741 2270 amittat
765 2226 916 2266 usqu
943 2208 1090 2278 ejus,
1119 2218 1274 2274 quem
1302 2213 1439 2255 nunc
1465 2195 1642 2260 habet,
1671 2203 1976 2262 perversum
2000 2187 2102 2240 sci-

518 2308 653 2362 licet
701 2314 857 2374 atque
899 2306 1306 2370 praeposterum,
1353 2305 1456 2360 quo
1487 2287 1770 2342 inclinatur
1797 2278 2100 2350 temporali-

533 2401 652 2464 bus,
682 2370 953 2451 utaeterna
977 2405 1083 2444 non
1106 2393 1326 2458 quast-at.
1359 2380 1624 2449 Scriptum
1652 2385 1732 2431 est
1761 2391 1773 2428 :
1803 2373 1884 2426 Da
1911 2370 2102 2425 miseri-

532 2463 692 2556 cordi,
706 2498 751 2543 et
768 2503 828 2541 ne
847 2483 1092 2553 suseipias
1111 2485 1417 2549 peccatorent
1438 2470 1621 2544 (Eeeli.
1636 2483 1728 2535 xtt,
1747 2468 1821 2536 4).
1841 2463 2105 2519 Posterior

531 2600 658 2658 pars
699 2580 855 2652 hujus
897 2572 1171 2631 sententia:
1199 2569 1404 2624 videtur
1439 2572 1620 2619 vetare
1662 2557 2100 2622 beneficentiam;

533 2649 601 2732 ait
633 2649 794 2736 enim,
831 2670 912 2725 Ne
939 2666 1184 2737 suscipias
1209 2671 1514 2733 precatorem
1541 2672 1557 2709 :
1587 2654 1846 2723 intelligas
1874 2665 2001 2720 ergo
2043 2649 2106 2702 fi-

535 2777 718 2840 gurate
761 2762 988 2834 positum
1021 2772 1115 2827 pro
1146 2762 1360 2826 peccato
1391 2758 1718 2820 peccatorem,
1751 2752 1806 2796 ut
1835 2751 2104 2812 peccatum

512 2859 650 2928 vejus
683 2870 787 2910 non
822 2849 1094 2928 suscipias.

536 2923 758 3007 (ΞΜ)οΤ
788 2941 946 3000 XVII.
974 2924 1042 2981 -έ-
1073 2938 1189 2992 Alia
1217 2932 1444 2989 erunibus
1474 2928 1821 2992 communiter,
1857 2923 1964 2979 alia
1994 2924 2106 2978 sin-

1011 3029 1142 3101 gulis
1177 3025 1384 3082 seorsim
1422 3019 1647 3092 praecipi.

607 3131 698 3188 25.
745 3127 899 3197 Smpc
953 3133 1128 3178 autem
1183 3117 1370 3173 accidit
1419 3122 1478 3170 ut
1530 3108 1765 3183 quisquis
1818 3108 1874 3163 in
1905 3106 2109 3162 meliori

525 3220 705 3294 :gradu
733 3196 1017 3288 Spiritualis
1042 3212 1160 3265 vitae
1191 3209 1272 3262 vel
1301 3216 1378 3262 est
1402 3247 1418 3271 ,
1451 3203 1530 3259 vel
1557 3216 1677 3257 esse
1704 3214 1762 3255 se
1777 3206 1954 3270 ,putat,
1984 3196 2115 3267 figu-

528 3287 657 3370 rate
693 3287 833 3366 dicta
858 3321 978 3362 esse
1006 3303 1312 3362 arbitretur,
1352 3311 1472 3366 qua:
1507 3290 1844 3348 inferioribus
1867 3287 2115 3359 gradibus

543 3403 915 3477 prmcipiunlur
943 3415 956 3451 :
989 3404 1048 3452 ut
1073 3393 1216 3449 verbi
1255 3389 1451 3461 gratia,
1497 3388 1539 3441 si
1572 3383 1810 3440 caelibem
1839 3379 2115 3450 amplexus

540 3469 828 3560 estvilam,
859 3497 914 3545 et
949 3503 1007 3542 se
1048 3482 1297 3540 castravit
1337 3489 1554 3549 propter
1597 3487 1817 3545 regnum
1858 3469 2115 3526 caelorum

544 3585 757 3660 (Matth.
781 3599 891 3649 xix,
919 3577 1030 3652 12),
1062 3573 1312 3648 quidquid
1351 3571 1418 3626 de
1460 3583 1624 3625 uxore
1648 3563 1911 3636 diligenda
1937 3570 1991 3617 et
2028 3576 2117 3615 rc-

523 3653 715 3750 ..genda
743 3672 909 3731 sancti
929 3669 1072 3726 Libri
1104 3664 1434 3737 praecipiunt,
1463 3673 1566 3713 non
1596 3656 1807 3726 pr0prie
1831 3653 1925 3708 sed
1947 3660 2120 3706 trans-

549 3742 654 3826 iate
698 3763 862 3834 accipi
912 3768 1157 3830 oportere
1199 3751 1519 3814 contendat;
1556 3757 1623 3803 et
1671 3747 1715 3800 si
1763 3745 1880 3814 quis
1938 3742 2121 3796 statuit

549 3873 764 3918 servare
785 3856 1057 3924 innuptam
1086 3847 1341 3917 virginem
1367 3855 1539 3907 suam,
1570 3847 1814 3908 tanquam
1846 3834 2118 3904 figuratam

551 3950 876 4008 locutionem
917 3951 1136 3998 conetur
1197 3931 1535 4004 interpretari
1598 3944 1699 3999 qua
1749 3926 1946 3981 dietum
1995 3929 2116 3984 est,

539 4045 721 4101 Trade
748 4041 904 4096 filiam
921 4079 936 4104 ,
960 4045 1001 4091 et
1029 4031 1215 4105 grande
1238 4044 1363 4100 opus
1384 4022 1650 4097 perfeceris
1668 4018 1860 4092 (Eeeli.
1893 4031 1988 4081 vtt,

539 4137 669 4193 .Erit
690 4133 848 4204 igitur
873 4102 1043 4184 etiam
1057 4123 1158 4178 hoc
1186 4120 1237 4175 in
1277 4111 1728 4174 observatiOnibus
1757 4102 2123 4176 intelligenda-

544 4244 672 4284 vrum
712 4199 1128 4292 Scripturarum,
1177 4220 1238 4266 ut
1283 4208 1510 4264 sciamus
1548 4204 1646 4258 alia
1688 4199 1935 4276 omnibus
1972 4209 2123 4252 com-

543 4319 789 4375 muniter
835 4288 1070 4385 pra'cipi,
1112 4305 1213 4359 alia
1259 4299 1478 4372 singulis
1514 4296 1806 4367 quibusque
1845 4288 2126 4362 generibus

557 4419 936 4482 personarum;
968 4412 1021 4454 ut
1046 4413 1151 4452 non
1180 4394 1349 4449 solum
1376 4389 1444 4445 ad
1473 4387 1776 4443 universum
1804 4390 1996 4436 statum
2035 4393 2121 4432 va-

559 4470 804 4557 letudinis
827 4537 843 4563 ,
887 4493 981 4549 sed
1025 4489 1182 4543 etiam
1209 4483 1276 4538 ad
1301 4495 1449 4538 suam
1479 4476 1734 4547 cujusque
1757 4470 1975 4526 membri
2000 4482 2126 4539 pro-

558 4594 726 4664 priam
745 4557 1100 4643 infirmitatem
1120 4573 1376 4630 medicina
1399 4567 1659 4640 pertineat
1679 4565 1716 4616 ⁸.
1742 4562 1798 4616 In
1823 4575 1918 4615 suo
1935 4557 2129 4629 quippe

559 4656 754 4758 genere
797 4673 1083 4734 curandum
1137 4676 1240 4732 est,
1292 4662 1435 4736 quod
1481 4659 1548 4715 ad
1592 4656 1782 4713 melius
1815 4665 1984 4725 genus
2022 4663 2130 4704 non

545 4784 734 4848 .pnlcsl
761 4769 909 4840 erigi.

562 4832 788 4926 'CAPU'I‘
816 4832 1002 4918 ιῐγιιι.
1040 4885 1113 4897 ——
1155 4852 1264 4918 Quo
1310 4856 1528 4916 tempore
1570 4839 1692 4912 quid
1730 4843 2031 4907 praxeptum
2056 4832 2134 4886 vel

952 4950 1142 5008 licitum
1181 4944 1277 5010 sit,
1309 4933 1744 4996 considerandum.

633 5051 727 5107 26.
758 5047 887 5102 Item
913 5038 1206 5099 cavendum
1235 5043 1408 5090 estne
1435 5029 1570 5083 forte
1599 5022 1739 5096 quod
1768 5023 1823 5076 in
1851 5017 2137 5088 Scripturis

566 5140 834 5198 veteribus
861 5149 959 5206 pro
987 5131 1198 5187 illorum
1226 5133 1520 5191 temporum
1551 5112 1849 5170 conditione
1869 5151 1886 5178 ,
1930 5109 2138 5163 etiamsi

568 5250 677 5291 non
705 5200 949 5302 figura-te,
975 5221 1070 5278 sed
1095 5215 1307 5290 proprie
1337 5209 1671 5278 intelligatur,
1720 5218 1824 5258 non
1875 5210 1957 5255 est
1995 5200 2140 5270 fingi-

570 5331 704 5385 tium
742 5291 1164 5391 nequefacinus,
1193 5305 1256 5360 ad
1284 5305 1379 5358 ista
1401 5300 1560 5355 etiam
1589 5305 1822 5363 tempora
1852 5291 1968 5361 quis
1996 5298 2143 5360 putet

570 5382 803 5478 in'usum
827 5382 955 5468 vitaz
981 5416 1136 5477 posse
1174 5391 1469 5453 transferri.
1509 5385 1658 5454 Quod
1700 5384 1800 5437 nisi
1838 5382 2143 5436 dominante

573 5474 881 5586 cupiditate,
923 5474 1240 5567 etvipsarum
1271 5493 1480 5556 quoque
1508 5478 1921 5586 Scripturarum,
1954 5474 2143 5544 quibus

574 5565 990 5661 evertendacst,
1019 5565 1319 5642 satellitium
1353 5575 1652 5643 quzcrcnte,
1682 5581 1786 5620 non
1819 5565 2005 5630 faciet;
2050 5580 2146 5619 nec

579 5657 822 5757 intelligit
850 5682 1011 5737 miser
1033 5674 1099 5728 ad
1131 5672 1267 5726 hanc
1294 5665 1570 5719 utilitatem
1592 5659 1679 5713 illa
1706 5659 1779 5712 sic
1801 5672 1916 5712 esse
1945 5657 2106 5726 posita
2130 5698 2144 5722 ,

643 5826 658 5854 ι
685 5827 792 5868 stas.
817 5807 1086 5864 duodecim,
1110 5795 1365 5865 perveniat.

2195 462 2251 508 ut
2275 453 2384 524 spei
2413 453 2562 507 bonae
2587 450 2830 506 homines
2857 445 3138 502 salubriter
3163 442 3375 498 videant
3398 448 3452 498 et
3479 449 3764 497 consuetu-

2191 546 2368 600 dinem
2390 559 2546 615 quam
2573 546 2922 614 aspernantur
2950 549 3108 607 posse
3129 535 3324 590 habere
3356 549 3509 588 usum
3542 534 3763 600 b0uum,

2192 644 2245 693 ct
2269 651 2386 691 eam
2424 649 2582 706 quam
2625 632 2990 701 amplexantur
3015 642 3135 683 esse
3172 639 3329 696 posse
3365 623 3720 679 damnabilem
3747 663 3765 690 ,

2193 727 2239 782 si
2271 735 2325 781 et
2366 724 2438 780 ibi
2480 722 2713 781 charitas
2749 720 3028 785 utentium,
3068 725 3124 772 et
3165 715 3251 770 hic
3288 715 3550 785 cupiditas
3590 723 3768 770 atten-

2195 815 2370 872 datur.

2261 904 2354 960 27.
2381 903 2511 959 Nam
2540 903 2584 958 si
2609 900 2792 957 multis
2815 898 3067 956 uxoribus
3090 903 3235 951 caste
3263 896 3340 950 uti
3367 896 3642 966 quisquam
3663 909 3764 964 pro

2195 1002 2433 1064 tempore
2463 992 2671 1064 potuit,
2717 997 2891 1060 potest
2933 988 3068 1041 alius
3111 990 3215 1041 una
3263 985 3563 1040 libidinose.
3609 985 3773 1053 Magis

2193 1086 2337 1141 enim
2386 1085 2551 1154 probo
2579 1082 2860 1138 multarum
2907 1077 3228 1134 fecunditate
3271 1085 3505 1130 utentem
3553 1083 3774 1145 propter

2195 1174 2356 1240 aliud,
2382 1190 2538 1245 quam
2567 1173 2718 1227 unius
2750 1183 2911 1225 carne
2940 1167 3200 1222 fruentem
3230 1175 3448 1236 propter
3474 1165 3664 1236 ipsam.
3698 1165 3772 1219 lbi

2196 1268 2338 1323 enim
2385 1266 2635 1337 quaeritur
2691 1263 2888 1318 utilitas
2939 1270 3236 1330 temporum
3292 1257 3772 1328 opportunitatibus

2196 1372 2446 1427 congrua,
2473 1356 2556 1408 hic
2582 1355 2801 1409 satiatur
2828 1351 3088 1422 cupiditas
3109 1349 3486 1418 temporalibus
3518 1348 3767 1417 volupta-

2199 1449 2338 1504 tibus
2381 1447 2678 1516 implicata:
2705 1443 3069 1511 inferiorisque
3102 1439 3297 1509 gradus
3342 1439 3409 1493 ad
3438 1439 3604 1492 Deum
3625 1447 3772 1503 sunt,

2198 1539 2387 1608 quibus
2415 1535 2705 1590 secundum
2737 1531 2944 1586 veniam
2989 1529 3233 1584 concedit
3257 1528 3547 1597 Apostolus
3583 1540 3774 1581 carna-

2199 1629 2310 1683 lem
2341 1641 2461 1682 oum
2492 1624 2710 1695 singulis
2731 1621 3048 1692 conjugibus
3085 1617 3518 1673 consuetudinem
3565 1625 3778 1686 propter

2201 1719 2659 1790 intemperantiam
2699 1729 2883 1770 eorum
2925 1713 2967 1782 (I
2992 1712 3110 1767 Cor.
3140 1727 3232 1778 vu,
3269 1710 3347 1779 2),
3380 1723 3536 1778 quam
3583 1708 3660 1762 illi
3685 1709 3777 1777 qui

2201 1811 2376 1881 plures
2400 1809 2590 1880 singuli
2617 1823 2736 1862 cum
2765 1806 3022 1860 haberent
3048 1845 3062 1871 ,
3090 1803 3226 1859 sicut
3252 1802 3462 1871 sapiens
3487 1802 3539 1854 in
3577 1800 3697 1856 cibo
3725 1809 3778 1853 et

2202 1910 2327 1971 potu
2354 1899 2563 1954 nonnisi
2591 1899 2817 1952 salutem
2857 1893 3118 1964 corporis,
3151 1892 3228 1946 sic
3256 1893 3307 1945 in
3337 1891 3618 1946 concubitu
3641 1903 3777 1943 non-

2211 1990 2313 2045 nisi
2341 1989 2760 2060 procreationem
2785 1986 3014 2041 filiorum
3038 1984 3395 2038 intuebantur.
3419 1982 3599 2051 Itaque
3620 1981 3663 2035 si
3687 1995 3780 2034 eos

2204 2083 2256 2136 in
2286 2082 2385 2137 hac
2407 2082 2514 2136 vita
2542 2080 2834 2135 invenisset
2862 2076 3072 2132 Domini
3097 2074 3376 2140 adventus,
3401 2088 3520 2128 cum
3541 2073 3650 2143 jam
3672 2087 3778 2126 non

2205 2173 2480 2238 mittendi,
2511 2171 2604 2227 sed
2643 2169 2925 2240 colligendi
2950 2167 3150 2238 lapides
3189 2175 3397 2236 tempus
3424 2174 3565 2220 esset
3584 2162 3780 2236 (Eccle.

2205 2281 2282 2332 tu,
2313 2264 2392 2337 5),
2420 2263 2602 2318 statim
2629 2263 2836 2331 seipsos
2863 2266 3158 2315 castrarent
3185 2266 3402 2328 propter
3428 2270 3647 2324 regnum
3669 2268 3782 2308 coe-

2205 2355 2376 2410 lorum
2403 2373 2417 2408 :
2445 2369 2551 2408 non
2582 2352 2724 2407 enim
2748 2358 2834 2406 est
2862 2351 2913 2404 in
2943 2349 3173 2404 carendo
3199 2347 3506 2411 difﬁcultas,
3528 2345 3630 2399 nisi
3659 2359 3780 2398 cum

2200 2447 2359 2502 estin
2395 2427 2638 2500 habendo
2661 2441 2940 2513 cupiditas.
2972 2439 3239 2494 Noveram.
3273 2438 3468 2508 quippe
3506 2435 3581 2489 illi
3612 2433 3784 2489 homi-

2213 2550 2306 2590 nes
2333 2535 2492 2589 etiam
2522 2533 2574 2586 in
2603 2532 2732 2602 ipsis
2757 2529 3067 2599 conjugihus
3095 2527 3360 2582 luxuriam
3391 2539 3510 2579 esse
3535 2521 3785 2577 abutendi

2210 2623 2668 2694 intemperantiam
2697 2639 2710 2674 :
2738 2621 2877 2691 quod
2907 2619 3088 2674 Tobia:
3117 2625 3338 2673 testatur
3359 2615 3549 2682 oratio,
3571 2613 3786 2684 quando

2209 2724 2294 2772 est
2317 2716 2591 2785 copulatus
2613 2714 2785 2768 uxori.
2816 2711 2904 2766 Ait
2927 2711 3071 2766 enim
3103 2727 3117 2764 :
3148 2708 3441 2762 Benedictus
3463 2722 3533 2771 es,
3562 2700 3785 2758 Domine

2211 2805 2346 2860 Deus
2375 2813 2576 2875 patrum
2599 2812 2922 2867 nostrorum;
2959 2809 3003 2854 et
3027 2797 3336 2853 benedictum
3360 2811 3540 2848 nomen
3567 2801 3708 2846 tuum
3735 2794 3789 2846 in

2211 2895 2380 2948 omnia
2414 2892 2599 2947 stecula
2641 2888 2959 2946 assecularum.
3005 2886 3310 2941 Benedicant
3337 2893 3384 2936 te
3404 2883 3517 2938 οωιὶ
3557 2891 3605 2935 et
3627 2881 3790 2934 omnis

2213 2993 2442 3036 creatura
2467 2991 2571 3034 tua.
2602 2979 2679 3033 Tu
2702 2979 2862 3050 fecisti
2890 2976 3072 3041 Adam,
3097 2984 3143 3030 et
3168 2974 3348 3028 dedisti
3376 2971 3451 3026 illi
3477 2971 3789 3041 adjutoriuns

2215 3073 2377 3128 Evam
2405 3088 2422 3126 :
2448 3082 2494 3126 et
2519 3086 2671 3137 nunc,
2696 3069 2928 3128 Domine,
2961 3075 3016 3120 tu
3054 3065 3152 3121 scis
3175 3063 3412 3134 quoniam
3445 3077 3546 3114 non
3574 3059 3792 3114 luxuria:

2215 3182 2366 3220 causa
2393 3164 2582 3234 accipio
2613 3176 2832 3216 sororem
2866 3174 3046 3223 meant,
3079 3155 3166 3210 sed
3190 3157 3302 3226 ipsa
3333 3154 3536 3208 veritate
3554 3192 3570 3219 ,
3609 3160 3664 3204 ut
3692 3151 3792 3204 nti-

2217 3255 2427 3309 serearis
2457 3252 2632 3315 nostri,
2660 3249 2875 3304 Domine
2905 3245 3052 3317 (Tob.
3077 3260 3193 3310 vul,
3226 3243 3368 3315 7-9).
3783 3236 3796 3256 ⁸

2209 3343 2441 3400 CAPUT
2467 3341 2608 3397 XIX.
2631 3371 2702 3382 -
2748 3339 2878 3394 Mali
2913 3339 3040 3392 alios
3069 3338 3131 3390 de
3165 3352 3258 3390 suo
3295 3335 3547 3390 wstimant
3573 3333 3791 3403 ingenio.

2286 3435 2378 3490 28.
2409 3433 2517 3489 Sed
2545 3433 2635 3502 qui
2655 3432 2912 3487 effrenata
2938 3429 3177 3494 libidine,
3202 3427 3283 3481 vel
3309 3442 3403 3496 per
3423 3425 3587 3478 multa
3611 3433 3795 3492 stupra

2219 3525 2529 3580 diffluentes
2560 3531 2854 3592 evagantur
2875 3562 2890 3588 ,
2919 3521 3004 3575 vel
3032 3521 3082 3574 in
3111 3520 3224 3590 ipsa
3267 3533 3371 3573 una
3416 3516 3658 3586 conjuge,
3687 3529 3795 3568 non

2224 3617 2394 3671 solum
2432 3615 2696 3670 excedunt
2734 3613 2804 3668 ad
2850 3613 3132 3667 liberorum
3180 3610 3594 3679 procreationem
3633 3607 3796 3678 perti-

2216 3716 2436 3763 nentem
2480 3705 2694 3760 modum
2714 3745 2730 3771 ,
2759 3703 2853 3758 sed
2877 3703 3035 3756 etiam
3070 3699 3454 3755 inhumanioris
3494 3699 3509 3728 ί
3537 3699 3798 3764 intempe-

2224 3797 2409 3854 rantia:
2433 3796 2620 3851 sordes
2662 3791 3015 3848 inverecunda
3062 3791 3282 3845 omnino
3327 3787 3536 3842 licentia
3582 3786 3794 3840 servilis

2224 3887 2495 3959 cujusdam
2546 3883 2802 3939 libertatis
2838 3881 3212 3944 accumulant;
3265 3893 3369 3932 non
3414 3875 3636 3931 credunt
3681 3874 3798 3929 fieri

2226 3977 2458 4049 potuisse
2495 3983 2552 4030 ut
2584 3980 2939 4042 temperanter
2979 3970 3159 4024 multis
3201 3967 3415 4022 feminis
3447 3965 3649 4036 antiqui
3679 3972 3798 4019 ute-

2225 4074 2409 4122 rentur
2431 4065 2550 4129 viri,
2581 4063 2709 4116 nihil
2743 4068 3015 4116 servantes
3055 4060 3106 4113 in
3137 4073 3235 4113 usu
3265 4058 3355 4112 illo
3377 4057 3478 4111 nisi
3504 4071 3799 4126 congruum

2229 4156 2451 4228 tempori
2479 4153 2829 4226 propagandae
2857 4152 3022 4223 prolis
3049 4151 3317 4216 officium;
3349 4159 3401 4204 et
3425 4147 3566 4218 quod
3599 4146 3699 4217 ipsi
3723 4147 3800 4201 Ia-

2227 4249 2380 4321 queis
2403 4247 2634 4304 libidinis
2657 4245 2916 4308 obstricti,
2943 4244 3026 4299 vel
3053 4243 3108 4298 in
3135 4257 3238 4298 una
3263 4256 3370 4296 non
3399 4241 3616 4308 faciunt,
3648 4240 3798 4294 nullo

2231 4338 2392 4395 modo
2422 4337 2476 4392 in
2504 4335 2686 4390 multis
2707 4334 2822 4390 ficri
2851 4349 3009 4404 posse
3034 4333 3374 4388 arbitrantur.

2299 4429 2390 4484 29.
2418 4426 2527 4483 Sed
2551 4427 2639 4482 isti
2664 4433 2887 4497 possunt
2909 4425 3087 4479 dicere
3107 4439 3205 4478 nec
3226 4422 3473 4476 honorari
3499 4418 3709 4490 quidem
3729 4427 3804 4474 at-

2231 4537 2335 4592 que
2355 4520 2558 4575 laudari
2586 4527 2834 4588 oportere
2856 4517 2998 4571 viros
3023 4515 3191 4571 bonos
3216 4523 3270 4570 et
3295 4524 3526 4576 sanctos,
3550 4512 3671 4581 quia
3700 4511 3803 4581 ipsi

2232 4627 2353 4669 cum
2382 4611 2710 4666 honorantur
2732 4618 2892 4679 atque
2917 4607 3215 4670 laudantur,
3246 4606 3599 4659 intumescunt
3620 4615 3804 4670 super-
3841 4662 3856 4676 δ

2233 4703 2355 4768 hia;
2387 4711 2530 4756 tanto
2577 4698 2841 4752 avidiorcs
2881 4697 3200 4751 inanissima:
3241 4694 3447 4765 glorias,
3486 4700 3682 4762 quanto
3710 4703 3807 4745 eos

2235 4793 2560 4863 frequentius
2601 4800 2758 4860 atque
2787 4788 2944 4843 latius
2972 4788 3147 4858 lingua
3173 4785 3417 4842 blandior
3437 4781 3806 4846 ventilaverit;

2236 4901 2338 4956 qua
2366 4887 2434 4939 ita
2479 4883 2626 4938 leves
2668 4883 2818 4946 fiunt,
2863 4889 2922 4935 ut
2958 4893 3053 4936 eos
3092 4877 3319 4934 rumoris
3359 4891 3507 4942 aura,
3539 4875 3652 4929 sive
3687 4887 3808 4943 qua:

2240 4991 2515 5048 prospera,
2544 4974 2656 5028 sive
2697 4988 2817 5043 qua:
2842 4970 3065 5026 adversa
3090 4968 3438 5030 existimatur,
3466 4965 3518 5019 in
3547 4963 3813 5034 quaslibet

2241 5067 2454 5122 invehat
2479 5064 2759 5134 voragines
2784 5061 3123 5132 flagitiorum,
3151 5067 3242 5112 aut
3269 5058 3319 5112 in
3342 5057 3632 5112 facinorum
3649 5054 3810 5108 etiam

2243 5175 2368 5215 saxa
2400 5156 2635 5213 eollidat.
2663 5153 2884 5209 Videant
2914 5167 3040 5222 ergo
3059 5165 3215 5221 quam
3241 5150 3340 5206 sibi
3375 5148 3596 5203 arduum
3635 5146 3704 5200 sit
3727 5152 3813 5198 at-

2242 5266 2345 5321 que
2370 5248 2585 5303 difficile
2612 5260 2709 5299 nec
2735 5243 2905 5297 laudis
2933 5257 3055 5297 esca
3082 5241 3227 5307 illici,
3249 5254 3349 5295 nec
3373 5235 3816 5294 contumeliarum

2246 5339 2441 5394 aculeis
2469 5334 2762 5406 penetrari;
2790 5344 2844 5388 et
2873 5347 2977 5385 non
3005 5346 3069 5386 ex
3099 5346 3157 5384 se
3175 5331 3307 5385 alios
3332 5329 3636 5384 metiantur.

2317 5427 2542 5484 CAPUT
2567 5426 2686 5482 XX.
2707 5453 2778 5468 ——-
2805 5424 2872 5478 1η
2891 5424 3064 5494 quavis
3085 5421 3280 5476 vivendi
3307 5423 3500 5476 ratione
3522 5419 3639 5474 boni
3666 5418 3746 5471 sui

2859 5527 2973 5572 sunt
3001 5516 3204 5570 similes.

2322 5611 2553 5667 Credant
2591 5611 2762 5680 potius
2790 5609 3072 5678 Apostolos
3102 5614 3313 5663 nostros
3355 5617 3455 5660 nec
3478 5617 3596 5658 cum
3641 5599 3821 5670 suspi-

2323 5790 2336 5817 ι
2363 5794 2466 5834 atas.
2493 5789 2598 5834 ceto
2640 5779 2948 5833 immanioris.
