4060 6454
2512 254 2556 275 ’ρο

286 323 358 380 π
1632 315 1831 372 LIBER
1869 316 2178 376 TERTIUS.
3482 338 3550 395 τε

289 442 545 493 uerentur
571 432 639 489 ab
659 431 981 498 hominibus,
1012 429 1220 487 inflatos
1257 430 1450 496 fuisse;
1486 445 1584 487 nec
1610 443 1730 485 cum
1762 430 1867 486 de-

288 529 641 597 spicerentur,
669 526 849 580 elisos.
883 523 1079 578 Neutra
1108 523 1303 592 quippe
1330 524 1551 577 tentalio
1577 520 1743 576 defuit
1766 522 1870 577 illis

289 620 418 676 viris
447 636 460 671 :
489 634 615 673 nam
640 626 695 673 et
717 616 1045 672 credentium
1069 615 1475 673 celebrabantur
1500 615 1785 684 praeconio,
1816 624 1871 669 et

287 709 725 781 persequentium
772 706 1068 761 maledictis
1112 705 1521 760 infamabantur.
1555 705 1702 759 Sicut
1744 719 1870 774 ergo

288 803 369 858 isti
411 816 511 872 pro
543 810 781 871 tempore
808 799 1093 854 utebantur
1132 798 1215 852 his
1243 799 1509 865 omnibus,
1538 807 1592 853 et
1621 814 1725 853 non
1754 814 1873 852 cor-

286 893 699 964 rnmpebantur;
730 892 807 947 sic
829 891 905 945 illi
923 898 1148 956 veteres,
1175 904 1329 945 usum
1355 888 1669 945 feminarum
1694 890 1757 943 ad
1782 890 1862 943 sui

286 984 548 1054 temporis
590 982 1012 1038 convenientiam
1052 979 1363 1047 referentes,
1398 984 1505 1035 non
1540 980 1872 1050 patiebantur

283 1089 403 1129 eam
428 1072 850 1127 dominationem
877 1070 1129 1136 libidinis,
1155 1071 1241 1126 cui
1263 1071 1505 1125 serviunt
1528 1071 1618 1141 qui
1646 1070 1742 1124 ista
1763 1085 1868 1125 non

283 1166 530 1222 credunt.

352 1255 444 1313 50.
492 1256 562 1310 Et
592 1254 712 1309 ideo
745 1254 834 1309 isti
881 1268 1000 1309 sese
1048 1254 1193 1309 nullo
1245 1253 1404 1308 modo
1449 1253 1759 1308 cohiberent
1801 1253 1868 1309 ab

287 1346 600 1415 inexpiabili
617 1346 739 1400 odio
766 1345 1062 1411 ﬁliorum,a
1090 1345 1280 1415 quibus
1308 1345 1389 1399 vel
1417 1360 1609 1429 uxores
1632 1344 1716 1400 vel
1742 1359 1869 1399 con-

286 1436 508 1492 cubinas
535 1452 659 1493 suas
701 1444 985 1491 attentatas
1008 1478 1023 1501 ,
1054 1445 1145 1490 aut
1186 1443 1489 1491 attrectatas
1527 1450 1646 1490 esse
1669 1449 1865 1505 cogno—

286 1536 518 1594 soerent,
548 1528 594 1581 si
621 1526 697 1581 eis
724 1526 859 1581 forte
887 1524 990 1579 tale
1014 1524 1209 1595 aliquid
1233 1524 1529 1579 accidisset.

310 1637 539 1693 CAPUT
585 1636 726 1691 XXI.
769 1666 843 1677 —-
890 1636 1055 1689 David
1106 1652 1392 1705 quanquam
1430 1635 1483 1689 in
1522 1635 1825 1690 adulterium

390 1729 589 1796 lapsus,
610 1728 757 1799 longe
777 1728 873 1799 fuit
896 1744 927 1779 a
948 1728 1330 1782 libidinosorum
1355 1728 1759 1798 intemperantia.

354 1816 469 1872 Rex
493 1826 673 1872 autem
702 1818 871 1872 David
913 1832 1034 1872 cum
1065 1817 1167 1872 hoc
1190 1818 1259 1872 ab
1284 1818 1446 1887 impio
1467 1830 1626 1888 atque
1654 1818 1867 1872 immani

290 1910 394 1965 ﬁlio
432 1925 625 1980 passus
670 1920 833 1975 esset,
874 1925 981 1965 non
1024 1911 1196 1966 solum
1230 1911 1573 1966 ferocientem
1601 1910 1865 1977 toleravit,

288 2002 378 2057 sed
405 2002 568 2056 etiam
593 2002 795 2071 planxit
824 2002 1141 2057 exstinctum
1172 2004 1240 2074 (Il
1266 2004 1394 2074 Reg.
1420 2019 1577 2069 xvut,
1613 2004 1725 2073 55).
1751 2004 1868 2058 Non

287 2093 425 2147 enim
474 2094 677 2147 carnali
720 2093 835 2148 zelo
878 2094 1115 2149 irretitus
1160 2094 1476 2160 tenebatur,
1517 2109 1675 2165 quem
1726 2095 1869 2150 nullo

287 2181 445 2236 modo
487 2182 695 2251 injuriae
734 2198 866 2249 suae,
914 2183 1007 2238 sed
1051 2191 1264 2253 peccata
1310 2183 1400 2238 lilii
1444 2184 1865 2240 commovebant.

282 2271 413 2327 Nam
455 2272 598 2335 ideo,
628 2273 672 2327 si
700 2273 1022 2341 vinceretur,
1054 2289 1177 2329 eum
1220 2276 1388 2330 occidi
1418 2275 1781 2345 prohibuerat,
1813 2286 1870 2331 ut

285 2362 523 2417 edomito
565 2371 872 2418 servaretur
922 2364 1210 2435 paenitendi
1256 2366 1447 2421 locus:
1490 2375 1543 2422 et
1586 2367 1708 2437 quia
1760 2382 1867 2423 non

285 2454 477 2521 potuit,
509 2467 616 2505 non
643 2452 926 2508 orbitatem
956 2454 1124 2507 doluit
1167 2454 1219 2508 in
1250 2456 1365 2523 ejus
1393 2455 1631 2523 interitu,
1657 2455 1750 2512 sed
1773 2472 1869 2511 no.

284 2551 430 2597 verat
454 2544 508 2597 in
529 2558 662 2613 quas
682 2559 865 2612 pinnas
885 2553 991 2599 tam
1014 2546 1173 2615 impie
1195 2545 1433 2601 adultera
1455 2548 1472 2578 ι
1503 2555 1558 2602 et
1582 2548 1869 2617 parricida-

283 2632 347 2687 lis
375 2634 555 2687 anima
593 2642 890 2704 raperetur.
937 2635 1173 2706 Namque
1214 2636 1321 2690 alio
1361 2637 1504 2705 prius
1532 2636 1642 2693 lilio
1666 2639 1755 2708 qui
1788 2639 1868 2692 in—

283 2738 487 2779 nocens
510 2733 644 2791 erat,
672 2740 767 2796 pro
791 2741 897 2796 quo
921 2734 1210 2796 atgrotante
1229 2726 1583 2798 allligcbatur,
1610 2730 1866 2786 moriente

286 2815 495 2869 laetatus
520 2826 625 2871 est.

355 2907 446 2961 51.
478 2906 559 2962 Ex
588 2907 687 2962 hoc
726 2908 957 2963 maxime
991 2917 1208 2977 apparet
1254 2924 1357 2979 qua
1400 2909 1760 2966 moderatione
1803 2926 1867 2967 ac

283 2999 636 3067 temperantia
677 2998 755 3053 illi
780 3000 879 3054 viri
905 3000 1115 3055 feminis
1151 3002 1435 3057 utebantur
1453 3044 1467 3070 ,
1496 3004 1637 3074 quod
1663 3020 1781 3059 cum
1810 3006 1861 3060 iu

282 3104 438 3141 unam
467 3089 651 3144 illicite
679 3090 921 3145 irruisset
952 3107 1044 3147 rex
1068 3093 1205 3147 idem
1227 3134 1242 3159 ,
1264 3103 1396 3149 aestu
1438 3096 1666 3165 quodam
1695 3099 1865 3153 artatis

279 3188 334 3232 et
353 3181 731 3249 temporalium
760 3197 937 3236 rerum
960 3185 1398 3253 prosperitatibus
1420 3186 1690 3257 abreptus,
1713 3190 1864 3258 cujus

281 3270 443 3324 etiam
488 3271 739 3326 maritum
782 3273 1129 3328 occidendum
1172 3284 1529 3346 praeceperat;
1586 3290 1862 3334 accusatus

278 3371 360 3414 est
388 3376 485 3430 per
513 3361 824 3431 prephetam
850 3379 863 3415 :
889 3361 979 3433 qui
1003 3378 1122 3417 cum
1146 3364 1212 3418 ad
1239 3379 1357 3420 eum
1384 3366 1616 3422 venisset
1638 3370 1860 3423 convin-

277 3451 514 3506 nendum
551 3452 619 3507 de
661 3461 897 3522 peceato,
943 3455 1219 3523 proposuit
1255 3456 1305 3510 ei
1349 3457 1747 3513 similitudinem
1793 3460 1861 3515 de

278 3557 520 3613 paupere
546 3545 632 3613 qui
661 3544 887 3601 habebat
928 3561 1081 3601 ovem
1128 3563 1305 3615 unam,
1336 3549 1485 3620 cujus
1508 3552 1711 3607 vicinus
1739 3568 1857 3609 cum

279 3635 506 3691 haberet
531 3638 741 3702 multas,
772 3638 837 3692 ad
860 3638 1144 3694 adventum
1174 3640 1396 3711 hospitis
1417 3644 1495 3697 sui
1526 3644 1732 3698 unicam
1758 3660 1857 3715 po-

279 3731 386 3784 tius
408 3730 569 3784 vicini
594 3731 675 3784 sui
704 3732 950 3801 pauperis
978 3732 1236 3787 oviculam
1262 3734 1501 3789 exhibuit
1519 3735 1856 3805 epulandam.

280 3820 335 3875 In
362 3836 520 3891 quem
546 3833 846 3877 commotus
874 3824 1036 3879 David
1063 3825 1231 3879 occidi
1275 3841 1399 3880 eum
1425 3828 1603 3897 jussit,
1630 3837 1685 3882 et
1724 3844 1857 3899 qna-

277 3910 563 3980 druplicari
604 3928 761 3968 ovem
802 3915 1052 3984 pauperi;
1083 3923 1142 3969 ut
1167 3930 1225 3970 se
1263 3918 1508 3972 nesciens
1534 3918 1858 3973 condemna-

276 4012 375 4067 ret,
406 4004 494 4072 qui
521 4016 834 4072 peccaverat
858 4006 1051 4061 sciens.
1081 4006 1234 4072 Quod
1254 4022 1374 4061 cum
1396 4009 1443 4063 ei
1470 4011 1858 4065 manifestatum

274 4103 437 4157 esset,
470 4105 524 4151 et
562 4096 811 4151 divinitus
844 4098 1151 4153 denuntiata
1195 4100 1445 4166 vindicta,
1493 4102 1647 4157 diluit
1685 4106 1857 4172 pumi-

274 4184 438 4238 tendo
466 4200 739 4255 peccatum
767 4187 829 4257 (11
856 4187 984 4259 Reg.
1007 4204 1105 4253 xu,
1137 4190 1311 4261 l-ll).
1345 4191 1450 4246 Sed
1475 4201 1651 4248 tamen
1679 4194 1730 4248 in
1761 4195 1858 4250 hac

272 4274 621 4331 similitudine
649 4289 889 4346 stuprum
922 4281 1285 4336 tantummodo
1312 4281 1644 4353 designatum
1684 4294 1767 4340 est
1791 4286 1858 4342 de

270 4380 369 4422 ove
399 4368 557 4423 vicini
586 4372 863 4440 pauperis;
905 4373 973 4429 de
1016 4374 1205 4429 marito
1230 4385 1406 4431 autem
1432 4378 1666 4434 mulieris
1693 4381 1856 4435 inter-

271 4468 474 4527 empto,
506 4458 608 4515 hoc
646 4472 747 4528 est,
775 4462 842 4518 de
868 4463 983 4534 ipso
1012 4480 1243 4535 paupere.
1263 4509 1278 4534 ,
1312 4469 1399 4538 qui
1430 4484 1585 4524 unam
1628 4471 1853 4527 habebat

270 4563 451 4613 ovem,
477 4550 681 4619 occiso,
711 4568 818 4607 non
846 4563 927 4608 est
949 4569 1044 4624 per
1071 4555 1467 4613 similitudinem
1500 4560 1854 4631 interrogatus

272 4638 460 4707 David,
492 4650 552 4695 ιιι
583 4642 636 4695 in
671 4643 845 4698 solum
878 4644 1197 4701 adulterium
1242 4648 1443 4705 diceret
1476 4650 1497 4682 ²
1535 4654 1852 4708 sententiam

266 4731 627 4788 damnationis
661 4749 793 4790 suae.
832 4736 910 4791 Ex
949 4754 1053 4808 quo
1084 4740 1393 4810 intelligitur
1417 4754 1609 4812 quanta
1643 4752 1851 4815 tempe-

268 4823 442 4878 rantia
485 4825 679 4880 multas
703 4828 960 4884 mulieres
986 4830 1249 4898 habuerit,
1297 4835 1509 4903 quando
1551 4836 1617 4890 de
1662 4853 1765 4891 una
1798 4839 1849 4892 in

266 4929 367 4983 qua
394 4917 627 4970 excessit
651 4917 889 4985 modum,
920 4936 949 4974 a
978 4922 1154 4991 seipso
1179 4924 1354 4993 puniri
1379 4934 1595 4980 coactus
1620 4936 1719 4982 est.
1742 4930 1847 4984 Sed

267 5006 318 5058 in
348 5006 456 5059 isto
482 5007 597 5060 viro
620 5007 986 5065 immoderata:
1012 5011 1167 5082 hujus
1207 5014 1438 5070 libidinis
1464 5031 1569 5071 non
1598 5034 1848 5088 perman-

263 5095 365 5161 sio,
403 5096 498 5151 sed
529 5099 782 5153 transitus
806 5099 906 5155 fuit
943 5118 957 5155 :
994 5112 1271 5174 propterea
1316 5107 1474 5162 etiam
1504 5108 1572 5164 ab
1593 5120 1849 5181 arguente

265 5186 531 5257 Propheta
580 5190 672 5245 ille
714 5190 923 5248 illicitas
961 5196 1227 5265 appetitus
1270 5196 1464 5269 hospes
1495 5211 1715 5256 vocatus
1744 5212 1841 5257 est.

262 5278 378 5334 Non
404 5280 549 5335 enim
574 5281 707 5337 dixit
733 5299 854 5339 eum
883 5288 990 5357 regi
1034 5302 1161 5356 suo,
1192 5290 1284 5345 sed
1331 5291 1529 5362 hospiti
1559 5310 1657 5350 suo
1685 5297 1845 5352 vicini

264 5374 512 5443 pauperis
536 5390 689 5430 ovem
722 5377 786 5431 ad
812 5380 1135 5448 epulandum
1176 5382 1500 5441 exhibuisse.
1531 5388 1600 5442 At
1639 5402 1765 5443 vero
1791 5389 1844 5445 in

264 5462 377 5531 ejus
396 5462 519 5518 ﬁlio
539 5464 824 5523 Salomone
844 5510 858 5534 ,
888 5485 991 5524 non
1023 5472 1172 5541 quasi
1212 5473 1409 5545 hospes
1434 5478 1711 5534 transitum
1752 5480 1844 5535 ba-

269 5676 278 5684 .
324 5619 337 5648 ι
367 5627 460 5687 χω.
479 5624 554 5668 Er.
578 5627 631 5671 et
646 5628 749 5673 uss.
766 5631 977 5689 septem,
995 5632 1093 5678 tam
1113 5626 1263 5695 impia
1281 5636 1327 5681 et
1346 5631 1583 5684 adultera.
1603 5636 1731 5699 Bad.,
1748 5643 1845 5689 tarn

263 5690 397 5731 unm
418 5678 658 5731 adultera.

324 5695 734 5805 i’giﬂtlissuinediti
762 5760 896 5809 vero,
921 5748 969 5799 in
991 5750 1089 5802 solo
1108 5750 1346 5805 adulterio
1368 5752 1593 5809 disceret.

1976 431 2107 499 buit,
2147 431 2239 488 sed
2269 448 2485 506 regnum
2512 437 2611 492 ista
2641 438 2799 496 libido
2844 445 3116 513 possedit:
3144 446 3211 503 de
3248 464 3354 519 quo
3399 450 3547 508 Scri-

1972 530 2126 590 plura
2146 538 2250 578 non
2278 526 2457 593 tacuit,
2472 529 2689 598 culpatis
2709 546 2829 586 eum
2853 534 3018 592 fuisse
3041 547 3332 595 amatorem
3359 544 3546 599 mulie-

1973 628 2091 667 rum
2119 613 2207 686 (111
2236 616 2362 687 Reg.
2389 634 2465 685 ιι,
2492 618 2567 692 l).
2598 622 2761 692 Cujus
2787 633 2961 682 tamen
2988 628 3135 685 initia
3161 630 3430 689 desiderio
3451 650 3543 691 sa-

1974 703 2182 773 pientia:
2216 704 2564 777 flagraverant
2589 713 2655 784 (ll
2686 713 2918 789 Paralip.
2951 735 2990 787 ι,
3021 720 3206 793 7-12);
3238 740 3394 794 quam
3424 742 3547 783 cum

1971 809 2153 849 amore
2182 797 2438 865 Spirituali
2465 800 2687 871 adeptus
2720 815 2880 872 esset,
2908 823 3090 866 amore
3116 816 3310 869 carnali
3345 818 3543 872 amisit.

2008 884 2231 940 CAPUT
2258 886 2419 943 XXII.
2450 890 2713 964 —Regula
2728 896 2791 950 de
2818 897 3098 971 Scriptum
3121 903 3261 973 locis,
3290 907 3377 960 ubi
3401 909 3513 962 lau-

1973 974 2158 1029 dantur
2176 981 2313 1048 facta
2328 980 2556 1046 quaedam
2577 983 2817 1041 bonorum
2845 989 2995 1045 hodie
3018 993 3240 1049 moribus
3266 1000 3542 1056 contraria.

2043 1067 2132 1122 32.
2164 1067 2305 1140 Ergo
2327 1113 2343 1139 ,
2374 1088 2672 1146 quanquam
2697 1082 2873 1137 omnia
2914 1085 2998 1140 vel
3042 1101 3178 1156 pene
3204 1091 3381 1145 omnia
3423 1109 3544 1163 qua:

1972 1155 2025 1210 in
2048 1156 2256 1215 Veteris
2283 1162 2603 1221 Testamenti
2648 1168 2796 1225 libris
2833 1182 2979 1243 gesta
3021 1155 3395 1250 continentur,
3437 1155 3547 1240 non

1970 1246 2145 1301 solum
2179 1253 2417 1321 proprie,
2460 1255 2553 1310 sed
2596 1258 2753 1314 etiam
2798 1262 3019 1333 figurate
3059 1246 3541 1338 accipienda'sint:

1970 1343 2150 1393 tamen
2173 1342 2333 1396 etiam
2360 1343 2445 1397 illa
2469 1361 2585 1416 qua:
2616 1352 2824 1419 proprie
2850 1352 3016 1410 lector
3039 1362 3321 1429 acceperit,
3354 1365 3399 1418 si
3427 1365 3544 1419 lau-

1970 1428 2078 1485 dati
2106 1442 2228 1488 sunt
2248 1435 2323 1489 illi
2345 1438 2433 1507 qui
2461 1455 2520 1493 ea
2548 1439 2803 1510 fecerunt,
2834 1447 2927 1502 sed
2966 1464 3025 1504 ea
3053 1428 3229 1508 tamen
3254 1428 3548 1515 abhorrent

1970 1533 2001 1573 a
2032 1525 2416 1581 consuetudine
2442 1528 2721 1600 bonorum,
2749 1535 2836 1605 qui
2865 1547 2982 1605 post
3022 1540 3304 1598 adventum
3334 1546 3545 1605 Domini

1970 1608 2149 1668 divina
2175 1627 2436 1688 praecepta
2480 1623 2816 1693 custodiunt;
2866 1629 3083 1699 figuram
3130 1635 3195 1688 ad
3244 1637 3543 1709 intelligen-

1974 1699 2100 1755 tiam
2131 1703 2343 1773 referat,
2367 1707 2561 1765 factum
2587 1728 2713 1768 vero
2740 1716 2908 1786 ipsum
2939 1720 3002 1774 ad
3026 1737 3202 1779 mores
3228 1742 3336 1782 non
3365 1699 3541 1786 trans-

1971 1790 2125 1887 ferat.
2170 1794 2327 1851 Multa
2374 1801 2513 1856 enim
2557 1816 2681 1860 sunt
2726 1825 2844 1879 qua:
2890 1812 2984 1867 illo
3028 1823 3266 1887 tempore
3305 1822 3543 1883 ofﬁciose

1973 1881 2109 1939 facta
2132 1895 2273 1955 sunt,
2297 1904 2413 1959 qua:
2435 1894 2591 1950 tnodo
2620 1899 2718 1952 nisi
2741 1901 3019 1961 libidinose
3040 1907 3152 1963 ﬁeri
3169 1926 3275 1967 non
3298 1928 3540 1985 possunt.

2044 1976 2268 2037 CAPUT
2297 1983 2483 2041 XXIII.
2510 2020 2583 2030 —
2610 1993 2807 2065 Regula
2833 2000 2895 2053 de
2919 2000 3041 2057 locis
3068 2005 3152 2059 ubi
3172 1976 3468 2081 magnorum

2084 2134 2089 2139 γ
2371 2078 2592 2135 virorum
2616 2097 2820 2155 peccata
2842 2096 3143 2163 referuntur.

2045 2161 2098 2218 Si
2140 2180 2242 2235 qua
2283 2184 2408 2224 vero
2448 2185 2660 2242 peccata
2711 2195 3021 2252 magnorum
3058 2190 3289 2248 virorum
3334 2194 3544 2268 legerit,

1976 2256 2180 2309 tametsi
2207 2258 2434 2328 aliquam
2466 2264 2516 2318 in
2542 2266 2619 2323 eis
2650 2268 2869 2340 figuram
2897 2291 3075 2332 rerum
3100 2256 3415 2340 futurarum,
3431 2256 3547 2342 aui;

1974 2345 2304 2405 madvertere
2336 2362 2493 2424 atque
2518 2358 2766 2432 indagare
2785 2370 3047 2435 potuerit;
3082 2374 3157 2427 rei
3181 2384 3354 2433 tamen
3382 2391 3547 2449 gesue

1973 2442 2349 2509 pr0prietatem
2380 2448 2446 2502 ad
2478 2450 2619 2507 hunc
2648 2471 2799 2511 usum
2845 2472 3100 2530 assumat,
3146 2476 3204 2522 ut
3243 2484 3304 2525 se
3344 2442 3545 2543 nequa-

1972 2548 2129 2602 quam
2157 2547 2300 2593 recte
2326 2538 2477 2598 factis
2514 2547 2625 2601 suis
2647 2548 2852 2617 jactare
2875 2555 3084 2623 audeat,
3117 2569 3169 2613 et
3199 2576 3309 2630 pra:
3346 2538 3548 2636 sua-ju-

1971 2626 2113 2681 stitia
2143 2638 2365 2686 cmtcros
2406 2645 2654 2706 tanquam
2702 2653 3010 2710 peccatores
3054 2626 3378 2721 contemnat,
3420 2626 3544 2713 cum

1972 2715 2146 2771 videat
2192 2728 2450 2779 tantorum
2498 2728 2731 2785 virorum
2778 2743 2833 2789 et
2876 2740 3137 2794 cavendas
3181 2750 3543 2814 tempestates,

1971 2815 2024 2859 et
2052 2805 2224 2863 ﬂenda
2250 2813 2538 2886 naufragia.
2571 2820 2652 2875 Ad
2685 2821 2784 2878 hoc
2806 2827 2946 2881 enim
2977 2829 3137 2884 etiam
3183 2805 3397 2902 peccata
3425 2805 3547 2893 illo;

1970 2912 2087 2989 rum
2118 2901 2389 2959 hominum
2413 2910 2609 2979 scripta
2635 2922 2779 2982 sunt,
2810 2927 2867 2972 nt
2890 2901 3193 2989 Apostolica
3218 2925 3308 2980 illa
3332 2935 3548 2985 senten-

1970 2987 2039 3041 tia
2068 2991 2264 3062 ubique
2288 3000 2558 3054 tremenda
2598 3000 2687 3071 sit,
2738 3021 2837 3076 qua
2868 2987 2985 3065 ait:
3018 3011 3336 3087 Quapmpter
3356 3020 3444 3089 qui
3468 3022 3547 3074 vi-

1968 3079 2116 3176 detur
2142 3094 2296 3152 stare,
2322 3088 2739 3156 videat,uecadat
2763 3097 2805 3169 (I
2832 3097 2950 3155 Cor.
2980 3119 3038 3169 x,
3074 3079 3183 3176 ﬁt).
3222 3079 3381 3164 Nulla
3399 3113 3543 3168 enim

1967 3170 2081 3228 fere
2108 3176 2295 3245 pagina
2325 3188 2407 3234 est
2432 3193 2733 3242 sanctorum
2771 3189 3048 3247 Librorum
3073 3237 3088 3261 ,
3118 3197 3171 3251 in
3196 3214 3296 3268 qua
3329 3216 3433 3257 non
3457 3218 3546 3258 so-

1968 3276 2058 3320 net
2078 3268 2219 3336 quod
2250 3270 2388 3327 Deus
2416 3278 2660 3346 superbis
2684 3283 2902 3350 resistit,
2934 3286 3221 3345 humilibus
3254 3302 3430 3350 autem
3456 3296 3547 3352 dat

1964 3359 2207 3427 gratiam.

2000 3472 2226 3530 CAPUT
2254 3477 2441 3534 XXIV.
2473 3510 2548 3523 -—
2564 3483 2695 3540 Ante
2713 3488 2881 3542 omnia
2903 3493 3325 3551 considerandum
3348 3515 3507 3569 genus

2591 3576 2876 3637 locutionis.

2036 3680 2123 3736 54.
2163 3683 2393 3741 Maxime
2436 3689 2612 3760 itaque
2646 3680 3066 3767 investigandum
3097 3710 3179 3757 est
3206 3710 3383 3760 utrum
3415 3720 3542 3775 pro—

1966 3772 2077 3839 pria
2103 3774 2191 3841 sit,
2233 3792 2300 3830 an
2342 3778 2558 3849 ﬁgurata
2601 3783 2817 3853 locutio,
2862 3804 3019 3859 quam
3058 3792 3351 3865 intelligere
3378 3772 3543 3853 cona-

1966 3878 2102 3917 mur.
2133 3864 2264 3920 Natn
2293 3881 2566 3941 comperto
2604 3878 2741 3946 quod
2786 3878 3003 3949 ﬁgurata
3042 3884 3144 3951 sit,
3177 3886 3427 3943 adhibitis
3454 3906 3544 3946 re-

1962 3957 2098 4024 gulis
2125 3972 2303 4011 rerum
2330 3977 2461 4029 quas
2483 3963 2532 4016 in
2564 3966 2734 4035 primo
2763 3968 2898 4024 libro
2920 3972 3256 4043 digessimus,
3283 3976 3439 4034 facile
3460 3991 3544 4035 est

1964 4062 2079 4101 eam
2106 4064 2321 4106 versare
2347 4055 2593 4111 omnibus
2622 4060 2791 4113 modis
2810 4102 2826 4129 ,
2871 4061 3042 4119 donec
3078 4069 3447 4135 perveniamus
3472 4071 3541 4126 ad

1963 4143 2280 4198 sententiam
2311 4147 2548 4204 veritatis
2569 4191 2582 4215 ,
2618 4156 2910 4222 praesertim
2952 4172 3072 4212 eum
3101 4175 3230 4214 usus
3255 4163 3541 4218 accesserit

1965 4236 2176 4303 pietatis
2231 4240 2613 4299 exercitatione
2659 4247 2960 4304 roboratus.
3003 4250 3307 4309 Invenimus
3360 4264 3537 4312 autem

1962 4338 2135 4383 utrum
2165 4333 2374 4402 prOpria
2414 4335 2503 4400 sit,
2535 4351 2598 4390 an
2641 4338 2856 4410 ﬁgurata
2890 4342 3105 4409 locutio,
3150 4345 3237 4398 illa
3270 4347 3537 4403 intuentes

1958 4436 2077 4490 qua:
2106 4436 2263 4491 supra
2290 4423 2427 4479 dicta
2450 4438 2592 4481 sunt.

1957 4536 2181 4593 CAPUT
2223 4538 2389 4594 XXV.
2426 4570 2496 4580 ——
2544 4540 2687 4594 Idem
2719 4542 2918 4597 verbum
2963 4561 3062 4601 non
3105 4545 3239 4600 idem
3282 4548 3535 4621 signiﬁcat

2646 4634 2842 4705 ubique.

2026 4743 2179 4811 Quod
2207 4760 2325 4799 eum
2370 4747 2715 4816 apparuerit,
2772 4748 2930 4805 verba
2974 4751 3167 4822 quibus
3204 4754 3531 4822 continetur,

1955 4845 2045 4890 aut
2071 4852 2098 4890 a
2130 4838 2390 4893 similibus
2412 4839 2569 4894 rebus
2591 4840 2746 4896 ducta
2771 4841 3128 4912 invenientur,
3155 4853 3245 4900 aut
3270 4846 3337 4901 ab
3357 4848 3534 4918 aliqua

1957 4927 2223 4984 vicinitate
2250 4929 2645 5000 attingentibus.

2025 5021 2111 5075 55.
2144 5019 2248 5076 Sed
2274 5022 2521 5091 quoniam
2570 5023 2749 5077 multis
2778 5023 2949 5079 modis
2996 5040 3083 5081 res
3125 5027 3328 5083 similes
3368 5029 3532 5084 rebus

1951 5119 2231 5180 apparent,
2274 5128 2378 5166 non
2410 5122 2654 5181 putemus
2677 5128 2797 5169 esse
2836 5117 3197 5186 prtcscriptum
3229 5128 3285 5172 ut
3308 5119 3448 5189 quod
3482 5121 3534 5175 in

1953 5202 2129 5271 aliquo
2156 5202 2273 5257 loco
2318 5218 2404 5259 res
2431 5204 2605 5274 aliqua
2631 5219 2729 5274 per
2754 5204 3151 5262 similitudinem
3196 5208 3529 5278 significave-

1952 5292 2037 5359 rit,
2066 5293 2165 5350 hoc
2195 5311 2311 5351 eam
2342 5313 2554 5368 semper
2578 5297 2877 5370 signiﬁcare
2906 5300 3202 5355 credamus.
3238 5300 3370 5356 Nam
3402 5313 3456 5359 et
3477 5306 3528 5359 in

1953 5387 2336 5456 vituperatione
2362 5387 2679 5443 fermentum
2708 5390 2881 5458 posuit
2912 5390 3167 5445 Dominus
3190 5433 3204 5457 ,
3235 5406 3353 5447 cum
3379 5394 3528 5451 dice-

1956 5487 2056 5544 ret,
2085 5479 2260 5533 Cavete
2289 5497 2319 5532 a
2341 5481 2584 5550 fermento
2616 5480 2994 5537 Pliatisworum
3022 5483 3231 5555 (Matth.
3256 5502 3367 5552 va,
3398 5488 3524 5558 ll);

1951 5578 2003 5624 et
2038 5570 2089 5623 in
2118 5570 2288 5635 laude,
2328 5586 2447 5625 cum
2483 5572 2703 5643 diceret,
2737 5572 2917 5627 Simile
2943 5582 3014 5627 est
3054 5591 3265 5647 regnum
3288 5578 3527 5632 caelorum

1951 5663 2151 5716 mulieri
2189 5679 2303 5734 qua:
2343 5664 2601 5717 abscondit
2642 5667 2941 5735 fermentum
2987 5665 3039 5719 in
3083 5668 3241 5722 tribus
3280 5671 3527 5724 mensuris

1954 5755 2149 5826 ferinas,
2187 5754 2341 5809 donec
2362 5758 2743 5826 fermentaretnr
2769 5764 2927 5811 totum
2949 5754 3096 5831 (Luc.
3127 5776 3248 5831 xut,
3273 5759 3389 5830 ﬁt).
