4060 6458
484 350 554 411 19
1365 327 1455 384 DE
1496 318 1835 381 DOCTIiINA
1872 309 2279 370 CHRISTIANA
2308 352 2322 379 ,
2364 311 2423 369 S.
2463 312 2832 373 AUGUSTINI
3678 310 3749 368 80

674 460 750 537 (a)
788 432 956 528 Ilttjus
985 450 1143 524 lgItur
1178 430 1450 503 varietatis
1478 436 1776 497 observatio
1800 432 1932 488 duas
1957 412 2077 485 ba:

488 566 578 620 bet
598 530 813 616 formas.
843 552 933 609 Sic
959 547 1102 603 enim
1146 542 1286 598 aliud
1316 548 1475 608 atque
1518 530 1660 587 aliud
1707 541 1795 620 res
1835 537 2062 620 quaeque

414 632 417 635 I
489 618 807 729 signiﬁcant,
836 653 892 701 ut
916 649 1008 698 aut
1028 636 1317 699 contraria,
1348 639 1438 684 aut
1468 619 1831 722 tantummodo
1853 618 2063 729 dilvcrsa

489 708 805 818 signiﬁcent:
850 731 1128 792 Contraria
1173 725 1414 787 scilicet,
1456 732 1576 773 cum
1627 714 1756 768 alias
1798 710 1852 764 in
1898 708 2061 772 bono,

493 799 626 894 alias
651 838 706 888 in
732 829 872 886 malo
903 840 994 881 res
1038 820 1224 877 eadem
1264 830 1359 886 per
1395 805 1794 866 similitudinem
1827 799 2062 870 ponitur,

491 920 627 985 sicut
654 927 756 981 hoc
778 929 862 979 est
887 915 1027 989 quod
1066 913 1134 967 de
1160 910 1418 964 fermento
1457 911 1613 968 supra
1658 894 1907 950 diximus.
1936 887 2065 943 Tale

491 982 761 1078 estictiam
784 982 925 1086 quod
968 1009 1051 1064 leo
1098 1000 1357 1074 signiﬁcat
1389 993 1679 1055 Christum,
1725 985 1816 1040 ubi
1853 982 2063 1047 dicitur,

754 1071 821 1160 αἱ
841 1102 969 1157 tribu
993 1096 1133 1151 Iuda
1152 1071 1341 1164 iApoc.
1368 1100 1419 1151 v,
1449 1082 1540 1156 5);
1586 1071 2065 1168 signiﬁcat-etma-

722 1197 811 1254 ubi
838 1194 1091 1262 scriptum
1116 1162 1235 1247 test,
1276 1173 1602 1235 Adversarius
1643 1177 1801 1224 vester
1839 1162 2067 1217 diabolus

494 1254 731 1363 tanquam
782 1288 859 1343 leo
904 1280 1106 1351 rugiens
1151 1272 1355 1334 circuit,
1416 1278 1641 1337 quaerens
1680 1273 1825 1330 quem
1872 1254 2068 1308 devoret

497 1346 715 1459 ’(lvvi’etr.
746 1394 802 1444 v,
830 1374 910 1446 8).
956 1346 1026 1424 l'ta
1055 1379 1273 1435 serpens
1301 1361 1353 1416 in
1385 1358 1524 1413 bono
1549 1346 1846 1459 est,nAstuti
1870 1354 2067 1459 Μηδεν-

497 1432 666 1549 pentes
684 1432 896 1544 (Matt/tl.
921 1479 959 1518 ι
978 1504 993 1530 ,
1024 1458 1113 1530 I6)
1181 1456 1233 1510 in
1263 1451 1402 1507 malo
1430 1456 1628 1549 autem,
1660 1438 1880 1549 Setl’pens
1909 1432 2070 1535 Evam

493 1524 783 1623 Ied'uailt‘in
817 1524 1003 1611 astutia
1036 1524 1130 1606 sua
1166 1546 1230 1619 (Il
1267 1543 1384 1598 Cor.
1411 1556 1465 1595 χι
1488 1580 1502 1604 ,
1539 1533 1618 1608 '5).
1649 1531 1872 1623 lnAbono

494 1612 896 1728 Egdvsiim’panis
917 1644 1073 1708 vivus,
1098 1612 1183 1705 qui
1194 1637 1255 1689 de
1274 1633 1397 1688 caelo
1420 1622 1654 1683 descendi
1672 1620 1723 1693 (.1
1730 1635 1845 1709 oon.
1866 1612 2069 1728 vnit);

495 1705 937 1811 inamaio,.Panes
974 1705 1196 1791 occultos
1226 1727 1431 1782 libenter
1464 1720 1594 1775 edite
1625 1706 1803 1788 (Prae.
1832 1726 1910 1773 rx,
1944 1705 2028 1776 I7)
2053 1722 2066 1757 :

494 1839 573 1895 sic
597 1844 655 1891 et
675 1834 775 1889 alia
819 1827 1067 1901 plurima.
1100 1822 1168 1876 Et
1207 1817 1320 1872 lucc
1347 1812 1556 1885 quidem
1598 1821 1718 1877 qua:
1744 1812 2071 1858 commemo-

493 1930 631 1998 ravi,
682 1890 901 1982 minime
944 1918 1159 1974 dubiam
1203 1907 1642 1982 signiﬁcationem
1689 1902 1900 1970 gerunt,
1951 1890 2071 1961 quia

493 1985 733 2091 exempli
770 2014 940 2088 gratia
982 2001 1390 2066 commemorari
1433 1995 1642 2054 nonnisi
1671 1989 1945 2047 manifesta
1977 1985 2074 2039 de-

497 2084 749 2168 buerunt.
777 2084 915 2162 Sunt
942 2110 1120 2156 autem
1159 2110 1276 2168 quae
1306 2094 1562 2147 incertum
1587 2086 1654 2139 sit
1681 2084 1732 2138 in
1762 2095 1918 2150 quam
1955 2090 2074 2145 par-

498 2214 605 2260 tem
637 2197 805 2268 accipi
834 2195 1084 2255 debeant,
1113 2164 1270 2251 sicut,
1303 2180 1453 2237 Catia:
1476 2179 1530 2232 in
1567 2189 1720 2228 manu
1752 2167 1955 2223 Domini
1976 2164 2075 2218 vini

495 2291 624 2347 meri
646 2255 822 2361 plenus
846 2292 917 2339 est
955 2282 1131 2335 mixto.
1164 2274 1427 2329 Incertum
1468 2275 1550 2323 est
1576 2263 1716 2319 enim
1745 2267 1918 2314 utrum
1943 2255 2076 2310 iram

500 2382 594 2439 Dei
622 2343 885 2451 signiﬁcet
933 2385 1038 2426 non
1082 2379 1251 2438 usque
1290 2361 1356 2415 ad
1396 2354 1733 2413 novissimam
1763 2362 1991 2419 pmnam,
2025 2343 2077 2399 id

498 2481 582 2530 cst
605 2440 868 2541 usquead
894 2463 1116 2524 fmcem;
1147 2472 1212 2511 an
1248 2452 1423 2525 potius
1444 2447 1664 2519 gratiam
1683 2440 2075 2510 Scripturarum

497 2580 528 2620 a
556 2531 755 2619 Judaiis
779 2556 846 2611 ad
889 2554 1086 2611 Gentes
1135 2548 1521 2605 transeuntem,
1570 2537 1690 2607 quia
1731 2531 1990 2587 inclinavit
2016 2543 2081 2583 ea:

499 2657 594 2708 hoc
618 2652 672 2705 in
699 2651 814 2715 hoc,
854 2639 1253 2700 remanentibus
1283 2631 1424 2705 apud
1440 2628 1664 2685 Judmo’s
1690 2619 2077 2680 observationi-

500 2745 598 2799 bus
617 2730 749 2812 qtras
767 2734 1052 2793 carnaliter
1076 2729 1306 2799 sapiunt,
1339 2725 1461 2795 quia
1487 2720 1591 2791 [rex
1614 2719 1722 2788 ejus
1753 2731 1852 2769 non
1882 2721 1954 2767 est
1975 2710 2082 2766 exi-

499 2803 672 2888 nanita
700 2827 868 2903 (Psal.
900 2836 1087 2889 Lutv,
1113 2820 1192 2889 9).
1217 2816 1350 2873 Cum
1396 2828 1523 2868 vero
1554 2823 1641 2865 res
1679 2806 1864 2863 cadem
1892 2818 1995 2858 non
2027 2803 2079 2856 in

500 2893 787 2986 contraria,
817 2915 911 2972 sed
949 2922 1150 2968 tantum
1178 2909 1231 2963 in
1257 2908 1468 2962 diversa
1502 2898 1889 2971 signiﬁcatione
1926 2893 2080 2964 poni-

503 3024 611 3081 tur,
640 2983 872 3068 illud‘est
897 3006 947 3060 in
975 3000 1301 3072 exemplum,
1333 2994 1475 3067 quod
1502 2998 1717 3081 aquaqet
1744 2986 1994 3058 populum
2020 2983 2085 3038 si-

501 3073 733 3175 gniﬁcat,
758 3101 895 3153 sicut
921 3095 973 3148 in
999 3088 1316 3161 Apocalypsi
1345 3086 1570 3155 legimus
1594 3079 1775 3152 (Apoc.
1803 3091 1942 3140 xvu,
1978 3073 2045 3129 15
2065 3114 2079 3139 ,

502 3164 548 3251 ἆ
576 3209 682 3258 XIX,
713 3189 805 3264 6);
833 3196 888 3244 et
915 3185 1169 3256 Spiritum
1201 3187 1438 3235 sanctum
1461 3217 1474 3243 ,
1499 3174 1639 3229 unde
1670 3179 1752 3226 est
1777 3167 1925 3235 illud,
1954 3164 2085 3219 Flu-

505 3286 641 3343 mina
676 3258 821 3353 aqute
858 3281 980 3334 uiua:
1017 3278 1178 3349 fluent
1203 3274 1265 3326 de
1301 3278 1470 3325 uentre
1494 3267 1604 3338 ejus
1631 3263 1807 3337 (Joan.
1838 3276 1933 3328 vn,
1957 3258 2081 3328 58);

504 3388 549 3435 et
580 3377 625 3432 si
651 3349 778 3446 quid
805 3370 945 3428 aliud
966 3379 1127 3438 atque
1151 3362 1315 3428 aliud,
1349 3375 1444 3430 pro
1473 3357 1605 3412 locis
1630 3356 1684 3410 in
1713 3352 1905 3425 quibus
1934 3349 2088 3420 poni-

505 3479 609 3534 tur,
639 3480 773 3538 aqua
796 3461 1097 3534 signiﬁcare
1125 3454 1457 3525 intelligitur.

574 3563 662 3616 37.
701 3559 791 3615 Sic
829 3564 883 3613 et
911 3555 1034 3609 alia:
1072 3565 1159 3606 res
1197 3562 1306 3603 non
1344 3542 1598 3615 singulae,
1632 3540 1725 3596 sed
1761 3550 2088 3608 unaquaeque

504 3665 710 3719 earum,
737 3664 841 3704 non
869 3645 1040 3702 solum
1059 3642 1163 3698 duo
1189 3639 1362 3710 aliqua
1390 3635 1621 3701 diversa,
1645 3632 1739 3688 sed
1769 3631 1927 3686 etiam
1954 3644 2089 3683 non-

505 3756 778 3813 nunquam
823 3738 984 3793 mulla
1026 3731 1317 3806 signiﬁcat,
1346 3744 1444 3802 pro
1468 3725 1586 3781 loco
1613 3724 1922 3788 sententiae,
1954 3720 2090 3774 sicut

506 3836 674 3908 posita
694 3832 972 3905 reperitur.

507 3946 733 4004 CAPUT
771 3942 959 4002 XXVI.
989 3970 1059 3982 --
1083 3938 1308 3996 Obscura
1330 3952 1394 3992 ea:
1421 3934 1546 3990 locis
1566 3928 1896 4003 apertioribus
1924 3926 2088 3998 expli-

1209 4028 1394 4084 cauda.

579 4155 680 4212 Ubi
718 4159 893 4207 autem
937 4148 1173 4220 apertius
1213 4151 1501 4216 ponuntur,
1544 4141 1615 4196 ibi
1653 4136 1961 4194 discendum
2009 4141 2092 4188 est

509 4244 774 4319 quomodo
799 4244 852 4298 in
881 4243 1012 4297 locis
1040 4237 1400 4309 intelligantur
1427 4233 1689 4289 obscuris.
1731 4230 1911 4299 Neque
1948 4227 2089 4282 enim

510 4317 700 4394 melius
727 4343 898 4406 potest
927 4330 1147 4400 intelligi
1185 4327 1326 4399 quod
1364 4327 1561 4382 dictum
1602 4331 1684 4378 est
1729 4322 1864 4385 Deo,
1895 4317 2090 4390 Appre-

418 4414 423 4421 ’
512 4429 676 4484 henda
716 4442 861 4482 arma
903 4433 947 4477 et
995 4431 1220 4484 scutum,
1244 4428 1288 4473 et
1313 4431 1523 4488 exsurge
1546 4415 1597 4468 in
1624 4410 1932 4483 adjutorium
1969 4405 2093 4459 mihi

513 4522 684 4594 (Psal.
711 4535 894 4583 xxxiv,
916 4515 996 4590 2),
1022 4530 1177 4587 quam
1210 4529 1273 4568 ex
1304 4512 1394 4566 illo
1420 4510 1537 4566 loco
1565 4506 1653 4562 ubi
1683 4503 1893 4574 legitur,
1920 4498 2094 4552 Domi-

513 4631 593 4676 ne,
624 4621 675 4667 ut
703 4621 842 4666 scuto
873 4589 1013 4663 bona:
1038 4605 1305 4661 voluntatis
1330 4613 1428 4658 tua:
1455 4597 1703 4655 coronasti
1732 4611 1820 4649 nos
1841 4589 2006 4666 (Psal.
2033 4602 2090 4656 v,

518 4706 625 4776 15).
655 4702 764 4759 Nec
790 4710 967 4757 tamen
990 4700 1061 4753 ita
1085 4697 1264 4767 utjam
1295 4694 1612 4761 ubicumque
1640 4698 1845 4744 scutum
1870 4697 1967 4754 pro
1990 4681 2094 4737 ali-

516 4812 620 4866 quo
665 4793 989 4849 munimento
1028 4788 1311 4858 legerimus
1344 4782 1573 4854 positum
1596 4820 1609 4843 ,
1644 4793 1746 4833 non
1776 4774 2095 4845 accipiamus

518 4886 614 4941 nisi
645 4886 836 4939 bonam
862 4872 1185 4938 voluntatem
1218 4874 1311 4932 Dei
1335 4893 1347 4929 :
1371 4874 1568 4929 dictum
1598 4878 1680 4925 est
1704 4867 1845 4923 enim
1886 4874 1940 4922 et
1974 4882 2095 4921 scu-

519 4992 623 5031 tum
648 4975 788 5047 ﬁtlei,
811 4977 861 5028 in
891 4989 987 5046 quo
1018 4970 1215 5042 possitis
1236 5011 1250 5034 ,
1274 4965 1481 5037 inquit,
1512 4977 1682 5017 omnes
1705 4960 1915 5031 sagittas
1950 4957 2099 5011 mali-

516 5069 602 5141 gni
645 5067 827 5139 ignitus
862 5063 1174 5133 exstinguere
1201 5057 1427 5131 (Ep/tes.
1470 5070 1525 5109 vr
1547 5095 1561 5120 ,
1611 5051 1718 5124 I6).
1749 5049 1859 5106 Nec
1885 5063 2095 5105 rursum

520 5162 642 5216 ideo
698 5158 954 5215 debemus
1000 5156 1051 5209 in
1104 5154 1267 5208 armis
1312 5145 1677 5220 hujuscemodi
1737 5142 2097 5216 Spiritualibus

520 5262 671 5309 scuto
698 5248 1064 5306 tantummodo
1086 5246 1239 5301 ﬁdem
1262 5243 1516 5314 tribuere,
1539 5255 1660 5294 cum
1679 5237 1781 5293 alio
1802 5237 1917 5293 loco
1939 5237 2098 5291 etiam

521 5344 681 5399 lorica
721 5343 857 5398 dicta
894 5342 962 5397 sit
1002 5336 1121 5394 lidci
1145 5355 1156 5390 :
1183 5335 1387 5401 Induti,
1420 5334 1621 5405 inquit,
1648 5331 1852 5386 loricam
1895 5328 2016 5400 ﬁdei
2054 5339 2102 5385 et

520 5435 789 5504 diaritatis
819 5436 859 5509 (I
888 5435 1063 5490 Thess.
1093 5448 1146 5498 v,
1175 5430 1250 5503 8).

588 5657 660 5715 (π)
678 5652 926 5723 κάμψαι»
941 5642 1232 5723 Privatim:
1257 5640 1705 5723 arrectum
1726 5637 2103 5723 (ιιιπιιιηιέίιίε-

624 5702 1123 5832 ’ἐιςυῗιῖιιῖιεῖἑιιὶξῇιὶόο
1145 5702 1235 5754 boc
1257 5717 1378 5768 opus
1402 5702 1493 5754 suo
1509 5703 1677 5753 ordine
1704 5702 2004 5765 recognovit,
2040 5714 2101 5750 cx

564 5786 900 5831 ...-t:t-rac.,
1011 5805 1020 5817 .
1078 5803 1090 5815 .

564 5796 610 5828 ὃ..
631 5791 659 5827 Ζ
680 5791 900 5831 llt'tt‘aCt.,
918 5791 1020 5831 mp.
1043 5791 1090 5816 ιι.

2163 425 2391 486 CAPUT
2428 429 2640 487 XXVII.
2657 460 2729 473 -—
2745 431 2991 487 Eumdem
3019 430 3185 487 locum
3211 427 3346 484 uarie
3381 427 3594 500 intelligi
3618 424 3749 483 nihil

2829 522 3071 593 prohibet.
3350 525 3355 529 ’

2237 614 2325 670 58.
2366 613 2588 681 Quando
2624 624 2801 670 autem
2842 631 2908 671 es
2949 615 3150 671 eisdem
3193 612 3480 684 Scriptum
3530 609 3747 680 verbis,

2167 719 2272 760 non
2300 720 2460 759 unum
2482 706 2698 776 aliquid,
2721 706 2815 761 sed
2840 705 2946 761 duo
2967 706 3050 760 vel
3077 706 3224 776 plura
3246 704 3565 771 sentiuntur,
3586 702 3750 758 etiam

2168 797 2212 851 si
2242 797 2370 852 latet
2397 799 2519 867 quid
2548 799 2778 855 senserit
2804 799 2894 854 ille
2934 799 3023 869 qui
3063 798 3309 868 scripsit,
3349 797 3484 852 nihil
3527 796 3751 867 periculi

2170 896 2285 953 est,
2318 888 2363 943 si
2393 889 2666 958 quodlibet
2709 902 2894 946 eorum
2930 903 3229 960 congruere
3267 889 3481 944 veritati
3520 904 3589 944 ex
3630 887 3752 943 aliis

2170 976 2301 1032 locis
2321 986 2624 1034 sanctarum
2645 979 3036 1050 Scripturarum
3054 979 3235 1036 doceri
3260 987 3468 1048 potest:
3492 978 3546 1034 id
3572 987 3752 1034 tamen

2170 1083 2236 1122 eo
2263 1079 2489 1126 conante
2518 1071 2606 1141 qui
2635 1071 2811 1125 divina
2841 1079 3107 1126 scrutatur
3134 1071 3363 1141 eloquia,
3395 1078 3451 1125 ut
3469 1069 3537 1126 ad
3563 1068 3754 1126 volun-

2172 1166 2335 1214 tatem
2383 1161 2720 1229 perveniatur
2764 1162 3033 1227 auctoris,
3084 1177 3180 1231 per
3221 1175 3380 1231 quem
3425 1161 3752 1230 Scripturatn

2172 1250 2318 1304 illam
2349 1262 2564 1307 sanctus
2586 1262 2837 1323 operatus
2856 1262 2938 1309 est
2955 1253 3215 1323 Spiritus;
3242 1254 3354 1308 sive
3372 1252 3475 1309 hoc
3497 1266 3753 1322 assequa-

2172 1352 2277 1406 tur,
2309 1344 2419 1399 sive
2446 1345 2604 1399 aliam
2629 1344 2946 1400 sententiam
2988 1343 3055 1399 de
3098 1344 3200 1398 illis
3236 1343 3431 1409 verbis,
3465 1357 3587 1413 quas
3628 1340 3753 1399 ﬁdei

2173 1444 2332 1490 rectae
2361 1448 2464 1490 non
2492 1433 2801 1504 refragatur,
2833 1434 3136 1503 exsculpat.
3165 1433 3522 1488 teStimonium
3550 1430 3757 1488 habent

2173 1541 2202 1579 a
2229 1539 2566 1595 quocumque
2608 1525 2712 1580 alio
2756 1525 2876 1580 loco
2921 1522 3223 1578 divinorum
3264 1522 3615 1593 eloquiorum.
3660 1520 3756 1576 Ille

2173 1617 2366 1687 quippe
2394 1624 2578 1672 auctor
2603 1618 2656 1671 in
2682 1615 2885 1672 eisdem
2914 1614 3090 1670 verbis
3127 1630 3246 1685 qua:
3281 1614 3574 1684 intelligere
3599 1612 3759 1666 volu-

2176 1723 2294 1762 mus
2312 1748 2328 1775 ,
2351 1715 2407 1763 et
2434 1708 2603 1778 ipsam
2628 1706 2945 1763 sententiam
2972 1705 3187 1762 forsitan
3216 1704 3376 1770 vidit;
3412 1713 3466 1759 et
3493 1710 3640 1758 certe
3659 1700 3757 1757 Dei

2175 1796 2433 1867 Spiritus,
2458 1798 2546 1868 qui
2574 1814 2669 1867 per
2695 1812 2818 1852 eum
2851 1796 2965 1851 haec
2988 1804 3237 1865 operatus
3257 1803 3340 1851 est
3356 1835 3372 1856 ,
3400 1793 3559 1853 etiam
3584 1794 3757 1864 ipsam

2177 1901 2516 1943 occursuram
2576 1887 2766 1943 lectori
2812 1886 2895 1942 vel
2940 1885 3210 1952 auditori,
3260 1885 3375 1939 sine
3428 1882 3758 1939 dubitatione

2176 1980 2447 2049 praevidit;
2474 1980 2580 2037 imo
2606 1988 2668 2036 ut
2695 1988 3020 2044 occurreret,
3049 1976 3173 2049 quia
3201 1984 3254 2032 et
3282 1977 3393 2046 ipsa
3420 1984 3507 2031 est
3532 1974 3756 2030 veritate

2178 2071 2422 2137 subnixa,
2452 2069 2700 2140 providit.
2726 2069 2858 2124 Nam
2880 2067 3004 2139 quid
3025 2068 3077 2122 in
3097 2066 3290 2122 divinis
3309 2064 3532 2137 eloquiis
3560 2062 3759 2134 largius

2179 2171 2232 2217 et
2259 2161 2474 2217 uberius
2501 2161 2671 2231 potuit
2702 2160 2952 2216 divinitus
2978 2157 3278 2228 provideri,
3307 2170 3462 2227 quam
3485 2163 3542 2209 ut
3570 2153 3760 2209 eadem

2179 2253 2339 2309 verba
2371 2253 2610 2323 pluribus
2639 2253 2996 2320 intelligantur
3020 2248 3211 2315 modis,
3238 2262 3375 2319 quos
3401 2247 3502 2301 alia
3522 2260 3632 2302 non
3658 2245 3762 2300 mi-

2179 2358 2282 2398 nus
2310 2342 2484 2398 divina
2515 2344 2867 2398 contestantia
2887 2341 3085 2396 faciant
3110 2337 3430 2410 approbari?

2182 2434 2405 2491 CAPUT
2456 2433 2688 2489 XXVIII.
2712 2463 2784 2474 —
2825 2433 2987 2488 Locus
3032 2433 3249 2486 incertus
3293 2430 3446 2484 tutius
3497 2443 3585 2498 per
3633 2426 3763 2482 alios

2254 2524 2532 2598 Scriptum
2561 2526 2722 2592 locos,
2752 2542 2903 2597 quam
2939 2541 3029 2594 per
3053 2524 3297 2578 rationem
3321 2520 3691 2592 manifestatur.

2253 2620 2342 2674 39.
2384 2617 2483 2674 Ubi
2514 2627 2693 2673 autem
2724 2617 2843 2671 talis
2885 2631 3075 2671 sensus
3118 2614 3341 2680 eruitur,
3389 2614 3539 2683 cujus
3586 2612 3765 2666 incer-

2184 2722 2292 2767 tum
2321 2710 2482 2767 certis
2523 2720 2826 2767 sanctarum
2851 2709 3243 2780 Scripturarum
3298 2705 3612 2763 testimoniis
3658 2718 3768 2760 non

2185 2805 2355 2875 possit
2389 2802 2621 2873 aperiri,
2652 2810 2817 2857 restat
2854 2810 2913 2856 ut
2951 2801 3159 2855 ratione
3203 2798 3406 2853 reddita
3455 2794 3769 2851 manifestus

2184 2903 2460 2965 appareat,
2479 2894 2639 2949 etiam
2662 2894 2706 2948 si
2732 2893 2823 2948 ille
2853 2891 3006 2963 cujus
3050 2891 3209 2946 verba
3240 2890 3532 2959 intelligere
3571 2886 3767 2958 quaeri-

2186 3004 2325 3055 mus,
2349 3004 2471 3044 eum
2489 2986 2630 3043 forte
2649 3002 2754 3043 non
2778 2986 2965 3042 sensit.
2983 2982 3091 3040 Sed
3121 2983 3235 3037 haec
3263 2979 3596 3037 consuetudo
3627 2978 3773 3049 peri-

2187 3080 2367 3136 culosa
2400 3088 2518 3135 est:
2548 3078 2975 3151 perScripturas
3000 3076 3142 3131 enim
3170 3074 3375 3129 divinas
3402 3073 3569 3127 multo
3607 3073 3772 3127 tutius

2188 3173 2521 3235 ambulatur;
2544 3184 2678 3240 quas
2705 3168 2881 3224 verbis
2907 3165 3175 3222 translatis
3203 3173 3452 3234 opaeatas
3476 3178 3596 3220 cum
3623 3177 3774 3217 scru-

2191 3264 2290 3317 tari
2318 3263 2597 3327 volumus,
2622 3269 2715 3315 aut
2752 3260 2854 3314 hoc
2891 3257 3014 3313 inde
3056 3264 3213 3312 exeat
3248 3253 3389 3325 quod
3434 3270 3539 3309 non
3580 3251 3773 3308 habeat

2189 3353 2642 3416 controversiam;
2675 3358 2798 3417 aut,
2833 3349 2876 3405 si
2925 3348 3113 3412 habet,
3160 3363 3225 3402 ex
3272 3345 3458 3401 eadem
3501 3344 3775 3413 Scriptura

2190 3443 2510 3514 ubicumque
2552 3442 2786 3498 inventis
2827 3448 2986 3510 atque
3027 3438 3276 3494 adhibitis
3325 3437 3546 3493 testibus
3584 3433 3775 3491 termi-

2190 3547 2363 3596 netur.

2276 3630 2502 3687 CAPUT
2525 3628 2717 3684 XXIX.
2739 3658 2811 3669 -—
2834 3627 3113 3698 Troporum
3137 3625 3353 3695 cognitio
3377 3637 3658 3677 necessaria

2265 3722 2355 3777 40.
2396 3722 2579 3777 Sciant
2603 3728 2779 3774 autem
2809 3716 3059 3783 litterati",
3090 3714 3262 3769 modis
3281 3711 3526 3768 omnibus
3549 3708 3775 3766 locutio-

2192 3818 2297 3883 nis,
2326 3831 2460 3886 quos
2480 3812 2810 3885 grammatici
2848 3823 3025 3880 graeco
3061 3812 3277 3862 nomine
3326 3813 3508 3873 tropos
3546 3811 3771 3865 vocant,

2194 3917 2439 3964 auctores
2458 3913 2669 3960 nostros
2689 3916 2814 3957 usos
2837 3899 3023 3962 fuisse,
3048 3905 3103 3952 et
3127 3894 3467 3964 multiplicius
3490 3900 3652 3963 atque
3677 3905 3775 3946 co-

2196 3999 2431 4068 piosius,
2480 4009 2638 4065 quam
2685 3999 2907 4063 possunt
2948 3988 3254 4043 existimare
3295 3984 3381 4041 vel
3427 3983 3645 4039 credere
3685 3978 3779 4051 qui

2196 4089 2441 4145 nesciunt
2465 4101 2557 4142 eos
2577 4126 2591 4151 ,
2620 4095 2674 4141 et
2698 4085 2751 4139 in
2775 4081 2896 4138 aliis
2921 4081 3021 4136 ista
3046 4078 3367 4135 didicerunt.
3410 4075 3555 4142 Quos
3601 4084 3776 4127 tamen

2197 4194 2377 4253 tropos
2413 4182 2500 4250 qui
2542 4184 2833 4241 noverunt,
2874 4178 3171 4245 agnoscunt
3209 4170 3262 4224 in
3303 4168 3519 4224 Litteris
3544 4166 3775 4231 sanctis,

2197 4286 2488 4341 eorumque
2531 4268 2750 4324 scientia
2789 4266 2854 4320 ad
2901 4277 2994 4319 cas
3041 4258 3407 4331 intelligendas
3450 4257 3781 4326 aliquantum

2198 4367 2535 4437 adjuvantur.
2564 4361 2669 4417 Sed
2698 4360 2785 4415 hic
2812 4373 2905 4414 eos
2945 4356 3142 4427 ignaris
3190 4353 3398 4407 tradere
3443 4365 3547 4405 non
3588 4350 3776 4413 decet,

2199 4474 2269 4514 ne
2293 4465 2461 4512 artem
2486 4452 2883 4525 grammaticam
2917 4449 3110 4505 docere
3135 4446 3427 4500 videamur.
3457 4443 3617 4497 Extra
3651 4454 3781 4496 sane

2200 4555 2261 4604 ut
2297 4548 2567 4604 discantur
2602 4543 2864 4597 admoneo
2888 4582 2903 4606 ,
2933 4537 3174 4609 quamvis
3204 4537 3312 4605 jam
3341 4532 3582 4604 superius
3608 4531 3659 4586 id
3681 4529 3784 4586 ad-

2198 4638 2518 4705 monuerim,
2548 4635 2600 4690 id
2626 4643 2726 4700 est,
2748 4634 2800 4688 in
2827 4629 3061 4687 secundo
3086 4628 3242 4695 libro,
3272 4625 3361 4683 ubi
3391 4625 3459 4681 de
3482 4624 3783 4694 linguarum

2203 4731 2502 4790 necessaria
2531 4728 2832 4800 cognitione
2861 4722 3109 4779 disserui.
3138 4722 3270 4777 Nam
3301 4720 3509 4781 litterae,
3536 4731 3568 4772 a
3589 4715 3785 4785 quibus

2205 4827 2317 4896 ipsa
2339 4821 2682 4896 grammatica
2704 4831 2899 4873 nomen
2918 4816 3143 4885 accepit,
3162 4817 3430 4884 Γράμματα
3448 4809 3589 4864 enim
3609 4805 3784 4863 Gnaei

2202 4918 2406 4972 litteras
2429 4921 2640 4977 vocant,
2658 4911 2806 4981 signa
2827 4912 3011 4977 utique
3037 4912 3159 4961 sunt
3186 4917 3435 4959 sonorum
3456 4900 3523 4955 ad
3537 4896 3786 4954 articula-

2204 5019 2311 5066 tam
2327 5022 2514 5064 vocem
2535 5021 2638 5077 qua
2659 5004 2924 5074 loquimur
2944 4999 3341 5072 pertinentium.
3363 4995 3585 5050 Istorum
3601 4998 3784 5047 autem

2206 5112 2479 5173 troporum
2526 5113 2633 5154 non
2681 5098 2850 5151 solum
2898 5093 3171 5163 exempla,
3216 5091 3354 5146 sicut
3386 5086 3656 5151 omnium,
3689 5081 3787 5139 sed

2205 5192 2555 5268 quorumdam
2585 5190 2745 5246 etiam
2774 5187 2988 5243 nomina
3017 5186 3069 5240 in
3096 5182 3291 5239 divinis
3316 5179 3488 5235 Libris
3514 5177 3784 5246 leguntur,

2207 5289 2346 5343 sicut
2389 5284 2641 5354 allegoria
2666 5324 2681 5347 ,
2730 5280 2992 5350 aenigma,
3039 5274 3310 5346 parabola.
3359 5270 3611 5339 Quamvis
3649 5279 3787 5336 pene

2209 5390 2396 5434 omnes
2424 5375 2457 5429 ii
2488 5373 2655 5443 tropi,
2693 5371 2779 5440 qui
2817 5367 3021 5424 liberali
3059 5366 3307 5420 dicuntur
3346 5369 3462 5416 arte
3499 5355 3786 5428 cognosci,
3831 5396 3842 5434 ς

2209 5471 2369 5526 etiam
2393 5467 2445 5521 in
2467 5478 2648 5521 eorum
2672 5462 3005 5530 reperiantur
3030 5456 3275 5528 loquelis,
3299 5452 3389 5523 qui
3416 5450 3588 5505 nullos
3611 5462 3790 5519 gram-
3831 5430 3836 5434 ’

2212 5564 2433 5619 maticos
2461 5557 2771 5620 audierunt,
2803 5564 2855 5609 ct
2882 5569 2949 5609 eo
2990 5567 3097 5623 quo
3141 5550 3326 5618 vulgus
3353 5544 3516 5599 utitur
3540 5553 3792 5596 sermone

2211 5651 2446 5710 contenti
2475 5657 2615 5705 sunt.
2631 5646 2760 5715 Quis
2776 5647 2916 5701 enim
2939 5659 3040 5699 non
3064 5638 3310 5706 dicit,Sic
3326 5630 3649 5703 ﬂoreas?qui
3677 5638 3791 5685 tro-

2213 5761 2310 5821 pus
2343 5741 2647 5813 metaphora
2677 5745 2910 5797 vocatur.
2935 5735 3062 5804 Quis
3078 5747 3184 5789 non
3201 5730 3330 5787 dicit
3343 5727 3599 5800 piscinam
3619 5724 3783 5780 etiam
