4060 6476
277 437 339 495 ιιι
486 502 500 511 ,
1584 436 1789 491 LlBlill
1830 438 1853 492 ι

1958 438 2137 493 crtus.
2745 399 2755 408 ’
3246 480 3251 485 ,
3474 442 3541 497 εει,

278 568 402 625 qua:
431 568 539 608 non
563 551 723 609 habet
750 552 944 623 pisces,
976 568 1073 609 nec
1103 552 1234 607 facta
1284 559 1365 605 est
1411 558 1624 619 propter
1664 551 1854 620 pisces,

277 657 335 703 et
356 655 536 703 tamen
558 661 587 700 a
618 647 852 716 piscibus
876 660 1070 702 nomen
1117 643 1360 715 accepit?
1390 643 1478 713 qui
1508 652 1689 714 tropus
1718 652 1861 697 cata-

280 738 489 795 chresis
515 738 728 794 dicitur.

347 830 440 883 41.
480 829 725 899 Longum
755 836 837 884 est
855 829 955 885 isto
983 826 1142 883 modo
1169 834 1390 882 caeteros
1418 824 1665 896 persequi
1691 840 1704 876 :
1739 838 1860 878 nam

278 936 450 992 usque
478 920 545 975 ad
574 922 695 978 illos
733 921 973 991 pervenit
1012 921 1153 992 vulgi
1192 919 1420 986 locutio,
1456 918 1544 989 qui
1581 925 1859 987 propterea

277 1010 639 1068 mirabiliores
666 1021 820 1079 sunt,
846 1013 967 1082 quia
996 1021 1180 1066 contra
1219 1025 1376 1080 quam
1416 1009 1609 1063 dicitur
1651 1006 1856 1076 signiti-

278 1111 421 1169 cnnt,
452 1102 611 1157 sicuti
638 1111 717 1158 est
745 1118 865 1173 qua:
891 1102 1189 1172 appellatur
1217 1101 1386 1155 ironia
1411 1100 1490 1155 vel
1513 1097 1855 1167 antiphrasis.

276 1194 380 1249 Sed
412 1194 583 1249 ironia
616 1195 1046 1263 pronuntiatione
1072 1192 1267 1247 indicat
1299 1190 1423 1262 quid
1451 1190 1578 1244 Velit
1603 1188 1819 1259 intelligi
1840 1230 1856 1255 ,

275 1286 350 1341 uti
376 1299 501 1345 cum
526 1285 750 1340 dicimus
777 1284 980 1340 homini
1015 1285 1157 1339 mala
1182 1284 1395 1338 facienti
1416 1323 1429 1346 ,
1455 1283 1560 1337 Res
1590 1281 1757 1335 bonas
1780 1282 1832 1332 ta

275 1376 350 1431 cis
374 1393 387 1427 :
410 1375 738 1444 antiphrasis
759 1391 887 1430 vero
916 1383 971 1428 ut
996 1374 1262 1429 contraria
1287 1372 1565 1442 signiticet,
1596 1385 1700 1425 non
1723 1382 1855 1424 voce

275 1467 671 1538 pronuntiantis
701 1466 945 1533 efﬁcitur,
975 1466 1068 1520 sed
1098 1475 1189 1520 aut
1217 1465 1375 1519 verba
1410 1464 1568 1519 habet
1596 1479 1710 1529 sua,
1735 1477 1858 1526 quo-

274 1573 388 1612 rum
408 1557 563 1628 origo
586 1573 617 1613 e
637 1558 905 1612 contrario
925 1564 1006 1612 est
1026 1598 1040 1623 ,
1065 1556 1200 1611 sicut
1219 1554 1513 1625 appellatur
1532 1555 1696 1619 lucus,
1715 1552 1855 1622 quod

273 1650 494 1705 minime
520 1649 725 1716 luceat;
755 1658 844 1703 aut
865 1650 1140 1704 consuevit
1163 1647 1360 1717 aliquid
1386 1648 1457 1700 ita
1475 1645 1598 1709 diei,
1619 1644 1855 1715 quamvis

276 1740 477 1795 dicatur
494 1741 653 1797 etiam
673 1756 777 1796 non
802 1755 832 1795 e
858 1740 1144 1805 contrario,
1164 1739 1455 1794 vcluticum
1471 1737 1752 1804 quaerimus
1769 1750 1857 1790 ac-

275 1833 447 1903 cipere
461 1832 605 1902 quod
624 1833 693 1887 ibi
713 1848 818 1887 non
837 1840 937 1899 est,
951 1840 1004 1887 et
1017 1830 1369 1901 reSpondctur
1386 1829 1557 1893 nobis,
1574 1828 1850 1892 Abundat;

276 1923 641 1993 autadjunctis
662 1923 842 1979 verbis
861 1922 1080 1978 facimus
1112 1930 1168 1975 ut
1193 1937 1223 1977 a
1248 1921 1513 1976 contrario
1535 1920 1855 1989 intelligatur

275 2015 410 2086 quod
435 2015 724 2085 loquimur,
746 2015 907 2070 veluti
930 2014 1238 2079 sidicamus,
1257 2012 1394 2069 Cave
1422 2013 1590 2080 illum,
1608 2013 1729 2082 quia
1754 2013 1821 2066 bo
1849 2038 1854 2043 -

278 2123 376 2163 nus
432 2108 598 2164 homo
640 2116 741 2163 est.
784 2107 851 2163 Et
893 2109 1012 2178 quis
1050 2108 1171 2162 talia
1194 2122 1298 2163 non
1321 2106 1447 2162 dicit
1466 2105 1728 2172 indoctus,
1757 2120 1855 2159 nec

274 2200 492 2257 omnino
533 2200 716 2256 sciens
752 2201 843 2271 qui
889 2202 1023 2267 sint,
1050 2200 1133 2256 vel
1154 2199 1278 2269 quid
1313 2207 1569 2255 vocentur
1597 2198 1651 2253 hi
1681 2198 1853 2268 tropi?

275 2291 509 2358 Quorum
546 2293 779 2363 cognitio
818 2301 1097 2363 prepterea
1121 2291 1509 2361 Scripturarum
1538 2292 1852 2362 ambiguita-

271 2381 410 2436 tibus
435 2381 791 2437 dissulvendis
820 2392 903 2439 est
930 2384 1247 2447 necessaria,
1272 2383 1391 2452 quia
1413 2397 1532 2437 cum
1553 2397 1764 2450 sensus,
1787 2382 1853 2436 ad

270 2473 650 2543 proprietatem
696 2474 980 2529 verborum
1019 2472 1064 2528 si
1104 2474 1410 2543 accipiatur,
1436 2472 1695 2528 absurdus
1736 2481 1849 2539 est,

269 2562 616 2633 quaerendum
653 2571 736 2619 est
773 2564 952 2632 utique
981 2578 1047 2618 ne
1074 2562 1209 2618 forte
1238 2564 1326 2619 illo
1352 2564 1436 2618 vel
1463 2564 1553 2618 illo
1580 2573 1732 2633 tropo
1768 2563 1852 2618 di-

268 2662 407 2709 ctum
438 2653 510 2707 sit
533 2652 673 2723 quod
706 2669 812 2709 non
840 2654 1214 2725 intelligimus;
1260 2664 1315 2710 et
1352 2653 1430 2709 sic
1472 2653 1728 2723 pleraque
1768 2654 1852 2708 in-

268 2754 422 2799 venta
450 2754 577 2799 sunt
608 2760 727 2813 qua:
755 2744 1008 2800 latebant.

267 2834 494 2891 CAPUT
538 2834 1029 2907 XXX—Regula:
1082 2835 1307 2892 Tichonii
1349 2836 1614 2891 donatista:
1666 2852 1852 2906 expen-

957 2928 1163 2981 duntur.

336 3019 425 3074 42.
471 3018 758 3075 Tichonius
787 3018 1002 3090 quidam
1044 3019 1133 3089 qui
1175 3029 1359 3075 contra
1384 3019 1685 3075 Donatistas
1722 3019 1855 3073 invt-

271 3112 504 3165 ctissime
533 3107 769 3180 scripsit,
799 3124 916 3165 cum
942 3108 1103 3163 fuerit
1129 3108 1392 3163 donatista
1414 3151 1427 3175 ,
1458 3117 1512 3164 et
1555 3108 1661 3163 illic
1702 3109 1851 3163 inve-

272 3203 411 3256 nitur
432 3200 801 3255 absurdissimi
825 3199 1000 3255 cordis
1022 3240 1036 3263 ,
1066 3200 1153 3255 ubi
1187 3214 1279 3254 eos
1312 3215 1416 3254 non
1442 3200 1587 3255 omni
1613 3214 1677 3253 ex
1705 3207 1854 3269 parte

271 3292 579 3361 relinquere
614 3290 808 3357 voluit,
837 3291 960 3344 l'ecit
991 3289 1184 3344 librum
1224 3304 1382 3359 quem
1417 3288 1736 3359 Regularum
1763 3302 1855 3343 vo-

270 3383 411 3437 cavit
440 3381 541 3454 (α),
564 3381 686 3451 quia
717 3381 772 3435 in
791 3396 855 3435 eo
882 3380 1139 3451 quasdam
1162 3390 1370 3449 septem
1402 3380 1608 3450 regulas
1632 3394 1855 3435 exsecu-

272 3483 354 3528 tus
382 3482 507 3540 est,
531 3474 719 3544 quibus
761 3474 910 3543 quasi
955 3472 1197 3528 clavibus
1231 3473 1527 3527 divinarum
1558 3472 1855 3542 Scriptura-

273 3579 387 3617 rum
412 3564 747 3632 aperirentur
778 3563 1005 3620 occulta.
1029 3564 1262 3629 Quarum
1308 3563 1530 3633 primam
1580 3564 1748 3633 ponit,
1782 3564 1855 3618 De

272 3652 505 3708 Domino
531 3660 586 3707 et
612 3653 723 3722 ejus
760 3668 1013 3722 corpore;
1046 3651 1364 3717 secundam,
1398 3652 1473 3706 De
1498 3652 1703 3707 Domini
1731 3666 1855 3707 cor-

274 3760 403 3813 pore
428 3744 709 3813 bipartito;
742 3745 948 3799 tertiam
971 3787 989 3812 ,
1012 3745 1087 3799 De
1115 3744 1395 3813 promissis
1422 3754 1475 3799 et
1500 3743 1674 3815 Lege;
1700 3760 1856 3814 quar-

274 3843 412 3901 tam,
448 3834 522 3889 De
549 3835 725 3903 specie
752 3845 804 3890 et
828 3850 1049 3905 genere;
1082 3834 1316 3903 quintam
1338 3875 1352 3898 ,
1384 3834 1458 3889 De
1499 3834 1851 3903 temporibus;

275 3934 479 3979 sextam
498 3966 511 3991 ,
540 3925 614 3979 De
641 3926 1101 3995 recapitulatione;
1127 3925 1404 3994 septimam
1426 3966 1440 3991 ,
1471 3925 1543 3978 De
1573 3925 1783 3980 diabolo
1802 3934 1856 3980 et

274 4016 392 4083 ejus
434 4029 676 4086 corpore.
704 4014 833 4082 Quae
862 4015 1073 4085 quidem
1110 4014 1456 4070 consideratre
1477 4055 1490 4079 ,
1514 4016 1649 4069 sicut
1676 4016 1742 4070 ab
1767 4016 1854 4071 illo

273 4107 601 4175 aperiuntur,
629 4121 741 4160 non
764 4121 947 4176 parum
975 4106 1223 4176 adjuvant
1266 4104 1330 4159 ad
1373 4105 1697 4174 penetranda
1735 4122 1854 4176 quae

274 4205 410 4251 tecta
440 4205 567 4251 sunt
593 4195 891 4250 divinorum
930 4196 1260 4265 eloquiorum
1291 4213 1302 4247 :
1333 4209 1433 4250 nec
1471 4205 1647 4249 tamen
1677 4198 1854 4251 omnia

272 4304 391 4359 qua:
435 4290 510 4343 ita
551 4289 746 4357 scripta
775 4298 897 4343 sunt
928 4300 983 4342 ut
1011 4304 1115 4342 non
1144 4288 1292 4343 facile
1321 4288 1694 4357 intelligantur,
1726 4303 1852 4357 pos-

271 4389 395 4434 sunt
424 4379 509 4433 bis
535 4379 732 4449 regulis
758 4378 1016 4446 inveniri,
1068 4379 1162 4433 sed
1210 4378 1327 4432 aliis
1368 4378 1539 4432 modis
1586 4379 1851 4447 pluribus,

271 4472 542 4542 quosrhoc
566 4487 787 4527 numero
814 4472 1117 4541 septenario
1161 4486 1325 4540 usque
1353 4469 1485 4524 adeo
1506 4486 1611 4525 non
1636 4480 1719 4527 est
1754 4471 1854 4527 iste

272 4564 607 4631 complexus,
623 4571 679 4615 ut
700 4561 837 4616 idem
854 4561 966 4630 ipse
984 4561 1144 4614 multa
1167 4570 1395 4629 exponat
1410 4561 1657 4625 obscura,
1671 4561 1721 4614 in
1740 4561 1856 4631 qui-

269 4652 367 4707 bus
393 4652 583 4707 harum
622 4654 924 4723 regularum
963 4651 1176 4706 adhibet
1208 4651 1404 4705 nullam
1425 4692 1439 4717 ,
1468 4652 1714 4721 quoniam
1754 4669 1854 4708 nec

270 4757 405 4811 opus
436 4749 538 4796 est.
581 4741 763 4812 Neque
798 4742 939 4796 enim
975 4740 1171 4810 aliquid
1211 4741 1317 4796 illic
1359 4741 1461 4795 tale
1490 4751 1728 4796 versatur
1763 4752 1854 4797 aut

269 4833 547 4903 qureritur,
580 4834 713 4887 sicut
740 4833 791 4887 in
823 4832 1137 4903 Apocalypsi
1177 4831 1396 4886 Joannis
1423 4831 1641 4900 quaerit,
1670 4847 1853 4901 quem-

269 4925 558 4981 admodum
579 4925 903 4995 intelligendi
925 4925 1030 4979 sint
1057 4925 1227 4994 angeli
1248 4924 1603 4978 Ecclesiarum
1625 4932 1849 4994 septem,

270 5018 462 5086 quibus
489 5017 725 5073 scribere
748 5017 982 5087 jubetur,
1006 5026 1061 5070 et
1082 5017 1426 5071 ratiocinatur
1467 5016 1846 5086 multipliciter,

271 5117 323 5163 et
343 5108 412 5162 ad
442 5107 546 5163 hoc
573 5108 814 5177 pervenit
844 5114 900 5160 ut
936 5108 1077 5176 ipsos
1113 5106 1327 5176 angelos
1365 5106 1715 5176 intelligamus
1746 5106 1851 5162 Ec-

270 5202 460 5256 elesias
482 5200 665 5274 (Apoc.
694 5215 745 5264 ι,
775 5199 886 5269 20).
910 5197 966 5255 In
992 5214 1092 5269 qua
1114 5198 1474 5269 copiosissima
1498 5197 1852 5267 disputatione

268 5292 401 5346 nihil
435 5292 655 5345 istarum
685 5299 766 5345 est
790 5290 1110 5361 regularum,
1140 5299 1193 5344 et
1220 5290 1396 5359 utique
1424 5303 1512 5343 res
1540 5288 1645 5343 illic
1670 5288 1853 5343 obscu-

267 5384 481 5438 rissima
507 5382 793 5453 quaeritur;
822 5380 962 5452 quod
1000 5380 1227 5451 exempli
1269 5381 1434 5452 gratia
1482 5381 1608 5435 satis
1651 5380 1850 5436 dictum

270 5476 375 5529 sit:
409 5488 539 5528 nam
585 5474 837 5542 colligere
884 5474 1093 5540 omnia,
1137 5473 1294 5527 nimis
1336 5472 1549 5542 longum
1593 5482 1650 5526 ct
1695 5471 1851 5527 nimis

271 5580 555 5635 operosum
600 5574 717 5631 est,
762 5580 882 5634 qua:
922 5564 995 5620 ita
1036 5566 1259 5619 obscura
1301 5572 1424 5618 sunt
1469 5564 1521 5617 in
1568 5563 1853 5634 Scripturis

271 5656 567 5722 canonicis,
586 5663 643 5710 ut
672 5654 801 5709 nihil
819 5655 1038 5710 istarum
1060 5664 1260 5725 septem
1281 5655 1348 5710 ibi
1364 5655 1737 5725 requirendum
1759 5655 1847 5709 sit.

332 5791 407 5902 (ἦ)
428 5800 590 5843 Exstat
607 5796 657 5843 in
673 5794 960 5845 Bibliotheca
977 5802 1179 5853 Patrum,
1205 5804 1318 5861 tom.
1344 5799 1417 5857 lii,
1446 5797 1559 5847 edit.
1589 5797 1745 5847 Colon.
1773 5810 1849 5847 an.

332 5867 361 5902 ι.
410 5868 423 5902 :
450 5863 501 5902 ct
525 5857 573 5902 in
594 5856 805 5902 Luadttn.
827 5870 904 5902 an.
930 5858 1063 5902 1677.
1086 5867 1199 5902 tom.
1220 5860 1266 5902 li.

275 5854 423 5916 1622;
450 5863 501 5905 ct
524 5857 573 5904 in
594 5856 805 5919 Lugdun.
827 5870 904 5908 an.
930 5858 1063 5919 1677,
1086 5867 1199 5907 tom.
1220 5860 1266 5907 6.

2036 554 2125 607 45.
2166 551 2267 607 Iste
2310 562 2483 608 autem
2520 568 2635 608 cum
2668 554 2760 611 has
2789 557 2930 611 velut
2960 559 3164 628 regulas
3196 556 3534 610 commenda-

1966 650 2079 710 ret,
2114 652 2316 698 tantum
2341 644 2418 700 eis
2445 645 2655 711 tribuit,
2686 648 2835 717 quasi
2860 648 3034 702 omnia
3065 663 3184 718 qua:
3208 649 3261 702 in
3286 648 3459 718 Lege,
3486 648 3538 703 id

1965 745 2066 802 est,
2095 737 2149 792 in
2164 736 2359 792 divinis
2380 737 2555 794 Libris
2575 739 2800 795 obscure
2831 740 3001 810 posita
3030 739 3389 796 invenerimus
3408 781 3421 805 ,
3453 739 3536 795 his

1964 829 2102 884 bene
2122 829 2347 900 cognitis
2372 839 2530 901 atque
2555 830 2807 887 adhibitis
2829 832 3121 903 intelligere
3150 832 3437 888 valeamus.
3461 832 3536 887 Ita

1964 920 2158 990 quippe
2194 935 2417 977 exorsus
2452 931 2533 978 est
2569 923 2815 979 eumdem
2858 923 3049 978 librum
3090 933 3146 978 ut
3168 924 3369 979 diceret
3391 940 3403 976 :
3429 923 3536 978 Νο-

1964 1013 2232 1065 cessarium
2255 1012 2378 1068 duxi
2396 1022 2512 1068 ante
2538 1015 2726 1079 omnia,
2755 1029 2868 1085 quia
2889 1014 3012 1068 mihi
3045 1015 3293 1076 videntur.
3316 1014 3535 1069 libellum

1968 1103 2274 1174 Regularum
2302 1105 2534 1173 scribere,
2561 1116 2607 1160 et
2626 1115 2925 1161 secretorum
2950 1106 3098 1178 Legis
3123 1108 3277 1161 veluti
3303 1108 3463 1161 claves
3487 1118 3535 1162 et

1962 1194 2230 1250 luminaria
2243 1195 2507 1267 fabricare.
2532 1196 2663 1252 Sunt
2687 1199 2817 1252 enim
2832 1198 3064 1269 quantum
3089 1199 3273 1269 regula:
3293 1200 3529 1269 mysticae,

1959 1302 2071 1357 qua:
2085 1288 2331 1342 universa:
2349 1288 2497 1361 Legis
2516 1306 2736 1345 recessus
2747 1292 2985 1359 obtinent,
3016 1300 3062 1345 et
3090 1293 3309 1345 veritatis
3335 1294 3536 1346 thesau-

1960 1388 2041 1429 ros
2063 1378 2310 1448 aliquibus
2330 1379 2599 1434 invisibiles
2616 1381 2827 1435 visibiles
2856 1382 3067 1452 faciunt.
3096 1381 3326 1446 Quarum
3343 1383 3387 1436 si
3405 1383 3536 1436 ratio

1959 1467 2246 1536 regularum
2269 1470 2377 1524 sine
2403 1470 2612 1537 invidia,
2642 1478 2697 1523 ut
2724 1472 3167 1538 communicamus,
3197 1480 3400 1542 accepta
3424 1472 3535 1541 fue-

1957 1557 2055 1623 rit;
2081 1556 2253 1613 clausa
2277 1575 2481 1631 quisque
2506 1559 2761 1629 pate/ient,
2785 1569 2831 1614 et
2860 1560 3069 1619 obscura
3090 1560 3534 1626 ditucidabuntur;

1959 1657 2013 1702 ut
2032 1650 2141 1718 quis
2162 1650 2437 1720 prophetia:
2455 1651 2747 1705 immensam
2771 1652 2945 1705 silvam
2968 1651 3339 1723 perambulans,
3360 1653 3436 1707 Itis
3455 1668 3536 1706 re-

1956 1741 2087 1809 gulis
2106 1741 2469 1809 quodammodo
2492 1743 2614 1797 lucis
2633 1742 2912 1797 tramitibus
2932 1744 3171 1797 deductus
3191 1743 3252 1797 ab
3272 1759 3437 1798 errore
3455 1743 3535 1798 de-

1958 1831 2211 1901 fendatur.
2247 1832 2406 1887 llicsi
2428 1833 2677 1900 dixisset,
2717 1833 2853 1889 Sunt
2892 1834 3033 1888 enim
3064 1834 3305 1903 qumdam
3340 1835 3535 1904 regulae

1958 1922 2214 1991 mysticte,
2244 1936 2362 1991 qua:
2396 1923 2680 1978 nonnullos
2705 1923 2859 1993 Legis
2880 1938 3122 1978 recessus
3150 1923 3415 1987 obtinent,
3444 1934 3536 1979 aut

1956 2018 2120 2078 certe,
2134 2026 2252 2080 quae
2272 2010 2428 2082 Legis
2449 2028 2668 2082 magnos
2684 2027 2926 2068 recessus
2943 2012 3184 2068 obtinent
3201 2028 3216 2079 ;
3235 2029 3340 2068 non
3355 2023 3533 2069 autem

1956 2099 2097 2169 quod
2136 2102 2240 2168 ait,
2270 2103 2514 2157 universa:
2552 2101 2699 2175 Legis
2744 2119 2968 2157 recessus
3004 2119 3023 2157 :
3067 2117 3238 2173 neque
3281 2103 3532 2167 dixisset,

1917 2202 1938 2222 ⁸
1957 2190 2144 2245 Clausa
2163 2208 2383 2265 .qquue
2419 2193 2676 2264 pateﬁent,
2702 2192 2791 2247 sed
2813 2234 2827 2259 ,
2852 2194 3027 2248 clausa
3056 2193 3219 2248 multa
3245 2192 3528 2263 patefient;

1956 2296 2142 2335 verum
2177 2282 2432 2347 dixisset,
2463 2298 2563 2338 nec
2599 2291 2705 2337 tam
2750 2282 3019 2339 elaborato
3058 2292 3217 2352 atque
3247 2283 3361 2337 utili
3384 2284 3534 2352 operi

1956 2385 2052 2426 suo
2082 2371 2355 2443 plusquam
2378 2389 2463 2428 res
2485 2375 2593 2444 ipsa
2620 2372 2852 2443 postulat
2875 2372 3069 2440 dando,
3094 2373 3148 2426 in
3173 2388 3320 2443 spem
3346 2372 3534 2427 falsam

1956 2463 2209 2520 lectorem
2235 2466 2349 2537 ejus
2372 2467 2802 2537 cognitorcmque
2836 2466 3086 2521 misisset.
3123 2465 3275 2532 Quod
3302 2465 3422 2521 ideo
3446 2465 3534 2520 di-

1957 2556 2181 2611 cendum
2236 2558 2451 2627 putavi,
2499 2567 2557 2612 ut
2608 2557 2743 2612 liber
2789 2557 2903 2626 ipse
2954 2565 3008 2611 et
3044 2556 3299 2626 legatura
3334 2555 3536 2611 studio-

1955 2649 2058 2713 sis,
2111 2649 2233 2719 quia
2287 2650 2567 2719 plurimum
2607 2648 2820 2717 adjuvat
2873 2648 2939 2701 ad
2994 2647 3293 2717 Scripturas
3336 2646 3534 2701 intelli-

1955 2740 2173 2810 gendas,
2204 2749 2256 2794 et
2282 2757 2386 2796 non
2414 2741 2480 2795 de
2503 2741 2593 2793 illo
2619 2748 2861 2809 speretur
2888 2746 3092 2794 tantum
3132 2748 3385 2809 quantum
3425 2754 3533 2793 non

1957 2832 2135 2887 habet.
2165 2830 2329 2887 Caute
2356 2845 2485 2903 sane
2513 2830 2765 2899 legendus
2793 2838 2908 2895 est,
2953 2845 3059 2884 non
3101 2830 3271 2885 solum
3315 2839 3534 2899 propter

1957 2923 2197 2994 quaedam
2224 2923 2276 2977 in
2307 2922 2497 2993 quibus
2525 2930 2580 2976 ut
2606 2921 2765 2977 homo
2785 2923 3015 2988 erravit;
3039 2920 3132 2977 sed
3159 2922 3385 2976 maxime
3404 2936 3530 2991 pro-

1958 3024 2074 3085 pter
2104 3015 2189 3068 illa
2218 3030 2334 3085 qua:
2363 3015 2502 3069 sicut
2530 3014 2794 3068 donatista
2818 3012 3100 3067 hrereticus
3126 3010 3531 3082 loquitur.Quid

1957 3115 2133 3160 autem
2163 3105 2386 3161 doceant
2413 3105 2497 3161 vel
2534 3105 2853 3159 admoneant
2895 3104 3009 3160 ista:
3046 3112 3253 3174 septem
3301 3104 3532 3175 regulae,

1958 3196 2190 3251 breviter
2216 3196 2512 3251 ostendam.

2123 3289 2348 3346 CAPUT
2380 3288 2569 3343 XXXI.
2601 3318 2671 3329 —
2702 3285 2895 3359 Regula
2914 3288 3079 3360 prima
3116 3286 3366 3342 Tichonii.

2027 3382 2116 3437 Ην.
2150 3381 2324 3436 Prima
2351 3380 2417 3435 de
2460 3380 2683 3435 Domino
2706 3389 2761 3434 et
2786 3382 2903 3449 ejus
2930 3393 3157 3449 corpore
3192 3388 3301 3445 est;
3351 3379 3403 3432 in
3432 3393 3538 3448 qua

1959 3471 2188 3526 scientes
2240 3469 2521 3539 aliquando
2550 3469 2737 3538 capitis
2765 3479 2819 3524 et
2846 3470 3104 3539 corporis,
3134 3468 3186 3523 id
3215 3476 3315 3534 est,
3337 3467 3537 3523 Christi

1960 3572 2014 3616 et
2045 3560 2297 3617 Ecclesiae
2344 3574 2501 3614 unam
2545 3574 2824 3630 personam
2870 3559 3027 3613 nobis
3073 3558 3303 3613 intimari
3344 3556 3540 3631 (neque

1960 3654 2101 3710 enim
2134 3653 2326 3708 frustra
2348 3653 2547 3708 dictum
2570 3662 2651 3707 est
2677 3650 2940 3719 ﬁdelibus,
2970 3650 3107 3722 Ergo
3130 3650 3347 3704 Abralue
3371 3665 3539 3704 semen

1961 3747 2080 3800 estis
2119 3743 2312 3817 [Calat.
2351 3760 2426 3810 ιιι,
2468 3741 2587 3816 29],
2616 3758 2736 3797 cum
2771 3742 2839 3797 sit
2886 3758 3047 3797 unum
3078 3756 3258 3797 semen
3286 3740 3534 3807 Abrahai,

1959 3835 2101 3906 quod
2138 3844 2221 3890 est
2263 3834 2552 3904 Christus),
2584 3848 2690 3889 non
2718 3833 3021 3888 litesitemus
3065 3830 3324 3902 quandoa
3363 3830 3536 3900 capite

1959 3927 2025 3980 ad
2050 3941 2264 3995 corpus,
2289 3926 2375 3980 vel
2401 3940 2431 3979 a
2460 3939 2683 3995 corpore
2714 3925 2966 3978 transitur
2991 3922 3056 3977 ad
3081 3931 3256 3991 caput,
3285 3930 3339 3977 et
3361 3930 3537 3979 tamen

1960 4036 2065 4075 non
2094 4020 2360 4075 receditur
2385 4018 2451 4073 ab
2472 4034 2574 4072 una
2613 4017 2900 4087 eademque
2941 4030 3184 4086 persona.
3230 4015 3344 4071 Una
3395 4014 3537 4069 enim

1962 4128 2184 4183 persona
2233 4111 2463 4181 loquitur
2509 4108 2711 4176 dicens,
2739 4110 2867 4163 sicut
2909 4124 3091 4179 sponso
3130 4106 3364 4177 imposuit
3413 4104 3538 4158 mihi

1960 4205 2181 4269 mitram,
2214 4212 2258 4256 et
2277 4203 2403 4256 sicut
2430 4217 2668 4271 sponsam
2702 4201 2894 4255 ornavit
2932 4216 3009 4253 me
3044 4208 3332 4253 ornamento
3358 4200 3375 4267 (
3405 4196 3534 4251 Isai.

1962 4294 2226 4363 1.5510);
2258 4303 2308 4347 ct
2333 4301 2508 4346 tamen
2546 4292 2671 4362 quid
2698 4291 2884 4346 horum
2920 4289 3145 4344 duorum
3193 4289 3372 4359 capiti,
3411 4288 3537 4358 quid

1959 4385 2191 4454 corpori,
2222 4383 2273 4438 id
2295 4392 2395 4449 est,
2418 4382 2545 4452 quid
2562 4383 2792 4451 Christo,
2817 4381 2942 4453 quid
2964 4382 3215 4436 Ecclesia:
3232 4381 3530 4449 conveniat,

1962 4477 2142 4547 utique
2169 4475 2565 4546 intelligendum
2597 4484 2699 4530 est.

2098 4565 2320 4621 CAPUT
2348 4565 2562 4620 XXXII.
2585 4594 2656 4604 —
2679 4565 2877 4636 Regula
2899 4564 3116 4618 secunda
3146 4563 3392 4620 Ticltonii.

2030 4658 2271 4713 Secunda
2299 4666 2380 4712 est
2405 4656 2471 4712 de
2496 4657 2703 4711 Domini
2724 4672 2947 4727 corpore
2973 4656 3238 4725 bipartito,
3269 4656 3411 4727 quod
3425 4657 3536 4727 qui-

1960 4749 2082 4803 dem
2110 4763 2215 4802 non
2239 4748 2308 4801 ita
2326 4747 2507 4801 debuit
2525 4747 2781 4816 appellari
2801 4765 2814 4810 ;
2835 4761 2939 4800 non
2962 4747 3102 4801 enim
3120 4762 3303 4801 revera
3326 4748 3536 4802 Domini

1958 4854 2150 4909 corpus
2183 4848 2282 4904 est,
2313 4837 2452 4909 quod
2494 4852 2613 4893 cum
2644 4837 2737 4891 illo
2767 4851 2871 4890 non
2898 4837 2995 4892 erit
3024 4838 3075 4890 in
3110 4845 3365 4892 aeternum
3395 4856 3408 4893 :
3440 4838 3534 4892 sed

1958 4929 2237 4985 dicendum
2257 4931 2276 4980 l
2277 4929 2368 4994 uit,
2387 4930 2459 4982 De
2471 4927 2677 4985 Domini
2695 4942 2917 4997 corpore
2935 4941 3062 4980 vero
3078 4935 3234 4996 atque
3246 4928 3530 4996 permixto,

1956 5030 2065 5085 aut,
2097 5034 2222 5074 vero
2268 5030 2424 5087 atque
2462 5018 2730 5082 simulato,
2761 5017 2842 5070 vel
2871 5017 2996 5086 quid
3032 5016 3209 5082 aliud;
3257 5018 3379 5088 quia
3426 5031 3535 5072 non

1958 5111 2127 5165 solum
2156 5110 2205 5163 in
2230 5118 2509 5175 aeternum,
2539 5123 2723 5162 verum
2748 5107 2906 5162 etiam
2936 5124 3075 5163 nunc
3101 5108 3388 5179 hypocrita:
3426 5122 3534 5162 non

1958 5219 2077 5258 cum
2121 5203 2211 5258 illo
2240 5217 2359 5257 esse
2394 5192 2601 5257 dicendi
2632 5208 2775 5266 sunt,
2815 5203 3055 5271 quamvis
3083 5201 3135 5254 in
3161 5202 3277 5269 ejus
3300 5215 3417 5255 esse
3457 5201 3536 5255 vi.-

1958 5294 2181 5350 deantur
2208 5292 2462 5351 Ecclesia.
2494 5291 2648 5349 Unde
2673 5300 2878 5362 poterat
2902 5293 3000 5346 ista
3028 5292 3208 5361 regula
3238 5300 3289 5347 et
3328 5292 3405 5348 sic
3440 5308 3533 5362 ap,-

1961 5387 2167 5457 pellari,
2197 5396 2252 5441 ut
2278 5385 2543 5442 diceretur
2557 5384 2624 5439 de
2644 5385 2902 5454 permixta
2923 5385 3177 5440 Ecclesia.
3206 5383 3334 5455 Qua:
3354 5386 3530 5455 regule

1958 5478 2212 5532 lectorem
2240 5477 2541 5547 vigilantem
2584 5476 2825 5546 requirit,
2869 5474 3079 5546 quando
3116 5475 3386 5547 Scriptura
3414 5491 3531 5533 cum

1959 5569 2023 5623 ad
2060 5568 2190 5623 alios
2226 5568 2335 5639 jam
2380 5569 2644 5637 loquatur,
2664 5576 2913 5637 tanquam
2934 5566 3001 5621 ad
3021 5581 3115 5622 eos
3141 5567 3286 5637 ipsos
3310 5568 3378 5623 ad
3402 5584 3536 5638 quos

1958 5660 2292 5731 loquebatur,
2320 5660 2527 5715 videtur
2554 5660 2736 5730 loqui;
2771 5661 2852 5714 vel
2876 5658 2943 5714 de
2973 5660 3124 5729 ipsis,
3154 5676 3275 5717 cum
3309 5661 3375 5717 de
3417 5663 3537 5718 aliis

1954 5754 2064 5825 jam
2082 5753 2358 5825 loquatur;
2388 5762 2629 5823 tanquam
2655 5768 2817 5807 unum
2845 5753 2914 5806 sit
2942 5762 3283 5826 utrorumque
3318 5770 3533 5824 corpus,

1960 5854 2174 5918 propter
2214 5846 2553 5915 lettlpot‘alt‘ttt
2583 5843 3008 5901 commixtioncm
3031 5856 3079 5901 ct
3110 5845 3551 5905 Communionem,
