4060 6458
477 5611 494 5669 l

532 421 603 478 8'5

531 538 1017 595 Sacramentorum.
1050 536 1132 593 Ad
1161 535 1263 591 hoc
1290 534 1520 606 pertinet
1542 533 1595 588 in
1620 530 1852 588 Canticis
1874 530 2110 586 cantico-

531 645 673 696 rum,
707 628 877 685 Fusco
899 647 1008 684 sum
1050 638 1097 684 et
1125 630 1350 700 speciosa
1388 635 1444 681 ut
1483 624 1803 680 tabernacula
1845 623 2028 691 Cedar,
2058 631 2113 677 ut

530 720 688 793 pelles
726 721 1019 777 Salomonis
1053 718 1221 792 (Cant.
1246 737 1283 776 ι.
1313 717 1391 791 5).
1417 717 1534 773 Νοιι
1560 718 1701 771 enim
1730 716 1823 783 ait,
1855 714 2023 770 Fusca
2042 714 2114 769 fui

530 823 591 870 ut
623 814 961 869 tabernacula
991 813 1183 882 Cedar,
1212 822 1266 868 et
1288 811 1527 882 speciosa
1550 824 1667 865 sum
1696 817 1751 864 ut
1771 808 1939 880 pelles
1965 808 2116 864 Salo—

528 905 741 971 monis;
772 904 863 960 sed
894 915 1177 975 utrumque
1202 919 1261 959 se
1286 917 1408 959 esse
1433 901 1585 966 dixit,
1610 907 1824 971 prepter
1853 908 2117 967 tempora-

527 999 634 1054 lem
661 1000 916 1054 unitatem
947 999 1082 1054 intra
1098 1014 1199 1053 una
1220 998 1353 1053 retia
1383 995 1605 1067 piscium
1634 996 1895 1052 bonorum
1920 1002 1975 1050 et
1998 1010 2113 1049 ma-

528 1090 703 1146 lorum
737 1090 947 1164 (Matth.
976 1105 1093 1159 ιιιι,
1124 1090 1238 1161 48).
1270 1089 1629 1145 Tabernacula
1667 1093 1807 1144 enim
1850 1086 2021 1143 Ccdar
2046 1086 2115 1142 ad

528 1181 809 1238 Ismaelem
856 1183 1142 1252 pertinent,
1171 1182 1261 1251 qui
1291 1196 1396 1236 non
1419 1180 1521 1236 erit
1548 1180 1719 1235 haeres
1755 1194 1877 1234 cum
1914 1178 2020 1233 tilio
2048 1177 2112 1231 li-

528 1272 672 1329 berae
698 1272 847 1345 (Cen.
866 1288 979 1339 ιιι,
1006 1272 1092 1337 10;
1118 1270 1284 1326 Galat.
1309 1286 1383 1339 tv,
1406 1269 1517 1342 30).
1546 1270 1727 1340 Itaque
1745 1284 1866 1325 cum
1892 1268 1961 1323 de
1976 1267 2113 1322 bona

529 1372 685 1435 parte
705 1365 845 1420 Deus
859 1362 1020 1430 dicat,
1046 1362 1241 1416 Ducam
1264 1378 1421 1417 eccos
1440 1363 1493 1416 in
1516 1362 1646 1416 viam
1662 1376 1813 1429 quam
1833 1376 1933 1414 non
1958 1371 2112 1412 nove-

535 1464 670 1521 runt,
699 1463 745 1509 et
762 1454 962 1509 semitas
982 1471 1107 1525 quas
1131 1471 1231 1509 non
1262 1462 1505 1509 noverunt
1532 1453 1829 1517 calcubunt;
1855 1460 1904 1505 et
1926 1450 2114 1522 faciam

531 1544 638 1599 illis
654 1544 882 1599 tenebras
911 1544 965 1598 in
992 1546 1174 1612 lucem,
1192 1554 1238 1599 et
1259 1561 1413 1616 prava
1433 1546 1484 1599 in
1511 1544 1755 1598 directum
1783 1559 1803 1598 :
1829 1543 1935 1597 hac
1967 1541 2114 1596 verba

530 1637 739 1706 faciam,
776 1645 823 1691 et
849 1654 949 1690 non
989 1636 1331 1707 derelinquam
1357 1652 1440 1690 eos
1464 1651 1482 1689 :
1509 1650 1632 1689 mox
1682 1634 1748 1689 de
1784 1633 1888 1687 alia
1938 1640 2109 1703 parte,

528 1744 650 1798 quas
680 1729 818 1785 male
844 1730 1103 1800 permixta
1124 1738 1225 1795 est,
1254 1729 1402 1796 dicit,
1431 1727 1543 1798 Ipsi
1564 1738 1731 1781 autem
1749 1727 1975 1781 conversi
1996 1735 2115 1781 sunt

528 1831 662 1878 retro
678 1821 833 1894 (1εαὶ.
848 1839 978 1888 χιιι,
998 1824 1085 1890 I6,
1104 1822 1214 1893 I7),
1234 1821 1474 1894 quamvis
1502 1821 1591 1875 alii
1614 1820 1723 1890 jam
1754 1818 2115 1891 signiﬁcentur

530 1913 617 1969 liis
644 1914 840 1970 verbis.
872 1914 977 1971 Sed
1005 1915 1254 1984 quoniam
1286 1929 1425 1968 nunc
1464 1914 1517 1968 in
1557 1928 1662 1968 uno
1687 1921 1830 1977 sunt,
1864 1922 2114 1983 tanquam

533 2004 602 2059 de
652 2005 783 2074 ipsis
814 2005 1045 2075 loquitur
1070 2005 1138 2061 de
1158 2006 1349 2076 quibus
1398 2005 1707 2075 loquebatur
1737 2023 1749 2057 :
1780 2018 1887 2059 non
1936 2014 2109 2060 tamen

530 2110 744 2165 semper
794 2096 846 2150 in
898 2111 1005 2151 uno
1047 2104 1221 2151 erunt.
1273 2095 1391 2166 Ipse
1435 2104 1519 2153 est
1560 2097 1755 2167 quippe
1797 2095 1885 2150 ille
1929 2108 2115 2151 servus

529 2187 1039 2241 commemoratusiu
1061 2187 1364 2257 Evangelio,
1383 2186 1533 2257 cujus
1552 2186 1798 2241 dominus
1814 2201 1934 2240 cum
1956 2180 2134 2241 vene-'

528 2276 621 2343 rit,
646 2276 843 2332 dividet
868 2292 1013 2342 eum,
1045 2286 1098 2333 et
1120 2286 1325 2349 partem
1345 2277 1458 2347 ejus
1481 2292 1601 2332 cum
1638 2276 1930 2348 hypocritis
1955 2284 2116 2347 ponet

534 2367 747 2437 (Matth.
778 2386 931 2436 xxxv,
961 2369 1075 2441 5i).

532 2460 757 2517 CAPUT
796 2460 1035 2519 XXXIII.
1057 2460 1345 2533 —Regula
1373 2462 1520 2515 tertia
1555 2458 1809 2516 Tichonii.
1860 2460 2010 2517 Liber
2054 2461 2117 2518 de

1064 2552 1259 2625 Spiritu
1298 2562 1344 2607 et
1377 2552 1585 2608 Littera.

601 2643 693 2699 16.
742 2644 918 2700 Tertia
940 2646 1116 2716 regula
1158 2645 1336 2701 estde
1379 2645 1663 2701 Promissis
1705 2655 1758 2701 et
1792 2645 1953 2717 Lege,
1997 2661 2116 2717 quae

532 2737 637 2791 alio
672 2737 831 2793 modo
855 2738 958 2793 dici
989 2746 1161 2809 potest
1201 2738 1269 2793 de
1316 2738 1501 2808 spiritu
1527 2748 1582 2795 et
1606 2739 1802 2805 littera,
1840 2739 1977 2794 sicut
2019 2754 2115 2795 nos

532 2841 654 2881 eam
685 2828 1083 2897 appellavimus,
1112 2842 1233 2883 cum
1262 2828 1329 2883 de
1370 2827 1470 2882 hac
1512 2844 1569 2884 re
1611 2829 1803 2895 librum
1852 2829 2116 2885 scribere-

533 2916 776 2989 mus,(a).
810 2918 990 2974 Potest
1032 2919 1191 2974 etiam
1239 2920 1316 2975 sic
1339 2920 1466 2987 dici,
1489 2920 1555 2975 de
1575 2922 1740 2991 gratia
1762 2930 1813 2977 et
1846 2922 2113 2977 mandato.

532 3008 661 3064 Ilaec
688 3018 863 3064 autem
904 3011 1071 3082 magis
1093 3011 1224 3065 mihi
1253 3012 1462 3067 videtur
1500 3028 1689 3083 magna
1715 3014 1937 3084 quzestio
1958 3030 2113 3084 quam

531 3105 738 3175 regula,
766 3121 885 3177 quae
929 3106 1195 3161 solvendis
1236 3107 1616 3177 quaestionibus
1666 3108 1962 3163 adhibenda
2009 3116 2111 3164 est.

532 3195 661 3251 Haec
681 3206 761 3252 est
781 3212 937 3268 quam
966 3212 1072 3252 non
1108 3198 1459 3268 intelligentes
1486 3198 1775 3268 Pelagiani,
1817 3199 1900 3255 vel
1928 3198 2114 3254 condi-

531 3288 725 3341 derunt
766 3301 913 3341 suam
956 3286 1221 3353 haeresim,
1249 3287 1334 3343 vel
1363 3297 1641 3344 auxerunt.
1673 3288 1952 3345 Laboravit
1971 3289 2023 3343 in
2052 3304 2114 3343 ea

531 3378 868 3434 cissolvenda
895 3380 912 3412 ¹
936 3379 1220 3435 Tichonius
1247 3379 1404 3449 bene,
1441 3381 1534 3436 sed
1564 3395 1669 3436 non
1711 3381 1886 3451 plene.
1928 3381 2116 3451 Dispu-

531 3476 652 3524 tans
674 3470 815 3525 enim
845 3470 909 3526 de
936 3470 1038 3525 tide
1057 3479 1112 3526 et
1139 3472 1410 3542 operibus,
1438 3487 1598 3542 opera
1625 3473 1776 3529 nobis
1796 3472 1928 3528 dixit
1951 3488 1981 3528 a
2008 3474 2117 3531 Deo

530 3558 647 3615 dari
692 3561 882 3616 merito
908 3560 1068 3627 ﬁdei;
1111 3562 1280 3632 ipsam
1306 3577 1435 3618 vero
1464 3564 1621 3619 ﬁdem
1638 3566 1713 3619 sic
1735 3578 1853 3620 esse
1880 3580 1910 3618 a
1940 3566 2114 3634 nobis,

532 3662 593 3707 ut
615 3652 767 3708 nobis
791 3669 895 3709 non
916 3655 1033 3709 sita
1060 3656 1188 3711 Deo.
1212 3655 1332 3712 Nec
1352 3657 1577 3712 attendit
1596 3658 1906 3727 Apostolum
1934 3657 2116 3713 dicen-

531 3752 662 3809 tem,
694 3742 810 3798 Pax
836 3746 1076 3815 fratribus
1098 3757 1143 3801 et
1170 3748 1390 3802 Charitas
1418 3765 1532 3801 cum
1570 3748 1670 3817 fide
1689 3765 1719 3802 a
1741 3747 1848 3803 Deo
1879 3747 2037 3803 Patre
2071 3756 2119 3803 et

530 3832 751 3888 Domino
769 3832 893 3889 Iesu
920 3833 1118 3891 Christo
1142 3834 1356 3910 (Ep/tes.
1380 3854 1455 3905 vt,
1482 3837 1596 3909 95).
1626 3838 1728 3893 Sed
1755 3854 1858 3893 non
1884 3845 2001 3894 erat
2024 3853 2117 3894 ex-

531 3936 716 3997 pertus
753 3928 889 3983 hanc
940 3928 1222 3998 haeresim,
1255 3945 1373 4000 qua:
1412 3938 1595 3985 nostro
1632 3940 1867 4000 tempore
1905 3941 2114 3999 exorta,

531 4018 754 4074 multum
800 4033 916 4083 nos,
963 4028 1020 4075 ut
1046 4021 1267 4091 gratiam
1298 4021 1393 4077 Dei
1418 4037 1534 4091 quae
1568 4038 1663 4093 per
1706 4022 1989 4077 Dominum
2020 4037 2117 4077 no-

531 4118 700 4165 strum
730 4110 909 4166 Iesum
931 4110 1197 4167 Christum
1234 4122 1337 4181 est,
1366 4114 1623 4171 adversus
1649 4130 1765 4170 eam
1801 4114 2114 4171 defendere-

530 4214 672 4265 mus,
722 4203 988 4268 exercuit;
1018 4211 1071 4258 et
1089 4204 1377 4259 secundum
1422 4204 1473 4259 id
1510 4205 1651 4276 quod
1687 4199 1766 4260 'ait
1806 4206 2110 4275 Apostolus,

536 4289 745 4363 Oportet
783 4294 995 4348 htereses
1020 4311 1145 4361 esse,
1176 4305 1230 4349 ut
1254 4297 1451 4367 probati
1479 4298 1729 4366 manifesti
1752 4298 1876 4367 [iant
1902 4300 1955 4352 in
1979 4299 2115 4353 vobis

531 4380 590 4451 (I
617 4382 735 4437 Cor.
766 4399 838 4450 st,
873 4383 997 4455 I9),
1024 4386 1191 4441 multo
1230 4387 1593 4456 vigilantiores
1627 4388 2091 4459 diligentioresque

529 4472 779 4541 reddidit,
805 4483 862 4529 ut
889 4475 1285 4532 advertercmus
1310 4477 1362 4532 in
1394 4477 1683 4548 Scripturis
1724 4478 1939 4543 sanctis,
1971 4477 2113 4548 quod

529 4564 692 4620 istum
716 4566 1028 4623 'I‘iclionium
1055 4570 1228 4625 minus
1254 4578 1533 4636 attentum,
1562 4572 1841 4642 minusque
1867 4573 1983 4627 sine
2012 4571 2111 4625 IIO-

528 4666 613 4712 ste
638 4658 919 4713 sollicitum
948 4659 1097 4731 fugit,
1122 4663 1280 4717 etiam
1300 4662 1465 4734 ipsam
1495 4664 1696 4719 scilicet
1731 4663 1884 4718 ﬁdem
1915 4663 2110 4718 donum

529 4746 674 4803 illius
691 4763 811 4804 esse
828 4750 917 4820 qui
938 4752 1052 4820 ejus
1073 4768 1374 4807 mensuram
1396 4755 1674 4825 unicuique
1692 4755 1913 4825 partitur
1935 4754 2109 4826 (Rom.

529 4853 625 4905 xu,
648 4838 725 4912 ὅ).
758 4840 835 4895 Ex
863 4857 964 4912 qua
993 4844 1251 4898 sententia
1291 4845 1605 4915 quibusdam
1633 4846 1830 4899 dictum
1872 4856 1973 4914 cst,
2014 4845 2114 4901 Vo-

530 4930 607 4985 bis
627 4931 871 4987 donatum
896 4942 967 4987 est
991 4950 1083 5003 pro
1111 4931 1330 5000 Christo,
1373 4952 1472 4989 non
1498 4936 1661 4990 solum
1688 4946 1741 4989 ut
1773 4936 1825 4990 in
1850 4953 1961 4990 eum
2006 4954 2113 4992 cre-

530 5022 679 5087 datis,
708 5039 876 5078 verum
895 5024 1040 5077 etiam
1066 5033 1121 5077 ut
1148 5041 1238 5094 pro
1258 5042 1314 5079 eo
1334 5026 1595 5096 patiamini
1628 5026 1647 5098 (
1671 5025 1901 5097 Philipp.
1931 5045 1968 5094 ι,
1990 5026 2107 5098 29).

533 5112 683 5169 Unde
703 5116 821 5184 quis
846 5115 1047 5171 dubitet
1074 5127 1353 5187 utrumque
1383 5133 1501 5173 esse
1537 5118 1629 5172 Dei
1664 5118 1882 5187 donum,
1931 5122 2017 5191 qui
2046 5122 2110 5177 ti-

531 5202 720 5259 deliter
746 5213 904 5275 atque
944 5207 1297 5277 intelligenter
1323 5207 1467 5263 audit
1497 5216 1779 5278 utrumque
1819 5210 2112 5268 donatum?

530 5292 688 5348 Plura
735 5304 933 5352 suntet
959 5298 1056 5351 alia
1104 5298 1401 5352 testimonia
1439 5299 1629 5367 quibus
1672 5299 1725 5354 id
1769 5302 2106 5358 ostenditur:

530 5384 628 5440 sed
649 5386 753 5442 hoc
779 5402 918 5444 nunc
937 5404 1043 5443 non
1065 5389 1298 5460 agimus;
1329 5389 1454 5446 alibi
1484 5400 1658 5447 autem
1687 5402 1844 5465 atque
1864 5396 1985 5451 alibi
2011 5414 2109 5454 sae-

529 5476 751 5545 pissime
778 5479 873 5533 ista
901 5480 1120 5550 egimus.

674 5568 898 5625 CAPUT
918 5569 1154 5625 XXXIV.
1181 5601 1254 5611 —
1280 5572 1478 5645 Regula
1513 5584 1692 5645 quarta
1717 5577 1964 5634 Tichouii.

601 5661 692 5716 47.
724 5661 921 5730 Quarta
947 5662 1187 5717 Tiehonii
1208 5666 1391 5736 regula
1417 5675 1499 5723 est
1517 5668 1584 5725 de
1615 5672 1792 5741 specie
1818 5680 1871 5728 et
1890 5688 2104 5745 genere.

595 5776 613 5807 θ
641 5782 747 5824 Mss.
771 5787 963 5835 novem,
987 5774 1286 5828 disserenda.

592 5853 669 5917 (α)
685 5856 820 5905 Liber
840 5855 903 5907 dc
920 5857 1092 5920 Spiritu
1111 5867 1161 5911 et
1178 5862 1369 5911 Littera.

1431 417 1519 472 DE
1555 413 1895 472 DOCTRINA
1934 411 2373 482 CIIBISTIANA,
2414 413 2472 470 S.
2512 410 2883 473 AUGUSTINI

3728 425 3797 482 84

2218 529 2308 585 Sic
2330 531 2472 586 enim
2496 546 2614 587 eam
2638 542 2813 599 vocat,
2844 533 3031 590 volens
3058 534 3278 609 intelligi
3304 538 3535 609 speciem
3572 551 3799 614 partem,

2217 637 2385 692 genus
2409 631 2585 680 autem
2613 634 2801 694 totum,
2829 627 2978 697 cujus
3004 643 3066 683 ea
3096 644 3218 699 pars
3241 641 3322 687 est
3346 649 3505 704 quam
3536 648 3804 709 nuncupat

2218 714 2473 783 speciem,
2503 713 2641 770 sicut
2665 731 2991 788 unaquaeque
3014 719 3205 776 civitas
3224 736 3347 792 pars
3372 733 3456 780 est
3481 726 3662 797 utique
3680 729 3802 784 uni-

2217 805 2483 860 versitatis
2520 809 2753 876 gentium
2783 825 2798 863 :
2828 807 2965 863 hanc
2997 808 3085 866 ille
3130 822 3287 869 vocat
3322 817 3585 885 speciem;
3634 833 3802 889 genus

2216 903 2394 950 autem
2427 910 2614 951 omnes
2636 906 2841 968 gentes.
2872 898 3057 971 Neque
3081 900 3169 957 hic
3188 918 3250 958 ea
3276 904 3609 963 discernendi
3636 909 3653 940 ¹
3679 910 3805 967 sub-

2218 987 2379 1042 tilitas
2421 987 2718 1045 adhibenda
2738 999 2855 1059 est,
2887 1008 3007 1064 quae
3034 1008 3063 1047 a
3111 994 3401 1053 dialecticis
3442 1000 3666 1057 traditur
3688 1005 3802 1074 qui,

2218 1078 2359 1134 inter
2399 1088 2600 1151 partem
2631 1091 2684 1138 et
2708 1084 2940 1153 speciem
2970 1086 3095 1157 quid
3128 1088 3333 1144 intersit
3356 1093 3661 1151 acutissime
3695 1097 3808 1153 dis-

2217 1178 2423 1241 putant.
2471 1173 2672 1229 Eadem
2715 1176 2853 1232 ratio
2897 1187 2998 1247 est,
3027 1179 3069 1233 si
3100 1195 3205 1235 non
3231 1181 3298 1237 de
3325 1199 3639 1256 unaquaque
3669 1188 3803 1244 civi-

2220 1273 2345 1329 tate,
2377 1265 2472 1320 sed
2496 1266 2562 1321 de
2589 1281 2903 1339 unaquaque
2935 1271 3201 1339 provincia
3230 1273 3311 1329 vel
3332 1284 3492 1345 gente
3515 1278 3599 1332 vel
3641 1294 3806 1349 regno

2220 1356 2322 1411 tale
2341 1355 2539 1426 aliquid
2570 1358 2621 1412 in
2652 1358 2845 1415 divinis
2878 1362 3174 1430 reperiatur
3194 1364 3440 1434 eloquiis.
3483 1367 3599 1422 Non
3630 1370 3804 1426 solum

2218 1446 2381 1512 enim,
2414 1448 2564 1503 verbi
2590 1450 2776 1519 gratia,
2806 1450 2875 1506 de
2898 1450 3213 1522 Jerusalem,
3242 1455 3328 1510 vel
3367 1456 3434 1511 de
3468 1458 3643 1529 aliqua
3672 1476 3805 1531 gen-

2218 1537 2347 1591 tium
2376 1538 2605 1605 civitate,
2635 1540 2747 1595 sive
2774 1540 2938 1613 Tyro,
2962 1542 3074 1599 sive
3089 1543 3399 1616 Babylonia,
3423 1548 3535 1605 sive
3550 1550 3651 1604 alia
3672 1567 3805 1621 qua-

2220 1628 2347 1684 libet
2372 1628 2567 1685 dicitur
2590 1631 2788 1701 aliquid
2806 1632 2858 1686 in
2876 1630 3160 1703 Scripturis
3174 1637 3393 1704 sanctis,
3416 1638 3558 1709 quod
3589 1641 3805 1697 modum

2216 1719 2331 1787 ejus
2350 1720 2592 1787 excedat,
2614 1732 2668 1777 et
2692 1723 2973 1778 conveniat
3009 1725 3185 1795 potius
3221 1727 3471 1783 omnibus
3512 1731 3758 1800 gentibus
3788 1752 3802 1788 :

2218 1826 2402 1866 verum
2437 1812 2597 1867 etiam
2645 1813 2713 1869 de
2752 1813 2958 1883 Iudaea,
2990 1815 3057 1871 de
3086 1816 3336 1889 Egypto,
3380 1819 3448 1875 de
3486 1821 3723 1895 Assyria,
3752 1833 3808 1880 et

2216 1916 2549 1974 quacumque
2572 1904 2672 1959 alia
2706 1916 2886 1976 gente,
2918 1906 2971 1961 in
2996 1922 3099 1977 qua
3121 1918 3246 1965 sunt
3272 1910 3512 1981 plurima:
3540 1913 3805 1983 civitates,

2218 2010 2325 2049 non
2348 2004 2527 2051 tamen
2559 2004 2702 2053 totus
2727 1997 2891 2065 orbis,
2920 1998 3013 2053 sed
3037 2014 3159 2070 pars
3179 2000 3294 2070 ejus
3316 2009 3421 2070 est,
3449 2002 3643 2060 dicitur
3661 2007 3808 2076 quod

2218 2095 2453 2144 transeat
2494 2087 2609 2159 ejus
2656 2089 2893 2156 modum,
2933 2100 2988 2146 et
3012 2102 3273 2164 congruat
3318 2095 3496 2165 potius
3535 2096 3805 2167 universo,

2216 2179 2367 2249 cujus
2405 2180 2520 2236 haec
2560 2197 2681 2252 pars
2718 2190 2827 2249 est;
2874 2184 2958 2239 vel
3001 2185 3139 2240 sicut
3176 2185 3277 2242 iste
3314 2189 3562 2259 appellat,
3599 2193 3806 2262 generi,

2216 2270 2368 2340 cujus
2397 2270 2513 2326 haec
2538 2273 2742 2342 species
2771 2283 2869 2329 est.
2896 2273 3048 2353 Unde
3063 2285 3117 2331 et
3140 2276 3194 2332 in
3216 2279 3458 2334 notitiam
3477 2281 3619 2353 vulgi
3645 2282 3809 2339 verba

2219 2360 2320 2415 ista
2348 2371 2626 2429 venerunt,
2653 2371 2711 2419 ut
2730 2364 2890 2420 etiam
2923 2352 3100 2422 idiotte
3134 2367 3431 2440 intelligant
3452 2352 3808 2444 quidspecia-

2217 2450 2359 2519 liter,
2384 2452 2510 2524 quid
2538 2455 2856 2525 generaliter
2884 2457 2935 2511 in
2966 2473 3297 2531 quocumque
3327 2472 3597 2533 praecepto
3634 2464 3809 2535 impe‘

2218 2543 2333 2599 riali
2350 2544 2419 2599 sit
2436 2546 2801 2601 constitutum.
2825 2548 2906 2602 Fit
2922 2548 3024 2604 hoc
3044 2550 3206 2606 etiam
3228 2552 3295 2608 de
3313 2553 3649 2622 hominibus;
3672 2557 3813 2613 sicut

2218 2648 2279 2689 ea
2304 2650 2423 2706 qua:
2450 2635 2517 2691 de
2537 2636 2821 2694 Salomone
2840 2640 3108 2708 dicuntur,
3140 2644 3405 2700 excedunt
3433 2646 3547 2715 ejus
3569 2647 3805 2715 modum,

2218 2732 2274 2779 et
2302 2726 2475 2795 potius
2500 2726 2567 2782 ad
2590 2726 2860 2783 Christum
2912 2732 2991 2785 vel
3028 2732 3341 2801 Ecclesiam,
3392 2735 3543 2806 cujus
3567 2737 3654 2793 ille
3685 2753 3812 2809 pars

2218 2824 2324 2885 est,
2351 2817 2521 2873 relata
2542 2818 2862 2875 clarescunt.

2289 2910 2377 2964 48.
2401 2909 2512 2965 Νεε
2530 2912 2736 2981 species
2756 2928 2970 2986 semper
3010 2916 3314 2986 exceditur;
3346 2934 3491 2991 saepe
3516 2922 3658 2977 enim
3688 2923 3811 2979 talia

2218 3000 2468 3057 dicuntur
2496 3020 2614 3074 quas
2653 3006 2734 3060 vel
2761 3007 2807 3061 ei
2834 3024 3066 3079 quoque,
3108 3012 3194 3067 vel
3222 3013 3272 3069 ei
3302 3012 3531 3071 fortasse
3572 3024 3813 3073 tantum-

2219 3092 2379 3148 modo
2404 3096 2738 3164 apertissime
2757 3110 3086 3169 congruant:
3110 3103 3204 3159 sed
3234 3095 3353 3160 cum
3380 3121 3409 3160 a
3437 3108 3622 3178 specie
3636 3116 3815 3165 trans—

2219 3183 2326 3238 Itur
2353 3185 2418 3240 ad
2446 3200 2634 3255 genus,
2662 3190 2812 3258 quasi
2840 3190 3013 3247 adhuc
3053 3192 3121 3249 de
3163 3196 3342 3265 specie
3370 3197 3619 3269 loquente
3661 3199 3813 3255 Scri-

2219 3288 2395 3345 ptura,
2428 3278 2500 3333 ibi
2538 3281 2762 3351 vigilare
2800 3282 2959 3339 debet
2985 3284 3200 3341 lectoris
3226 3288 3481 3359 intentio,
3513 3306 3581 3347 ne
3607 3300 3813 3363 quaerat

2218 3367 2274 3422 in
2309 3368 2486 3438 specie
2512 3370 2653 3440 quod
2695 3372 2747 3425 in
2776 3388 2971 3443 genere
3000 3384 3174 3445 potest
3200 3378 3391 3435 melius
3420 3390 3473 3436 et
3500 3382 3696 3438 certius
3725 3383 3813 3439 in-

2218 3461 2420 3516 venire.
2477 3462 2655 3519 Facile
2704 3466 2901 3536 quippe
2949 3478 3033 3523 est
3071 3470 3199 3525 illud
3243 3472 3385 3543 quod
3431 3475 3505 3529 ait
3548 3476 3811 3547 propheta

2222 3552 2485 3620 Ezechiel,
2538 3553 2733 3611 Domus
2770 3557 2938 3614 Israel
2980 3560 3221 3616 habitavit
3244 3565 3297 3618 in
3325 3574 3492 3634 terra,
3539 3576 3587 3621 et
3617 3568 3813 3638 pollue-

2219 3653 2338 3697 runt
2377 3644 2521 3698 illam
2562 3647 2616 3699 in
2661 3648 2740 3701 uia
2768 3665 2882 3715 sua,
2938 3658 2985 3704 et
3030 3652 3083 3705 in
3103 3652 3253 3707 idolis
3296 3658 3436 3721 suis,
3494 3667 3544 3711 et
3594 3660 3813 3727 peccatis

2219 3734 2358 3798 suis;
2421 3736 2693 3790 secundum
2746 3739 3121 3794 immunditiam
3181 3754 3504 3800 menstruam:
3546 3746 3684 3816 facta
3739 3759 3813 3805 est

2219 3822 2300 3875 uia
2338 3839 2508 3877 eorum
2550 3834 2665 3879 ante
2700 3828 2880 3898 facient
2930 3846 3112 3886 meam.
3153 3830 3221 3886 Et
3275 3832 3437 3900 e/fudi
3470 3837 3601 3890 iram
3648 3856 3813 3895 meam

2219 3929 2371 3984 super
2410 3932 2513 3982 eos,
2558 3926 2622 3971 et;
2647 3918 2861 3990 dispersi
2902 3920 3020 3975 illos
3041 3922 3172 3977 inter
3204 3926 3454 3994 nationes,
3493 3938 3539 3982 et
3579 3932 3814 3986 ventilavi

2219 4022 2303 4061 eos
2346 4006 2400 4060 in
2445 4008 2711 4079 regiones;
2773 4011 3046 4065 secundum
3089 4014 3194 4067 vias
3243 4032 3415 4070 eorum
3452 4026 3499 4071 et
3534 4021 3811 4076 secundum

2220 4106 2425 4167 peccata
2452 4115 2627 4153 eorum
2642 4100 2870 4170 judicavi
2892 4118 2975 4156 eos
3004 4102 3216 4173 (Ezech.
3256 4121 3449 4175 xxxvn,
3481 4108 3665 4182 l7-l9)
3692 4128 3706 4166 :
3734 4112 3811 4165 fa-

2220 4187 2323 4243 cile
2342 4195 2446 4253 est,
2480 4188 2715 4259 inquam,
2767 4190 2869 4247 hoc
2911 4192 3207 4264 intelligere
3236 4195 3301 4251 de
3323 4197 3411 4252 illa
3433 4198 3592 4254 domo
3622 4199 3806 4270 Israel,

2218 4279 2286 4334 de
2305 4295 2407 4350 qua
2435 4280 2562 4335 dicit
2586 4282 2891 4351 Apostolus,
2928 4282 3106 4340 Videte
3126 4285 3293 4342 Israel
3320 4290 3591 4343 secundum
3606 4308 3811 4347 carnem

2220 4373 2261 4444 (l
2290 4372 2406 4427 Cor.
2438 4388 2493 4440 χ,
2525 4372 2649 4447 18);
2677 4376 2797 4445 quia
2826 4375 2943 4433 haec
2962 4380 3136 4434 omnia
3160 4382 3386 4437 carnalis
3407 4384 3629 4453 populus
3648 4384 3809 4440 Israel

2218 4475 2271 4520 et
2292 4465 2433 4531 fecit,
2467 4476 2521 4521 et
2546 4482 2736 4537 passus
2763 4478 2867 4525 est.
2906 4471 3021 4526 Alia
3048 4473 3207 4528 etiam
3238 4490 3355 4545 quae
3388 4485 3698 4546 sequuntur,
3730 4476 3809 4532 ei-

2216 4555 2339 4612 dem
2371 4558 2730 4628 intelliguntur
2757 4562 2951 4631 populo
2987 4566 3274 4621 convenire
3302 4584 3314 4620 :
3347 4567 3441 4621 sed
3476 4582 3597 4622 cum
3622 4582 3809 4637 caepe-

2218 4649 2287 4703 rit
2314 4648 2513 4714 dicere,
2537 4646 2607 4705 Et
2638 4652 2958 4721 sancti/icabo
3002 4671 3181 4710 nomen
3212 4674 3373 4710 meum
3409 4667 3636 4712 sanctum
3677 4658 3809 4713 illud

2217 4756 2475 4812 magnum,
2519 4743 2653 4812 quod
2696 4744 2943 4812 pollutum
2982 4754 3053 4799 est
3090 4747 3219 4801 inter
3245 4750 3489 4813 nationes,
3521 4750 3656 4821 quod
3695 4750 3809 4821 pol-

2217 4833 2381 4887 luislis
2409 4834 2461 4887 in
2502 4835 2664 4889 medio
2689 4852 2893 4902 earum;
2922 4847 2968 4892 et
3004 4840 3160 4893 scient
3200 4851 3370 4911 gentes
3402 4844 3518 4911 quia
3560 4858 3650 4911 ego
3693 4857 3809 4895 sum

2217 4924 2503 4991 Dominus;
2524 4926 2631 4996 jam
2682 4928 2914 4984 intentus
2960 4931 3119 4986 debet
3157 4948 3294 4999 esse,
3326 4934 3414 5003 qui
3446 4933 3589 5004 legit,
3621 4950 3808 5004 quem-

2216 5018 2501 5072 admodum
2526 5020 2730 5087 spccies
2756 5021 3064 5087 excedatur,
3087 5031 3143 5077 et
3166 5023 3479 5093 adjungatur
3491 5040 3677 5095 genus.
3707 5026 3807 5082 Se-

2216 5111 2396 5180 quitur
2411 5111 2551 5164 cnim
2583 5119 2637 5165 et
2659 5111 2789 5167 dicit
2808 5131 2820 5166 :
2837 5112 2904 5166 Et
2930 5114 3051 5167 dum
3078 5117 3429 5185 sanctiﬁcabor
3446 5118 3499 5172 in
3529 5120 3665 5173 vobis
3689 5128 3807 5175 ante

2216 5203 2389 5255 oculos
2409 5216 2600 5267 eorum,
2624 5211 2671 5256 et
2692 5203 2941 5274 accipiam
2970 5220 3054 5259 vos
3071 5207 3132 5260 de
3157 5208 3404 5278 gentibus,
3423 5219 3469 5263 et
3493 5210 3806 5282 congregabo

2216 5309 2301 5347 vos
2327 5308 2390 5347 ea:
2408 5294 2639 5348 omnibus
2663 5296 2827 5363 terris,
2852 5306 2897 5349 et
2921 5296 3159 5351 inducam
3182 5315 3267 5353 vos
3296 5300 3347 5353 in
3360 5309 3545 5354 terram
3570 5311 3805 5368 vestram;

2214 5394 2265 5438 et
2298 5400 2565 5456 aspergam
2590 5401 2677 5440 vos
2699 5402 2831 5455 aqua
2854 5388 3065 5455 munda,
3092 5398 3137 5443 et
3162 5390 3522 5446 mundabimini
3554 5394 3617 5446 ab
3642 5393 3807 5448 omni-

2214 5474 2304 5529 bus
2345 5475 2628 5533 simulacris
2671 5477 2863 5545 vestris,
2909 5488 2957 5533 et
3000 5480 3249 5535 mandabo
3285 5498 3371 5537 vos
3398 5498 3417 5536 :
3444 5492 3491 5537 et
3514 5482 3643 5537 dabo
3668 5484 3804 5540 vobis

2215 5585 2301 5622 cor
2337 5585 2535 5635 novum,
2561 5579 2606 5624 et
2629 5568 2879 5641 Spiritum
2917 5589 3098 5628 novum
3138 5574 3267 5629 dabo
3295 5575 3347 5629 in
3367 5591 3484 5643 vos;
3506 5586 3551 5631 et
3574 5576 3805 5647 auferam

2214 5675 2301 5713 cor
2326 5659 2583 5730 lapideum
2599 5662 2662 5716 de
2678 5679 2829 5717 carne
2852 5675 3032 5732 uestra,
3060 5674 3109 5720 et
3131 5665 3259 5721 dabo
3278 5668 3414 5722 vobis
3436 5684 3524 5723 cor
3541 5684 3803 5737 corneum,

2213 5767 2259 5812 et
2286 5758 2536 5827 Spiritum
2559 5776 2723 5813 meum
2752 5760 2881 5815 dabo
2907 5762 2959 5814 in
2984 5778 3069 5816 vos
3102 5777 3119 5815 :
3148 5771 3194 5817 et
3219 5764 3405 5835 faciam
3432 5772 3487 5817 ut
3506 5765 3559 5819 in
3594 5764 3803 5833 iustitiis

2278 5870 2293 5901 ⁸
2322 5877 2425 5923 Mss.
2451 5872 2698 5935 undecim,
2722 5870 3007 5927 disserendi.
