4060 6452
282 381 355 435 ss
1582 364 1785 421 LIBER
1826 362 2135 420 manus.
3478 374 3546 429 εδ

281 496 407 551 meis
431 492 712 559 ambuletis,
743 502 789 547 et
801 492 996 563 judicia
1024 508 1130 544 utea
1154 488 1465 553 custodiatis,
1495 496 1537 540 et
1561 486 1758 559 faciatis
1786 492 1872 538 :et

284 588 576 645 habitabilis
624 586 676 639 in
730 594 893 649 terra,
946 600 1096 655 quam
1138 574 1251 659 dedi
1296 580 1521 651 patribus
1563 578 1773 644 vestris;
1826 588 1873 632 et

280 680 418 735 eritis
439 678 564 731 mihi
580 678 631 729 in
661 675 921 746 pOpulum,
949 684 993 727 et
1019 690 1107 744 ego
1128 689 1211 726 ero
1232 673 1363 726 vobis
1382 672 1433 725 in
1453 670 1650 734 Deum;
1677 678 1874 723 811111111-

281 772 413 825 dabo
441 784 530 822 vos
549 784 610 820 ea:
638 764 866 820 erunibus
890 764 1217 818 immunditiis
1247 760 1453 835 vestris(
1480 760 1662 814 Ezech.
1689 774 1870 825 xxxvr,

277 861 497 930 23-29).
543 858 653 913 Hoc
691 855 759 911 de
781 855 929 910 Novo
950 855 1290 910 Testamento
1316 869 1435 909 esse
1476 850 1871 921 prophetatum,

279 952 345 1004 ad
380 949 525 1021 quod
555 948 787 1019 pertinet
819 962 923 1000 non
963 945 1133 999 solum
1162 960 1264 998 una
1294 958 1421 1015 gens
1450 943 1537 996 illa
1561 941 1612 996 in
1639 940 1875 1009 reliquiis

278 1044 414 1110 suis,
444 1057 513 1095 ne
550 1040 741 1111 quibus
781 1039 910 1094 alibi
955 1038 1206 1108 scriptum
1238 1046 1339 1103 est,
1375 1037 1435 1091 Si
1456 1036 1605 1107 fuerit
1637 1050 1874 1087 numerus

278 1135 507 1203 ﬁliorum
536 1131 700 1186 Israel
727 1131 855 1185 sicut
881 1146 1033 1184 arena
1080 1129 1253 1195 maris,
1300 1128 1523 1199 reliquie:
1564 1125 1719 1181 saltue
1754 1126 1874 1195 ﬁent

280 1226 299 1294 (
322 1223 451 1278 Isai.
477 1240 532 1290 ς,
563 1222 692 1294 22),
731 1237 907 1275 verum
929 1222 1087 1275 etiam
1132 1229 1339 1275 cmterze
1364 1226 1567 1290 gentes,
1611 1233 1727 1288 qua:
1752 1232 1872 1287 pro-

280 1317 462 1371 missa:
508 1325 635 1370 sunt
680 1313 918 1382 patribus
944 1328 1148 1377 eorum,
1193 1312 1282 1381 qui
1326 1312 1482 1365 etiam
1514 1308 1679 1364 nostri
1710 1316 1868 1373 sunt;

280 1423 388 1462 non
430 1406 657 1475 ambigit
685 1405 921 1475 quisquis
962 1404 1193 1458 intuetur
1215 1411 1270 1458 et
1294 1402 1555 1457 lavacrum
1587 1414 1870 1470 regenera-

279 1499 439 1553 tionis
462 1498 550 1551 hic
580 1512 699 1553 esse
724 1497 1063 1567 promissum,
1093 1494 1233 1564 quod
1261 1508 1399 1549 nunc
1426 1493 1667 1547 videmus
1703 1490 1874 1545 omni-

280 1590 380 1643 bus
405 1588 656 1658 gentibus
692 1584 996 1642 redditum':
1025 1595 1079 1640 et
1109 1585 1238 1640 illud
1280 1584 1419 1655 quod
1463 1585 1536 1637 ait
1564 1582 1870 1652 Apostolus,

282 1696 401 1736 cum
447 1680 586 1735 Novi
628 1679 955 1734 Tcstamenti
1001 1679 1226 1749 gratiam
1272 1676 1687 1743 commendaret,
1736 1676 1872 1729 utin

279 1771 676 1842 comparatione
713 1769 919 1825 Veteris
971 1771 1251 1834 emineret,
1304 1768 1531 1835 Epistola
1578 1775 1749 1821 nostra
1788 1781 1873 1820 vos

281 1862 413 1927 estis,
450 1862 644 1929 scripta
690 1877 791 1913 non
823 1870 1120 1924 atramento,
1148 1860 1235 1913 sed
1265 1860 1462 1927 Spiritu
1497 1858 1592 1912 Dei
1620 1858 1743 1919 vivi;
1772 1872 1873 1909 non

281 1952 331 2004 iu
350 1951 534 2004 tabulis
563 1951 795 2019 lapideis,
825 1951 912 2003 sed
935 1951 985 2003 in
1014 1944 1869 2016 tabuliscordiscarnalibus(llCor.

280 2057 355 2106 111,
376 2042 432 2107 2,
464 2042 542 2112 3),
569 2040 691 2093 hinc
709 2055 830 2095 esse
849 2040 1062 2109 reSpicit
1082 2049 1134 2094 et
1152 2040 1402 2109 perspicit
1427 2039 1638 2092 ductum
1665 2037 1749 2090 ubi
1772 2037 1872 2091 iste

279 2131 535 2201 propheta
560 2131 708 2197 dicit,
737 2129 803 2183 Et
834 2131 962 2184 dabo
995 2128 1129 2184 vobis
1168 2146 1253 2183 cor
1292 2146 1494 2193 novum,
1536 2137 1579 2181 et
1622 2127 1873 2196 Spiritum

280 2238 464 2275 novum
504 2222 636 2274 dabo
665 2222 716 2273 in
744 2237 865 2284 vos;
896 2230 939 2273 et
961 2222 1188 2291 auferam
1243 2236 1328 2273 cor
1354 2219 1604 2289 lapideum
1633 2220 1694 2271 de
1722 2234 1873 2271 carne

279 2322 461 2378 vestra,
483 2322 529 2366 et
551 2313 681 2365 dabo
701 2312 839 2365 vobis
860 2329 945 2365 cor
969 2327 1221 2364 corneum.
1244 2309 1350 2365 Cor
1376 2311 1568 2379 quippe
1596 2324 1870 2375 carneum,

280 2402 419 2456 unde
446 2404 524 2456 ait
552 2401 858 2471 Apostolus,
900 2400 1083 2454 tabulis
1120 2400 1286 2453 cordis
1326 2400 1627 2459 carnalibus.
1657 2414 1685 2451 a
1712 2397 1872 2453 corde

278 2494 493 2563 lapideo
518 2494 685 2547 voluit
706 2492 812 2546 vita
840 2493 1101 2547 sentiente
1120 2491 1369 2555 discerni,
1394 2501 1446 2545 ct
1468 2506 1562 2560 per
1582 2490 1739 2543 vitam
1761 2503 1873 2543 sen'

280 2586 503 2640 tientem
536 2583 855 2655 signiﬁcavit
896 2583 1295 2651 intelligentem.
1328 2582 1414 2637 Sic
1442 2581 1500 2635 ﬁt
1527 2580 1686 2635 Israel
1715 2580 1873 2648 spiri~

281 2676 463 2741 tualis,
495 2690 606 2728 non
635 2674 792 2727 unius
819 2673 1011 2742 gentis,
1053 2672 1146 2727 sed
1172 2672 1407 2726 omnium
1437 2687 1555 2740 qua:
1598 2671 1873 2740 promissa:

281 2774 405 2821 sunt
435 2764 677 2834 patribus
700 2765 751 2817 in
776 2780 959 2818 eorum
990 2761 1209 2827 semine,
1244 2761 1384 2830 quod
1415 2768 1495 2814 est
1520 2759 1781 2815 Christus.

349 2855 440 2910 49.
468 2854 561 2907 Hic
585 2868 710 2924 ergo
732 2853 890 2907 Israel
912 2852 1199 2923 spiritualis
1220 2850 1287 2905 ab
1308 2852 1397 2905 illo
1423 2850 1618 2906 lsraele
1644 2850 1868 2916 carnali,

282 2948 368 3018 qui
398 2955 485 3001 est
514 2947 669 2999 unius
694 2946 866 3015 gentis
886 2985 902 3010 ,
933 2944 1165 2999 novitate
1189 2943 1405 3011 gratiae,
1450 2957 1554 2997 non
1594 2942 1870 2997 nobilitate

282 3037 493 3106 patriae,
526 3044 579 3089 et
606 3043 785 3089 mente
809 3049 911 3088 non
938 3040 1094 3103 gente
1121 3033 1459 3103 distinguitur
1483 3050 1497 3087 :
1525 3033 1619 3088 sed
1647 3032 1872 3086 altitudo

283 3128 598 3198 prophetica
622 3126 747 3179 dum
774 3125 840 3179 de
869 3126 959 3179 illo
988 3126 1068 3179 vel
1098 3125 1164 3177 ad
1185 3125 1331 3179 illum
1364 3125 1612 3195 loquitur,
1646 3125 1873 3178 latenter

286 3217 477 3271 transit
504 3217 570 3269 ad
601 3216 776 3282 hunc;
805 3226 1003 3271 etcum
1030 3215 1137 3283 jam
1170 3215 1237 3270 de
1257 3214 1359 3268 isto
1382 3216 1462 3269 vel
1495 3215 1559 3268 ad
1594 3216 1747 3267 istum
1789 3216 1871 3267 lo-

285 3314 502 3376 quatur,
535 3306 708 3359 adhuc
731 3306 797 3359 de
824 3306 913 3359 illo
943 3306 1024 3360 vel
1053 3306 1117 3359 ad
1152 3306 1296 3359 illum
1326 3306 1465 3374 loqui
1496 3305 1733 3370 videtur;
1766 3320 1869 3359 non

291 3397 625 3451 intellectum
656 3397 1046 3466 Scripturarum
1074 3396 1225 3449 nobis
1253 3396 1401 3465 quasi
1432 3395 1692 3449 hostiliter
1732 3396 1870 3450 invi-

290 3488 430 3543 dens
457 3530 472 3552 ,
519 3488 610 3541 scd
638 3502 890 3542 exercens
916 3486 1298 3542 medicinaliter
1322 3496 1585 3541 nostrum.
1627 3488 1776 3542 Unde
1817 3498 1871 3543 et

289 3579 423 3633 illud
455 3578 596 3647 quod
634 3579 735 3641 ait,
770 3578 837 3631 Et
875 3577 1111 3632 inducant
1137 3594 1222 3631 vos
1247 3578 1299 3630 in
1330 3585 1513 3631 terram
1544 3588 1789 3641 vestram;
1818 3587 1871 3633 et

288 3670 454 3739 paulo
496 3680 633 3738 post,
679 3680 924 3738 tanquam
970 3668 1193 3737 idipsum
1241 3676 1517 3735 repetens,
1566 3666 1632 3720 Et
1671 3666 1869 3721 habita-

290 3759 447 3823 bilis,
505 3758 710 3827 inquit,
760 3760 810 3811 in
858 3770 990 3811 terra
1031 3774 1181 3826 quam
1226 3756 1340 3810 dedi
1390 3757 1616 3827 patribus
1665 3758 1870 3822 vestris;

291 3865 401 3904 non
446 3850 727 3903 carnaliter
768 3849 899 3902 sicut
943 3849 1171 3902 carnalis
1212 3847 1406 3915 Israel,
1451 3847 1544 3903 sed
1591 3848 1872 3919 spirituali-

292 3952 377 3995 ter
404 3942 539 3995 sicut
562 3942 846 4010 spiritualis
870 3941 1123 3997 debemus
1138 3941 1396 4010 accipere.
1423 3942 1654 3996 Ecclesia
1678 3943 1872 4012 quippe

293 4034 411 4087 sine
466 4032 669 4085 macula
715 4041 764 4085 et
815 4046 941 4101 ruga
987 4030 1208 4103 (Ephes.
1249 4046 1312 4096 v,
1362 4030 1464 4101 27)
1513 4045 1577 4086 ex
1629 4031 1872 4085 omnibus

293 4122 537 4191 gentibus
564 4131 899 4191 congregata,
924 4131 1077 4189 atque
1101 4123 1151 4176 in
1175 4130 1431 4175 azternnm
1452 4130 1732 4191 regnatura
1749 4136 1869 4175 cum

294 4212 544 4275 Christo,
588 4214 699 4280 ipsa
742 4220 823 4265 est
864 4221 999 4265 terra
1046 4213 1353 4276 beatorum,
1398 4220 1540 4265 terra
1586 4211 1872 4265 viventium

296 4300 467 4372 (Psal.
504 4318 650 4367 xxvi,
681 4303 797 4372 15);
843 4303 952 4372 ipsa
982 4302 1321 4371 intelligenda
1358 4310 1439 4355 est
1469 4302 1706 4371 patribus
1727 4301 1869 4368 data,

294 4394 509 4463 quando
537 4395 613 4447 eis
643 4403 786 4447 certa
814 4403 867 4449 et
888 4394 1303 4447 incommutabili
1337 4393 1431 4448 Dei
1452 4394 1721 4449 voluntate
1746 4409 1875 4465 pro-

296 4484 457 4537 missa
489 4492 572 4537 est
602 4501 613 4537 :
643 4484 887 4553 quoniam
930 4484 1040 4553 ipsa
1087 4484 1452 4553 promissionis
1475 4485 1559 4539 vel
1597 4485 1872 4555 prmdesti-

299 4576 535 4629 natiOuis
574 4576 822 4631 ﬁrmitate
846 4576 952 4645 jam
981 4576 1101 4630 data
1131 4584 1232 4642 est,
1264 4592 1381 4645 qum
1410 4576 1581 4630 danda
1616 4594 1712 4631 suo
1739 4587 1873 4632 tem-

298 4680 427 4735 pore
452 4682 481 4719 a
514 4666 749 4735 patribus
775 4666 973 4720 credita
1002 4676 1115 4733 est;
1158 4667 1294 4721 sicut
1323 4666 1389 4721 de
1415 4668 1524 4735 ipsa
1553 4669 1719 4737 gratia
1755 4684 1873 4737 qua:

298 4757 499 4809 sanctis
529 4757 702 4820 datur,
731 4757 972 4810 scribens
1002 4756 1069 4810 ad
1096 4757 1429 4811 Timotheum
1460 4758 1743 4825 Apostolus
1780 4758 1871 4822 ait,

300 4847 423 4901 Non
450 4848 725 4901 secundum
753 4864 905 4918 apera
927 4858 1095 4902 nostra
1115 4888 1131 4914 ,
1171 4848 1260 4902 sed
1295 4848 1569 4901 secundum
1593 4864 1736 4901 suum
1758 4866 1876 4918 pro-

299 4941 519 5009 positum
547 4948 594 4992 et
629 4942 863 5009 gratiam,
892 4956 1005 5009 qua:
1032 4940 1149 4992 data
1177 4950 1249 4994 est
1274 4941 1415 4994 nobis
1443 4940 1496 4993 in
1528 4937 1724 4993 Christo
1751 4937 1875 4993 Jesu

297 5041 414 5084 ante
442 5031 630 5083 swcula
654 5040 863 5096 attenta,
889 5031 1204 5101 manifestata
1226 5038 1391 5083 autem
1418 5046 1549 5083 nunc
1574 5046 1661 5099 per
1686 5030 1873 5083 adven-

298 5132 404 5175 tum
450 5122 736 5177 Salvatoris
779 5122 936 5175 nostri
968 5120 1031 5192 (Il
1058 5119 1192 5174 Tim.
1221 5137 1259 5187 1,
1290 5118 1479 5192 9,10).
1531 5120 1715 5175 Datam
1743 5119 1876 5175 dixit

297 5214 547 5281 gratiam,
569 5211 780 5280 quando
804 5226 902 5266 nec
918 5222 1069 5266 erant
1083 5210 1253 5265 adhuc
1270 5211 1458 5281 quibus
1473 5210 1717 5274 daretur;
1740 5226 1876 5279 quo-

300 5305 444 5357 niam
472 5302 529 5356 in
556 5301 901 5372 dispositione
926 5318 988 5357 ac
1014 5302 1477 5371 prmdestinatione
1518 5302 1610 5355 Dei
1648 5301 1756 5369 jam
1796 5300 1875 5355 ia-

299 5402 448 5447 ctum
477 5403 594 5447 erat
618 5392 756 5462 quod
783 5408 879 5446 suo
909 5401 1147 5462 tempore
1176 5390 1405 5445 futurum
1438 5399 1572 5457 erat,
1603 5390 1741 5460 quod
1764 5391 1876 5459 ipse

301 5486 429 5540 dicit
459 5485 870 5539 manilestatum.
910 5483 1161 5551 Quamvis
1202 5482 1316 5537 hare
1351 5483 1551 5553 possint
1580 5482 1797 5551 intelligi
1824 5490 1879 5537 ct

303 5575 369 5629 de
412 5585 553 5630 terra
592 5574 752 5629 futuri
784 5575 979 5641 saeculi,
1014 5573 1223 5645 quando
1248 5574 1348 5628 erit
1372 5574 1561 5628 malum
1602 5588 1796 5627 novum
1826 5581 1879 5629 et

306 5674 443 5720 terra
470 5681 607 5720 nova
635 5664 815 5737 (Apoc.
842 5681 952 5731 xxi,
982 5663 1056 5737 1),
1089 5666 1139 5719 111
1167 5680 1269 5734 qua
1296 5664 1477 5733 injusti
1510 5665 1745 5718 habitare
1771 5680 1875 5720 non

306 5766 572 5829 poterunt.
607 5759 670 5813 Et
697 5758 815 5814 ideo
835 5766 979 5814 recte
1005 5756 1195 5814 dicitur
1221 5758 1320 5828 piis
1345 5755 1484 5827 quod
1512 5756 1621 5825 ipsa
1644 5757 1712 5813 sit
1738 5766 1877 5812 terra

1979 498 2182 550 eorum,
2215 500 2332 555 quae
2362 486 2462 539 ulla
2492 502 2554 541 ex
2578 496 2723 558 parte
2752 504 2855 544 non
2885 491 2987 546 erit
3016 491 3329 563 impiorum;
3353 494 3471 564 quia
3495 503 3547 549 et

1979 572 2091 641 ipsa
2117 574 2359 629 similiter
2386 575 2507 631 data
2534 588 2635 644 est,
2667 579 2878 648 quando
2904 581 3075 637 danda
3103 584 3306 638 ﬁrmata
3338 594 3435 639 est.

2134 665 2359 723 CAPUT
2385 667 2600 723 XXXV.
2623 700 2692 709 ——
2713 672 2906 743 Regula
2930 674 3102 743 quinta
3129 673 3374 729 Tichonii.

2049 757 2137 813 50.
2179 757 2427 827 Quintam
2466 760 2750 817 Tichonius
2788 764 3020 833 regulam
3064 765 3233 833 ponit,
3283 754 3439 835 quam
3471 766 3544 821 De

1981 849 2308 919 temporibus
2347 851 2603 920 appellat;
2646 868 2748 923 qua
2779 854 2956 923 regula
2989 855 3294 926 plerumque
3323 856 3545 911 inveniri

1978 940 2057 993 vel
2085 940 2273 1010 conjici
2306 942 2467 1011 possit
2495 942 2660 997 latens
2681 945 2731 998 in
2752 943 3035 1014 Scripturis
3060 948 3254 1001 sanctis
3283 949 3547 1019 quantitas

1981 1038 2299 1100 temporum.
2328 1032 2538 1087 Duobus
2559 1042 2733 1088 autem
2766 1034 2935 1089 modis
2961 1036 3138 1106 vigere
3163 1036 3288 1091 dicit
3315 1036 3450 1091 hanc
3471 1054 3548 1092 re-

1976 1120 2188 1190 gulam;
2217 1129 2306 1176 aut
2342 1130 2491 1193 tropo
2518 1124 2871 1195 synecdoche,
2901 1136 2992 1181 aut
3020 1127 3267 1197 legitimis
3289 1129 3545 1183 numeris.

1978 1211 2183 1282 Tr0pus
2224 1214 2588 1284 synecdoche,
2634 1226 2721 1270 aut
2757 1231 2787 1270 a
2830 1226 2977 1286 parte
3024 1224 3227 1283 totum,
3265 1228 3353 1272 aut
3381 1235 3411 1272 a
3440 1227 3549 1273 toto

1980 1312 2180 1371 partem
2204 1302 2330 1358 facit
2357 1304 2573 1375 intelligi
2600 1323 2612 1358 :
2643 1306 2776 1360 sicut
2800 1323 2935 1361 unus
2960 1309 3276 1378 evangelista
3300 1319 3417 1379 post
3436 1309 3550 1364 dies

1979 1403 2100 1449 octo
2128 1394 2323 1449 factum
2354 1396 2502 1461 dicit,
2529 1397 2668 1467 quod
2686 1398 2818 1452 alius
2845 1407 2963 1468 post
2990 1398 3107 1454 dies
3127 1414 3246 1467 sex,
3268 1400 3477 1470 quando
3495 1402 3548 1455 in

1978 1496 2157 1541 monte
2172 1488 2445 1558 discipulis
2462 1499 2663 1544 tantum
2693 1490 2860 1546 tribus
2889 1492 3237 1561 praesentibus
3254 1492 3415 1548 facies
3442 1494 3549 1548 Βο-

1977 1583 2103 1635 mini
2132 1581 2271 1636 fulsit
2300 1592 2356 1637 ut
2381 1584 2480 1648 sol,
2510 1592 2563 1639 et
2588 1585 2897 1640 vestimenta
2914 1585 3176 1654 ejussicut
3195 1586 3283 1641 nix
3313 1585 3546 1661 (Lchx,

1976 1672 2064 1739 28;
2086 1673 2268 1727 Matth.
2289 1691 2415 1740 xvu,
2438 1675 2553 1742 1,2;
2575 1675 2738 1730 Marc.
2759 1693 2831 1741 Ix,
2853 1675 3294 1748 1,2).Utrumque
3311 1679 3451 1733 enim
3466 1694 3549 1734 ve-

1977 1780 2094 1818 rum
2117 1779 2234 1819 esse
2252 1780 2353 1819 non
2385 1776 2582 1835 posset,
2607 1766 2746 1835 quod
2776 1766 2842 1821 de
2868 1783 3087 1821 numero
3116 1767 3321 1823 dierum
3351 1767 3547 1822 dictum

1977 1868 2079 1925 est,
2104 1858 2201 1913 nisi
2221 1859 2308 1914 ille
2322 1861 2408 1929 qui
2427 1860 2577 1926 dixit,
2602 1869 2710 1930 post
2732 1860 2836 1914 dies
2856 1868 2983 1923 octo,
3009 1860 3329 1930 intelligatur
3346 1868 3547 1929 partem

1975 1950 2316 2004 novissimam
2343 1950 2447 2005 diei
2472 1966 2541 2005 ex
2567 1966 2669 2020 quo
2688 1950 2739 2004 id
2761 1949 3004 2005 Christus
3025 1949 3266 2020 prmdixit
3293 1949 3547 2014 futurum,

1977 2048 2030 2095 ct
2058 2051 2259 2109 partem
2288 2041 2511 2111 primam
2539 2040 2644 2095 diei
2668 2054 2773 2110 quo
2800 2039 2849 2094 id
2877 2039 3107 2094 ostendit
3136 2040 3427 2109 impletum,
3456 2055 3551 2109 pro

1978 2134 2102 2187 totis
2137 2134 2323 2189 diebus
2349 2132 2552 2188 duobus
2585 2141 2744 2203 atque
2774 2132 2991 2203 integris
3018 2131 3293 2202 posuisse;
3341 2132 3385 2185 is
3426 2147 3551 2187 vero

1977 2224 2063 2294 qui
2096 2224 2255 2288 dixit,
2298 2232 2407 2293 post
2436 2223 2543 2277 dies
2569 2239 2676 2290 sex,
2710 2222 2945 2291 integros
2974 2236 3159 2276 omnes
3187 2230 3239 2277 et
3266 2228 3425 2289 totos,
3456 2222 3550 2277 sed

1977 2315 2121 2368 solos
2151 2313 2355 2369 medica
2386 2323 2742 2382 computasse.
2773 2313 2883 2367 [loc
2907 2312 3067 2367 modo
3106 2312 3414 2377 locutionis,
3446 2326 3551 2382 quo

1977 2404 2305 2473 signiﬁcatur
2325 2418 2351 2456 a
2376 2412 2525 2473 parte
2542 2410 2734 2471 totum,
2764 2403 2922 2457 etiam
2952 2402 3039 2455 illa
3069 2400 3137 2457 de
3162 2402 3551 2457 resurrecﬁoue

1976 2493 2171 2548 Christi
2196 2493 2420 2547 solvitur
2439 2492 2682 2562 qumstio.
2710 2490 2839 2545 Pars
2860 2493 2999 2546 enim
3021 2492 3303 2546 novissima
3327 2490 3432 2547 diei
3446 2507 3550 2561 quo

1978 2600 2165 2653 passus
2190 2584 2407 2651 est,nisi
2440 2598 2533 2653 pro
2563 2592 2674 2637 toto
2701 2582 2789 2637 die
2818 2584 3125 2652 accipiatur,
3155 2584 3205 2637 id
3233 2591 3335 2650 est,
3354 2583 3547 2653 adjun-

1978 2684 2059 2727 cta
2087 2675 2243 2728 etiam
2275 2683 2427 2727 nocte
2455 2672 2717 2743 prmterita
2742 2689 2757 2739 ;
2789 2681 2843 2727 et
2869 2688 2970 2727 nox
3000 2674 3052 2727 in
3081 2674 3231 2743 cujus
3258 2682 3404 2742 parte
3430 2673 3549 2728 ulti-

1978 2779 2062 2817 ma
2111 2764 2431 2827 resurrexit,
2472 2763 2572 2816 nisi
2614 2770 2753 2817 totus
2796 2762 2911 2817 dies
2951 2762 3260 2831 accipiatur,
3299 2763 3549 2833 adjuncto

1976 2855 2179 2910 scilicet
2206 2856 2290 2909 die
2319 2855 2657 2909 illucescente
2686 2854 2985 2921 dominico,
3028 2870 3133 2909 non
3173 2864 3393 2924 possunt
3432 2871 3549 2911 esse

1977 2953 2086 3000 tres
2105 2944 2220 3000 dies
2248 2954 2301 2999 et
2330 2953 2439 2999 tres
2466 2954 2668 3010 noctes,
2698 2944 2887 3015 quibus
2910 2960 2967 3001 se
2988 2946 3045 3000 in
3066 2945 3225 3001 corde
3241 2954 3393 3001 terra:
3414 2962 3549 3017 pra:-

1976 3035 2109 3089 dixit
2138 3033 2369 3087 futurum
2396 3033 2607 3103 (Matth.
2642 3050 2732 3102 xu,
2760 3032 2872 3106 40).

2048 3127 2135 3181 51.
2177 3125 2463 3195 Legitimos
2483 3135 2661 3179 autem
2692 3138 2940 3180 numeros
2964 3124 3111 3191 dicit,
3144 3140 3277 3195 quos
3304 3126 3546 3181 eminen-

1976 3218 2082 3271 tius
2110 3216 2285 3271 divina
2311 3216 2579 3285 Scriptura
2606 3216 2964 3282 commendat,
2993 3216 3131 3271 sicut
3162 3218 3544 3286 scptenarium,

1974 3309 2059 3363 vel
2103 3307 2378 3361 denarium
2406 3349 2419 3373 ,
2452 3307 2533 3362 vel
2564 3306 2941 3361 duodenarium
2964 3346 2979 3371 ,
3024 3314 3077 3361 et
3117 3307 3432 3377 quicumque
3460 3308 3548 3362 alii

1976 3407 2118 3463 sunt,
2152 3414 2285 3467 quos
2312 3397 2534 3468 legendo
2562 3398 2783 3452 studiosi
2812 3398 3040 3452 libenter
3073 3408 3383 3468 agnoscunt.
3424 3400 3547 3455 Ple-

1976 3506 2198 3559 rumque
2214 3491 2353 3545 enim
2379 3490 2675 3559 hujusmodi
2698 3490 2900 3544 numeri
2926 3505 3024 3559 pro
3041 3491 3288 3545 universo
3309 3500 3549 3560 tempore

1977 3593 2240 3655 ponuntur
2265 3602 2277 3637 :
2307 3584 2463 3648 sicut,
2489 3583 2683 3653 Septies
2704 3584 2755 3637 in
2775 3583 2855 3637 die
2875 3582 3091 3637 laudabo
3108 3590 3153 3637 te
3173 3581 3339 3655 (Psal.
3363 3599 3542 3649 cxvttt,

1978 3672 2123 3744 161),
2153 3674 2280 3728 nihil
2313 3674 2557 3729 estaliud
2582 3690 2760 3744 quam,
2791 3672 3003 3743 Semper
3023 3674 3135 3729 laus
3151 3675 3257 3745 ejus
3273 3674 3323 3727 in
3340 3690 3425 3728 ore
3442 3692 3548 3729 meo

1978 3764 2150 3839 (Psal.
2184 3782 2379 3830 xxxm,
2408 3765 2487 3834 2).
2520 3764 2869 3819 Tantumdem
2900 3764 3076 3819 valent
3116 3773 3169 3819 et
3209 3780 3328 3818 cum
3368 3753 3547 3818 inulti-

1976 3859 2255 3928 plicantur,
2288 3858 2399 3912 sive
2421 3872 2515 3926 per
2542 3855 2836 3920 denarium,
2870 3854 3006 3909 sicut
3031 3855 3355 3925 septuaginta
3380 3863 3434 3908 et
3460 3868 3547 3909 se-

1976 3951 2235 4020 ptingenti
2258 3966 2270 4009 :
2302 3948 2439 4002 unde
2470 3956 2691 4017 possunt
2718 3955 2770 4001 ct
2798 3946 3128 4018 septuaginta
3152 3946 3275 3999 anni
3301 3944 3545 4001 Jeremia:

1978 4039 2189 4109 (Jercm.
2223 4054 2355 4103 xxv,
2387 4039 2475 4106 11)
2508 4054 2602 4107 pro
2635 4038 2885 4092 universo
2932 4047 3167 4107 tempore
3207 4038 3548 4106 spiritualiter

1976 4129 2163 4198 accipi,
2190 4144 2293 4197 quo
2312 4139 2389 4183 est
2405 4127 2542 4197 apud
2568 4129 2765 4182 alienos
2785 4128 3015 4182 Ecclesia
3042 4145 3054 4180 :
3078 4128 3190 4182 sive
3208 4143 3304 4198 per
3322 4129 3546 4198 seipsos,

1978 4220 2114 4273 sicut
2148 4219 2331 4273 decem
2374 4233 2467 4287 per
2500 4218 2681 4271 decem
2704 4260 2717 4283 ,
2763 4226 2974 4272 centum
3002 4225 3152 4283 sunt;
3194 4226 3247 4272 ct
3269 4218 3545 4273 duodecim

1981 4326 2075 4379 per
2102 4308 2402 4373 duodecim,
2433 4318 2647 4362 centum
2675 4308 3017 4377 quadraginta
3040 4317 3294 4378 quatuor;
3326 4324 3432 4379 quo
3452 4325 3551 4364 nu-

1980 4415 2128 4455 mero
2153 4399 2477 4469 signiﬁcatur
2506 4399 2817 4453 universitas
2840 4409 3138 4453 sanctorum
3164 4401 3214 4453 in
3235 4400 3549 4471 Apocalypsi

1980 4490 2161 4563 (Apoc.
2182 4506 2275 4552 vn,
2298 4490 2377 4561 4).
2397 4490 2546 4546 Unde
2566 4500 2783 4559 apparet
2806 4506 2908 4545 non
2933 4491 3073 4545 solas
3090 4499 3383 4560 temporum
3405 4507 3551 4562 qua:-

1978 4582 2178 4634 stiones
2204 4580 2318 4633 istis
2347 4582 2584 4634 numeris
2608 4594 2728 4635 esse
2749 4580 3049 4647 solvendas,
3068 4580 3160 4635 sed
3190 4581 3343 4635 latius
3372 4591 3550 4651 patere

1979 4670 2392 4739 signiﬁcationes
2420 4684 2624 4735 eorum,
2653 4679 2707 4725 et
2734 4670 2783 4725 in
2816 4671 2976 4724 multa
3003 4685 3337 4743 proserpere.
3368 4672 3550 4745 Neque

1980 4762 2121 4815 enim
2145 4775 2397 4816 numerus
2424 4761 2522 4816 iste
2547 4761 2599 4815 in
2628 4762 2940 4833 Apocalypsi
2957 4762 3024 4818 ad
3042 4771 3275 4833 tempora
3302 4765 3549 4834 pertinet,

1978 4853 2074 4908 sed
2098 4853 2163 4907 ad
2196 4853 2454 4907 homines.
3149 4890 3153 4903 .

2139 4941 2363 4997 CAPUT
2394 4940 2632 4996 XXXVI.
2663 4971 2735 4982 -—
2760 4942 2954 5014 Regula
2976 4952 3117 4998 sexta
3143 4944 3393 4999 Τίς-1101111.

2052 5034 2139 5088 52.
2181 5032 2395 5089 Sextum
2437 5035 2671 5103 regulam
2714 5035 3000 5091 Ticbonius
3044 5036 3548 5107 Recapitulationem

1982 5132 2169 5190 vocat,
2214 5124 2267 5177 in
2311 5124 2631 5179 obscuritate
2678 5123 3065 5194 Scripturarum
3106 5127 3233 5180 satis
3276 5126 3552 5195 vigilanter

1981 5214 2271 5269 inventam.
2301 5214 2388 5268 Sic
2412 5214 2552 5269 enim
2573 5214 2814 5268 dicuntur
2835 5216 3075 5285 qumdam
3097 5216 3241 5285 quasi
3268 5225 3554 5284 sequantur
3588 5232 3605 5239 ‘

1983 5304 2035 5359 in
2062 5304 2248 5360 ordine
2276 5305 2561 5374 temporis,
2589 5305 2670 5360 vel
2699 5320 2873 5361 rerum
2900 5307 3297 5360 continuatione
3326 5320 3550 5361 narren-

1986 5404 2089 5459 tur,
2120 5411 2240 5450 cum
2265 5395 2331 5449 ad
2354 5395 2526 5463 priora
2551 5412 2668 5465 qua:
2696 5397 3045 5465 prtetermissa
3073 5395 3296 5459 fuerant,
3327 5396 3556 5451 latenter

1984 5488 2218 5540 narratio
2242 5493 2551 5540 revocetur:
2584 5487 2722 5556 quod
2750 5486 2849 5541 nisi
2871 5503 2935 5542 ex
2963 5486 3060 5540 hac
3086 5486 3266 5556 regula
3296 5487 3555 5555 intelliga-

1987 5587 2099 5642 tur,
2145 5586 2371 5631 crratur.
2415 5576 2565 5632 Sicut
2598 5576 2650 5633 in
2697 5576 2919 5643 Genesi,
2952 5576 3016 5629 Et
3047 5578 3321 5645 plantavit,
3353 5578 3549 5647 inquit,

1984 5667 2231 5721 Dominus
2255 5666 2387 5721 Deus
2409 5669 2697 5739 paradisum
2724 5668 2773 5721 in
2801 5667 2940 5721 Edcu
2957 5668 3023 5720 ad
3039 5669 3294 5736 orientem,
3322 5679 3367 5722 et
3393 5670 3556 5737 posuit

1987 5759 2052 5811 ibi
2076 5759 2324 5811 hominem
2352 5774 2497 5825 quem
2526 5758 2755 5827 forman
2776 5777 2791 5823 ;
2831 5768 2875 5811 ct
2905 5759 3141 5827 produxit
3167 5759 3297 5814 Deus
3314 5758 3477 5811 adhuc
3494 5758 3555 5810 de
