4060 6454
3446 195 3456 219 ἱ

273 407 340 464 ω
1583 384 1784 442 LIBER
1820 384 2163 454 QUARTUS.
3439 395 3535 454 '90

275 532 444 588 usque
474 517 728 584 quantum
767 507 933 564 visum
961 511 1070 580 est,
1099 500 1228 556 satis
1255 499 1492 570 egimus;
1537 514 1641 553 non
1681 499 1853 554 solum
1966 499 2143 569 legunt
2183 501 2428 571 quoniam
2476 501 2721 557 Dominus
2753 503 2838 557 dat
2891 505 3215 575 sapientiam,
3253 518 3300 562 et
3333 526 3365 563 a
3401 511 3532 580 facie

273 605 596 667 admonendi
621 609 746 658 sunt
771 597 988 655 studiosi
1016 593 1395 650 venerabilium
1421 591 1758 656 Litterarum,
1796 599 1853 646 ut

273 700 327 755 in
367 693 658 765 Scripturis
699 689 894 745 sanctis
935 699 1128 756 genera
1178 683 1500 737 locutionum
1550 680 1752 744 sciant,
1801 688 1856 735 et

275 786 542 861 quomodo
563 781 701 854 apud
726 794 816 835 eas
837 776 1030 847 aliquid
1063 774 1164 828 dici
1220 772 1418 838 soleat,
1445 771 1724 840 vigilanter
1756 769 1852 861 ad:

274 857 508 941 vertant,
535 871 944 938 memoriterque
974 866 1268 928 retineant;
1295 877 1476 916 verum
1504 862 1681 921 etiam,
1713 857 1853 928 quod

274 979 352 1024 est
376 966 705 1038 prmcipuum
731 969 783 1015 et
808 957 1035 1013 maxime
1068 954 1452 1017 necessarium,
1492 957 1644 1004 orent
1680 957 1737 1003 ut
1766 949 1849 1002 in-

274 1059 532 1128 telligant.
554 1055 612 1110 ln
643 1052 719 1108 eis
743 1049 936 1122 quippe
955 1046 1186 1112 Litteris,
1217 1058 1436 1114 quarum
1461 1040 1678 1096 studiosi
1701 1047 1846 1106 sunt,

1965 592 2072 659 ejus
2087 590 2292 644 scientia
2316 600 2360 644 et
2385 591 2677 646 intellectus.
2704 591 2883 660 (Prov.
2911 611 2964 660 tt,
2991 595 3080 666 6);
3105 613 3132 650 a
3160 614 3262 668 quo
3282 607 3335 654 et
3360 601 3530 670 ipsum

1963 680 2224 746 studium,
2257 682 2302 736 si
2342 682 2532 751 pietate
2567 684 2844 754 praeditum
2894 697 3006 755 est,
3039 700 3375 759 acceperunt.
3419 691 3528 747 Sed

1963 769 2077 824 hare
2117 771 2244 825 satis
2285 773 2440 826 etiam
2485 772 2549 826 de
2579 774 2759 843 signis,
2791 785 3040 844 quantum
3085 779 3151 832 ad
3200 780 3359 834 verba
3408 795 3529 850 per-

1961 859 2091 914 tinet
2139 860 2278 915 dicta
2321 861 2443 915 sint.
2490 862 2674 917 Restat
2712 873 2770 917 ut
2808 864 2874 919 de
2925 866 3255 935 proferendis
3295 870 3372 924 eis
3411 885 3530 940 quas

1959 949 2235 1012 sentimus,
2255 952 2493 1021 sequenti
2514 953 2798 1020 volumine,
2822 970 2938 1025 quae
2958 956 3212 1013 Dominus
3231 959 3524 1027 donaverit,

1959 1041 2302 1098 disseramus.

276 1171 3514 1213 WW-

1228 1243 1706 1355 LIBER
1803 1241 2598 1368 QUARTUS.

331 1449 575 1494 Hactenus
595 1438 661 1488 de
698 1430 1033 1497 investigando
1054 1429 1304 1499 scripturae
1339 1435 1518 1499 sensu...
1543 1421 1898 1499 nuncdernum
1921 1423 2080 1499 agitur
2116 1424 2180 1473 de
2203 1424 2589 1499 disserendo-Litt
2622 1427 2820 1499 quidem
2849 1430 3103 1499 rhetoricae
3133 1433 3251 1499 artis
3285 1444 3526 1499 praecepta

275 1483 659 1566 6313363133
684 1483 1540 1566 11135155“!.Re’i19?£e_929_fl“l.
1563 1483 2418 1566 ὲιέξὲξιξτὶυὲὶὲἕῖξέἐῆφξίυ..ἓἓὲΨὲ
2433 1483 2693 1566 Silentia
2717 1490 2963 1566 essent
3000 1495 3203 1566 metonis
3215 1483 3408 1566 .pa'né‘s'
3417 1483 3527 1560 i312;

276 1543 647 1628 εἶδέ
683 1543 926 1614 ἆξῇίᾏῇῃ
947 1543 1227 1624 uiterarum
1253 1555 1475 1597 auctores
1495 1543 2184 1628 et'dpc‘to‘tn'es.ecclesiasticos.
2210 1543 2682 1628 dicendirsapigantia,
2716 1551 2811 1600 imo
2847 1553 3193 1628 eteloquentia
3215 1543 3528 1628 lbnge:prte-

277 1603 1126 1680 Egimos—itnitandwospropomt,
1152 1624 1213 1680 ex
1239 1620 1406 1680 eorum
1427 1605 1614 1680 scriptis
1632 1603 1916 1680 elocutionis
1931 1606 2156 1680 citempla
2174 1609 2225 1680 in_
2245 1609 2373 1680 vario
2384 1603 2579 1680 dicendi
2601 1603 2790 1680 genere
2812 1603 3353 1680 subjiciehs.__t’ostreu76
3371 1603 3527 1680 ipsum

280 1666 602 1739 $3533.35
616 1666 862 1742 imitatur,
879 1666 933 1729 ut
956 1666 1007 1726 in
1028 1666 1193 1740 prunis
1209 1670 1410 1723 orationi
1431 1666 1517 1716 det
1537 1677 1766 1728 cperam;
1793 1667 1993 1732 etquod
2016 1666 2181 1719 verbis
2197 1669 2337 1720 docet
2353 1670 2488 1733 alios,
2508 1671 2555 1721 id
2578 1666 2771 1723 omnin
2794 1673 2889 1724 vita
2899 1666 2962 1724 ‘et
2990 1675 3202 1725 moribus
3221 1666 3432 1740 praéste‘t.

1679 1785 2099 1828 me...

279 1914 504 1975 CAPUT
541 1908 822 1970 PRIMUM.
851 1935 923 1948 -—
952 1902 1233 1959 Rhetorica
1256 1907 1502 1971 prtecepta
1532 1898 1727 1954 tradere
1751 1913 1851 1952 non

807 2007 878 2054 est
906 1996 1056 2066 hujus
1088 1991 1320 2046 instituti.

343 2121 396 2176 1.
429 2117 549 2172 Hoc
571 2127 705 2184 opus
733 2118 971 2166 nostrum
1014 2103 1154 2176 quod
1181 2100 1482 2157 inscribitur
1505 2099 1574 2155 de
1605 2098 1853 2154 Doctrina

273 2208 598 2270 Christiana,
616 2203 673 2259 in
691 2201 796 2258 duo
814 2197 1054 2269 quaedam
1074 2193 1275 2249 fueram
1296 2191 1464 2261 prima
1485 2189 1854 2246 distributione

272 2301 516 2372 partitus.
547 2296 681 2352 Nam
719 2300 840 2364 post
865 2287 1176 2361 prommium
1196 2326 1212 2353 ,
1252 2299 1357 2353 quo
1382 2280 1632 2352 respondi
1659 2281 1736 2336 eis
1763 2278 1854 2372 qui

272 2370 374 2450 hoc
395 2392 610 2447 fuerant
633 2380 1005 2456 reprehensuri
1029 2398 1042 2435 :
1075 2378 1200 2433 Dure
1222 2385 1336 2432 sunt
1363 2391 1462 2442 res,
1483 2373 1718 2444 inquam,
1739 2370 1854 2441 qui-

271 2486 360 2540 bus
394 2484 579 2538 nititur
612 2479 773 2536 omnis
801 2474 1030 2532 tractatio
1064 2472 1474 2542 Scripturarum;
1516 2465 1693 2520 modus
1719 2464 1856 2518 inue-

271 2575 441 2630 περηάὶ
467 2589 585 2645 qua
619 2566 942 2639 intelligenda
965 2572 1102 2628 sunt,
1146 2569 1194 2615 et
1219 2558 1396 2613 modus
1435 2555 1720 2628 proferendi
1746 2569 1858 2643 qua:

271 2667 526 2721 intellecta
567 2671 703 2718 sunt.
731 2658 835 2712 'De
881 2652 1174 2710 inveniendo
1223 2651 1397 2721 prius,
1453 2650 1514 2701 de
1559 2647 1856 2720 proferendo

274 2769 447 2832 postea
476 2757 797 2810 disseremus.
829 2750 960 2818 Quia
983 2762 1109 2816 ergo
1133 2745 1199 2800 de
1222 2741 1536 2798 inveniendo
1561 2740 1724 2832 multa
1746 2739 1858 2832 jam

273 2830 538 2915 diximus,
571 2855 624 2902 et
653 2844 750 2899 tria
781 2842 849 2896 de
890 2841 988 2894 hac
1028 2852 1129 2892 una
1158 2844 1306 2906 parte
1334 2832 1599 2887 volumina
1629 2830 1858 2886 absolvi-

273 2957 422 3007 tnus,
476 2935 703 2992 Domino
747 2932 1057 3001 adjuvante,
1088 2926 1154 2982 de
1179 2922 1495 2995 proferendo
1518 2935 1682 2993 pauca
1710 2919 1858 2976 dice-

275 3047 428 3097 mus;
463 3039 555 3096 ut,
597 3027 640 3082 si
673 3025 788 3080 fieri
833 3019 1094 3093 potuerit,
1139 3031 1244 3071 uno
1275 3015 1406 3069 libro
1435 3021 1621 3069 cuncta
1648 3009 1860 3066 clauda-

274 3140 417 3189 mus,
451 3130 726 3190 totumque
751 3116 854 3171 hoc
888 3127 1022 3184 opus
1048 3118 1273 3182 quatuor
1293 3104 1647 3162 voluminibus
1672 3102 1857 3160 termi-

275 3227 638 3341 neginPritno
685 3279 861 3348 itaque
912 3270 1356 3343 exspectationem
1402 3265 1722 3338 legentium,
1769 3261 1859 3332 qui

275 3377 416 3433 forte
443 3389 532 3429 me
554 3378 738 3442 putant
756 3365 1020 3423 rhetorica
1046 3363 1288 3417 daturum
1316 3373 1435 3414 esse
1461 3364 1718 3427 praecepta
1742 3369 1858 3424 qua:

275 3469 327 3522 in
353 3464 566 3521 scholis
593 3457 926 3516 saacularibus
945 3462 999 3510 et
1025 3451 1184 3507 didici
1208 3457 1261 3504 et
1279 3447 1457 3511 docui,
1485 3445 1584 3499 ista
1607 3444 1861 3515 prrelocu-

276 3561 425 3614 tione
459 3553 710 3617 cohibeo,
750 3559 906 3618 atque
936 3555 994 3600 ut
1022 3560 1052 3599 a
1082 3558 1167 3597 me
1200 3555 1308 3595 non
1343 3547 1735 3607 exspectentur,
1769 3532 1863 3586 ad-

279 3659 480 3704 moneo
507 3662 521 3698 :
553 3658 655 3697 non
679 3639 820 3710 quod
843 3636 972 3692 nihil
999 3634 1225 3688 habeant
1249 3628 1521 3692 utilitatis;
1554 3624 1646 3680 sed
1684 3622 1857 3694 quod,

279 3740 324 3796 si
347 3738 475 3810 quid
512 3736 732 3800 habent,
762 3743 1001 3786 seorsum
1033 3723 1340 3780 discendum
1387 3727 1500 3785 est,
1545 3719 1588 3772 si
1631 3715 1714 3772 cui
1752 3717 1860 3769 for-

279 3828 440 3884 tassis
474 3827 614 3882 bono
641 3824 755 3878 viro
791 3821 948 3878 etiam
987 3817 1103 3872 huic
1139 3822 1289 3868 vacat
1331 3810 1569 3874 discere,
1615 3822 1719 3862 non
1763 3820 1860 3859 au-

282 3931 390 3975 tem
415 3933 446 3972 a
476 3932 564 3972 me
603 3915 685 3971 vel
712 3915 766 3968 in
789 3911 894 3968 hoc
930 3923 1090 3981 opere
1109 3948 1124 3975 ,
1154 3905 1238 3960 vel
1266 3903 1319 3957 in
1360 3901 1537 3972 aliquo
1560 3899 1663 3954 alio
1688 3897 1863 3968 requi-

283 4007 528 4065 nendum.

285 4139 510 4197 CAPUT
549 4137 615 4192 ll.
645 4165 716 4178 --
742 4133 1011 4192 Rhetorica
1038 4128 1279 4202 facultate
1324 4123 1650 4179 christianum
1685 4121 1860 4176 docto-

845 4241 950 4279 rem
974 4223 1046 4276 uti
1067 4221 1308 4275 conuenit.

354 4365 411 4420 3.
445 4362 578 4417 Nam
603 4374 724 4415 cum
744 4372 838 4428 per
856 4363 1021 4410 artem
1043 4349 1358 4406 rhetoricam
1387 4353 1440 4402 et
1460 4359 1582 4399 vera
1608 4342 1862 4396 suadean-

285 4464 370 4510 tur
388 4463 445 4509 et
473 4452 625 4518 falsa,
655 4448 771 4519 quis
796 4446 985 4501 audeat
1012 4443 1213 4506 dicere,
1248 4437 1503 4493 adversus
1533 4431 1862 4487 mendacium

285 4548 342 4603 in
369 4542 742 4602 defensoribus
766 4540 874 4595 suis
898 4538 1152 4591 inermem
1177 4531 1376 4586 debere
1411 4527 1702 4582 consistere
1727 4525 1866 4579 veri-

287 4649 490 4705 tatem,
531 4643 592 4691 ut
612 4633 856 4688 videlicet
891 4629 968 4682 illi
1004 4625 1094 4696 qui
1119 4638 1206 4678 res
1233 4621 1389 4675 falsas
1426 4615 1743 4687 persuadere
1767 4628 1863 4668 co-

288 4737 507 4796 nantur,
539 4725 780 4781 noverint
820 4719 1113 4774 auditorem
1153 4713 1239 4767 vel
1276 4709 1585 4766 benevolum
1608 4748 1622 4774 ,
1654 4705 1736 4760 vel
1778 4705 1862 4758 in-

289 4828 517 4886 tentum,
549 4815 633 4870 vel
663 4811 885 4868 docilem
914 4805 1171 4877 protentio
1200 4801 1407 4864 facere;
1452 4798 1535 4851 isti
1561 4806 1733 4850 autem
1759 4809 1865 4848 non

292 4908 577 4967 noverint?
607 4906 682 4961 illi
712 4903 843 4958 falsa
871 4899 1131 4961 breviter,
1161 4901 1372 4963 aperte,
1402 4886 1784 4952 verisimiliter;
1813 4894 1866 4939 et

289 5004 373 5057 isti
402 5015 530 5056 vera
557 4998 634 5052 sic
665 5001 898 5055 narrent,
925 4998 983 5045 ut
1006 4989 1188 5042 audire
1215 4983 1424 5044 tmdeat,
1448 4979 1738 5049 intelligere
1759 4993 1864 5032 non

290 5099 488 5161 pateat,
519 5085 739 5143 credere
761 5090 1025 5154 postremo
1045 5093 1149 5131 non
1174 5073 1365 5129 libeat?
1391 5071 1465 5126 illi
1491 5068 1763 5161 fallacibus
1782 5083 1867 5121 ar-

291 5159 553 5252 gumentis
587 5176 864 5232 veritatem
903 5175 1240 5242 oppugnent.
1284 5170 1522 5218 asseram
1549 5159 1862 5252 ωδίίδίβφξ

405 5287 506 5328 nec
524 5284 649 5326 vera
673 5265 977 5330 defendere,
1002 5275 1101 5316 nec
1120 5257 1252 5312 falsa
1274 5256 1483 5310 valeant
1505 5251 1764 5308 refutare?
1791 5250 1863 5304 illi

297 5367 503 5420 animos
529 5359 853 5416 audientium
896 5356 950 5410 in
996 5364 1232 5408 errorem
1275 5354 1549 5401 moventes
1591 5341 1866 5410 impellen-

297 5467 483 5528 tesque
512 5451 737 5509 dicendo
770 5453 1014 5510 terreant,
1044 5441 1376 5505 contristent,
1407 5435 1705 5528 exhilarent
1723 5447 1864 5528 ἶ*θι-

298 5523 578 5603 hortentur
601 5542 874 5603 ardenter;
903 5536 990 5591 isti
1027 5549 1122 5604 pro
1147 5533 1368 5587 veritate
1387 5570 1401 5596 ,
1438 5526 1565 5582 lenti
1592 5523 1869 5595 (rigidique

300 5634 624 5693 dormitent?
647 5631 776 5700 Quis
796 5630 867 5684 ita
887 5626 1129 5695 desipiat,
1157 5631 1216 5677 ut
1233 5621 1337 5676 hoc
1357 5618 1560 5688 sapiat?
1586 5615 1719 5672 Cum
1743 5628 1870 5684 ergo

298 5729 368 5784 sit
405 5727 457 5782 in
487 5723 665 5781 medio
691 5722 864 5793 posita
903 5716 1124 5772 facultas
1147 5713 1374 5783 eloquii,
1414 5724 1532 5779 qua:
1558 5708 1623 5763 ad
1649 5722 1868 5778 persua-

301 5819 469 5876 deuda
498 5831 590 5874 seu
617 5828 778 5887 prava
817 5825 912 5868 seu
942 5817 1083 5864 ret-ta
1121 5803 1256 5859 valet
1296 5799 1612 5872 plurimum;
1642 5811 1738 5854 cur
1764 5809 1867 5854 non

1959 1895 2216 1950 bonorum
2261 1897 2435 1952 studio
2477 1908 2831 1969 comparatur,
2881 1909 2940 1956 ut
2981 1900 3170 1957 militet
3213 1902 3451 1971 veritati,
3481 1903 3528 1956 si

1958 2000 2075 2040 eam
2102 1986 2223 2039 mali
2251 1986 2314 2040 ad
2343 1988 2655 2044 obtinendas
2685 2005 2960 2059 perversas
2978 2007 3245 2063 variasque
3269 2008 3453 2049 causas
3474 1993 3527 2047 iu

1959 2089 2084 2127 usus
2115 2075 2401 2144 iniquitatis
2426 2086 2480 2132 et
2505 2079 2700 2133 erroris
2729 2080 3022 2149 usurpant?

1958 2162 2179 2219 CAPUT
2220 2164 2302 2219 ΙΙΙ.
2329 2165 2401 2206 -'—
2427 2165 2709 2222 theton'cte
2745 2180 2990 2241 prtecepta
3026 2189 3126 2240 qua
3158 2181 3330 2238 a'tate,
3373 2189 3529 2239 quave

2447 2259 2641 2314 ratione
2667 2261 2790 2315 disci
2812 2272 3036 2333 possunt.

2028 2347 2081 2402 4.
2112 2347 2216 2403 Sed
2241 2364 2583 2420 qumcumque
2609 2359 2731 2405 sunt
2754 2351 2818 2406 de
2840 2352 2938 2407 hac
2957 2369 3012 2408 rc
3037 2354 3432 2409 observationes
3456 2362 3530 2408 at-

1955 2452 2060 2506 que
2090 2447 2372 2508 prmcepta,
2400 2440 2587 2508 quibus
2617 2455 2735 2494 cum
2765 2441 2968 2496 accedit
3008 2443 3059 2496 in
3087 2443 3260 2500 verbis
3289 2443 3530 2512 plurimis

1963 2529 2390 2599 ornamentisque
2419 2531 2702 2586 verborum
2733 2533 3113 2588 exercitatioris
3139 2535 3326 2605 lingua:
3353 2535 3522 2588 soler-

1963 2618 2160 2673 tissima
2185 2621 2529 2688 consuetudo,
2555 2620 2611 2674 fit
2631 2621 2716 2675 illa
2737 2637 2853 2691 qure
2874 2622 3112 2678 facundia
3135 2626 3214 2679 vel
3232 2625 3531 2694 eloquentia

1967 2710 2293 2774 nominatur;
2339 2719 2484 2765 extra
2527 2711 2653 2765 istas
2682 2712 2879 2766 litteras
2919 2723 3152 2780 nostras,
3195 2713 3426 2784 seposito
3464 2713 3531 2769 ad

1966 2798 2066 2854 hoc
2113 2815 2345 2870 congruo
2394 2801 2645 2870 temporis
2693 2802 2896 2870 Spatio,
2943 2811 3061 2874 apta
3107 2810 3159 2857 et
3197 2803 3533 2858 convenienti

1963 2897 2117 2945 actate
2157 2891 2404 2945 discenda
2447 2901 2569 2946 sunt
2608 2892 2684 2946 eis
2730 2893 2816 2961 qui
2863 2893 2961 2947 hoc
3000 2893 3241 2948 celeriter
3288 2905 3531 2964 possunt.

1963 2979 2092 3033 Nam
2122 2989 2175 3034 et
2205 2982 2346 3050 ipsos
2387 2981 2637 3035 Romana:
2680 2981 2942 3051 principes
2979 2983 3290 3052 eloquentiae
3316 2999 3418 3038 non
3451 2983 3533 3053 pi-

1962 3073 2072 3144 guit
2097 3072 2270 3128 dicere
2311 3073 2448 3143 quod
2491 3073 2628 3128 hanc
2671 3081 2837 3127 artem
2882 3074 2980 3128 nisi
3024 3075 3140 3144 quis
3180 3076 3286 3130 cito
3326 3076 3527 3144 possit,

1963 3177 2229 3232 nunquam
2259 3163 2474 3217 omnino
2511 3164 2676 3234 possit
2710 3163 3007 3234 perdiscere
3042 3163 3272 3236 (Cicero,
3305 3167 3365 3219 de
3401 3164 3534 3220 Ora-

1965 3254 2111 3324 tore).
2139 3253 2291 3320 Quod
2320 3261 2492 3308 utrum
2522 3268 2701 3307 verum
2731 3254 2818 3320 sit,
2851 3253 2975 3324 quid
3003 3269 3134 3324 opus
3160 3264 3241 3308 est
3267 3253 3536 3324 quatrere?

1962 3345 2076 3400 Non
2108 3345 2270 3409 enim,
2303 3345 2462 3399 etiam
2489 3345 2532 3398 si
2561 3346 2762 3414 possint
2791 3345 2902 3398 haec
2925 3359 2954 3398 a
2976 3345 3293 3399 tardioribus
3323 3344 3535 3399 tandem

1963 3434 2246 3503 aliquando
2282 3433 2525 3503 perdisci,
2548 3449 2643 3488 nos
2670 3449 2732 3488 ea
2761 3434 2887 3487 tanti
2920 3434 3226 3504 pendimus,
3259 3444 3314 3489 ut
3339 3435 3414 3488 eis
3451 3433 3536 3489 di-

1963 3523 2174 3576 scendis
2191 3523 2298 3591 jam
2320 3532 2552 3577 maturas
2567 3524 2649 3578 vel
2670 3525 2824 3577 etiam
2849 3539 3037 3594 graves
3057 3524 3328 3578 hominum
3353 3532 3535 3579 a'tatcs

1964 3613 2192 3668 velimus
2220 3613 2470 3682 impendi.
2515 3614 2652 3669 Satis
2687 3625 2767 3670 est
2794 3623 2851 3669 ut
2889 3615 3397 3671 adulescentulorum
3437 3616 3535 3670 ista

1963 3703 2031 3758 sit
2059 3718 2219 3769 cura;
2251 3719 2350 3759 nec
2389 3704 2623 3774 ipsorum
2670 3705 2904 3760 omnium
2943 3721 3076 3777 quos
3106 3705 3314 3761 utilitati
3359 3707 3534 3762 eccle-

1963 3794 2186 3848 siasticxe
2222 3795 2460 3864 cupimus
2501 3795 2729 3863 erudiri,
2775 3797 2868 3851 sed
2905 3812 3086 3851 eorum
3128 3812 3262 3867 quos
3302 3797 3536 3851 nondum

1965 3885 2130 3955 magis
2158 3901 2380 3956 urgens,
2407 3893 2457 3940 et
2488 3886 2609 3941 huic
2631 3887 2706 3940 rei
2734 3887 2847 3940 sine
2872 3887 3031 3942 dubio
3059 3891 3408 3958 prmponeuda
3436 3904 3536 3944 ne-

1964 3977 2182 4031 cessitas
2203 3978 2502 4046 occupavit.
2524 3975 2779 4044 Quoniam
2804 3979 2846 4031 si
2869 3987 3075 4032 acutum
3102 3987 3156 4034 et
3178 3979 3381 4033 fervens
3401 3979 3538 4035 adsit

1967 4067 2262 4137 ingenium,
2309 4067 2509 4122 facilius
2551 4068 2782 4123 adhaeret
2828 4069 3121 4139 eloquentia
3167 4071 3456 4140 legentibus
3484 4082 3538 4127 ct

1965 4159 2298 4214 audientibus
2339 4160 2678 4230 eloquentes,
2725 4175 2879 4230 quam
2925 4162 3235 4230 eloquentia:
3276 4173 3536 4232 prazcepta

1967 4251 2306 4306 sectantibus.
2337 4249 2446 4304 Nec
2485 4249 2679 4304 desunt
2713 4250 3082 4304 ecclesiastica:
3128 4251 3348 4318 litterae,
3377 4252 3535 4306 etiam

1968 4351 2161 4409 prmter
2186 4355 2444 4394 canonem
2487 4340 2536 4393 in
2565 4340 2890 4394 auctoritatis
2923 4356 3042 4395 arce
3069 4341 3346 4394 salubriter
3372 4342 3535 4395 collo-

1967 4442 2172 4494 catum,
2201 4447 2331 4502 quas
2372 4432 2592 4502 legendo
2623 4432 2778 4484 homo
2807 4447 2999 4499 capax,
3029 4432 3126 4484 clsi
3156 4431 3204 4485 id
3243 4448 3345 4485 non
3386 4441 3531 4501 agat,

1967 4523 2060 4578 sed
2090 4523 2450 4577 tantummodo
2480 4523 2637 4576 rebus
2662 4537 2778 4590 qua:
2810 4521 2878 4575 ibi
2907 4521 3151 4575 dicuntur
3181 4522 3406 4575 intentus
3436 4523 3532 4586 sit,

1967 4616 2123 4670 etiatn
2152 4614 2358 4682 eloquio
2392 4628 2494 4682 quo
2520 4613 2785 4678 dicuntur,
2814 4613 2938 4666 dum
2969 4612 3017 4664 in
3051 4612 3131 4665 his
3157 4622 3411 4678 versatur,
3441 4614 3540 4666 im-

1969 4708 2174 4770 buitur;
2203 4705 2488 4759 accedente
2517 4704 2600 4758 vel
2627 4705 2853 4759 maxime
2878 4705 3249 4759 exercitatione
3274 4705 3383 4760 sive
3409 4705 3540 4759 scri-

1967 4797 2158 4861 bendi,
2191 4797 2300 4850 sive
2330 4794 2592 4859 dictandi,
2641 4803 2908 4862 postremo
2937 4796 3093 4849 etiam
3134 4795 3376 4863 dicendi,
3421 4811 3539 4866 qua:

1968 4889 2256 4945 secundum
2297 4888 2503 4956 pietatis
2530 4902 2590 4942 ac
2625 4888 2744 4942 fidei
2784 4888 3015 4956 regulam
3056 4889 3233 4943 sentit.
3271 4889 3325 4944 Si
3363 4899 3540 4943 autem

1971 4979 2071 5032 tale
2098 4979 2231 5032 desit
2268 4979 2531 5047 ingenium
2554 5020 2567 5041 ,
2610 4993 2710 5031 nec
2751 4978 2834 5031 illa
2862 4977 3123 5033 rhetorica
3165 4991 3426 5049 pratccpta
3451 4994 3540 5034 ca-

1969 5071 2212 5140 piuntur;
2241 5084 2357 5134 nec,
2384 5069 2426 5122 si
2455 5084 2643 5137 magno
2664 5069 2844 5123 labore
2868 5069 3120 5124 inculcata
3143 5071 3542 5140 quantulacum-

1969 5175 2072 5230 que
2101 5174 2162 5214 ex
2195 5166 2340 5227 parte
2369 5159 2661 5226 capiantur,
2709 5158 2905 5226 aliquid
2935 5166 3169 5227 prosunt.
3201 5159 3541 5231 Quandoqui-

1969 5249 2089 5304 dem
2108 5251 2267 5304 etiam
2290 5248 2386 5318 ipsi
2412 5248 2500 5316 qui
2523 5263 2584 5302 ea
2609 5248 2925 5316 didiCerunt,
2949 5257 3002 5303 et
3020 5248 3232 5318 cupiose
3253 5257 3544 5321 ornateque

1971 5339 2168 5404 dicunt,
2199 5353 2302 5392 non
2332 5352 2518 5393 omnes
2547 5346 2607 5392 ut
2632 5338 2916 5392 secundum
2945 5339 3058 5408 ipsa
3084 5338 3294 5404 dicant,
3325 5352 3545 5410 possunt

1971 5445 2034 5486 ea
2059 5430 2290 5500 cogitare
2327 5445 2446 5484 cum
2473 5429 2680 5494 dicunt,
2709 5431 2750 5484 si
2779 5445 2881 5484 non
2911 5430 2977 5484 de
2997 5430 3077 5484 his
3105 5430 3370 5502 disputant
3396 5449 3408 5485 :
3438 5432 3544 5486 imo

1972 5534 2100 5575 vero
2139 5521 2227 5575 vix
2256 5521 2390 5574 ullos
2437 5535 2619 5575 eorum
2661 5535 2780 5576 esse
2822 5520 3086 5586 existimo,
3131 5522 3222 5592 qui
3265 5532 3546 5592 utrumque

1974 5613 2199 5683 possint,
2231 5622 2284 5667 et
2307 5611 2486 5668 dicere
2512 5613 2663 5675 bene,
2688 5623 2741 5667 et
2764 5612 2829 5667 ad
2853 5613 2951 5668 hoc
2971 5613 3264 5669 faciendum
3285 5623 3546 5686 praecepta

1977 5703 2065 5756 illa
2095 5702 2306 5757 dicendi
2332 5703 2564 5772 cogitare
2588 5717 2709 5758 cum
2751 5702 2950 5756 dicunt.
2975 5703 3274 5760 Cavendum
3301 5713 3380 5759 est
3405 5705 3545 5759 extim

1977 5812 2045 5854 ne
2071 5797 2262 5870 fugiant
2291 5813 2351 5852 ex
2377 5795 2550 5852 animo
2577 5811 2691 5867 qum
2714 5795 2932 5854 dicenda
2956 5806 3094 5868 sunt,
3119 5796 3241 5854 dum
3263 5797 3547 5855 attenditur
