4032 6350
517 352 580 411 οι
1385 345 1472 401 ne
1510 342 1849 402 noc'ruma
1888 329 2314 395 cumsuam,
2357 329 2414 385 s.
2461 331 2829 390 aucusmu
3715 343 3782 398 θα

519 477 580 522 ut
597 473 710 522 arte
729 465 988 521 dicantur.
1019 463 1088 518 Et
1109 469 1282 516 tamen
1305 458 1358 514 in
1379 436 1709 512 sermonibus
1728 462 1884 523 atque
1909 447 2097 504 dictio-

520 557 680 612 nibus
705 554 1083 626 eloquentium,
1106 551 1320 621 impleta
1341 549 1676 619 reperiuntur
1700 551 1960 614 praecepta
1986 539 2098 596 elo-

504 635 770 720 quentiae,
800 649 868 702 de
894 647 1082 717 quibus
1109 644 1187 700 illi
1216 652 1273 698 ut
1306 643 1700 711 eloquerentur,
1730 634 1812 690 vel
1837 649 1957 689 cum
1986 631 2100 688 elo-

521 751 835 811 querentur,
885 755 990 794 non
1032 737 1424 808 cogitaverunt,
1469 732 1580 786 sive
1622 729 1708 783 illa
1753 727 2096 792 didicissent,

519 834 636 890 sive
673 849 741 890 ne
777 832 1074 904 attigissent
1097 829 1332 901 quidem.
1362 825 1584 896 lmplent
1609 823 1803 893 quippe
1829 820 1912 874 illa
1933 861 1948 886 ,
1977 817 2100 888 quia

509 926 829 996 eloquentes
856 931 1012 984 sunt:
1040 937 1146 977 non
1179 918 1460 982 adhibent,
1493 924 1550 970 ut
1568 915 1673 969 sint
1699 912 2027 983 eloquentes.

593 1017 646 1071 5.
691 1014 1044 1084 QuaprOpter,
1087 1027 1206 1066 cum
1243 1025 1309 1066 ex
1349 1006 1633 1063 infantibus
1675 1005 1954 1075 loquentes
1995 1017 2100 1056 non

521 1105 682 1171 fiant,
731 1105 832 1161 nisi
874 1105 1165 1160 locutiones
1195 1099 1448 1155 discendo
1476 1096 1840 1168 loquentium;
1873 1109 1968 1148 cur
1991 1093 2105 1150 elo-

521 1206 746 1266 quentes
767 1197 876 1250 ﬁeri
909 1211 1010 1250 non
1036 1193 1260 1263 possint,
1285 1191 1426 1245 nulla
1446 1187 1728 1259 eloquendi
1753 1194 1868 1240 arte
1889 1184 2099 1252 tradita,

522 1286 617 1342 sed
658 1286 984 1342 elocutiones
1013 1283 1374 1353 eloquentium
1400 1279 1620 1350 legendo
1645 1285 1698 1333 et
1731 1275 2012 1338 audiendo,
2050 1283 2105 1330 et

523 1386 774 1448 quantum
796 1375 1005 1446 assequi
1030 1373 1354 1436 conceditur,
1381 1369 1668 1426 imitando?
1687 1367 1844 1434 Quid,
1867 1365 2008 1437 quod
2033 1366 2102 1421 ita

522 1467 639 1522 fieri
666 1466 793 1536 ipsis
812 1481 1022 1536 quoque
1041 1462 1344 1534 experimur
1366 1457 1658 1530 exemplis?
1682 1457 1814 1512 Nam
1837 1456 1951 1511 sine
1971 1469 2104 1525 pra:-

521 1556 689 1626 ceptis
716 1557 997 1614 rhetoricis
1023 1556 1265 1611 novimus
1285 1554 1541 1625 plurimos
1562 1549 1956 1620 eloquentiores
1983 1546 2103 1617 plu-

521 1651 672 1705 rimis
709 1650 799 1720 qui
826 1650 913 1704 illa
957 1649 1288 1713 didicerunt;
1321 1646 1438 1701 sine
1481 1643 1632 1699 lectis
1661 1657 1788 1697 vero
1828 1649 1883 1696 et
1910 1639 2104 1695 auditis

521 1743 882 1812 eloquentium
923 1740 1366 1812 disputationibus
1402 1737 1486 1792 vel
1532 1735 1883 1799 dictionibus,
1932 1733 2104 1789 nemi-

522 1848 670 1888 nem.
699 1833 832 1888 Nam
863 1847 1034 1903 neque
1071 1833 1184 1901 ipsa
1213 1839 1327 1885 arte
1355 1828 1694 1899 grauunatica
1716 1868 1731 1894 ,
1758 1842 1860 1896 qua
1885 1825 2106 1881 discitur

521 1923 808 1979 locutionis
837 1923 1134 1993 integritas,
1158 1920 1455 1991 indigerent
1480 1917 1649 1988 pueri,
1673 1918 1717 1971 si
1747 1915 1826 1971 eis
1851 1915 1989 1970 inter
2009 1915 2106 1971 ho-

521 2015 726 2080 mines,
769 2015 858 2084 qui
899 2014 1106 2083 integre
1145 2013 1505 2082 loquerentur,
1535 2021 1775 2063 crescere
1811 2005 2023 2061 daretur
2051 2012 2108 2060 et

521 2105 724 2160 vivere.
747 2104 1056 2159 Nescienles
1075 2103 1269 2173 quippe
1291 2101 1392 2155 ulla
1415 2099 1628 2153 nomina
1651 2098 1922 2164 vitiorum,
1954 2096 2106 2166 quid-

522 2195 646 2266 quid
676 2197 923 2251 vitiosum
945 2196 1253 2266 cujusquam
1276 2208 1368 2250 ore
1395 2190 1660 2262 loquentis
1680 2190 1943 2253 audirent,
1977 2204 2106 2244 sana

523 2301 619 2342 sua
666 2287 1048 2344 consuetudine
1097 2284 1550 2378 reprehenderent
1591 2291 1646 2337 et
1691 2290 1968 2345 caverent;
2000 2280 2106 2336 sic-

523 2385 583 2432 ut
612 2377 836 2432 rusticos
890 2378 968 2432 ur‘.
989 2377 1072 2430 ani
1123 2372 1550 2446 reprehendunt,
1581 2373 1741 2429 etiam
1771 2373 1860 2443 qui
1905 2372 2109 2428 litteras

523 2470 786 2525 nesciunt.

685 2558 910 2616 CAPUT
945 2557 1031 2613 IV.
1064 2588 1133 2598 -ο
1164 2557 1392 2628 Oﬁicium
1420 2556 1637 2609 doctoris
1667 2552 1949 2608 christiani.

595 2651 647 2706 6.
677 2650 843 2706 Debet
865 2651 1022 2720 igitur
1048 2649 1344 2704 divinarum
1368 2647 1756 2717 Scripturarum
1783 2653 2036 2700 tractator
2053 2653 2108 2700 et

521 2747 730 2810 doctor,
762 2743 1011 2798 defensor
1050 2750 1208 2797 rectae
1239 2741 1357 2796 fidei
1386 2755 1448 2795 ac
1476 2739 1768 2794 debellator
1794 2738 2022 2806 erroris,
2053 2745 2110 2794 et

522 2835 663 2890 bona
687 2835 879 2890 docere
899 2875 914 2901 ,
955 2843 1008 2888 et
1036 2834 1172 2888 mala
1201 2833 1492 2899 dedocere;
1522 2825 1680 2902 atque
1707 2831 1760 2886 in
1801 2831 1904 2887 hoc
1945 2847 2109 2903 opere

525 2924 790 2980 sermonis
840 2925 1128 2979 conciliare
1179 2923 1429 2978 adversos
1471 2924 1508 2989 ¹,
1565 2923 1817 2978 remissos
1866 2923 2106 2993 erigere,

523 3012 882 3068 nescientibus
905 3011 1030 3082 quid
1055 3020 1258 3082 agatur,
1289 3011 1412 3082 quid
1435 3019 1744 3080 exspectare
1769 3011 1997 3067 debeant
2024 3012 2107 3066 in-

524 3105 736 3159 timare.
778 3103 879 3160 Ubi
909 3112 1084 3158 autem
1114 3104 1431 3170 benevolos,
1479 3104 1739 3172 intentos,
1779 3105 1981 3160 dociles
2018 3114 2110 3160 aut

525 3197 809 3260 invenerit,
834 3204 924 3250 aut
945 3196 1056 3265 ipse
1077 3195 1282 3260 fecerit,
1301 3205 1492 3251 cartera
1521 3196 1815 3268 peragenda
1834 3206 1976 3264 sunt,
2004 3197 2109 3253 sic-

525 3296 586 3342 ut
626 3288 856 3358 postulat
880 3302 1061 3342 causa.
1093 3286 1148 3342 Si
1189 3287 1413 3341 docendi
1439 3300 1564 3342 sunt
1588 3289 1676 3358 qui
1703 3288 1956 3353 audiunt,
1987 3305 2108 3342 nar-

525 3379 733 3434 ratione
771 3377 1070 3433 faeiendum
1101 3385 1201 3443 est,
1235 3377 1279 3432 si
1311 3373 1488 3432 tamen
1532 3378 1798 3448 indigeat,
1835 3387 1894 3432 ut
1927 3393 2013 3434 res
2039 3378 2108 3434 de

525 3486 627 3542 qua
649 3471 821 3540 agitur
850 3469 1163 3523 innotescat.
1191 3467 1262 3523 Ut
1287 3477 1464 3522 autem
1491 3484 1606 3538 qua:
1631 3468 1787 3522 dubia
1815 3476 1937 3521 sunt
1961 3475 2106 3523 certa

525 3560 676 3626 fiant,
705 3560 1038 3616 documentis
1061 3559 1310 3614 adhibitis
1334 3559 1751 3613 ratiocinandum
1774 3567 1874 3613 est.
1897 3559 1952 3614 Si
1980 3574 2108 3614 vero

526 3651 617 3720 qui
635 3651 856 3705 audiunt
878 3649 1122 3705 movendi
1151 3658 1273 3704 sunt
1303 3650 1475 3719 potius
1505 3665 1661 3720 quam
1690 3649 1937 3715 docendi,
1967 3659 2025 3705 ut
2052 3651 2106 3706 in

528 3755 596 3796 eo
623 3741 761 3811 quod
785 3741 894 3810 jam
921 3741 1125 3804 sciunt,
1166 3741 1372 3811 agendo
1416 3755 1519 3793 non
1561 3748 1836 3808 torpeant,
1867 3749 1921 3796 et
1949 3741 2106 3796 rebus

526 3847 832 3899 assensum,
877 3847 1008 3902 quas
1035 3847 1189 3886 veras
1217 3846 1334 3886 esse
1374 3829 1622 3898 fatentur,
1665 3833 2102 3900 acconunodent,

527 3923 820 3992 majoribus
843 3922 1049 3977 dicendi
1088 3922 1288 3977 viribus
1315 3937 1446 3992 Opus
1477 3932 1579 3978 est.
1609 3922 1682 3976 lbi
1713 3922 2106 3979 obsecrationes

528 4019 584 4067 et
599 4013 1008 4083 increpatioues,
1032 4012 1414 4066 concitationes
1435 4021 1488 4066 et
1507 4013 1874 4078 coercitioues,
1897 4022 1949 4068 et
1964 4030 2109 4084 qua:-

529 4121 756 4176 cumqne
792 4106 896 4159 alia
935 4106 1113 4160 valent
1152 4105 1218 4160 ad
1260 4105 1672 4161 commovendos
1710 4107 1943 4176 animos,
1986 4118 2110 4162 sum

527 4197 850 4254 necessaria.

605 4290 657 4343 7.
689 4289 751 4342 Et
782 4288 898 4342 htec
916 4287 1130 4358 quidem
1158 4297 1342 4343 cuncta
1369 4303 1485 4356 qua:
1511 4288 1639 4354 dixi,
1668 4304 1854 4345 omnes
1881 4290 1990 4345 fere
2011 4291 2109 4344 ho-

533 4381 706 4436 mines
731 4381 785 4436 in
807 4379 872 4434 iis
900 4395 1018 4450 quin
1044 4379 1338 4450 eloquendo
1362 4390 1520 4450 agunt
1546 4383 1588 4449 ¹,
1623 4381 1794 4437 facere
1823 4397 1926 4436 non
1955 4384 2108 4453 quie-

530 4480 720 4526 scunt:

531 4562 758 4618 LAPUT
797 4563 860 4617 ν.
883 4561 1192 4617 —Intcrest
1229 4565 1386 4634 magis
1427 4574 1482 4618 ut
1519 4566 1766 4635 sapienter
1803 4567 1936 4620 dicat
1975 4569 2108 4621 chri-

602 4654 795 4707 stianus
820 4662 1009 4721 orator,
1036 4669 1186 4723 quam
1207 4662 1262 4707 ut
1291 4654 1591 4724 eloquenter.
1625 4655 1772 4710 Unde
1798 4658 2030 4727 consequi
2056 4657 2108 4711 id

604 4743 788 4798 valeat.
1139 4728 1148 4740 ’

605 4834 710 4890 Sed
739 4849 858 4889 cum
889 4833 977 4887 alii
1023 4832 1216 4888 faciant
1256 4835 1472 4902 obtuse,
1513 4835 1840 4904 deformiter,
1890 4835 2105 4907 frigide;

533 4926 624 4981 alii
667 4935 852 4991 acute,
898 4934 1118 4991 ornate,
1160 4926 1530 4992 vehementer;
1571 4927 1717 4981 illum
1747 4928 1814 4982 ad
1850 4927 1950 4982 hoc
1977 4944 2110 4996 opus

535 5017 676 5073 unde
701 5018 924 5088 agimus,
950 5016 1058 5087 jam
1086 5027 1296 5087 Oportet
1318 5018 1591 5084 accedere,
1623 5020 1712 5089 qui
1737 5028 1910 5088 potest
1928 5020 2110 5090 dispu-

536 5118 651 5164 tare
677 5109 761 5164 vel
781 5107 958 5163 dicere
981 5109 1266 5178 sapienter,
1295 5109 1504 5164 etiamsi
1533 5124 1636 5164 non
1662 5119 1836 5180 potest
1854 5112 2108 5180 eloquen-

533 5211 634 5269 ter,
665 5212 721 5258 ut
751 5201 917 5272 prosit
941 5201 1294 5270 audientibus,
1321 5203 1528 5259 etiamsi
1563 5203 1736 5258 minus
1760 5219 1917 5272 quam
1945 5203 2108 5273 prod-

534 5304 700 5362 esset,
729 5295 773 5348 si
800 5303 854 5350 et
880 5295 1188 5366 eloquenter
1227 5303 1404 5364 posset
1426 5294 1624 5350 dicere.
1664 5294 1763 5362 Qui
1792 5309 1916 5350 vero
1943 5294 2112 5350 afﬂuit

535 5387 805 5458 insipienti
827 5387 1147 5458 eloquentia,
1167 5397 1312 5442 tanto
1329 5389 1494 5456 magis
1510 5387 1775 5442 cavendus
1795 5395 1894 5453 est,
1915 5399 2111 5460 quanto

535 5480 706 5550 magis
729 5480 796 5536 ab
823 5495 888 5536 eo
917 5480 970 5534 in
997 5480 1060 5536 iis
1097 5494 1214 5550 quae
1237 5477 1421 5533 audire
1460 5478 1645 5534 inutile
1673 5488 1755 5534 est
1775 5521 1790 5546 ,
1819 5479 2112 5538 delectatur

535 5571 772 5640 auditor,
799 5578 855 5626 et
878 5586 998 5626 eum
1040 5569 1291 5642 quoniam
1317 5568 1515 5625 diserte
1539 5569 1714 5627 dicere
1741 5571 1920 5641 audit,
1949 5572 2111 5628 etiam

601 5713 616 5744 ί
643 5711 750 5759 uad.
777 5716 875 5759 Am.
898 5714 974 5758 Er.
995 5715 1059 5770 et
1072 5716 1265 5770 septem
1280 5713 1408 5766 Mss,
1432 5705 1638 5759 auersos.

599 5776 619 5807 ³
644 5781 743 5824 Duo
764 5779 892 5833 Mss,
916 5783 1024 5835 qua:
1046 5769 1279 5833 loquendo
1299 5773 1520 5834 arguunt.

2205 455 2330 496 vere
2355 440 2532 498 dicere
2559 442 2844 498 existimat.
2875 441 3001 498 Haec
3025 451 3202 500 autem
3232 447 3490 502 sententia
3527 465 3624 507 nec
3663 453 3780 511 illos

2204 531 2356 602 fugit,
2381 532 2469 603 qui
2495 540 2663 588 artem
2685 532 3003 598 rhetoricam
3024 533 3320 590 docendam
3345 547 3628 607 putarunt:
3661 544 3780 600 fassi

2205 632 2328 678 sunt
2349 623 2491 678 enim
2517 623 2831 694 sapientiam
2851 625 2969 680 sine
2989 624 3290 696 eloquentia
3317 643 3502 697 parum
3529 636 3778 700 prodesse

2203 716 2504 791 civitatibus
2525 717 2576 781 ις
2604 715 2962 786 eloquentiam
2989 732 3116 772 vero
3145 717 3260 776 sine
3282 720 3540 789 sapientia
3562 724 3778 780 nimium

2203 808 2394 863 obesse
2421 807 2752 877 plerumque,
2795 806 3048 876 prodesse
3074 824 3346 880 nunquam
3377 811 3594 882 (Cicero,
3624 815 3710 870 lib.
3745 817 3770 872 i

2205 899 2269 954 de
2288 896 2624 972 lnventione).
2657 898 2716 954 Si
2744 914 2872 971 ergo
2901 899 3002 955 hoc
3032 900 3109 956 illi
3136 902 3225 973 qui
3249 915 3511 976 praecepta
3537 909 3782 979 eloquen-

2207 990 2293 1045 tia:
2321 989 2674 1058 tradiderunt,
2701 991 2754 1045 in
2779 991 2981 1047 eisdem
3008 992 3157 1048 libris
3183 993 3236 1049 in
3257 995 3448 1065 quibus
3469 997 3520 1052 id
3541 1009 3777 1070 egerunt,

2207 1081 2432 1136 veritate
2459 1082 2742 1153 instigante
2769 1083 2938 1138 coacti
2979 1093 3105 1140 sunt
3128 1086 3366 1143 confiteri
3387 1130 3402 1156 ,
3435 1105 3649 1157 veram,
3682 1092 3783 1149 hoc

2206 1183 2310 1240 est,
2341 1188 2624 1244 supernam
2669 1191 2785 1246 qua:
2814 1191 2844 1230 a
2885 1177 3044 1234 Patre
3071 1177 3327 1234 luminum
3363 1181 3670 1252 descendit,
3700 1201 3782 1242 sa-

2206 1265 2459 1335 pientiam
2481 1266 2812 1333 nescientes;
2844 1278 3040 1338 quanto
3064 1271 3232 1340 magis
3250 1287 3350 1327 nos
3372 1289 3475 1330 non
3496 1275 3639 1332 aliud
3663 1293 3785 1334 sen-

2207 1359 2307 1412 tire
2327 1357 2582 1413 debemus
2601 1400 2617 1426 ,
2648 1360 2734 1428 qui
2763 1358 2921 1430 hujus
2944 1362 3216 1430 sapientia:
3248 1363 3336 1418 filii
3364 1375 3418 1420 et
3440 1367 3668 1424 ministri
3693 1385 3785 1426 su-

2206 1451 2365 1506 mus?
2409 1450 2688 1522 Sapienter
2728 1464 2904 1509 autem
2939 1455 3069 1510 dicit
3109 1457 3273 1513 homo
3318 1468 3462 1515 tanto
3505 1463 3676 1532 magis
3705 1465 3786 1520 vel

2205 1542 2418 1610 minus,
2463 1551 2662 1614 quanto
2703 1543 2755 1598 in
2781 1543 3070 1614 Scripturis
3109 1549 3308 1602 sanctis
3333 1550 3502 1620 magis
3544 1552 3788 1609 minusve

2206 1633 2452 1704 profecit.
2478 1634 2596 1690 Non
2625 1635 2746 1690 dico
2773 1635 2825 1689 in
2866 1637 2946 1692 eis
2970 1637 3193 1692 multum
3221 1638 3459 1709 legendis
3485 1645 3786 1698 memoria:-

2208 1740 2311 1795 que
2337 1725 2686 1792 mandandis,
2715 1725 2808 1780 sed
2835 1725 2973 1782 bene
3012 1727 3394 1800 intelligendis,
3427 1740 3482 1786 et
3509 1732 3790 1804 diligenter

2207 1829 2390 1870 earum
2420 1815 2665 1871 sensibus
2690 1815 3020 1886 indagandis.
3048 1817 3181 1873 Sunt
3200 1821 3340 1875 enim
3365 1821 3454 1890 qui
3477 1837 3572 1878 eas
3593 1824 3786 1894 legunt,

2209 1914 2262 1961 et
2289 1905 2591 1977 negligant;
2623 1907 2808 1977 legunt
2834 1915 2891 1963 ut
2919 1916 3154 1975 teneant,
3187 1911 3458 1983 negligunt
3483 1929 3552 1968 ne
3593 1915 3792 1971 intelli-

2169 2003 2172 2005 λ
2207 2005 2353 2067 gant.
2395 1997 2599 2064 Quibus
2624 1998 2780 2069 longe
2817 1999 2932 2054 sine
2969 1999 3131 2055 dubio
3178 2003 3492 2070 prmferendi
3535 2014 3662 2060 sunt
3703 2006 3793 2076 qui

2207 2087 2370 2142 verba
2391 2102 2572 2142 earum
2615 2089 2792 2143 minus
2821 2098 3031 2158 tenent,
3080 2100 3134 2146 et
3161 2106 3255 2146 cor
3277 2107 3460 2149 earum
3505 2096 3590 2150 sui
3619 2099 3794 2154 cordis

2209 2180 2378 2234 oculis
2405 2179 2607 2236 vident.
2652 2180 2759 2236 Sed
2797 2183 3036 2253 utrisque
3077 2184 3165 2240 ille
3211 2187 3421 2252 melior,
3469 2190 3560 2260 qui
3591 2200 3792 2247 etcum

2209 2271 2351 2328 volet
2378 2287 2469 2327 eas
2497 2273 2643 2338 dicit,
2671 2281 2724 2329 et
2750 2273 2886 2329 sicut
2905 2284 3116 2344 oportet
3137 2275 3398 2348 intelligit.

2280 2362 2334 2418 8.
2365 2363 2500 2418 lluie
2521 2380 2649 2435 ergo
2667 2363 2757 2434 qui
2778 2367 3046 2434 sapienter
3068 2365 3226 2422 debet
3243 2366 3437 2435 dicere,
3465 2371 3630 2426 etiam
3653 2373 3795 2443 quod

2209 2469 2318 2509 non
2361 2461 2536 2524 potest
2575 2455 2920 2526 eloquenter,
2965 2455 3126 2511 verba
3171 2457 3563 2528 Scripturarum‘
3615 2471 3798 2518 tenere

2208 2544 2442 2599 maxime
2467 2545 2824 2600 necessarium
2856 2554 2956 2601 est.
3003 2546 3212 2614 Quanto
3238 2548 3379 2603 enim
3410 2564 3468 2604 se
3506 2551 3798 2620 pauperio-

2208 2651 2324 2692 rem
2353 2637 2524 2692 cernit
2557 2637 2610 2690 in
2634 2637 2763 2701 suis,
2795 2645 2943 2693 tanto
2967 2653 3087 2692 eum
3115 2647 3322 2708 Oportet
3351 2640 3401 2694 in
3433 2641 3550 2697 istis
3570 2657 3691 2697 esse
3716 2642 3800 2698 di-

2211 2728 2438 2795 tiorem;
2471 2737 2527 2782 ut
2554 2728 2694 2798 quod
2724 2727 2916 2782 dixerit
2956 2729 3066 2783 suis
3103 2729 3312 2798 verbis,
3347 2730 3533 2800 probet
3559 2748 3625 2788 ex
3657 2733 3796 2798 illis;

2211 2829 2266 2878 et
2297 2820 2386 2892 qui
2415 2821 2643 2890 pr0priis
2668 2819 2844 2876 verbis
2873 2821 3050 2876 minor
3084 2829 3232 2889 erat,
3264 2837 3578 2892 magnorum
3601 2826 3623 2856 ³
3653 2824 3777 2880 testi

2211 2913 2394 2966 monio
2413 2910 2804 2981 quodammodo
2823 2919 3047 2966 crescat.
3073 2911 3354 2967 Probando
3375 2913 3516 2967 enim
3539 2914 3797 2982 delectat,

2211 3003 2300 3074 qui
2343 3002 2521 3056 minus
2561 3012 2731 3070 potest
2769 3001 3036 3056 delectare
3062 3002 3304 3056 dicendo.
3350 3003 3515 3057 Porro
3549 3005 3642 3074 qui
3689 3021 3800 3062 non

2209 3093 2382 3148 solum
2413 3092 2700 3162 sapienter,
2731 3107 2916 3146 verum
2938 3093 3095 3146 etiam
3123 3092 3436 3161 eloquenter
3459 3095 3571 3147 vult
3591 3097 3798 3164 dicere,

2211 3185 2460 3255 quoniam
2483 3182 2720 3254 profecto
2743 3183 2858 3252 plus
2879 3182 3135 3252 proderit,
3162 3183 3206 3237 si
3229 3192 3508 3252 utrumque
3530 3187 3799 3253 potuerit;

2210 3275 2274 3330 ad
2305 3275 2558 3345 legendos
2582 3274 2665 3329 vel
2690 3273 2982 3329 audiendos
3023 3283 3076 3328 et
3102 3275 3480 3330 exercitatione
3509 3276 3804 3334 imitandos

2210 3367 2522 3436 eloquentes
2561 3380 2682 3420 eum
2715 3363 2866 3419 mitto
2896 3364 3164 3433 libentius,
3193 3380 3351 3436 quam
3374 3367 3644 3436 magistris
3667 3370 3802 3424 artis

2211 3459 2490 3513 rhetoricas
2517 3473 2706 3512 vacare
2750 3457 3001 3527 praecipio
3027 3476 3040 3512 :
3079 3458 3124 3512 si
3155 3467 3331 3514 tamen
3363 3458 3399 3513 ii
3428 3459 3517 3528 qui
3547 3461 3803 3530 leguntur

2211 3558 2266 3604 et
2293 3549 2608 3614 audiuntur,
2659 3564 2762 3602 non
2791 3549 2964 3602 solum
3009 3550 3343 3620 eloquenter,
3385 3551 3477 3604 sed
3507 3553 3671 3606 etiam
3714 3569 3803 3608 sa-

2211 3642 2418 3711 pienter
2442 3640 2642 3695 dixisse
2667 3640 2748 3694 vel
2776 3640 2952 3695 dicere
2978 3641 3153 3696 veraci
3175 3641 3550 3710 przedicatione
3571 3645 3803 3701 laudan-

2214 3741 2316 3785 tur.
2358 3731 2458 3798 Qui
2494 3730 2638 3785 enim
2683 3730 2992 3798 eloquenter
3026 3730 3234 3798 dicunt,
3275 3733 3537 3796 suaviter;
3581 3737 3674 3802 qui
3717 3752 3804 3790 sa-

2213 3826 2440 3894 pienter,
2484 3823 2766 3878 salubriter
2792 3823 3096 3877 audiuntur.
3129 3823 3352 3895 Propter
3381 3825 3520 3894 quod
3571 3843 3680 3882 non
3728 3829 3804 3884 ait

2211 3919 2500 3988 Scriptura,
2533 3917 2808 3971 Multitudo
2840 3916 3232 3986 eloquentium;
3263 3918 3376 3985 sed,
3408 3918 3692 3973 Multitudo
3717 3939 3807 3975 sa-

2212 4012 2453 4080 pientium
2477 4009 2665 4062 sanitas
2685 4019 2756 4062 est
2791 4009 2921 4062 orbis
2947 4019 3192 4062 terrarum
3219 4009 3370 4080 (Sap.
3393 4026 3464 4075 vr,
3495 4009 3614 4082 26).
3651 4012 3806 4068 Sicut

2211 4111 2386 4157 autem
2417 4116 2559 4171 saepe
2602 4101 2858 4155 sumenda
2903 4109 3025 4155 sunt
3067 4109 3121 4156 et
3164 4115 3342 4154 amara
3396 4101 3670 4166 salubria,
3730 4105 3804 4158 ita

2213 4209 2424 4264 semper
2453 4194 2662 4248 vitanda
2703 4202 2784 4248 est
2827 4192 3122 4263 perniciosa
3149 4192 3394 4248 dulcedo.
3443 4193 3547 4248 Sed
3597 4197 3804 4250 salubri

2212 4287 2504 4348 suavitate,
2533 4286 2614 4340 vel
2646 4285 2792 4340 suavi
2823 4284 3130 4338 salubritate
3173 4284 3296 4354 quid
3327 4285 3556 4338 melius?
3586 4287 3806 4352 Quanto

2212 4379 2353 4432 enim
2385 4381 2556 4448 magis
2587 4379 2694 4433 illic
2723 4377 2988 4448 appetitur
3014 4377 3266 4443 suavitas,
3297 4385 3442 4430 tanto
3476 4376 3690 4433 facilius
3717 4395 3809 4434 sa-

2213 4471 2435 4524 lubritas
2461 4471 2693 4540 prodest.
2720 4469 2852 4525 Sunt
2873 4483 2998 4538 ergo
3023 4467 3365 4523 ecclesiastici
3387 4467 3480 4521 viri
3503 4470 3593 4538 qui
3618 4470 3806 4525 divina

2213 4565 2421 4634 eloquia
2461 4579 2564 4616 non
2610 4564 2782 4618 solum
2826 4563 3113 4630 sapienter,
3154 4560 3247 4614 sed
3287 4561 3600 4630 eloquenter
3640 4565 3808 4618 etiam

2213 4662 2570 4710 tractaverunt
2596 4673 2607 4707 :
2637 4653 2828 4724 quibus
2853 4651 3087 4722 legendis
3108 4652 3273 4720 magis
3302 4668 3404 4706 non
3434 4649 3630 4706 sufficit
3664 4662 3808 4708 tem-

2214 4761 2346 4814 pus,
2397 4761 2554 4816 quam
2611 4746 2800 4802 deesse
2853 4744 2953 4814 ipsi
3001 4743 3332 4799 studentibus
3383 4753 3437 4798 et
3489 4747 3810 4802 vacantibus

2216 4844 2454 4906 possunt.

2213 4927 2438 4983 CAPUT
2481 4926 2564 4981 Vl.
2601 4927 2860 4996 Sapientia
2874 4926 3056 4996 juncta
3090 4942 3204 4979 cum
3240 4925 3519 4997 eloquentia
3547 4927 3602 4981 in
3641 4929 3809 4984 sacris

2848 5017 3154 5071 auctoribus.

2285 5108 2338 5164 9.
2370 5107 2468 5162 Hic
2481 5107 2673 5176 aliquis
2697 5107 2914 5161 forsitan
2937 5107 3123 5176 quaerit
3144 5116 3315 5161 utrum
3337 5119 3582 5164 auctores
3604 5113 3810 5180 nostri,

2215 5215 2440 5271 quorum
2464 5199 2658 5268 scripta
2686 5197 2934 5252 divinitus
2965 5197 3214 5267 inSpirata
3236 5213 3490 5255 canonem
3520 5201 3684 5255 nobis
3715 5219 3808 5258 sa-

2217 5292 2502 5349 luberrima
2557 5291 2870 5346 auctoritate
2916 5289 3192 5357 fecerunt,
3247 5292 3512 5360 sapientes
3564 5300 3814 5349 tantum—

2217 5383 2398 5449 modo,
2446 5397 2514 5436 an
2561 5381 2872 5452 eloquentes
2924 5382 3081 5435 etiam
3129 5382 3462 5452 nuncupandi
3505 5383 3633 5437 sint.
3669 5385 3812 5452 Quae

2218 5475 2432 5546 quidem
2460 5473 2681 5544 qumstio
2704 5471 2844 5542 apud
2873 5473 3132 5542 meipsum
3153 5515 3166 5536 ,
3199 5486 3253 5528 et
3276 5473 3412 5544 apud
3439 5488 3533 5528 eos
3561 5475 3658 5544 qui
3691 5492 3812 5532 me-

2217 5585 2339 5626 cum
2392 5566 2534 5638 quod
2572 5566 2692 5622 dico
2747 5567 3015 5633 sentiunt,
3073 5566 3320 5622 facillime
3371 5567 3619 5622 solvitur.
3666 5569 3816 5625 Nam

2285 5708 2298 5738 ³
2327 5711 2454 5762 lov.,
2479 5702 2671 5754 civibus.
2698 5701 2782 5751 Alii
2807 5703 2922 5752 editi
2949 5709 3000 5751 et
3023 5711 3145 5763 δίκη
3174 5701 3452 5753 ritualibus.

2287 5769 2306 5800 ²
2465 5766 2560 5818 duo
2585 5779 2614 5816 e
2641 5766 2806 5827 Vatic.,
2830 5766 3081 5826 majorum.
