4060 6454
284 367 356 425 93
1631 349 1837 408 LIBER
1874 345 2216 415 QUARTUS.
3080 348 3091 353 ‘
3234 356 3241 363 η
3493 347 3563 404 9s

288 484 379 540 ubi
419 494 518 538 eos
542 475 801 548 intelligo,
829 488 935 530 non
962 472 1132 528 solum
1158 468 1289 526 nihil
1319 468 1397 524 eis
1423 465 1715 537 sapientius
1734 507 1750 533 ,
1775 478 1872 519 ve-

286 589 407 630 rum
452 572 618 627 etiam
664 566 795 622 nihil
838 563 1173 635 eloquentius
1203 560 1336 615 mihi
1360 558 1526 614 videri
1570 563 1763 627 potest.
1806 554 1877 609 Et

286 663 461 720 audeo
490 660 707 726 dicere,
755 669 942 712 omnes
984 654 1073 725 qui
1118 662 1264 708 recte
1293 650 1591 719 intelligunt
1619 646 1759 718 quod
1797 646 1875 700 illi

286 756 604 826 loquuntur,
644 748 802 806 simul
830 745 1126 815 intelligere
1154 758 1259 797 non
1286 756 1377 796 eos
1408 740 1562 794 aliter
1590 737 1732 807 loqui
1776 734 1875 789 de-

286 848 489 904 buisse.
512 845 660 900 Sicut
683 850 765 897 est
791 839 932 896 enim
962 836 1204 907 quaedam
1244 830 1543 903 eloquentia
1566 843 1683 898 qua:
1711 826 1877 895 magis

286 947 501 995 aetatem
524 934 813 1006 juvenilem
859 930 1050 993 decet,
1090 935 1173 981 est
1210 939 1329 996 quae
1353 923 1610 985 senilem;
1640 932 1742 973 nec
1766 917 1877 987 jam

286 1029 515 1088 dicenda
537 1032 622 1083 est
647 1023 970 1095 eloquentia,
1001 1021 1044 1076 si
1074 1032 1315 1091 person:e
1340 1030 1446 1070 non
1477 1018 1735 1082 congruat
1764 1009 1879 1063 elo-

286 1120 507 1194 quentis
535 1137 548 1173 :
597 1118 670 1173 ita
700 1125 781 1171 est
802 1112 1043 1183 quaedam
1060 1153 1075 1179 ,
1102 1124 1221 1180 qua:
1245 1107 1389 1162 viros
1413 1117 1617 1160 summa
1647 1099 1881 1155 auctori-

286 1188 396 1270 tate
420 1209 766 1281 dignissimos
788 1206 1048 1275 planeque
1069 1200 1278 1256 divinos
1297 1197 1468 1253 decet.
1493 1195 1601 1249 llac
1621 1192 1696 1248 illi
1715 1188 1878 1246 locuti

284 1312 429 1372 sunt,
468 1317 573 1358 nec
598 1303 743 1371 ipsos
768 1298 925 1354 decet
949 1295 1070 1363 alia,
1103 1308 1203 1350 nec
1240 1291 1371 1346 alios
1394 1291 1508 1360 ipsa
1534 1305 1547 1341 :
1579 1286 1708 1357 ipsis
1735 1284 1877 1341 enim

287 1396 569 1468 congruit;
608 1394 739 1449 alios
765 1399 963 1455 autem,
991 1394 1188 1458 quanto
1208 1384 1416 1439 videtur
1439 1378 1705 1442 humilior,
1732 1384 1879 1431 tanto

286 1489 448 1545 altius
476 1503 585 1543 non
612 1484 930 1541 ventositate
948 1524 961 1549 ,
992 1480 1086 1536 sed
1114 1478 1381 1534 soliditate
1396 1472 1749 1533 transcendit.
1774 1469 1876 1526 Ubi

285 1590 412 1636 vero
437 1594 550 1633 non
582 1592 675 1633 eos
700 1575 966 1643 intelligo,
1019 1572 1194 1625 minus
1236 1566 1452 1638 quidem
1492 1564 1621 1619 mihi
1658 1568 1878 1631 apparet

282 1684 469 1726 eorum
498 1666 819 1737 eloquentia,
838 1662 929 1718 sed
960 1676 1076 1717 eam
1114 1669 1289 1714 tamen
1318 1671 1423 1711 non
1450 1654 1634 1710 dubito
1655 1667 1773 1708 esse
1800 1657 1880 1705 ta-

284 1762 387 1817 lem
407 1803 422 1828 ,
469 1758 644 1830 qualis
669 1764 751 1811 est
773 1755 864 1810 ubi
912 1753 1164 1822 intelligo.
1196 1750 1313 1820 Ipsa
1342 1761 1553 1818 quoque
1577 1741 1877 1799 obscuritas

284 1853 587 1909 divinorum
638 1847 1035 1915 salubriumque
1095 1842 1357 1898 dictorum
1411 1838 1504 1893 tali
1559 1833 1877 1904 eloquentia:

284 1940 561 1999 miscenda
594 1939 781 2004 fuerat,
814 1938 869 1991 in
897 1952 999 2008 qua
1031 1934 1289 2006 prolicere
1320 1938 1503 1985 noster
1538 1927 1874 1993 intellectus,

283 2050 388 2089 non
440 2033 620 2087 solum
665 2028 1005 2096 inventione,
1059 2039 1245 2080 verum
1291 2023 1451 2078 etiam
1494 2016 1878 2075 exercitatione

282 2126 525 2181 deberet.

347 2218 439 2274 10.
481 2216 705 2272 Possem
751 2210 985 2283 quidem,
1012 2210 1056 2264 si
1082 2215 1313 2273 vacaret,
1359 2218 1545 2261 omnes
1570 2203 1796 2257 virtutes
1818 2206 1875 2255 et

279 2315 593 2365 Ornamenta
621 2303 957 2375 eloquentiae,
984 2299 1052 2355 dc
1080 2299 1269 2369 quibus
1290 2295 1539 2351 inflantur
1564 2293 1650 2349 isti
1671 2292 1758 2363 qui
1776 2291 1878 2346 lin-

277 2415 437 2471 guam
466 2413 618 2454 suam
646 2404 948 2451 nostrorum
978 2399 1256 2447 auctorum
1279 2389 1491 2459 linguze,
1536 2400 1641 2440 non
1672 2382 1877 2454 magni-

279 2470 487 2552 tudine,
520 2487 615 2544 sed
638 2496 847 2541 tumore
886 2470 1223 2554 prteponunt,
1262 2478 1545 2535 ostendere
1575 2477 1627 2530 in
1654 2476 1876 2531 istorum

277 2580 497 2637 Litteris
513 2579 702 2645 sacris,
732 2591 865 2649 quos
880 2576 1033 2630 nobis
1052 2572 1375 2637 erudiendis,
1389 2578 1444 2627 et
1470 2570 1538 2625 ab
1562 2568 1666 2624 hoc
1681 2568 1878 2623 sarculo

277 2687 445 2742 pravo
469 2672 523 2725 in
577 2669 792 2724 beatum
818 2666 1071 2721 sreculum
1102 2661 1504 2727 transferendis,
1547 2658 1876 2731 providentia

278 2763 456 2819 divina
478 2759 731 2832 providit.
764 2757 871 2813 Sed
888 2772 991 2811 non
1012 2757 1123 2826 ipsa
1148 2770 1232 2809 me
1250 2754 1366 2824 plus
1391 2767 1551 2822 quam
1582 2750 1686 2805 dici
1703 2755 1879 2820 potest

278 2857 329 2909 in
359 2854 451 2908 illa
497 2851 801 2922 eloquentia
828 2849 1124 2913 delectant,
1155 2861 1273 2916 quae
1320 2852 1445 2900 sunt
1469 2843 1553 2899 his
1599 2842 1728 2897 viris
1755 2856 1877 2897 cum

278 2944 587 3000 amtoribus
610 2941 899 2998 Gentilium
923 2939 1158 3009 poetisve
1175 2935 1478 2992 communia
1510 2952 1522 2987 :
1557 2932 1686 2988 illud
1709 2932 1878 3003 magis

280 3035 517 3091 admiror
560 3042 614 3089 et
642 3041 852 3102 stupeo,
889 3030 1030 3101 quod
1084 3029 1183 3083 ista
1212 3035 1393 3081 nostra
1445 3024 1749 3095 eloquentia
1805 3022 1877 3077 ita

280 3127 361 3181 usi
390 3135 518 3181 sunt
544 3139 639 3195 per
666 3123 887 3177 alteram
909 3119 1191 3191 quamdam
1222 3115 1580 3187 eloquentiam
1607 3129 1788 3181 suam,
1820 3120 1880 3168 ut

280 3232 378 3271 nec
406 3216 622 3271 deesset
671 3214 770 3279 eis,
801 3226 898 3267 nec
922 3210 1183 3265 emineret
1226 3209 1278 3261 in
1322 3206 1402 3261 eis
1434 3223 1447 3258 :
1480 3205 1601 3275 quia
1631 3220 1748 3260 eam
1778 3218 1878 3259 nec

282 3306 580 3378 improbari
607 3305 674 3360 ab
706 3305 832 3369 illis,
870 3316 969 3357 nec
998 3300 1255 3356 ostentari
1286 3298 1603 3368 oportebat;
1651 3311 1874 3367 quorum

281 3400 515 3454 alterum
549 3396 717 3463 fieret,
751 3396 795 3449 si
822 3394 1113 3458 vilaretur;
1145 3392 1369 3445 alterum
1399 3390 1570 3459 putari
1600 3396 1798 3458 posset,
1832 3386 1877 3443 si

282 3491 442 3545 facile
464 3495 860 3560 agnosceretur.
890 3486 956 3540 Et
983 3483 1035 3538 in
1075 3482 1265 3553 quibus
1292 3480 1428 3536 forte
1464 3480 1598 3535 locis
1627 3478 1875 3548 agnosci-

284 3594 368 3639 tur
393 3600 427 3638 a
456 3582 649 3649 doctis,
691 3581 824 3635 tales
848 3593 935 3634 res
964 3577 1236 3640 dicuntur,
1265 3583 1323 3628 ut
1348 3572 1512 3627 verba
1560 3570 1752 3641 quibus
1792 3569 1876 3625 di-

283 3684 500 3738 cuntur,
540 3687 645 3727 non
680 3686 710 3725 a
736 3670 946 3725 dicente
971 3666 1226 3732 adhibita,
1260 3663 1356 3720 sed
1390 3662 1517 3733 ipsis
1544 3660 1707 3716 rebus
1734 3660 1880 3715 velut

286 3774 479 3835 sponte
503 3763 783 3834 subiuncta
806 3760 1087 3816 videantur
1114 3779 1127 3812 ;
1158 3755 1308 3827 quasi
1341 3742 1656 3825 sapientiam
1686 3752 1754 3808 de
1777 3751 1876 3807 do-

286 3875 377 3913 mo
399 3874 517 3924 sua,
536 3857 589 3912 id
607 3864 710 3925 est,
737 3865 952 3926 pectore
981 3851 1234 3922 sapientis
1264 3849 1553 3920 procedere
1580 3847 1875 3919 intelligas,

288 3960 340 4006 et
369 3959 622 4020 tanquam
661 3946 1064 4017 inseparabilem
1103 3943 1354 3998 famulam
1383 3941 1542 3998 etiam
1582 3955 1690 3995 non
1715 3954 1877 3995 voca-

291 4054 396 4096 tam
417 4040 570 4111 sequi
590 4038 966 4110 eloquentiam.

289 4134 513 4191 CAPUT
545 4134 651 4188 VII.
673 4163 744 4173 -——
772 4130 996 4185 Pulchre
1021 4128 1183 4195 docet,
1232 4126 1467 4180 adductis
1508 4123 1768 4195 exemplis,
1825 4123 1880 4178 in

358 4226 517 4280 sacris
546 4224 747 4279 Litteris
773 4223 929 4277 inesse
958 4235 1248 4293 germanam
1273 4216 1625 4287 eloquentiam,
1656 4231 1768 4283 qua:
1792 4231 1879 4269 sa-

359 4318 564 4389 pientia:
603 4315 823 4369 adliceret
853 4313 984 4367 velut
1035 4308 1386 4380 inseparabilis
1412 4323 1597 4361 comes.
1629 4303 1881 4375 Exempla

360 4420 617 4480 ponuntur
641 4422 706 4460 ex
749 4403 996 4474 Epistolis
1041 4400 1217 4466 Pauli,
1263 4408 1308 4452 et
1334 4414 1395 4452 ea:
1429 4396 1583 4451 Amos
1615 4396 1877 4466 propheta.

361 4498 667 4568 Exemplum
694 4494 833 4549 aliud
861 4510 999 4548 sanae
1027 4491 1323 4561 eloquentia:
1351 4505 1413 4543 ea:
1447 4489 1597 4543 Amos
1634 4488 1684 4554 6,
1720 4488 1773 4542 1.

362 4593 450 4648 11.
490 4591 618 4659 Quis
643 4590 783 4645 cnim
832 4603 938 4641 non
981 4586 1157 4641 videat
1185 4583 1311 4655 quid
1332 4583 1553 4638 voluerit
1577 4581 1776 4649 dicere,
1827 4588 1884 4636 et

293 4700 448 4754 quam
482 4684 751 4753 sapienter
782 4681 973 4737 dixerit
1018 4678 1305 4749 Apostolus
1338 4695 1351 4731 :
1382 4675 1678 4731 Gloriamur
1705 4676 1759 4729 in
1789 4674 1881 4729 tri-

294 4776 647 4845 bulationibus,
699 4774 907 4828 scientes
933 4770 1052 4842 quia
1083 4767 1337 4824 tribulatio
1366 4766 1658 4837 patientiam
1696 4780 1881 4835 opera-

296 4879 395 4935 tur,
428 4866 669 4938 patientia
712 4873 879 4918 autem
910 4862 1273 4933 probationem,
1304 4858 1531 4930 probatio
1574 4873 1687 4911 vero
1715 4873 1878 4927 spem,

294 4978 405 5033 spes
449 4969 619 5014 autem
658 4974 760 5012 non
789 4954 1095 5027 confundit:
1123 4954 1242 5025 quia
1293 4951 1511 5005 c/taritas
1558 4948 1652 5003 Dei
1692 4948 1882 5015 di/fusa

295 5066 363 5109 est
385 5056 438 5110 in
471 5053 707 5108 cordibus
731 5051 912 5105 nostris
938 5066 1025 5121 per
1055 5049 1307 5118 Spiritum
1336 5056 1585 5108 sanctum,
1613 5044 1698 5115 qui
1725 5044 1875 5097 datus

294 5156 362 5201 est
390 5146 534 5201 nobis
577 5143 751 5216 (Rom.
780 5160 832 5210 ν,
862 5140 978 5212 5-5)
999 5141 1023 5194 ?
1047 5140 1146 5194 Hic
1190 5138 1235 5194 si
1265 5138 1402 5208 quis,
1446 5145 1503 5190 ut
1533 5136 1604 5190 ita
1629 5134 1877 5200 dixerim,

296 5238 540 5308 imperite
558 5236 775 5307 peritas,
798 5233 928 5288 artis
948 5231 1264 5302 eloquentiae
1289 5236 1550 5300 praecepta
1569 5226 1879 5296 Apostolum

297 5337 538 5384 secutum
568 5326 733 5381 fuisse
757 5323 1064 5391 contendat,
1108 5336 1283 5377 nonne
1311 5337 1342 5375 a
1369 5318 1683 5374 Christianis
1711 5317 1882 5373 doctis

299 5420 627 5489 indoctisque
654 5414 949 5472 ridebitur?
971 5414 1039 5469 Et
1060 5422 1234 5468 tamen
1253 5411 1554 5482 agnoscitur
1582 5410 1665 5464 hic
1692 5409 1877 5479 ﬁgura,

297 5525 413 5580 qua:
438 5519 617 5577 κλίμαξ
640 5522 833 5579 graece,
856 5506 1018 5561 latine
1042 5520 1171 5559 vero
1190 5519 1221 5557 a
1245 5501 1556 5573 quibusdam
1582 5508 1665 5556 est
1695 5500 1881 5570 appel-

300 5601 401 5656 lata
428 5601 689 5673 gradatio,
720 5599 973 5671 quoniam
1002 5598 1199 5653 scalam
1223 5595 1400 5652 dicere
1430 5596 1731 5661 noluerunt,
1759 5609 1882 5649 cum

299 5696 458 5750 verba
482 5694 566 5751 vel
588 5708 743 5750 sensa
764 5700 1152 5749 connectuntur
1178 5691 1403 5746 alterum
1428 5704 1494 5745 ex
1521 5687 1717 5758 alteroz;
1745 5687 1881 5742 sicut

302 5786 407 5858 hic,
448 5804 515 5846 ex
562 5786 897 5844 tribulatione
926 5785 1253 5858 patientiam,
1294 5798 1358 5841 ex
1389 5780 1638 5855 patientia
1684 5779 1879 5853 proba-

1984 464 2204 530 tionem,
2219 478 2285 520 ex
2310 463 2616 533 probatione
2631 476 2778 534 spem
2804 476 3097 518 connexam
3117 460 3376 518 videmus.
3390 462 3562 534 Agno-

1983 555 2148 610 scitur
2176 564 2229 611 et
2250 556 2392 611 aliud
2419 556 2601 623 decus,
2623 556 2871 627 quoniam
2900 564 3019 626 post
3046 555 3217 625 aliqua
3248 557 3558 626 pronuntia-

1982 648 2141 703 tionis
2164 663 2295 703 voce
2320 648 2522 719 singula
2540 647 2701 714 finita,
2722 662 2842 717 quin
2869 648 3035 703 nostri
3053 646 3292 702 membra
3317 654 3371 703 et
3399 661 3557 714 caesa,

1982 738 2152 796 Graeci
2178 748 2351 795 autem
2366 750 2491 794 κῶλα
2519 750 2572 796 et
2587 750 2809 809 κόμματα
2843 748 3050 805 vocant,
3100 728 3341 809 sequitur
3385 738 3559 792 ambi-

1984 838 2070 884 tus
2096 828 2208 884 sive
2255 828 2525 897 circuitus,
2552 844 2710 899 quem
2736 833 2945 901 περῖοδον
2986 828 3061 882 illi
3086 827 3373 897 appellant,
3402 827 3554 898 cujus

1984 918 2220 974 membra
2244 919 2638 989 suspenduntur
2660 934 2791 974 voce
2815 918 3057 984 dicentis,
3080 917 3251 973 donec
3275 917 3461 972 ultimo
3490 917 3558 972 li-

1984 1009 2177 1063 niatur.
2206 1007 2339 1064 Nam
2366 1023 2548 1064 eorum
2575 1024 2693 1080 quae
2715 1006 3021 1078 praecedunt
3056 1007 3356 1073 circuitum,
3381 1022 3553 1062 mem-

1981 1099 2136 1156 brum
2166 1099 2293 1155 illud
2337 1109 2419 1156 est
2448 1100 2695 1171 primum,
2724 1100 2961 1170 quoniam
2988 1098 3241 1153 tribulatio
3266 1098 3557 1171 patientiam

1983 1199 2252 1260 operatur;
2270 1189 2582 1255 secundum,
2606 1190 2845 1259 patientia
2873 1197 3037 1243 autem
3059 1187 3434 1258 probationem;
3461 1199 3562 1243 ter-

1983 1280 2136 1346 tium,
2169 1280 2397 1349 probatio
2424 1296 2537 1334 vero
2563 1296 2719 1350 spem.
2743 1280 2940 1335 Deinde
2964 1279 3298 1350 subiungitur
3324 1281 3436 1351 ipse
3455 1280 3558 1334 cir-

1982 1370 2173 1437 cuitus,
2203 1373 2290 1440 qui
2321 1371 2487 1425 tribus
2509 1371 2772 1441 peragitur
2786 1369 3059 1436 membris,
3087 1386 3309 1440 quorum
3332 1371 3561 1440 primum

1983 1471 2083 1527 est,
2114 1479 2227 1532 spes
2243 1470 2408 1515 autem
2438 1478 2537 1515 non
2563 1462 2855 1531 confundit;
2880 1461 3189 1523 secundum,
3207 1462 3323 1531 quia
3340 1461 3561 1515 charitas

1981 1550 2078 1606 Dei
2102 1551 2290 1618 di/fusa
2314 1562 2385 1607 est
2408 1554 2460 1607 in
2499 1553 2729 1607 cordibus
2759 1552 2941 1607 nostris
2963 1568 2983 1619 ;
3010 1553 3243 1618 tertium,
3272 1569 3358 1623 per
3388 1553 3561 1621 Spiri-

1981 1652 2085 1697 tum
2108 1653 2335 1697 sanctum
2360 1645 2445 1715 qui
2487 1645 2631 1699 datus
2659 1654 2731 1698 est
2774 1644 2932 1698 nobis.
2959 1645 3026 1697 At
3054 1644 3164 1697 haec
3193 1652 3351 1714 atque
3378 1644 3563 1712 hujus-

1981 1735 2188 1790 cemodi
2220 1736 2272 1790 in
2303 1737 2615 1792 elocutionis
2641 1746 2754 1790 arte
2782 1735 3079 1791 traduntur.
3111 1736 3257 1790 Sicut
3280 1750 3407 1804 ergo
3430 1738 3564 1803 Apo-

1982 1828 2179 1881 stolum
2210 1836 2474 1898 prtecepta
2499 1828 2814 1897 eloquentiae
2844 1836 3081 1882 secutum
3110 1825 3271 1880 fuisse
3299 1842 3402 1880 non
3425 1826 3559 1880 dici-

1979 1931 2117 1983 mus,
2148 1917 2217 1973 ita
2245 1917 2386 1987 quod
2420 1917 2535 1988 ejus
2573 1917 2885 1988 sapientiam
2926 1924 3105 1971 secuta
3136 1916 3205 1971 sit
3234 1916 3555 1986 eloquentia,

1980 2026 2085 2064 non
2121 2026 2395 2081 negamus.

2052 2105 2141 2159 12.
2193 2104 2444 2160 Scribcns
2485 2104 2552 2159 ad
2604 2103 2929 2171 Corinthios,
2970 2103 3021 2157 in
3068 2103 3300 2159 secunda
3328 2102 3562 2173 Epistola

1980 2195 2248 2267 redarguit
2273 2196 2548 2267 quosdam,
2600 2196 2688 2266 qui
2718 2202 2869 2252 erant
2907 2211 2971 2250 ex
2994 2194 3191 2250 Iudaeis
3220 2194 3555 2265 pseudoapo-

1980 2288 2122 2356 stoli,
2151 2289 2305 2359 eique
2329 2288 2677 2344 detrahebant
2705 2305 2717 2340 :
2747 2297 2801 2343 et
2843 2288 3091 2358 quoniam
3121 2287 3351 2357 seipsum
3382 2285 3566 2355 praedi-

1979 2394 2101 2435 care
2114 2380 2468 2449 compellitur,
2484 2379 2620 2435 hanc
2634 2378 2733 2434 sibi
2754 2378 2897 2432 velut
2916 2378 3268 2447 insipientiam
3284 2376 3545 2444 tribuens,

1980 2488 2137 2543 quam
2166 2473 2435 2542 sapienter
2468 2472 2615 2538 dicit,
2673 2485 2937 2542 quamque
2966 2469 3318 2540 eloquenter?
3346 2468 3440 2524 sed
3470 2482 3563 2523 co-

1983 2579 2101 2619 mes
2127 2564 2423 2633 sapientiae,
2454 2563 2557 2619 dux
2582 2562 2931 2633 eloquentize;
2962 2561 3103 2615 illam
3144 2574 3393 2631 sequens,
3416 2559 3569 2613 istam

1985 2654 2296 2725 praecedens
2323 2662 2377 2710 et
2404 2663 2713 2724 sequentem
2747 2668 2854 2707 non
2902 2666 3180 2721 respuens.
3210 2649 3401 2703 Iterum
3430 2649 3565 2714 dico,

1982 2746 2169 2816 inquit,
2203 2761 2265 2799 ne
2292 2746 2403 2813 quis
2432 2761 2510 2798 me
2550 2745 2794 2797 existimet
2830 2742 3156 2813 insipientem
3183 2756 3321 2806 esse;
3348 2740 3570 2810 alioquin

1981 2839 2111 2893 velut
2137 2838 2451 2908 insipientem
2478 2838 2712 2907 suscipite
2741 2852 2836 2901 me,
2866 2843 2917 2887 ut
2968 2844 3016 2889 et
3052 2850 3140 2904 ego
3169 2832 3419 2886 modicum
3440 2832 3563 2901 quid

1981 2931 2184 3002 glorier.
2220 2929 2369 2996 Quod
2409 2930 2602 3001 loquor,
2634 2945 2733 2982 non
2772 2928 2949 2998 loquor
2971 2926 3243 2981 secundum
3268 2924 3461 2992 Deum,
3486 2923 3572 2979 sed

1981 3022 2122 3091 quasi
2172 3021 2225 3075 in
2252 3020 2481 3085 stultitia,
2524 3020 2579 3073 in
2627 3019 2720 3072 hac
2771 3017 3048 3072 substantia
3083 3017 3275 3088 gloriaz.
3308 3016 3561 3082 Quoniam

1988 3114 2190 3183 quidem
2210 3112 2357 3166 multi
2383 3112 2664 3184 gloriantur
2705 3108 2979 3164 secundum
3013 3124 3235 3170 carnem,
3266 3117 3311 3160 et
3339 3122 3427 3177 ego
3454 3108 3564 3175 glo-

1981 3205 2170 3260 riabor.
2226 3203 2459 3258 Libenter
2506 3201 2637 3255 enim
2663 3200 2918 3254 sustinetis
2963 3199 3271 3270 insipientes,
3304 3199 3416 3251 cum
3458 3198 3566 3252 sitis

1983 3296 2084 3365 ipsi
2108 3297 2373 3367 sapientes.
2401 3292 2649 3347 Toleratis
2686 3294 2817 3346 enim
2866 3291 2911 3345 si
2938 3291 3049 3358 quis
3073 3308 3159 3345 vos
3199 3291 3253 3344 in
3287 3292 3571 3344 servitutem

1981 3389 2187 3459 redigit,
2209 3389 2252 3441 si
2278 3388 2387 3457 quis
2417 3385 2638 3449 devorat,
2661 3385 2703 3439 si
2722 3385 2834 3454 quis
2861 3383 3061 3454 accipit,
3088 3384 3132 3437 si
3150 3384 3261 3453 quis
3291 3383 3568 3450 extollitur,

1980 3484 2024 3539 si
2048 3483 2158 3554 quis
2170 3482 2221 3535 in
2239 3481 2417 3551 facient
2444 3495 2528 3533 vos
2545 3478 2709 3534 ctedit.
2729 3476 3025 3531 Secundum
3044 3475 3405 3547 ignobilitatem
3432 3476 3569 3543 dico,

1980 3573 2125 3645 quasi
2152 3588 2243 3626 nos
2287 3570 2530 3639 infirmati
2556 3570 2729 3623 simus.
2754 3565 2821 3620 In
2857 3584 2955 3636 quo
2977 3574 3142 3619 autem
3178 3566 3287 3637 quis
3304 3566 3452 3619 audet
3481 3566 3556 3637 (in

1981 3666 2270 3736 insipientia
2306 3663 2461 3732 dico),
2522 3663 2682 3715 audeo
2708 3670 2755 3715 et
2784 3678 2894 3731 ego.
2927 3659 3129 3713 Ηεὸνωὶ
3173 3660 3331 3713 sunt?
3360 3669 3405 3712 et
3456 3676 3566 3728 ego.
3605 3719 3609 3722 ξ

1982 3758 2232 3813 Israelita:
2250 3756 2411 3811 sunt?
2437 3763 2481 3808 et
2503 3770 2612 3824 ego.
2646 3752 2827 3808 Semen
2848 3750 3064 3805 Abralue
3082 3758 3193 3803 sunt
3210 3751 3234 3804 .9
3250 3758 3294 3803 et
3321 3766 3431 3820 ego.
3468 3749 3569 3802 Mi-

1982 3850 2126 3905 nistri
2153 3848 2339 3904 Christi
2367 3848 2521 3901 sunt?
2544 3846 2803 3915 (insipiens
2825 3841 2958 3914 dico)
2980 3859 3231 3913 superega
3262 3842 3300 3894 ¹.
3331 3840 3398 3895 1η
3429 3840 3571 3894 labo-

1984 3944 2120 3997 ribus
2144 3940 2436 4013 plurimum,
2460 3940 2511 3991 in
2529 3936 2807 3990 carceribus
2831 3934 3188 4000 abundantius,
3216 3934 3269 3986 in
3290 3933 3453 4003 plagis
3480 3949 3573 3986 su-

1984 4050 2079 4105 pra
2117 4032 2343 4097 modum,
2376 4031 2428 4084 in
2450 4028 2689 4083 mortibus
2717 4027 2920 4098 swpius.
2956 4026 2997 4077 Α
3041 4024 3237 4079 Judan's
3285 4024 3568 4094 quinquies,

1982 4125 2318 4198 quadraginta
2345 4140 2446 4177 una
2470 4122 2632 4175 minus
2652 4121 2841 4189 accepi.
2868 4116 2965 4171 Ter
2990 4116 3139 4185 virgis
3156 4131 3313 4170 caesus
3329 4132 3460 4179 sum,
3489 4131 3573 4167 se-

1986 4220 2084 4273 mel
2111 4218 2374 4288 lapidatus
2400 4231 2529 4280 sum,
2565 4222 2639 4267 ter
2664 4211 2986 4283 naufragium
3011 4209 3109 4278 feci
3138 4224 3157 4262 :
3189 4217 3329 4261 nocte
3344 4216 3389 4260 et
3415 4206 3495 4259 die
3520 4207 3573 4259 in

1987 4310 2241 4383 profundo
2258 4311 2410 4362 maris
2448 4307 2556 4375 fui;
2583 4306 2637 4359 in
2659 4302 2915 4358 itineribus
2944 4317 3103 4371 scepe,
3133 4299 3366 4371 periculis
3394 4298 3568 4368 ﬂumi-

1987 4420 2129 4465 num,
2160 4401 2394 4472 periculis
2413 4399 2683 4460 latronum,
2705 4393 2939 4466 periculis
2968 4409 3028 4447 ea:
3048 4407 3241 4462 genere,
3260 4390 3493 4459 periculis
3510 4404 3572 4442 ea

1986 4492 2229 4566 gentibus,
2261 4488 2495 4562 periculis
2520 4488 2571 4540 in
2592 4487 2804 4548 civitate,
2832 4480 3065 4551 periculis
3092 4480 3144 4533 in
3170 4478 3383 4544 deserto,
3432 4480 3571 4549 peri-

1987 4584 2116 4638 culis
2141 4582 2194 4635 in
2220 4581 2368 4644 mari,
2408 4576 2642 4650 periculis
2668 4576 2719 4628 in
2748 4574 2890 4645 falsis
2917 4570 3155 4643 fratribus
3186 4586 3206 4624 :
3237 4570 3291 4623 in
3316 4568 3483 4623 labore
3523 4576 3573 4624 et

1986 4689 2232 4737 wrumna,
2259 4672 2313 4724 in
2357 4668 2541 4739 vigiliis
2578 4666 2781 4737 saepius,
2814 4665 2867 4718 in
2896 4668 3029 4735 fame
3058 4672 3103 4715 et
3131 4662 3236 4729 siti,
3264 4662 3317 4714 in
3359 4661 3573 4732 jejuniis

1988 4765 2193 4836 scepius,
2214 4763 2269 4816 in
2306 4762 2494 4832 [rigore
2521 4768 2567 4813 et
2596 4758 2820 4811 nuditate
2839 4772 2855 4810 :
2874 4764 3052 4826 prwter
3070 4753 3163 4807 illa
3190 4768 3302 4824 qua:
3324 4753 3571 4807 extrinse-

1988 4873 2076 4910 cus
2101 4862 2235 4919 sunt,
2261 4854 2493 4907 incursus
2516 4852 2569 4904 in
2588 4866 2664 4903 me
2686 4848 3026 4919 quotidianus,
3050 4844 3335 4899 sollicitudo
3352 4843 3575 4897 omnium

1988 4947 2353 5001 Ecclesiarum.
2390 4943 2514 5009 Quis
2541 4941 2848 5010 inﬁrmatur,
2868 4946 2913 4992 et
2937 4954 3026 5008 ego
3053 4953 3150 4990 non
3167 4936 3436 5004 inﬁrmor?
3459 4933 3573 5003 quis

1987 5038 2384 5104 scandalizatur,
2426 5044 2471 5089 et
2497 5051 2588 5105 ego
2617 5049 2717 5087 non
2748 5032 2907 5086 uror?
2945 5030 3006 5085 Si
3030 5029 3241 5101 gloriari
3280 5035 3490 5097 oportet,
3520 5027 3572 5080 in

1987 5136 2048 5188 iis
2077 5149 2187 5204 qute
2212 5130 2520 5200 inﬁrmitatis
2540 5143 2661 5182 mete
2688 5134 2824 5192 sunt,
2853 5125 3105 5195 gloriabor
3136 5120 3201 5195 (ll
3229 5121 3344 5177 Cor.
3375 5136 3452 5185 ιι,
3483 5120 3575 5175 16-

1989 5226 2103 5297 50).
2130 5224 2336 5291 Quanta
2360 5220 2619 5292 sapientia
2642 5218 2739 5273 ista
2765 5218 2871 5272 sint
2905 5215 3044 5271 dicta
3071 5214 3347 5283 vigilantes
3372 5211 3570 5268 vident.

1987 5317 2195 5385 Quanto
2220 5329 2348 5371 vero
2376 5313 2534 5369 etiam
2559 5309 2874 5381 eloquentiae
2911 5304 3281 5364 concurrerint
3323 5303 3571 5371 flumine,

1988 5418 2044 5466 et
2063 5408 2155 5479 qui
2180 5407 2357 5463 stertit
2382 5402 2629 5459 advertit.

2067 5502 2151 5557 15.
2194 5500 2363 5555 Porro
2382 5507 2559 5552 autem
2586 5493 2677 5567 qui
2706 5491 2871 5557 novit,
2915 5486 3155 5560 agnoscit
3174 5486 3314 5558 quod
3344 5500 3407 5541 ea
3437 5499 3574 5540 caesa

2052 5657 2070 5689 ¹
2097 5661 2200 5703 Mss.
2234 5653 2347 5712 duo,
2370 5648 2478 5714 plus
2503 5654 2681 5714 egerat
2701 5645 2783 5696 alii
2804 5656 2976 5714 omnes
2996 5655 3107 5691 cum
3132 5641 3295 5714 editis,
3315 5647 3579 5714 superego.
3650 5652 3654 5656 ·

1988 5702 2179 5789 Griece,
2192 5702 2346 5789 ῃιιρθιί
2356 5702 2442 5781 égb
2463 5752 2473 5765 .
2497 5702 2584 5763 ubi
2605 5713 2846 5772 interpres
2863 5706 3013 5758 verba
3209 5702 3416 5754 reddidit
3437 5710 3581 5761 quam

1991 5788 2299 5835 sententiam.
