4060 6456
527 393 599 452 95
984 350 990 355 \
1371 400 1458 456 DE
1497 399 1834 457 DOCTRINA
1875 398 2298 468 ClllllSTlANA,
2340 402 2395 460 S.
2436 407 2799 470 AUGUSTINI
3702 431 3774 489 96

526 519 646 575 quae
666 514 890 576 κόμματα
914 506 1085 567 δι’ωεὶ
1111 516 1322 575 vocant,
1350 520 1405 566 et
1444 511 1702 579 membra,
1730 518 1783 566 et
1824 509 2094 576 circuitus,

528 594 596 650 de
621 596 811 665 quibus
833 598 993 667 paulo
1031 608 1152 654 ante
1181 599 1427 668 disserui,
1465 615 1585 657 cum
1616 600 1988 655 decentissima
2011 615 2098 654 va-

524 683 715 739 rietate
760 686 1241 756 interponerentur,
1274 698 1432 745 totam
1460 690 1614 745 istam
1655 692 1884 761 speciem
1915 692 2099 748 dictio-

524 774 629 841 nis,
661 783 716 830 et
734 778 881 846 quasi
910 780 1024 847 ejus
1049 780 1267 844 vultum,
1298 797 1402 851 quo
1424 782 1580 835 etiam
1604 782 1799 837 indocti
1829 783 2097 839 delectan-

529 873 615 919 tur
654 875 1053 938 moventurque,
1091 869 1345 926 fecerunt.
1364 872 1494 927 Nam
1522 874 1659 930 unde
1688 877 2096 946 cmpimushunc

523 954 697 1012 locum
727 957 982 1027 inserere,
1004 962 1255 1018 circuitus
1280 972 1399 1019 sunt
1427 982 1440 1020 :
1472 967 1670 1034 primus
1699 969 1969 1036 minimus,
1997 971 2098 1027 hoc

439 1041 447 1052 ”
523 1059 607 1107 est
623 1050 963 1119 bimembris;
993 1055 1317 1111 minusenim
1338 1074 1492 1127 quam
1511 1059 1616 1115 duo
1639 1063 1874 1117 membra
1900 1064 2094 1119 circui-

520 1148 607 1195 tus
632 1140 828 1198 habere
847 1158 949 1197 non
973 1153 1210 1213 poSsunt,
1225 1146 1370 1214 plura
1399 1163 1525 1203 vero
1556 1160 1777 1219 possunt
1806 1170 1818 1205 :
1851 1168 1976 1222 ergo
2005 1154 2095 1210 ille

520 1230 724 1301 primus
742 1239 845 1299 est,
877 1231 1069 1287 Iterum
1086 1235 1217 1303 dico,
1246 1253 1308 1290 ne
1327 1238 1436 1307 quis
1460 1256 1539 1293 me
1571 1241 1813 1295 existimet
1849 1243 2093 1315 insipien-

520 1327 617 1373 tem
646 1336 769 1375 esse.
793 1320 1041 1390 Sequitur
1059 1325 1194 1379 alius
1223 1327 1564 1393 trimembris,
1593 1330 1831 1401 Alioquin
1858 1335 1985 1388 velut
2010 1336 2092 1389 in-

518 1408 775 1478 sipientem
803 1411 1038 1481 suscipite
1066 1432 1165 1482 me,
1191 1425 1244 1469 ut
1263 1427 1309 1471 et
1338 1434 1429 1489 ego
1449 1420 1700 1476 modicum
1727 1424 1849 1492 quid
1883 1423 2089 1495 glorier.

520 1498 730 1554 Tertius
745 1500 835 1570 qui
860 1502 1099 1572 sequitur
1121 1508 1357 1563 membra
1381 1510 1536 1566 habet
1560 1521 1804 1582 quatuor,
1840 1514 1987 1579 Quod
2012 1516 2090 1570 lo-

516 1605 661 1661 quor,
696 1607 796 1645 non
822 1593 998 1664 loquor
1036 1599 1310 1653 secundum
1339 1601 1525 1669 Deum,
1552 1604 1639 1657 sed
1658 1606 1800 1676 quasi
1825 1606 1880 1660 in
1925 1608 2091 1661 stulti-

519 1679 611 1749 tia,
632 1679 684 1734 in
710 1680 804 1735 hac
826 1682 1102 1740 substantia
1128 1688 1321 1757 gloria}.
1349 1690 1577 1758 Quartus
1601 1693 1707 1749 duo
1722 1694 1897 1763 habet,
1926 1695 2093 1763 Quan-

517 1770 786 1839 doquidem
831 1773 975 1828 multi
1025 1777 1305 1848 gloriantur
1344 1784 1620 1838 secundum
1669 1801 1889 1854 carnem,
1931 1798 1977 1843 et
2001 1806 2090 1861 ego

516 1858 788 1930 gloriabor.
813 1862 877 1918 Et
896 1866 1106 1935 quintus
1127 1868 1287 1926 habet
1316 1871 1440 1940 duo,
1466 1873 1699 1930 Libenter
1718 1877 1847 1931 enim
1875 1858 2090 1934 sustine-

517 1949 582 2002 tis
599 1948 903 2020 insipientes,
929 1972 1044 2010 cum
1055 1958 1163 2013 sitis
1190 1960 1288 2031 ipsi
1311 1963 1578 2033 sapientes.
1610 1965 1781 2022 Etiam
1810 1980 1991 2027 sextus
2011 1970 2092 2025 bi-

517 2040 775 2098 membris
813 2052 912 2110 est,
943 2044 1192 2103 Toleratis
1214 2052 1365 2115 enim,
1416 2055 1457 2108 si
1485 2056 1595 2125 quis
1625 2072 1709 2111 vos
1730 2058 1782 2112 in
1807 2061 2089 2116 servitutem

517 2128 717 2201 redigit.
751 2131 1055 2204 Sequuntur
1094 2139 1191 2194 tria
1221 2156 1378 2209 cazsa,
1410 2142 1469 2199 Si
1512 2146 1622 2215 quis
1653 2147 1873 2214 devorat,
1909 2151 1954 2205 si
1976 2152 2088 2222 quis

518 2220 720 2290 accipit,
750 2224 796 2277 si
822 2225 932 2293 quis
957 2229 1230 2284 extollitur.
1262 2232 1461 2290 Deinde
1483 2236 1579 2291 tria
1609 2240 1864 2308 membra,
1890 2241 1952 2298 Si
1978 2220 2088 2314 quis

518 2307 573 2361 in
599 2310 779 2379 faciem
809 2328 892 2368 vos
914 2316 1079 2383 credit,
1110 2321 1382 2375 secundum
1401 2323 1757 2394 ignobilitatem
1781 2331 1914 2400 dico,
1941 2336 2088 2403 quasi

518 2412 611 2451 nos
648 2399 887 2468 inﬁrmati
914 2407 1088 2462 simus.
1118 2408 1344 2466 Additur
1366 2413 1687 2473 trimembris
1725 2399 1993 2491 circuitus,
2021 2423 2088 2479 In

514 2503 614 2559 quo
641 2499 806 2545 autem
829 2496 940 2566 quis
966 2497 1117 2552 audet
1134 2499 1205 2570 (in
1217 2503 1502 2574 insipientia
1523 2507 1681 2579 dico),
1711 2512 1871 2567 audeo
1897 2524 1943 2567 et
1973 2532 2081 2586 ego.

517 2578 652 2634 Hinc
665 2581 774 2651 jam
804 2585 1026 2656 singulis
1047 2592 1343 2664 quibusque
1367 2598 1518 2654 caesis
1548 2578 1919 2673 intérrogando
1942 2578 2085 2676 po'si-

515 2669 603 2737 tis,
630 2672 833 2743 singula
872 2676 1049 2733 itidem
1080 2696 1215 2738 caesa
1259 2690 1603 2756 responsione
1630 2669 1943 2766 redduntur,
1988 2701 2085 2756 tria

514 2760 705 2828 tribus,
743 2762 943 2821 Hebra'i
962 2772 1119 2826 sunt?
1138 2783 1183 2827 et
1212 2791 1318 2846 ego.
1341 2776 1588 2837 Israelita:
1610 2787 1828 2841 sunt7et
1855 2760 1963 2860 ego.
1991 2791 2086 2846 Se-

513 2865 628 2906 men
646 2852 860 2912 Abrahae
875 2862 1028 2915 sunt?
1052 2872 1097 2916 et
1115 2881 1224 2936 ego.
1254 2866 1453 2935 Quarto
1478 2868 1653 2928 autem
1679 2891 1818 2934 caeso
1833 2852 1988 2937 simili
2008 2884 2087 2937 in-

512 2947 875 3016 terrogatione
900 2952 1091 3021 posito,
1150 2972 1256 3011 non
1294 2960 1511 3017 alterius
1552 2967 1697 3033 caesi,
1736 2970 1829 3025 sed
1862 2975 2084 3031 membri

512 3036 847 3104 oppositione
870 3044 1172 3112 respondet,
1197 3048 1419 3106 Ministri
1438 3052 1624 3110 Christi
1650 3062 1804 3115 sunt?
1824 3061 2084 3135 (insipiens

510 3122 649 3197 dico)
677 3143 828 3199 super
851 3148 961 3204 ego.
986 3134 1102 3190 Jam
1128 3153 1262 3194 caesa
1292 3153 1516 3212 quatuor
1543 3153 1838 3220 sequentia,
1881 3167 2082 3213 remota

509 3211 883 3278 decentissime
927 3211 1335 3298 interrogatione
1362 3211 1671 3308 funduntur,
1728 3240 1792 3296 In
1825 3211 2083 3304 laboribus

512 3303 802 3377 plurimum,
856 3312 910 3367 in
936 3316 1217 3373 carceribus
1245 3320 1603 3395 abundantius,
1635 3303 1686 3384 in
1734 3335 1898 3404 plagis
1925 3354 2082 3406 supra

513 3397 739 3466 modum,
764 3402 818 3455 in
846 3406 1087 3461 mortibus
1123 3412 1325 3480 swpius.
1358 3414 1555 3473 Deinde
1586 3397 1935 3493 interponitur
1962 3397 2081 3483 bre-

506 3486 591 3541 vis
631 3490 913 3561 circuitus,
950 3499 1197 3565 quoniam
1235 3517 1489 3574 suspensa
1516 3515 1941 3578 pronuntiatione
1966 3519 2076 3574 dis-

505 3575 851 3648 tinguendum
880 3594 963 3640 est
981 3587 1018 3652 ί,
1044 3587 1090 3641 Α
1115 3587 1311 3647 Iuda-is
1333 3575 1612 3667 quinquies,
1639 3610 1694 3657 ut
1714 3602 1814 3660 hoc
1834 3607 1901 3661 sit
1918 3624 2076 3664 unum

504 3671 824 3740 membrum,
853 3676 938 3731 cui
976 3682 1303 3738 connectitur
1346 3686 1589 3757 alterum,
1621 3694 1954 3767 quadraginta
1978 3718 2078 3755 una

503 3758 670 3814 minus
691 3766 878 3834 accepi.
910 3766 1036 3824 inde
1056 3771 1291 3829 redditur
1316 3777 1379 3832 ad
1404 3793 1562 3849 cmsa,
1603 3758 1655 3838 et
1671 3758 1936 3854 ponuntur
1955 3794 2071 3860 tria,

502 3847 605 3904 Ter
627 3853 779 3923 virgis
802 3872 962 3912 ctrsns
988 3876 1116 3926 sum,
1146 3868 1299 3919 semel
1325 3868 1580 3939 lapidatus
1617 3892 1746 3941 sum,
1775 3888 1849 3933 ter
1875 3886 2076 3955 naufra-

500 3940 639 4011 gium
666 3944 783 4015 feci.
818 3947 1064 4018 Sequitur
1102 3957 1395 4012 membrum
1422 3978 1437 4015 :
1473 3961 1638 4019 Nocte
1663 3940 1739 4021 ac)
1764 3970 1844 4025 die
1872 3973 1922 4026 in
1951 3940 2072 4044 pro-

504 4032 665 4101 fundo
682 4037 836 4091 maris
854 4039 950 4108 fui.
985 4042 1183 4101 Deinde
1206 4052 1602 4117 quatuordecim
1645 4073 1780 4115 czesa
1805 4032 2071 4120 decentis-

500 4120 637 4177 Simo
663 4123 860 4195 impetu
883 4129 1169 4223 proﬂuunt,
1186 4135 1520 4198 Initineribus
1538 4161 1688 4218 stupe,
1719 4152 1950 4218 periculis
1965 4156 2070 4223 ﬂu-

497 4205 709 4273 minum,
741 4211 974 4279 periculis
999 4215 1271 4287 latronum,
1291 4224 1523 4291 periculis
1644 4205 1839 4302 genere,
1867 4205 2068 4306 pericu-

499 4295 563 4351 lis
583 4314 646 4353 ea:
656 4301 903 4371 gentibus,
923 4308 1155 4376 periculis
1179 4312 1232 4366 in
1269 4315 1483 4385 civitate,
1514 4295 1747 4389 periculis
1775 4327 1826 4380 in
1854 4295 2065 4399 deserto,

500 4391 733 4458 periculis
756 4394 810 4448 in
829 4399 976 4464 mari,
1009 4403 1244 4470 periculis
1263 4407 1315 4460 in
1344 4411 1489 4479 falsis
1516 4415 1753 4483 fratribus
1776 4433 1795 4472 :
1819 4420 1872 4473 in
1901 4391 2070 4479 labore

496 4486 544 4532 et
568 4494 808 4551 «erumna,
839 4487 893 4541 in
908 4490 1089 4559 vigiliis
1109 4496 1313 4565 saepius,
1344 4498 1396 4553 in
1425 4501 1561 4571 fame
1583 4514 1630 4558 et
1648 4507 1748 4571 siti,
1781 4509 1831 4562 in
1850 4511 2067 4580 jejuniis

494 4572 701 4640 saepius,
728 4576 781 4628 in
806 4579 991 4649 frigore
1017 4592 1062 4635 et
1082 4587 1323 4642 nuditate.
1356 4591 1482 4649 Post
1505 4594 1619 4652 hmc
1662 4598 1945 4670 interponit
1969 4605 2065 4660 tri-

498 4663 790 4721 membrem
817 4670 1111 4740 circuitum,
1145 4676 1340 4735 Praeter
1365 4684 1454 4738 illa
1471 4703 1582 4755 quae
1604 4692 1905 4749 extrinsecus
1925 4705 2060 4766 sunt,

495 4753 724 4810 incursus
750 4759 804 4813 in
828 4778 907 4816 me
931 4768 1269 4838 quotidianus,
1311 4753 1596 4834 sollicitudo
1636 4785 1858 4841 omnium
1880 4787 2062 4845 Eccle-

490 4844 700 4921 siarnm.
734 4849 798 4905 Et
819 4851 942 4910 huic
957 4856 1062 4913 duo
1090 4865 1323 4921 membra
1350 4874 1745 4938 percontatione
1769 4880 2058 4954 subjungit,
2156 4890 2163 4895 '

495 4934 621 5000 Quis
632 4938 935 5012 inﬁrmatur,
956 4958 1000 5001 et
1028 4966 1117 5021 ego
1137 4970 1234 5009 non
1250 4958 1479 5026 inﬁrmor
1493 4962 1520 5016 ?
1537 4965 1647 5034 quis
1668 4971 2057 5043 scandalizatur,

492 5036 539 5079 et
565 5044 656 5099 ego
684 5048 786 5086 non
809 5038 965 5092 uror?
995 5039 1264 5099 Postremo
1293 5055 1433 5105 totus
1474 5052 1575 5108 iste
1614 5057 1764 5125 quasi
1804 5060 2059 5120 anhelans

490 5115 655 5185 locus,
686 5121 961 5181 bimembri
987 5131 1207 5189 circuitu
1230 5140 1559 5210 terminatur,
1592 5115 1655 5201 Si
1672 5149 1882 5219 gloriari
1900 5170 2055 5225 apor-

486 5216 576 5275 tet,
615 5213 669 5267 in
703 5215 767 5271 iis
783 5233 897 5287 qua:
921 5221 1227 5291 inﬁrmitatis
1268 5247 1391 5287 mea:
1418 5247 1535 5291 sunt
1585 5213 1855 5310 gloriabor.
1905 5213 2055 5316 (iuod

483 5312 614 5355 vero
638 5314 755 5373 post
774 5306 916 5366 hunc
934 5311 1185 5384 impetum
1205 5318 1508 5393 interposita
1531 5306 2058 5410 narratiuncula‘quo-

486 5390 772 5454 dummodo
796 5405 1098 5473 requiescit,
1125 5417 1179 5464 et
1192 5414 1528 5482 requiescere
1558 5421 1683 5479 facit
1723 5390 2014 5486 auditordm
2034 5474 2049 5499 ,

481 5484 606 5551 quid
622 5486 849 5560 decoris,
880 5495 1005 5565 quid
1034 5498 1401 5563 delectationis
1426 5507 1640 5583 habeat,
1662 5519 1791 5575 satis
1809 5520 1913 5577 dici

481 5583 675 5641 potest.
705 5580 954 5655 Sequitur
981 5589 1121 5645 enim
1161 5591 1345 5653 dicens
1366 5615 1381 5652 :
1401 5598 1540 5658 Deus
1580 5580 1633 5659 et
1659 5606 1813 5664 Pater
1847 5610 2052 5668 Domini

479 5707 571 5821 du;
584 5714 691 5824 8:852.
723 5723 954 5780 quatuor,
990 5719 1076 5785 qui
1100 5738 1328 5791 suspensa
1356 5734 1731 5798 prommtiattone
1762 5742 2049 5811 ditingnen-

2201 517 2359 570 nostri
2389 517 2515 575 Iesu
2555 523 2741 581 Christi
2766 529 2890 595 scit,
2943 532 3030 601 qui
3052 542 3123 587 est
3153 533 3434 593 benedictus
3481 540 3532 595 in
3555 546 3762 613 secula,

2199 606 2334 673 quod
2359 624 2459 662 non
2480 615 2691 668 mentior
2727 614 2794 690 (ll
2818 616 2936 699 (lor.
2968 636 3045 690 XI,
3064 624 3177 695 51).
3192 625 3269 681 Ac
3287 625 3476 684 deinde
3497 606 3765 702 quomodo

2198 697 2529 761 periclitatus
2568 702 2722 760 fuerit
2741 748 2757 776 ,
2783 697 2845 764 et
2860 712 3126 780 quomodo
3163 719 3421 786 evaserit,
3451 697 3767 782 brevissime

2200 796 2398 842 narrat.

2270 880 2358 934 M.
2383 881 2618 954 Longum
2639 895 2720 942 est
2746 897 2936 945 caetera
2961 895 3226 966 persequi,
3247 898 3329 953 vel
3352 899 3404 954 in
3419 902 3534 957 aliis
3555 914 3769 962 sancta-

2197 982 2316 1023 rum
2342 970 2725 1042 Scripturarum
2748 978 2877 1035 locis
2902 982 3000 1037 ista
3026 995 3339 1044 monstrare.
3357 990 3514 1058 Quid,
3543 995 3588 1049 si
3608 997 3770 1052 etiam

2197 1058 2392 1128 ﬁguras
2417 1062 2696 1122 locutionis
2719 1084 2837 1138 quae
2862 1072 2949 1127 illa
2975 1083 3089 1130 arte
3102 1077 3395 1148 traduntur,
3415 1082 3466 1137 in
3489 1083 3554 1140 iis
3573 1088 3762 1143 saltem

2197 1162 2313 1217 quae
2339 1150 2404 1205 de
2427 1154 2887 1229 Apostolieloquio
2913 1171 3643 1239 commemoravi,ostendere
3669 1194 3763 1234 vo-

2171 1237 2450 1301 luissem?
2479 1259 2655 1303 nonne
2679 1247 2883 1308 facilius
2908 1268 3095 1324 graves
3122 1257 3362 1317 homines
3404 1279 3489 1320 me
3518 1268 3758 1339 nimium,

2195 1342 2349 1397 quam
2378 1333 2652 1404 quisquam
2691 1341 3047 1400 studiosorum
3080 1347 3178 1402 sibi
3217 1350 3568 1412 sufficientem
3614 1333 3769 1429 puta;-

2195 1416 2350 1471 rent?
2376 1420 2500 1476 Haec
2526 1427 2700 1480 omnia
2738 1432 2947 1498 quando
2975 1449 3006 1488 a
3056 1438 3319 1507 magistris
3344 1416 3634 1515 docentur:
3669 1465 3766 1519 pro

2194 1520 2385 1578 magno
2409 1509 2689 1583 habentur,
2722 1534 2913 1590 magno
2951 1535 3203 1582 emuntur
3231 1532 3419 1600 pretio,
3469 1551 3653 1606 magna
3676 1539 3764 1609 jac

2193 1598 2424 1656 etatione
2447 1605 2760 1663 venduntur.
2783 1610 2949 1679 Quam
2975 1598 3317 1685 jactationem
3361 1598 3521 1680 etiam
3550 1598 3650 1699 ego
3673 1598 3762 1688 ξε-

2192 1686 2371 1746 dolere
2399 1707 2606 1763 vereor,
2649 1698 2773 1754 dum
2798 1702 2898 1757 ista
2925 1704 3004 1760 sic
3025 1706 3246 1765 dissero.
3290 1711 3395 1769 Sed
3437 1717 3574 1774 male
3591 1719 3765 1777 doctis

2194 1778 2494 1839 hominibus
2522 1789 2947 1856 respondendum
2989 1796 3105 1865 fuit,
3134 1801 3221 1870 qui
3266 1812 3477 1861 nostros
3514 1818 3761 1866 auctores

2192 1877 2608 1932 contemnendos
2633 1889 2837 1949 putant,
2867 1901 2971 1941 non
2993 1890 3116 1958 quia
3141 1907 3245 1946 non
3276 1893 3490 1964 habent,
3523 1898 3617 1954 sed
3637 1903 3760 1971 quia

2192 1978 2297 2018 non
2323 1975 2608 2037 ostentant,
2630 1987 2786 2040 quam
2818 1975 2975 2032 nimis
2996 1979 3081 2033 isti
3104 1980 3353 2052 diligunt,
3382 1986 3755 2057 eloquentiam.

2262 2057 2349 2113 15.
2390 2059 2493 2116 Sed
2522 2062 2656 2118 forte
2683 2066 2803 2135 quis
2832 2076 2998 2136 putat,
3025 2079 3268 2143 tanquam
3293 2076 3627 2148 eloquentem
3656 2099 3758 2136 n0-

2191 2154 2356 2202 strum
2402 2150 2623 2221 elegisse
2651 2169 2737 2211 me
2767 2160 3062 2227 apostolum
3093 2163 3330 2220 Paulum.
3354 2166 3573 2225 Videtur
3615 2173 3756 2227 enim

2192 2234 2278 2289 ubi
2303 2238 2394 2302 ait,
2418 2237 2532 2293 Etsi
2562 2243 2821 2313 imperitus
2845 2264 3087 2316 sermone,
3113 2253 3201 2307 sed
3225 2272 3323 2310 non
3343 2258 3545 2313 scientia
3570 2259 3753 2333 (Ibid.,

2190 2324 2292 2398 6),
2341 2329 2491 2398 quasi
2538 2335 2877 2392 concedendo
2920 2339 3357 2401 obtrectatoribus
3393 2350 3471 2404 sic
3511 2324 3713 2409 locutus
3737 2394 3753 2421 ,

2189 2432 2292 2472 non
2314 2428 2559 2491 tanquam
2590 2424 2641 2478 id
2664 2441 2844 2481 verum
2859 2443 3194 2500 agnosceret,
3222 2437 3538 2495 confitendo.
3568 2439 3623 2496 Si
3654 2458 3754 2497 au-

2191 2518 2295 2563 tem
2327 2510 2565 2579 dixisset,
2587 2514 2860 2588 Imperitus
2878 2522 3077 2591 quidem
3097 2542 3341 2596 sermone,
3366 2530 3455 2584 sed
3479 2548 3579 2587 non
3595 2534 3754 2588 sciens

2190 2602 2257 2653 tia
2282 2604 2321 2669 ι,
2340 2604 2485 2659 nullo
2499 2607 2655 2662 modo
2674 2609 2815 2665 aliud
2840 2616 3273 2689 possetiutelligi.
3292 2620 3576 2677 Scientiam
3597 2627 3753 2695 plane

2188 2710 2292 2748 non
2319 2705 2591 2753 cunctatus
2616 2710 2697 2755 est
2712 2703 2964 2773 profiteri,
2983 2707 3097 2763 sine
3117 2724 3217 2780 qua
3238 2727 3357 2769 esse
3385 2714 3571 2772 doctor
3596 2718 3749 2775 Gen-

2189 2783 2314 2837 tium
2344 2801 2448 2841 non
2476 2789 2695 2845 valeret.
2746 2794 2905 2850 Certe
2953 2796 2997 2851 si
3022 2800 3144 2868 quid
3184 2802 3298 2871 ejus
3344 2805 3660 2875 proferimus
3686 2811 3755 2865 ad

2188 2878 2488 2946 exemplum
2512 2880 2845 2952 eloquentiae,
2885 2901 2949 2942 ex
2976 2888 3079 2943 illis
3101 2890 3354 2961 Epistolis
3376 2897 3554 2967 utique
3575 2901 3753 2968 profc-

2186 2965 2372 3033 rimus,
2388 2985 2518 3038 quas
2536 2973 2694 3026 etiam
2723 2974 2823 3045 ipsi
2864 2977 3244 3037 obtrecuttores
3264 2984 3399 3053 ejus,
3426 2989 3516 3057 qui
3542 3004 3751 3047 sermo-

2185 3075 2306 3114 nem
2322 3064 2598 3131 pratsentis
2613 3070 3058 3138 contemptibilem
3084 3077 3253 3143 putari
3281 3079 3550 3150 volebant,
3564 3099 3761 3154 graves

2185 3157 2238 3204 et
2253 3148 2416 3205 fortes
2430 3166 2545 3207 esse
2561 3154 2788 3211 confessi
2808 3168 2928 3213 sunt
2946 3158 3106 3232 (Ibid.
3121 3179 3174 3231 ι,
3196 3164 3305 3238 10).
3322 3148 3607 3227 Dicendum
3625 3189 3753 3246 ergo

2184 3241 2310 3296 mihi
2328 3244 2521 3315 aliquid
2550 3262 2667 3304 esse
2692 3249 2846 3305 video
2861 3261 2914 3307 et
2941 3253 3005 3309 de
3020 3256 3319 3327 eloquentia
3347 3241 3748 3333 Pr0phetarum,

2185 3333 2269 3387 ubi
2286 3350 2380 3404 per
2396 3338 2737 3410 tropologiam
2755 3344 2916 3398 multa
2938 3346 3271 3418 obteguntur.
3285 3353 3413 3420 Quae
3432 3368 3630 3426 quanto
3647 3375 3753 3414 ma-

2181 3427 2262 3493 gis
2285 3429 2545 3483 translatis
2568 3432 2742 3487 verbis
2770 3434 3011 3491 videntur
3024 3442 3239 3509 operiri,
3261 3453 3404 3500 tanto
3429 3447 3595 3518 magis
3626 3465 3746 3504 eum

2183 3513 2378 3573 fuerint
2402 3529 2584 3589 aperta
2620 3521 2948 3582 dulcescunt.
2990 3528 3094 3585 Sed
3124 3530 3227 3586 hoc
3270 3534 3388 3590 loco
3419 3513 3746 3610 tale'aliquid

2179 3620 2595 3668 commemorare
2631 3612 2820 3682 debeo,
2844 3617 2931 3673 ubi
2955 3634 3074 3690 qua:
3098 3620 3238 3677 dicta
3282 3633 3406 3680 sunt
3448 3642 3554 3683 non
3584 3644 3748 3701 cogar

2180 3714 2463 3769 exponere,
2491 3705 2585 3760 sed
2626 3710 2991 3765 commendem
3043 3722 3243 3769 tantum
3291 3718 3556 3787 quomodo
3608 3721 3747 3779 dicta

2178 3791 2302 3846 sint.
2326 3793 2394 3862 Et
2441 3811 2506 3850 ex
2546 3798 2683 3853 illius
2709 3802 2979 3871 prepheta:
3024 3805 3159 3862 libro
3183 3810 3513 3877 potissimum
3540 3813 3642 3870 hoc
3668 3817 3747 3871 fa-

2176 3881 2334 3949 ciam,
2357 3887 2523 3955 quise
2544 3897 2806 3957 pastorem
2825 3894 2906 3948 vel
2932 3900 3309 3955 armentarium
3325 3903 3485 3959 fuisse
3497 3903 3642 3972 dicit,
3666 3918 3747 3965 at-

2175 3987 2279 4041 que
2297 3975 2416 4031 inde
2444 3978 2693 4035 divinitus
2719 3982 2950 4039 ablatum
2979 3996 3135 4058 atque
3160 3992 3400 4059 missum,
3432 4004 3490 4049 ut
3531 3997 3625 4052 Dei
3649 4014 3745 4068 po-

2174 4066 2301 4136 pulo
2325 4067 2660 4137 prophetaret
2685 4072 2857 4142 (Amos
2882 4091 2974 4142 vn,
3003 4079 3087 4143 M,
3121 4080 3233 4151 15).
3281 4080 3395 4137 Νοη
3445 4093 3622 4141 autem
3650 4066 3742 4143 se-

2173 4157 2403 4212 cundum
2427 4158 2765 4232 Septuaginta
2792 4167 3128 4237 interpretes,
3156 4173 3244 4241 qui
3265 4175 3421 4230 etiam
3443 4177 3540 4246 ipsi
3562 4178 3742 4245 divino

2173 4247 2374 4319 Spiritu
2404 4248 2761 4324 interpretati;
2800 4258 2868 4314 ob
2894 4259 2996 4316 hoc
3022 4263 3174 4318 aliter
3202 4266 3445 4323 videntur
3487 4272 3740 4328 nonnulla

2172 4341 2387 4410 dixisse,
2413 4355 2467 4400 ut
2493 4346 2559 4401 ad
2598 4349 2923 4417 spiritualem
2957 4369 3169 4411 sensum
3198 4362 3543 4418 scrutandum
3568 4366 3736 4436 magis

2160 4426 2544 4490 admoueretur
2562 4438 2775 4496 lectoris
2802 4443 3057 4513 intentio;
3079 4449 3218 4505 unde
3246 4452 3403 4508 etiam
3432 4455 3736 4514 obscuriora

2170 4516 2441 4590 nonnulla,
2462 4526 2581 4595 quia
2621 4531 2786 4599 magis
2817 4535 3035 4602 tropica,
3067 4547 3190 4592 sunt
3213 4556 3396 4596 eorum
3428 4562 3442 4599 :
3475 4545 3571 4599 sed
3595 4546 3733 4602 sicut

2167 4625 2231 4666 ex
2278 4612 2489 4670 hebrmo
2522 4617 2575 4671 in
2609 4619 2828 4676 latinum
2871 4624 3159 4696 eloquium,
3190 4632 3501 4703 presbytero
3541 4630 3732 4691 Hiero-

2168 4716 2327 4774 nymo
2352 4706 2625 4780 utriusque
2650 4711 2839 4783 lingua:
2858 4716 3027 4784 perito
3058 4718 3454 4801 interpretante,
3481 4728 3734 4783 translata

2166 4807 2306 4850 sunt.

2239 4888 2322 4944 16.
2364 4888 2494 4944 Cum
2541 4892 2699 4963 igitur
2723 4907 2969 4968 argueret
3006 4900 3215 4971 impios,
3256 4907 3534 4976 superbos,
3581 4910 3735 4967 luxu-

2164 4976 2355 5046 riosos,
2405 4991 2458 5035 et
2492 4982 2736 5041 frateer
2761 4987 2878 5043 ideo
2913 4993 3388 5063 negligentissimos
3432 4998 3729 5069 charitatis,

2163 5069 2390 5125 rusticus
2416 5072 2498 5127 vel
2527 5089 2596 5128 ex
2626 5077 2823 5132 rustico
2848 5078 2947 5133 iSle
2972 5082 3226 5152 propheta
3274 5089 3604 5159 exclamavit,
3651 5092 3732 5148 di-

2162 5173 2288 5214 cens
2318 5178 2330 5213 :
2364 5159 2452 5217 Vat
2495 5164 2581 5233 qui
2628 5166 2849 5235 opulenti
2877 5170 2992 5224 estis
3019 5173 3071 5225 in
3098 5174 3245 5241 Sion,
3297 5186 3343 5231 et
3382 5182 3636 5249 confiditis
3674 5185 3732 5238 in

2161 5259 2327 5305 monte
2351 5249 2619 5322 Samariw,
2639 5258 2898 5327 optimates
2919 5263 3086 5331 capita
3104 5267 3421 5336 populorum,
3444 5272 3728 5343 ingredieno

2160 5348 2232 5393 tes
2257 5344 2536 5412 pompatice
2562 5345 2764 5401 domum
2790 5347 2986 5407 Israel!
3015 5353 3242 5412 Transite
3280 5359 3332 5412 in
3371 5359 3648 5429 Chalanne,
3678 5375 3728 5421 et

2159 5431 2334 5493 videte,
2357 5444 2401 5487 et
2429 5434 2497 5488 ite
2530 5436 2648 5492 inde
2691 5440 2743 5494 in
2773 5441 2958 5499 Ematlt
2988 5462 3243 5518 magnam,
3295 5461 3338 5505 et
3365 5452 3645 5509 descendite
3672 5456 3726 5511 in

2159 5521 2284 5577 Gelli
2306 5522 2713 5599 Palwstinorum,
2733 5542 2780 5586 et
2806 5535 2872 5588 ad
2884 5538 3071 5607 Optima
3112 5557 3318 5614 qumque
3340 5559 3492 5615 regna
3520 5545 3725 5615 horum,

2156 5602 2201 5667 si
2227 5616 2377 5669 latior
2429 5620 2667 5677 terminus
2695 5641 2865 5681 eorum
2890 5630 3098 5684 termino
3142 5643 3300 5686 vestro
3326 5644 3417 5690 est.
3448 5634 3550 5701 Qui
3576 5652 3724 5708 sepa-

2219 5751 2237 5783 ι
2262 5752 2335 5822 sie
2350 5753 2455 5833 ttat).
2482 5763 2580 5808 sm.
2620 5766 2689 5810 Er.
2717 5769 2767 5813 et
2788 5769 2892 5815 Mss.
2921 5772 2974 5816 At
2994 5772 3123 5827 Lov.,
3147 5772 3192 5818 et
3212 5780 3305 5819 non
3328 5768 3611 5833 addidisset,
3634 5771 3723 5827 sed

2152 5826 2243 5863 non
2265 5823 2459 5867 δίκε-υἷα]
