4060 6456
258 331 321 388 pe
1564 324 1762 383 LIBER
1802 325 2143 394 QUARTUS.
3444 334 3517 397 90

259 448 355 500 rati
382 446 501 499 estis
529 445 580 498 in
608 445 737 498 diem
763 442 975 509 malum,
995 453 1037 496 et
1062 442 1476 514 apprOpint/uatis
1506 441 1631 495 solio
1652 441 1834 509 iniqui-

260 538 396 591 tatis.
429 536 531 601 Qui
554 535 781 589 dormitis
807 536 857 588 in
885 536 1021 589 lectis
1048 533 1296 599 eburneis,
1312 542 1356 587 et
1383 534 1615 589 lascivitis
1639 534 1689 586 in
1707 542 1837 588 stra-

261 630 319 681 tis
345 629 521 681 vestris
545 645 563 682 :
595 630 679 697 qui
706 628 959 681 comeditis
984 643 1168 696 agnum
1190 625 1251 679 de
1277 644 1441 696 grege,
1492 635 1539 679 et
1572 626 1750 679 vitulos
1775 626 1838 679 de

260 721 423 775 medio
472 721 688 773 armenti
711 736 729 773 :
752 721 839 788 qui
881 720 1057 773 canitis
1103 718 1169 771 ad
1209 735 1373 772 vocem
1402 718 1655 772 Psalterii.
1691 718 1836 771 Sicut

260 809 426 863 David
447 819 745 878 putaverunt
770 826 824 863 se
839 810 1015 861 habere
1028 824 1146 862 vasa
1166 809 1366 874 cantici,
1381 808 1593 861 bibentes
1613 809 1663 861 in
1686 809 1833 878 pltia-

257 900 319 955 iis
341 902 537 966 vinum,
568 908 616 954 et
643 900 830 971 optimo
857 908 1104 968 unguento
1156 897 1365 952 delibuti
1393 913 1412 951 :
1440 906 1484 951 et
1512 898 1641 951 nihil
1680 899 1836 968 patie—

259 991 439 1043 bantur
483 1006 637 1059 super
662 989 953 1042 contritione
977 986 1173 1054 Ioseph
1203 987 1375 1058 (Amos
1397 1002 1469 1051 vr,
1505 986 1642 1060 1-6).
1672 987 1835 1041 Num-

259 1081 516 1151 quidnam
542 1081 648 1146 isti,
675 1080 763 1149 qui
784 1079 1071 1148 Prophetas
1092 1086 1300 1132 nostros
1329 1087 1571 1147 tanquam
1603 1078 1837 1132 inerudi-

260 1183 342 1225 tos
367 1180 422 1225 et
449 1171 767 1225 elocutionis
802 1171 1012 1239 ignaros
1046 1169 1209 1224 veluti
1224 1169 1365 1224 docti
1392 1169 1682 1238 disertique
1712 1184 1839 1222 con-

260 1268 524 1323 temnunt,
581 1261 626 1314 si
668 1260 865 1329 aliquid
894 1260 971 1315 eis
1017 1260 1118 1313 tale
1149 1260 1233 1313 vel
1280 1260 1329 1312 111
1385 1260 1515 1313 tales
1557 1258 1835 1313 dicendum

261 1348 463 1409 fuisset,
498 1349 653 1403 aliter
686 1364 744 1403 se
771 1350 1056 1404 voluissent
1078 1349 1279 1415 dicere,
1309 1347 1419 1418 ,qui
1448 1356 1623 1403 tamen
1651 1362 1835 1402 eorum

262 1440 496 1494 insanire
524 1441 853 1511 noluissent?

329 1532 412 1585 l7.
429 1532 568 1597 Quid
582 1533 723 1585 enim
740 1533 973 1603 estquod
992 1535 1090 1588 isto
1107 1532 1315 1603 eloquio
1341 1547 1496 1586 aures
1510 1530 1698 1584 sobriae
1722 1530 1837 1599 plus

263 1622 595 1677 desiderent?
608 1623 784 1677 Primo
797 1625 906 1693 ipsa
921 1623 1324 1692 invectio,fquasi
1337 1623 1519 1690 sopitis
1530 1620 1769 1675 sensibus
1782 1629 1840 1673 ut

260 1713 588 1781 evigilarent.
605 1729 709 1781 quo
730 1712 941 1768 fremitu
968 1714 1098 1767 illisa
1113 1713 1225 1767 est?
1250 1711 1339 1767 Va:
1360 1713 1446 1780 qui
1473 1711 1694 1781 opulenti
1720 1712 1838 1765 estis

262 1804 309 1854 in
339 1804 491 1868 Sion,
519 1813 563 1856 et
582 1804 832 1870 conﬁditis
850 1804 901 1856 in
923 1814 1085 1857 monte
1101 1804 1370 1869 Samariw,
1392 1804 1651 1872 optimates
1668 1802 1838 1871 capita

262 1896 581 1964 populorum,
608 1894 935 1963 ingredientes
952 1896 1231 1964 pompatice
1243 1895 1447 1949 domum
1465 1892 1662 1948 Israel!
1684 1894 1833 1957 Dein,

259 1985 324 2040 de
348 1994 406 2038 ut
433 1984 709 2038 beneficiis
736 1982 850 2049 Dei,
871 1983 958 2052 qui
987 1983 1064 2038 eis
1092 1984 1263 2051 ampla
1292 1986 1456 2056 spatia
1491 1984 1640 2053 regni
1671 1982 1834 2047 dedit,

258 2076 502 2131 ostendat
515 2075 769 2144 ingratos,
784 2075 1030 2144 quoniam
1047 2074 1380 2129 confidebant
1398 2076 1448 2128 in
1464 2084 1641 2129 monte
1654 2073 1839 2129 Sama-

259 2168 369 2229 rize,
384 2165 476 2218 ubi
496 2166 676 2233 utique
690 2164 824 2219 idola
837 2164 1163 2227 colebantur,
1176 2163 1425 2229 Transite,
1442 2164 1630 2233 inquit,
1644 2164 1696 2216 in
1713 2162 1839 2218 Cita-

260 2258 427 2322 lanne,
447 2266 494 2309 et
510 2257 688 2321 videte,
702 2267 745 2309 et
759 2257 823 2309 ite
836 2255 952 2309 inde
963 2256 1014 2309 in
1036 2255 1082 2308 E
1086 2257 1220 2309 math
1233 2273 1482 2325 magnam,
1496 2267 1542 2310 et
1559 2256 1839 2310 descendite

261 2344 310 2398 in
324 2344 453 2399 Geth
476 2344 888 2411 Palwstinorum,
906 2354 952 2399 et
964 2346 1030 2398 ad
1041 2347 1228 2415 optima
1250 2362 1452 2414 quicque
1470 2363 1622 2416 regna
1634 2346 1833 2413 horum,

258 2452 298 2489 si
322 2437 477 2488 latior
504 2438 741 2490 terminus
758 2452 927 2489 eorum
947 2438 1153 2490 termino
1181 2447 1338 2490 vestro
1359 2447 1448 2491 est.
1479 2437 1649 2492 Simul
1677 2438 1834 2491 etiam

256 2538 371 2577 cum
398 2525 501 2578 ista
528 2525 792 2589 dicuntur,
818 2526 1050 2580 locorum
1080 2527 1375 2581 nominibus
1408 2537 1653 2598 tanquam
1675 2529 1836 2583 lumi-

256 2615 405 2669 nibus
444 2624 672 2669 ornatur
712 2616 999 2685 eloquium,
1051 2632 1169 2686 qua:
1219 2627 1340 2670 sunt
1386 2619 1532 2685 Sion,
1575 2620 1832 2688 Samaria,

252 2705 547 2773 Clialanne,
578 2707 767 2761 Emath
800 2724 1005 2776 magna,
1036 2719 1087 2761 et
1112 2708 1245 2763 Getli
1276 2709 1696 2764 Palaestinorum.
1730 2712 1836 2766 De-

256 2796 377 2851 inde
408 2798 575 2851 verba
621 2814 739 2866 qua:
782 2798 862 2852 1118
886 2799 1240 2868 adjunguntur
1266 2800 1415 2863 locis,
1466 2801 1837 2858 decentissime

256 2891 526 2943 variantur
561 2908 573 2943 :
608 2888 842 2959 Opulenti
873 2891 987 2943 estis
1007 2931 1021 2957 ,
1052 2890 1335 2958 conﬁditis,
1369 2893 1592 2959 transite,
1638 2893 1719 2956 ite,
1744 2894 1836 2947 de-

256 2981 492 3034 scendite.

327 3072 413 3125 18.
437 3070 837 3139 Consequcnter
852 3072 1189 3127 denuntiatur
1212 3072 1378 3127 futura
1398 3075 1494 3129 sub
1516 3075 1693 3145 iniquo
1714 3092 1837 3146 rege

259 3163 685 3229 appropinquare
711 3162 1005 3230 captivitas,
1037 3176 1155 3217 cum
1204 3163 1525 3233 adjungitur,
1567 3166 1663 3230 Qui
1686 3182 1837 3236 sepa-

256 3252 347 3304 rati
392 3254 511 3304 estis
570 3254 622 3305 in
658 3254 788 3305 diem
814 3254 1019 3319 malum,
1052 3264 1098 3306 et
1139 3255 1551 3325 appropinquatis
1580 3256 1704 3309 solio
1734 3258 1835 3309 ini-

253 3346 475 3414 quitatis.
508 3344 657 3398 Tunc
681 3344 1491 3413 subjiciunturmeritaluxuriat,
1525 3346 1623 3411 Qui
1645 3348 1834 3401 dormi-

254 3435 311 3487 tis
338 3436 393 3486 in
432 3432 577 3487 lectis
597 3434 838 3501 eburneis,
889 3443 934 3487 et
963 3434 1198 3489 (nscit-itis
1225 3435 1276 3488 in
1306 3437 1475 3489 stratis
1504 3438 1676 3491 vestris
1704 3453 1722 3491 :
1750 3439 1835 3508 qui

252 3527 519 3580 comeditis
547 3544 723 3597 agnum
752 3527 817 3579 da
842 3527 1021 3598 grege',
1062 3536 1107 3581 et
1136 3528 1315 3583 vitulos
1340 3528 1401 3581 de
1420 3529 1583 3582 medio
1600 3530 1831 3583 armenti.

254 3616 351 3669 Ista
376 3633 476 3672 sex
510 3618 739 3671 membra
764 3627 873 3671 tres
901 3617 1229 3687 ⁸1110100111108
1257 3618 1510 3673 circuitus
1534 3619 1830 3674 ediderunt.

254 3707 367 3761 Non
405 3708 551 3761 enim
582 3709 674 3774 ait,
706 3708 806 3774 Qui
836 3708 1065 3776 separati
1092 3708 1222 3763 estis
1249 3707 1299 3761 in
1331 3708 1467 3762 diem
1498 3708 1711 3774 malum,
1745 3710 1833 3778 qui

253 3800 691 3869 appropinquatis
715 3800 848 3853 solio
888 3799 1197 3869 iniquitatis,
1227 3800 1313 3869 qui
1340 3799 1583 3855 dormitis
1608 3802 1658 3854 in
1686 3801 1835 3856 lectis

255 3891 529 3956 eburneis,
563 3890 654 3959 qui
687 3890 936 3945 lascivitis
966 3891 1015 3943 in
1048 3891 1227 3945 stratis
1258 3895 1465 3959 vestris,
1493 3891 1581 3960 qui
1602 3890 1835 3945 comedi-

256 3980 319 4033 tis
342 3996 535 4051 agnum
564 3981 630 4035 de
674 3996 853 4050 grege,
890 3990 942 4035 et
968 3982 1156 4035 vitulos
1187 3980 1252 4035 de
1288 3980 1462 4034 medio
1504 3982 1758 4047 armenti;
1788 3980 1834 4035 si

254 4071 321 4122 ita
350 4070 635 4136 diceretur,
668 4081 804 4125 esset
856 4071 1069 4140 quidem
1110 4080 1164 4125 et
1212 4071 1312 4125 1100
1341 4072 1641 4141 pulchrum,
1684 4081 1741 4126 ut
1767 4073 1834 4126 ab

254 4178 357 4213 uno
388 4162 703 4229 pronomine
726 4163 948 4230 repetito
975 4163 1175 4231 singula
1209 4177 1301 4216 sex
1328 4163 1564 4217 membra
1583 4163 1835 4219 decurre-

255 4261 393 4316 rent,
424 4261 476 4305 et
524 4253 911 4320 pronuntiantis
954 4268 1084 4306 voce
1133 4253 1335 4321 singula
1389 4252 1665 4307 [inirentur
1696 4270 1709 4305 :
1740 4253 1833 4307 8011

257 4342 526 4410 pulchrius
549 4342 740 4395 factum
767 4352 867 4405 est,
909 4351 963 4395 ut
984 4342 1153 4395 01110111
1178 4343 1473 4411 pronomini
1502 4352 1683 4397 essent
1712 4343 1833 4398 bina

254 4435 513 4498 subnexa,
545 4450 662 4502 qua:
716 4444 821 4487 tres
851 4434 1141 4489 sententias
1192 4434 1553 4502 explicarent;
1588 4450 1743 4488 unam
1766 4435 1832 4489 ad

254 4525 571 4593 captivitatis
591 4526 1107 4593 prmnuntiationem,
1137 4526 1232 4589 Qui
1248 4526 1465 4594 separati
1485 4526 1597 4580 estis
1626 4526 1677 4579 in
1702 4527 1834 4579 diem

254 4616 463 4681 malum,
508 4626 554 4667 et
580 4617 993 4685 appropinquatis
1029 4617 1153 4668 solio
1179 4616 1490 4683 iniquitatis;
1520 4617 1736 4671 alteram
1766 4618 1831 4671 ad

256 4707 549 4773 libidinem,
586 4707 683 4771 Qui
717 4708 943 4759 dormitis
974 4708 1025 4760 in
1054 4708 1190 4761 lectis
1217 4707 1475 4773 eburneis,
1526 4716 1570 4761 et
1597 4710 1832 4763 lascivitis

255 4797 305 4849 in
333 4798 503 4850 stratis
538 4798 741 4860 vestris;
792 4797 856 4850 ad
905 4798 1242 4851 voracitatcm
1270 4812 1396 4851 vero
1424 4798 1626 4851 tertiam
1674 4798 1835 4866 perti-

256 4899 487 4953 nentem,
544 4889 641 4954 Qui
671 4890 925 4941 comeditis
953 4906 1141 4959 agnum
1192 4892 1253 4943 de
1279 4907 1445 4961 grege,
1477 4900 1523 4943 et
1560 4890 1741 4946 vitulos
1771 4892 1833 4946 de

253 4983 413 5034 medio
463 4982 679 5033 armenti
723 4997 739 5033 :
785 4989 838 5034 ut
885 4981 935 5034 in
987 4990 1244 5049 potestate
1297 4983 1364 5035 sit
1405 4982 1826 5051 pronuntiantis,

254 5083 425 5127 utrum
448 5073 651 5142 singula
676 5074 840 5137 tiniat,
865 5083 916 5127 et
940 5072 1175 5126 membra
1195 5073 1297 5126 sint
1314 5088 1426 5137 sex,
1450 5088 1515 5126 an
1537 5075 1758 5143 primum
1776 5086 1831 5132 et

256 5169 463 5220 tertium
488 5175 542 5221 et
568 5167 809 5234 quintum
833 5181 962 5220 voce
998 5166 1304 5234 suspendat,
1332 5175 1384 5220 et
1405 5168 1691 5222 secundum
1726 5171 1830 5238 pri-

254 5273 358 5321 mo,
390 5266 636 5326 quartum
663 5256 840 5320 tertio,
868 5264 1072 5308 sextum
1104 5254 1287 5324 quinto
1312 5258 1696 5325 connectendo,
1720 5270 1829 5315 tres

256 5346 574 5400 bimembres
618 5345 867 5398 circuitus
896 5343 1265 5399 decentissime
1292 5343 1483 5412 faciat;
1516 5363 1678 5403 unum
1721 5365 1826 5419 quo

255 5438 521 5491 calamitas
553 5437 853 5501 imminens,
875 5436 1097 5490 alterum
1127 5437 1414 5506 quolectus
1443 5438 1699 5508 impurus,
1732 5450 1828 5497 ter-

256 5528 380 5581 tium
401 5544 507 5598 quo
539 5526 753 5597 prodiga
775 5542 957 5582 mensa
986 5536 1329 5598 monstretur.

320 5621 407 5674 l9.
442 5619 645 5673 Deinde
674 5619 994 5673 luxuriosam
1036 5619 1307 5675 remordet
1344 5622 1550 5677 aurium
1581 5624 1821 5694 volupta-

256 5722 375 5765 tem.
410 5712 509 5767 Ubi
540 5725 659 5765 cum
692 5711 929 5779 dixisset,
965 5710 1065 5775 Qui
1092 5712 1267 5766 canitis
1297 5713 1549 5769 ad'vocem
1572 5716 1819 5787 psalterii,

1943 442 2186 509 quoniam
2212 448 2380 509 potest
2425 444 2659 498 exerceri
2687 446 2957 515 sapienter
2982 462 3011 501 a
3041 448 3363 519 sapientibus
3390 468 3505 507 mu-

1943 532 2070 596 sica,
2105 532 2327 586 mirabili
2357 534 2547 589 decore
2594 536 2821 600 dicendi,
2856 539 3162 595 invectionis
3192 543 3391 612 impetu
3427 560 3512 599 re-

1944 622 2137 689 laxato,
2161 633 2214 677 et
2240 640 2343 678 non
2370 625 2434 679 ad
2465 627 2602 693 illos,
2622 628 2712 683 sed
2738 628 2803 684 de
2830 630 2926 683 illis
2950 631 3057 699 jam
3077 634 3313 703 loquens,
3339 644 3396 689 ut
3416 651 3513 692 nos

1944 714 2199 767 musicam
2227 716 2479 783 sapientis
2531 733 2561 771 a
2612 720 2809 774 musica
2839 720 3150 778 luxuriantis
3188 725 3515 796 distinguere

1942 814 2324 869 commoncrct,
2359 820 2463 859 non
2486 808 2578 872 ait,
2611 808 2708 873 Qui
2735 810 2923 865 canitis
2948 811 3013 865 ad
3043 828 3224 866 vocem
3258 816 3511 883 psalterii,

1942 899 1994 944 et
2044 892 2179 945 sicut
2224 893 2382 946 David
2438 896 2630 963 putatis
2657 912 2749 950 vos
2769 898 2964 953 habere
2993 916 3113 954 vasa
3160 903 3347 957 cantici
3378 904 3512 959 :scd

1942 995 2060 1033 cum
2094 981 2217 1034 illud
2245 982 2308 1036 ad
2332 984 2447 1037 illos
2475 984 2712 1052 dixisset,
2750 988 2886 1057 quod
2916 990 3168 1045 luxuriosi
3212 994 3395 1049 audire
3422 994 3515 1050 de-

1944 1069 2145 1135 berent,
2167 1071 2262 1135 Qui
2289 1074 2466 1127 canitis
2492 1075 2557 1127 ad
2580 1093 2745 1131 vocem
2772 1079 3013 1147 psalterii,
3034 1082 3346 1152 imperitiam
3374 1101 3509 1155 quo-

1942 1174 2042 1229 que
2057 1176 2237 1215 eorum
2254 1163 2371 1216 aliis
2388 1165 2774 1233 quodammodo
2789 1169 3051 1235 indicavit,
3071 1172 3379 1243 adjungens,
3401 1172 3515 1229 Sic-

1942 1258 1996 1301 ut
2050 1249 2217 1305 David
2266 1264 2564 1323 putaverunt
2613 1274 2664 1309 se
2691 1257 2871 1312 habere
2911 1276 3029 1314 vasa
3057 1263 3269 1327 cantici,
3300 1264 3514 1320 bibentes

1942 1341 1994 1393 in
2024 1342 2208 1411 pltialis
2238 1346 2425 1412 vinum,
2445 1355 2487 1399 et
2514 1348 2697 1417 optimo
2724 1360 2973 1419 unguento
2989 1351 3211 1405 delibuti.
3245 1353 3365 1408 Tria
3396 1354 3509 1411 [nec

1943 1434 2129 1487 melius
2146 1438 2571 1505 pronuntiantur,
2618 1441 2660 1493 si
2704 1443 2978 1510 suspensis
3014 1442 3219 1499 duobus
3246 1447 3507 1515 prioribus

1941 1524 2190 1579 membris
2216 1526 2484 1594 circuitus,
2511 1530 2665 1583 tertio
2688 1530 2954 1585 finiantur.

1940 1610 2027 1668 20.
2068 1613 2181 1668 iam
2222 1632 2348 1671 vero
2368 1618 2504 1686 quod
2557 1619 2637 1673 his
2679 1621 2922 1676 omnibus
2955 1622 3232 1692 adjicitur,
3277 1622 3343 1678 Et
3386 1626 3517 1682 nihil

1942 1704 2254 1771 patiebantur
2288 1723 2437 1773 super
2475 1710 2769 1763 contritione
2811 1711 3037 1779 Joseph,
3086 1714 3196 1767 sive
3234 1715 3514 1770 continua-

1943 1793 2033 1847 tim
2063 1795 2266 1849 dicatur
2303 1807 2359 1849 ut
2386 1812 2546 1851 unum
2595 1798 2663 1853 sit
2703 1801 2998 1854 membrum
3021 1842 3033 1866 ,
3086 1803 3197 1857 sive
3240 1804 3513 1860 decentius

1940 1886 2311 1956 suspendatur,
2352 1898 2397 1941 et
2435 1890 2561 1943 nihil
2603 1892 2934 1961 patiebantur,
2976 1901 3028 1947 ct
3053 1905 3170 1963 post
3222 1895 3357 1951 hanc
3402 1896 3514 1951 dis-

1942 1979 2246 2033 tinctionem
2292 1980 2564 2048 inferatur,
2590 1998 2743 2053 super
2784 1986 3081 2039 contritione
3113 1985 3325 2056 Ioseph,
3357 1996 3515 2057 atque

1939 2068 2009 2122 sit
2031 2069 2335 2125 bimembris
2364 2072 2651 2138 circuitus;
2677 2075 2813 2127 miro
2838 2074 3030 2131 decore
3054 2091 3159 2131 non
3181 2076 3380 2132 dictum
3405 2087 3509 2145 est,

1938 2158 2076 2213 Nihil
2100 2161 2429 2229 patiebantur
2454 2179 2613 2233 super
2637 2166 2954 2221 contritione
2975 2164 3171 2231 fratris,
3192 2168 3285 2223 sed
3312 2168 3514 2238 positus

1940 2259 2021 2305 est
2073 2266 2167 2320 pro
2197 2252 2372 2319 fratre,
2404 2253 2615 2324 .losepli,
2650 2264 2705 2309 ut
2750 2257 3067 2327 quicumque
3105 2258 3269 2311 frater
3298 2258 3515 2328 proprio

1939 2341 2326 2412 signiﬁcaretur
2372 2346 2488 2415 ejus
2535 2348 2779 2413 nomine,
2827 2347 2975 2418 cujus
3001 2363 3068 2403 ex
3094 2348 3344 2405 fratribus
3374 2349 3511 2405 fama

1939 2436 2193 2504 praeclara
2238 2444 2339 2504 est,
2380 2438 2460 2493 vel
2489 2437 2540 2491 in
2572 2439 2725 2493 malis
2752 2454 2869 2508 quae
2898 2439 3097 2508 pendit,
3144 2440 3227 2494 vel
3265 2441 3314 2494 in
3359 2440 3514 2495 bonis

1940 2540 2054 2593 qua:
2088 2526 2347 2594 rependit.
2381 2527 2484 2582 1810
2504 2537 2649 2583 00110
2680 2537 2860 2599 tropus
2885 2529 2971 2583 ubi
2996 2529 3516 2600 Josephqaemcum-

1940 2630 2042 2683 que
2070 2614 2281 2669 fratrem
2316 2616 2439 2671 facit
2465 2617 2705 2687 intelligi,
2736 2619 2915 2673 nescio
2942 2627 3114 2673 utrum
3136 2621 3222 2673 illa
3250 2636 3407 2689 quam
3425 2620 3509 2675 di-

1940 2702 2163 2758 dicimus
2211 2712 2265 2759 et
2290 2705 2582 2769 docuimus,
2629 2707 3013 2761 artetradatur.
3045 2708 3211 2773 Quam
3244 2709 3311 2762 sit
3338 2718 3511 2765 tamen

1942 2796 2178 2865 pulcher,
2208 2805 2263 2851 et
2289 2798 2731 2867 quemadmodum
2750 2800 2944 2854 alliciat
2962 2800 3194 2869 legentes
3236 2809 3395 2870 atque
3425 2802 3508 2855 in-

1941 2887 2258 2956 telligentes,
2302 2906 2405 2944 non
2450 2904 2582 2959 opus
2611 2900 2693 2945 est
2740 2892 3132 2961 cuiquamdiei,
3165 2891 3210 2945 si
3249 2892 3358 2961 ipse
3406 2908 3514 2948 non

1939 2978 2117 3031 sentit.

2007 3066 2096 3120 2l.
2137 3068 2201 3121 Et
2232 3067 2376 3137 plura
2404 3068 2638 3139 quidem,
2671 3086 2789 3140 qua:
2820 3071 3087 3140 pertinent
3132 3070 3199 3127 ad
3248 3082 3511 3145 praecepta

1940 3157 2274 3228 eloquentite,
2300 3160 2349 3213 in
2382 3159 2481 3214 hoc
2503 3161 2615 3229 ipso
2640 3160 2779 3227 1000,
2806 3176 2963 3231 quem
3019 3176 3115 3232 pro
3144 3165 3385 3233 exemplo
3413 3180 3508 3234 po-

1939 3248 2164 3313 suimus,
2194 3257 2415 3318 possunt
2442 3249 2679 3318 reperiri.
2704 3251 2805 3305 Sed
2836 3250 3029 3305 bonum
3058 3253 3372 3320 auditorem,
3407 3270 3511 3310 non

1938 3346 2042 3391 tam
2074 3338 2117 3391 si
2142 3339 2416 3407 diligenter
2441 3340 2768 3403 discutiatur,
2796 3342 3025 3408 instruit,
3052 3358 3207 3411 quam
3244 3344 3289 3397 si
3319 3343 3514 3398 arden-

1943 3436 2022 3482 ter
2050 3431 2432 3497 pronuntietur,
2465 3431 2722 3485 accendit.
2772 3431 2953 3501 Neque
2981 3433 3120 3485 cnim
3152 3433 3266 3488 11ωο
3287 3434 3514 3490 humana

1938 3520 2195 3575 industria
2217 3521 2527 3592 composita,
2546 3523 2639 3578 sed
2664 3523 2837 3577 divina
2862 3531 3038 3578 mente
3060 3532 3183 3579 sunt
3206 3525 3319 3578 fusa
3345 3534 3399 3579 et
3426 3539 3512 3580 sa-

1938 3612 2143 3683 pienter
2167 3622 2219 3666 et
2238 3613 2576 3682 eloquenter;
2610 3629 2713 3668 non
2742 3616 2939 3669 intenta
2964 3616 3014 3669 in
3043 3616 3393 3685 eloquentiam
3419 3631 3510 3672 sa-

1937 3703 2153 3773 pientia,
2186 3704 2279 3759 sed
2301 3720 2331 3758 a
2374 3706 2631 3775 sapientia
2670 3722 2772 3761 non
2800 3707 3079 3763 recedente
3100 3709 3418 3778 eloquentia.
3455 3708 3513 3766 Si

1937 3795 2099 3860 enim,
2124 3796 2257 3851 sicut
2286 3795 2500 3866 quidam
2549 3797 2883 3853 disertissimi
2914 3806 3070 3869 atque
3095 3799 3382 3854 acutissimi
3413 3800 3513 3856 viri

1936 3887 2117 3942 videre
2135 3902 2197 3942 ac
2222 3888 2399 3943 dicere
2424 3896 2734 3958 potuerunt,
2758 3903 2819 3944 ea
2841 3905 2957 3959 qua:
2978 3890 3121 3944 velut
3151 3892 3379 3945 oratoria
3398 3900 3512 3947 arte

1937 3975 2231 4043 discuntur,
2251 3994 2355 4032 non
2373 3979 2778 4052 observarentur
2797 3989 2849 4034 01
2869 3988 3198 4047 notarentur,
3223 3990 3273 4035 et
3304 3981 3354 4035 in
3374 3981 3510 4037 hanc

1938 4068 2229 4123 doctrinam
2262 4086 2364 4123 non
2396 4069 2779 4139 redigerentur,
2812 4072 2913 4125 nisi
2964 4071 3108 4141 prius
3159 4072 3210 4125 in
3242 4081 3509 4127 oratorum

1938 4158 2300 4214 invenirentur
2325 4161 2580 4231 ingeniis;
2621 4162 2745 4232 quid
2775 4163 2967 4216 mirum
2996 4162 3041 4217 si
3063 4171 3116 4218 et
3144 4164 3194 4217 in
3228 4163 3343 4218 istis
3363 4164 3512 4219 111110⁴

1939 4250 2171 4317 niuntur,
2217 4266 2349 4320 quos
2397 4251 2485 4307 ille
2523 4253 2665 4306 misit
2696 4254 2786 4323 qui
2828 4252 2953 4308 facit
2994 4254 3239 4323 ingenia?
3266 4254 3511 4325 Quapro-

1939 4350 2055 4412 pter
2108 4350 2162 4396 et
2203 4343 2510 4413 eloquentes
2546 4344 2791 4413 quidem,
2841 4359 2945 4399 non
3003 4346 3172 4398 solum
3226 4348 3509 4415 sapientes,

1938 4433 2218 4487 canonicos
2268 4444 2478 4489 nostros
2526 4444 2768 4489 auctores
2821 4434 3170 4504 doctoresque
3214 4433 3509 4501 fateamur,

1938 4524 2025 4576 tali
2042 4523 2339 4591 eloquentia
2358 4525 2395 4591 ί,
2412 4525 2580 4593 qualis
2610 4526 2848 4593 personis
2876 4525 3139 4593 ejusmodi
3164 4525 3508 4595 congruebat.

1937 4612 2158 4668 CAPUT
2206 4613 2334 4667 Vlll.
2368 4643 2440 4654 —
2476 4614 2765 4669 Obscuritas
2811 4632 3072 4669 sacrorum
3105 4626 3366 4670 auctorum
3394 4617 3512 4672 licet

2008 4705 2261 4775 eloquens,
2308 4721 2406 4759 non
2443 4705 2689 4759 imitanda
2731 4723 2763 4759 a
2813 4708 3097 4762 doctoribus
3137 4708 3439 4763 christianis.

2005 4795 2093 4849 22.
2135 4793 2239 4851 Sed
2265 4811 2360 4850 nos
2388 4797 2487 4851 etsi
2510 4797 2780 4852 delitteris
2806 4813 2991 4852 eorum
3013 4840 3027 4865 ,
3059 4814 3177 4869 qua:
3202 4800 3320 4855 sine
3367 4797 3512 4855 diffi-

1937 4888 2129 4942 cultate
2174 4887 2536 4957 intelliguntur
2590 4889 2841 4943 nonnulla
2894 4889 3152 4944 sumimus
3200 4891 3513 4947 elocutionis

1937 4978 2206 5047 exempla;
2236 4994 2565 5048 nequaquam
2601 4988 2774 5033 tamen
2804 4990 2987 5049 putare
3015 4980 3272 5034 debemus
3296 4981 3509 5034 imitan-

1936 5068 2033 5122 dos
2057 5084 2148 5122 eos
2173 5068 2326 5122 nobis
2355 5083 2471 5123 esse
2489 5070 2539 5122 in
2570 5069 2631 5123 iis
2654 5085 2771 5139 qua:
2790 5070 2855 5123 ad
2874 5071 3196 5125 exercendas
3218 5080 3271 5125 et
3290 5071 3512 5125 011111011-

1936 5161 2030 5215 (108
2053 5161 2441 5231 quodammodo
2465 5172 2671 5218 mentes
2698 5163 3001 5232 legentium,
3044 5171 3099 5217 et
3117 5163 3181 5217 ad
3218 5164 3509 5232 rumpenda

1936 5251 2143 5306 fastidia
2195 5262 2352 5323 atque
2372 5254 2606 5309 acuenda
2648 5255 2821 5309 studia
2864 5255 3072 5310 discere
3091 5255 3510 5321 volentium,ce-

1938 5345 2123 5400 landos
2150 5346 2170 5376 ²
2196 5360 2428 5415 quoque,
2480 5348 2590 5401 sive
2632 5356 2686 5401 ut
2737 5347 2802 5402 ad
2830 5338 3077 5420 pietatem
3107 5358 3508 5420 convertantur,

1935 5439 2048 5493 sive
2090 5447 2147 5491 ut
2194 5452 2223 5491 a
2271 5439 2537 5509 mysteriis
2562 5439 2921 5504 secludantur,
2970 5440 3175 5493 animos
3202 5441 3507 5509 impiorum,

1936 5530 2049 5585 utili
2076 5544 2139 5585 ac
2164 5529 2359 5583 salubri
2382 5528 2701 5585 obscuritate
2722 5532 2984 5585 dixerunt.
3008 5528 3095 5585 Sic
3118 5529 3315 5601 quippe
3336 5530 3409 5585 illi
3429 5531 3507 5586 1οο

1998 5666 2013 5696 ί
2042 5664 2148 5714 Bad.
2175 5672 2273 5715 Am.
2299 5671 2452 5729 Er._et
2470 5676 2579 5729 azss.
2603 5672 2812 5728 septem,
2836 5663 2921 5715 tali
2940 5664 3205 5729 eloquentia
3227 5680 3353 5719 usos.

1997 5729 2018 5758 ²
2044 5734 2147 5777 Mss.
2176 5734 2292 5788 tres,
2321 5726 2559 5779 zelnndos.
2586 5726 2823 5778 sic—etiam
2846 5730 2954 5778 Bad.
2983 5726 3080 5778 Atti.
3104 5736 3155 5779 01
3178 5735 3251 5779 Fr.
