  <div class='ocr_page' id='page_1' title='image "/cluster/home/n/w/nwhite01/storage/ocr_20150623/34/hvd.32044015706310/055.png"; bbox 0 0 4032 6350; ppageno 0'>
   <div class='ocr_carea' id='block_1_1' title="bbox 501 341 2802 416">
    <p class='ocr_par' dir='ltr' id='par_1_1' title="bbox 501 341 2802 416">
     <span class='ocr_line' id='line_1_1' title="bbox 501 341 2802 416; baseline -0.002 -12"><span class='ocrx_word' id='word_1_1' title='bbox 501 345 572 404; x_wconf 83' lang='lat'><strong><em>99</em></strong></span> <span class='ocrx_word' id='word_1_2' title='bbox 1332 342 1440 416; x_wconf 72' lang='lat' dir='ltr'><strong>[DE</strong></span> <span class='ocrx_word' id='word_1_3' title='bbox 1485 342 1824 401; x_wconf 77' lang='lat' dir='ltr'><strong>DOCTRINA</strong></span> <span class='ocrx_word' id='word_1_4' title='bbox 1865 341 2298 412; x_wconf 77' lang='lat' dir='ltr'><strong>CHRISTIANA,</strong></span> <span class='ocrx_word' id='word_1_5' title='bbox 2337 341 2396 400; x_wconf 92' lang='lat' dir='ltr'><strong>S.</strong></span> <span class='ocrx_word' id='word_1_6' title='bbox 2437 341 2802 402; x_wconf 78' lang='lat' dir='ltr'><strong>AUGUSTINI</strong></span> 
     </span>
    </p>
   </div>
   <div class='ocr_carea' id='block_1_2' title="bbox 499 456 2080 529">
    <p class='ocr_par' dir='ltr' id='par_1_2' title="bbox 499 456 2080 529">
     <span class='ocr_line' id='line_1_2' title="bbox 499 456 2080 529; baseline -0.003 -13"><span class='ocrx_word' id='word_1_7' title='bbox 499 461 604 516; x_wconf 88' lang='lat' dir='ltr'><strong>cuti</strong></span> <span class='ocrx_word' id='word_1_8' title='bbox 621 464 765 527; x_wconf 90' lang='lat' dir='ltr'><strong>sunt,</strong></span> <span class='ocrx_word' id='word_1_9' title='bbox 793 464 851 515; x_wconf 91' lang='lat' dir='ltr'><strong>ut</strong></span> <span class='ocrx_word' id='word_1_10' title='bbox 865 456 1182 529; x_wconf 90' lang='lat' dir='ltr'><strong>posteriores</strong></span> <span class='ocrx_word' id='word_1_11' title='bbox 1209 456 1300 528; x_wconf 99' lang='lat' dir='ltr'><strong>qui</strong></span> <span class='ocrx_word' id='word_1_12' title='bbox 1323 471 1414 513; x_wconf 92' lang='lat' dir='ltr'><strong>eos</strong></span> <span class='ocrx_word' id='word_1_13' title='bbox 1440 465 1584 512; x_wconf 91' lang='lat' dir='ltr'><strong>recte</strong></span> <span class='ocrx_word' id='word_1_14' title='bbox 1627 456 1986 528; x_wconf 75' lang='lat' dir='ltr'><strong>intelligerent</strong></span> <span class='ocrx_word' id='word_1_15' title='bbox 2025 464 2080 512; x_wconf 89' lang='lat' dir='ltr'><strong>et</strong></span> 
     </span>
    </p>
   </div>
   <div class='ocr_carea' id='block_1_3' title="bbox 500 550 2082 623">
    <p class='ocr_par' dir='ltr' id='par_1_3' title="bbox 500 550 2082 623">
     <span class='ocr_line' id='line_1_3' title="bbox 500 550 2082 623; baseline -0.001 -15"><span class='ocrx_word' id='word_1_16' title='bbox 500 559 848 623; x_wconf 90' lang='lat' dir='ltr'><strong>exponerent,</strong></span> <span class='ocrx_word' id='word_1_17' title='bbox 877 551 1095 608; x_wconf 92' lang='lat' dir='ltr'><strong>alteram</strong></span> <span class='ocrx_word' id='word_1_18' title='bbox 1117 551 1362 622; x_wconf 77' lang='lat' dir='ltr'><strong>gratiam,</strong></span> <span class='ocrx_word' id='word_1_19' title='bbox 1407 550 1672 621; x_wconf 85' lang='lat' dir='ltr'><strong>disparem</strong></span> <span class='ocrx_word' id='word_1_20' title='bbox 1699 550 1935 621; x_wconf 88' lang='lat' dir='ltr'><strong>quidem,</strong></span> <span class='ocrx_word' id='word_1_21' title='bbox 1987 567 2082 606; x_wconf 90' lang='lat' dir='ltr'><strong>ve-</strong></span> 
     </span>
    </p>
   </div>
   <div class='ocr_carea' id='block_1_4' title="bbox 499 644 2078 715">
    <p class='ocr_par' dir='ltr' id='par_1_4' title="bbox 499 644 2078 715">
     <span class='ocr_line' id='line_1_4' title="bbox 499 644 2078 715; baseline 0 -15"><span class='ocrx_word' id='word_1_22' title='bbox 499 655 802 701; x_wconf 90' lang='lat' dir='ltr'><strong>rumtamen</strong></span> <span class='ocrx_word' id='word_1_23' title='bbox 831 645 1242 715; x_wconf 90' lang='lat' dir='ltr'><strong>subsequentem</strong></span> <span class='ocrx_word' id='word_1_24' title='bbox 1270 645 1323 700; x_wconf 92' lang='lat' dir='ltr'><strong>in</strong></span> <span class='ocrx_word' id='word_1_25' title='bbox 1351 645 1443 699; x_wconf 91' lang='lat' dir='ltr'><strong>Dei</strong></span> <span class='ocrx_word' id='word_1_26' title='bbox 1491 644 1727 700; x_wconf 83' lang='lat' dir='ltr'><strong>Ecclesia</strong></span> <span class='ocrx_word' id='word_1_27' title='bbox 1759 645 2078 715; x_wconf 88' lang='lat' dir='ltr'><strong>reperirent.</strong></span> 
     </span>
    </p>
   </div>
   <div class='ocr_carea' id='block_1_5' title="bbox 499 733 2084 806">
    <p class='ocr_par' dir='ltr' id='par_1_5' title="bbox 499 733 2084 806">
     <span class='ocr_line' id='line_1_5' title="bbox 499 733 2084 806; baseline -0.001 -16"><span class='ocrx_word' id='word_1_28' title='bbox 499 735 756 806; x_wconf 84' lang='lat' dir='ltr'><strong>Nonergu</strong></span> <span class='ocrx_word' id='word_1_29' title='bbox 785 737 1113 805; x_wconf 87' lang='lat' dir='ltr'><strong>expositores</strong></span> <span class='ocrx_word' id='word_1_30' title='bbox 1128 750 1311 790; x_wconf 89' lang='lat' dir='ltr'><strong>eorum</strong></span> <span class='ocrx_word' id='word_1_31' title='bbox 1333 734 1403 789; x_wconf 88' lang='lat' dir='ltr'><strong>ita</strong></span> <span class='ocrx_word' id='word_1_32' title='bbox 1431 733 1576 804; x_wconf 91' lang='lat' dir='ltr'><strong>loqui</strong></span> <span class='ocrx_word' id='word_1_33' title='bbox 1596 734 1810 801; x_wconf 92' lang='lat' dir='ltr'><strong>debent,</strong></span> <span class='ocrx_word' id='word_1_34' title='bbox 1837 745 2084 805; x_wconf 90' lang='lat' dir='ltr'><strong>tanquam</strong></span> 
     </span>
    </p>
   </div>
   <div class='ocr_carea' id='block_1_6' title="bbox 502 825 2084 896">
    <p class='ocr_par' dir='ltr' id='par_1_6' title="bbox 502 825 2084 896">
     <span class='ocr_line' id='line_1_6' title="bbox 502 825 2084 896; baseline 0.001 -16"><span class='ocrx_word' id='word_1_35' title='bbox 502 841 562 880; x_wconf 90' lang='lat' dir='ltr'><strong>se</strong></span> <span class='ocrx_word' id='word_1_36' title='bbox 584 825 683 896; x_wconf 90' lang='lat' dir='ltr'><strong>ipsi</strong></span> <span class='ocrx_word' id='word_1_37' title='bbox 725 825 1070 896; x_wconf 80' lang='lat' dir='ltr'><strong>exponendas</strong></span> <span class='ocrx_word' id='word_1_38' title='bbox 1099 825 1256 879; x_wconf 88' lang='lat' dir='ltr'><strong>simili</strong></span> <span class='ocrx_word' id='word_1_39' title='bbox 1307 825 1616 879; x_wconf 90' lang='lat' dir='ltr'><strong>auctoritate</strong></span> <span class='ocrx_word' id='word_1_40' title='bbox 1639 834 1967 896; x_wconf 90' lang='lat' dir='ltr'><strong>proponant;</strong></span> <span class='ocrx_word' id='word_1_41' title='bbox 1991 825 2084 882; x_wconf 87' lang='lat' dir='ltr'><strong>sed</strong></span> 
     </span>
    </p>
   </div>
   <div class='ocr_carea' id='block_1_7' title="bbox 504 915 2088 986">
    <p class='ocr_par' dir='ltr' id='par_1_7' title="bbox 504 915 2088 986">
     <span class='ocr_line' id='line_1_7' title="bbox 504 915 2088 986; baseline 0.002 -16"><span class='ocrx_word' id='word_1_42' title='bbox 504 917 558 970; x_wconf 94' lang='lat' dir='ltr'><strong>in</strong></span> <span class='ocrx_word' id='word_1_43' title='bbox 589 917 838 972; x_wconf 87' lang='lat' dir='ltr'><strong>omnibus</strong></span> <span class='ocrx_word' id='word_1_44' title='bbox 876 917 1210 971; x_wconf 85' lang='lat' dir='ltr'><strong>sermonibus</strong></span> <span class='ocrx_word' id='word_1_45' title='bbox 1253 916 1362 971; x_wconf 89' lang='lat' dir='ltr'><strong>suis</strong></span> <span class='ocrx_word' id='word_1_46' title='bbox 1387 915 1634 986; x_wconf 86' lang='lat' dir='ltr'><strong>primitus</strong></span> <span class='ocrx_word' id='word_1_47' title='bbox 1673 931 1735 972; x_wconf 88' lang='lat' dir='ltr'><strong>ac</strong></span> <span class='ocrx_word' id='word_1_48' title='bbox 1773 917 2000 972; x_wconf 81' lang='lat' dir='ltr'><strong>maxime</strong></span> <span class='ocrx_word' id='word_1_49' title='bbox 2029 925 2088 972; x_wconf 92' lang='lat' dir='ltr'><strong>ut</strong></span> 
     </span>
    </p>
   </div>
   <div class='ocr_carea' id='block_1_8' title="bbox 506 1007 2088 1078">
    <p class='ocr_par' dir='ltr' id='par_1_8' title="bbox 506 1007 2088 1078">
     <span class='ocr_line' id='line_1_8' title="bbox 506 1007 2088 1078; baseline 0.001 -18"><span class='ocrx_word' id='word_1_50' title='bbox 506 1007 868 1076; x_wconf 82' lang='lat' dir='ltr'><strong>intelligantur</strong></span> <span class='ocrx_word' id='word_1_51' title='bbox 896 1007 1190 1072; x_wconf 78' lang='lat' dir='ltr'><strong>elaborent,</strong></span> <span class='ocrx_word' id='word_1_52' title='bbox 1235 1021 1298 1060; x_wconf 86' lang='lat' dir='ltr'><strong>ea</strong></span> <span class='ocrx_word' id='word_1_53' title='bbox 1346 1015 1599 1076; x_wconf 90' lang='lat' dir='ltr'><strong>quantum</strong></span> <span class='ocrx_word' id='word_1_54' title='bbox 1627 1015 1846 1076; x_wconf 89' lang='lat' dir='ltr'><strong>possunt</strong></span> <span class='ocrx_word' id='word_1_55' title='bbox 1885 1007 2088 1078; x_wconf 89' lang='lat' dir='ltr'><strong>perspi-</strong></span> 
     </span>
    </p>
   </div>
   <div class='ocr_carea' id='block_1_9' title="bbox 504 1097 2085 1168">
    <p class='ocr_par' dir='ltr' id='par_1_9' title="bbox 504 1097 2085 1168">
     <span class='ocr_line' id='line_1_9' title="bbox 504 1097 2085 1168; baseline -0.001 -14"><span class='ocrx_word' id='word_1_56' title='bbox 504 1101 701 1154; x_wconf 89' lang='lat' dir='ltr'><strong>cuitate</strong></span> <span class='ocrx_word' id='word_1_57' title='bbox 728 1097 961 1164; x_wconf 85' lang='lat' dir='ltr'><strong>dicendi,</strong></span> <span class='ocrx_word' id='word_1_58' title='bbox 989 1105 1051 1152; x_wconf 90' lang='lat' dir='ltr'><strong>ut</strong></span> <span class='ocrx_word' id='word_1_59' title='bbox 1075 1106 1164 1152; x_wconf 91' lang='lat' dir='ltr'><strong>aut</strong></span> <span class='ocrx_word' id='word_1_60' title='bbox 1184 1098 1408 1152; x_wconf 87' lang='lat' dir='ltr'><strong>multum</strong></span> <span class='ocrx_word' id='word_1_61' title='bbox 1437 1097 1616 1153; x_wconf 89' lang='lat' dir='ltr'><strong>tardus</strong></span> <span class='ocrx_word' id='word_1_62' title='bbox 1660 1098 1729 1152; x_wconf 88' lang='lat' dir='ltr'><strong>sit</strong></span> <span class='ocrx_word' id='word_1_63' title='bbox 1753 1103 1840 1168; x_wconf 90' lang='lat' dir='ltr'><strong>qui</strong></span> <span class='ocrx_word' id='word_1_64' title='bbox 1870 1114 1973 1152; x_wconf 88' lang='lat' dir='ltr'><strong>non</strong></span> <span class='ocrx_word' id='word_1_65' title='bbox 2002 1099 2085 1152; x_wconf 92' lang='lat' dir='ltr'><strong>in-</strong></span> 
     </span>
    </p>
   </div>
   <div class='ocr_carea' id='block_1_10' title="bbox 503 1188 2086 1260">
    <p class='ocr_par' dir='ltr' id='par_1_10' title="bbox 503 1188 2086 1260">
     <span class='ocr_line' id='line_1_10' title="bbox 503 1188 2086 1260; baseline -0.001 -16"><span class='ocrx_word' id='word_1_66' title='bbox 503 1190 728 1260; x_wconf 89' lang='lat' dir='ltr'><strong>telligat,</strong></span> <span class='ocrx_word' id='word_1_67' title='bbox 756 1198 845 1243; x_wconf 91' lang='lat' dir='ltr'><strong>aut</strong></span> <span class='ocrx_word' id='word_1_68' title='bbox 871 1189 922 1243; x_wconf 90' lang='lat' dir='ltr'><strong>in</strong></span> <span class='ocrx_word' id='word_1_69' title='bbox 953 1204 1130 1244; x_wconf 88' lang='lat' dir='ltr'><strong>rerum</strong></span> <span class='ocrx_word' id='word_1_70' title='bbox 1174 1203 1307 1260; x_wconf 89' lang='lat' dir='ltr'><strong>quas</strong></span> <span class='ocrx_word' id='word_1_71' title='bbox 1330 1188 1592 1257; x_wconf 87' lang='lat' dir='ltr'><strong>explicare</strong></span> <span class='ocrx_word' id='word_1_72' title='bbox 1621 1197 1778 1258; x_wconf 86' lang='lat' dir='ltr'><strong>atque</strong></span> <span class='ocrx_word' id='word_1_73' title='bbox 1807 1189 2086 1242; x_wconf 88' lang='lat' dir='ltr'><strong>ostendere</strong></span> 
     </span>
    </p>
   </div>
   <div class='ocr_carea' id='block_1_11' title="bbox 503 1277 2086 1346">
    <p class='ocr_par' dir='ltr' id='par_1_11' title="bbox 503 1277 2086 1346">
     <span class='ocr_line' id='line_1_11' title="bbox 503 1277 2086 1346; baseline -0.003 -12"><span class='ocrx_word' id='word_1_74' title='bbox 503 1279 751 1334; x_wconf 86' lang='lat' dir='ltr'><strong>volumus</strong></span> <span class='ocrx_word' id='word_1_75' title='bbox 771 1279 1081 1334; x_wconf 80' lang='lat' dir='ltr'><strong>difﬁcultate</strong></span> <span class='ocrx_word' id='word_1_76' title='bbox 1127 1293 1189 1332; x_wconf 87' lang='lat' dir='ltr'><strong>ac</strong></span> <span class='ocrx_word' id='word_1_77' title='bbox 1217 1277 1528 1346; x_wconf 87' lang='lat' dir='ltr'><strong>subtilitate,</strong></span> <span class='ocrx_word' id='word_1_78' title='bbox 1569 1294 1675 1332; x_wconf 91' lang='lat' dir='ltr'><strong>non</strong></span> <span class='ocrx_word' id='word_1_79' title='bbox 1715 1280 1766 1332; x_wconf 92' lang='lat' dir='ltr'><strong>in</strong></span> <span class='ocrx_word' id='word_1_80' title='bbox 1798 1289 1975 1332; x_wconf 89' lang='lat' dir='ltr'><strong>nostra</strong></span> <span class='ocrx_word' id='word_1_81' title='bbox 2005 1279 2086 1332; x_wconf 87' lang='lat' dir='ltr'><strong>lo-</strong></span> 
     </span>
    </p>
   </div>
   <div class='ocr_carea' id='block_1_12' title="bbox 502 1370 2088 1442">
    <p class='ocr_par' dir='ltr' id='par_1_12' title="bbox 502 1370 2088 1442">
     <span class='ocr_line' id='line_1_12' title="bbox 502 1370 2088 1442; baseline -0.002 -15"><span class='ocrx_word' id='word_1_82' title='bbox 502 1373 715 1427; x_wconf 89' lang='lat' dir='ltr'><strong>cutione</strong></span> <span class='ocrx_word' id='word_1_83' title='bbox 744 1372 813 1426; x_wconf 92' lang='lat' dir='ltr'><strong>sit</strong></span> <span class='ocrx_word' id='word_1_84' title='bbox 854 1387 1013 1426; x_wconf 90' lang='lat' dir='ltr'><strong>causa</strong></span> <span class='ocrx_word' id='word_1_85' title='bbox 1044 1387 1148 1440; x_wconf 89' lang='lat' dir='ltr'><strong>quo</strong></span> <span class='ocrx_word' id='word_1_86' title='bbox 1178 1371 1354 1426; x_wconf 90' lang='lat' dir='ltr'><strong>minus</strong></span> <span class='ocrx_word' id='word_1_87' title='bbox 1382 1370 1649 1426; x_wconf 89' lang='lat' dir='ltr'><strong>tardiusve</strong></span> <span class='ocrx_word' id='word_1_88' title='bbox 1696 1371 1836 1442; x_wconf 86' lang='lat' dir='ltr'><strong>quod</strong></span> <span class='ocrx_word' id='word_1_89' title='bbox 1863 1370 2088 1426; x_wconf 89' lang='lat' dir='ltr'><strong>dicimus</strong></span> 
     </span>
    </p>
   </div>
   <div class='ocr_carea' id='block_1_13' title="bbox 500 1461 925 1532">
    <p class='ocr_par' dir='ltr' id='par_1_13' title="bbox 500 1461 925 1532">
     <span class='ocr_line' id='line_1_13' title="bbox 500 1461 925 1532; baseline -0.005 -16"><span class='ocrx_word' id='word_1_90' title='bbox 500 1462 672 1532; x_wconf 89' lang='lat' dir='ltr'><strong>possit</strong></span> <span class='ocrx_word' id='word_1_91' title='bbox 688 1461 925 1532; x_wconf 84' lang='lat' dir='ltr'><strong>intelligi.</strong></span> 
     </span>
    </p>
   </div>
   <div class='ocr_carea' id='block_1_14' title="bbox 499 1552 2091 1625">
    <p class='ocr_par' dir='ltr' id='par_1_14' title="bbox 499 1552 2091 1625">
     <span class='ocr_line' id='line_1_14' title="bbox 499 1552 2091 1625; baseline 0.001 -18"><span class='ocrx_word' id='word_1_92' title='bbox 499 1552 727 1610; x_wconf 73' lang='lat' dir='ltr'><strong>CAPUT</strong></span> <span class='ocrx_word' id='word_1_93' title='bbox 757 1552 848 1608; x_wconf 84' lang='lat' dir='ltr'><strong>IX.</strong></span> <span class='ocrx_word' id='word_1_94' title='bbox 880 1582 951 1594; x_wconf 92' lang='lat'><strong>——</strong></span> <span class='ocrx_word' id='word_1_95' title='bbox 977 1553 1212 1625; x_wconf 70' lang='lat' dir='ltr'><strong>Diﬂicilia</strong></span> <span class='ocrx_word' id='word_1_96' title='bbox 1251 1553 1508 1608; x_wconf 77' lang='lat' dir='ltr'><strong>intellectu</strong></span> <span class='ocrx_word' id='word_1_97' title='bbox 1550 1553 1690 1624; x_wconf 83' lang='lat' dir='ltr'><strong>apud</strong></span> <span class='ocrx_word' id='word_1_98' title='bbox 1716 1570 1839 1624; x_wconf 75' lang='lat' dir='ltr'><strong>quos</strong></span> <span class='ocrx_word' id='word_1_99' title='bbox 1886 1562 1933 1608; x_wconf 84' lang='lat' dir='ltr'><strong>et</strong></span> <span class='ocrx_word' id='word_1_100' title='bbox 1965 1570 2091 1624; x_wconf 83' lang='lat' dir='ltr'><strong>quo-</strong></span> 
     </span>
    </p>
   </div>
   <div class='ocr_carea' id='block_1_15' title="bbox 1070 1646 1522 1700">
    <p class='ocr_par' dir='ltr' id='par_1_15' title="bbox 1070 1646 1522 1700">
     <span class='ocr_line' id='line_1_15' title="bbox 1070 1646 1522 1700; baseline -0.004 0"><span class='ocrx_word' id='word_1_101' title='bbox 1070 1646 1220 1700; x_wconf 84' lang='lat' dir='ltr'><strong>modo</strong></span> <span class='ocrx_word' id='word_1_102' title='bbox 1240 1646 1522 1699; x_wconf 83' lang='lat' dir='ltr'><strong>tractanda.</strong></span> 
     </span>
    </p>
   </div>
   <div class='ocr_carea' id='block_1_16' title="bbox 571 1735 2093 1806">
    <p class='ocr_par' dir='ltr' id='par_1_16' title="bbox 571 1735 2093 1806">
     <span class='ocr_line' id='line_1_16' title="bbox 571 1735 2093 1806; baseline 0 -16"><span class='ocrx_word' id='word_1_103' title='bbox 571 1735 664 1791; x_wconf 75' lang='lat'><strong>23.</strong></span> <span class='ocrx_word' id='word_1_104' title='bbox 703 1735 836 1792; x_wconf 87' lang='lat' dir='ltr'><strong>Sunt</strong></span> <span class='ocrx_word' id='word_1_105' title='bbox 862 1737 1003 1791; x_wconf 92' lang='lat' dir='ltr'><strong>enim</strong></span> <span class='ocrx_word' id='word_1_106' title='bbox 1033 1737 1275 1806; x_wconf 59' lang='lat' dir='ltr'><strong>quaedam</strong></span> <span class='ocrx_word' id='word_1_107' title='bbox 1298 1753 1415 1806; x_wconf 66' lang='lat' dir='ltr'><strong>qua}</strong></span> <span class='ocrx_word' id='word_1_108' title='bbox 1431 1737 1481 1790; x_wconf 94' lang='lat' dir='ltr'><strong>vi</strong></span> <span class='ocrx_word' id='word_1_109' title='bbox 1509 1751 1602 1790; x_wconf 90' lang='lat' dir='ltr'><strong>sua</strong></span> <span class='ocrx_word' id='word_1_110' title='bbox 1642 1751 1746 1790; x_wconf 89' lang='lat' dir='ltr'><strong>non</strong></span> <span class='ocrx_word' id='word_1_111' title='bbox 1787 1735 2093 1806; x_wconf 83' lang='lat' dir='ltr'><strong>intelligun-</strong></span> 
     </span>
    </p>
   </div>
   <div class='ocr_carea' id='block_1_17' title="bbox 507 1825 2088 1894">
    <p class='ocr_par' dir='ltr' id='par_1_17' title="bbox 507 1825 2088 1894">
     <span class='ocr_line' id='line_1_17' title="bbox 507 1825 2088 1894; baseline -0.001 -13"><span class='ocrx_word' id='word_1_112' title='bbox 507 1835 613 1891; x_wconf 89' lang='lat' dir='ltr'><strong>tur,</strong></span> <span class='ocrx_word' id='word_1_113' title='bbox 642 1837 734 1881; x_wconf 90' lang='lat' dir='ltr'><strong>aut</strong></span> <span class='ocrx_word' id='word_1_114' title='bbox 759 1827 844 1880; x_wconf 92' lang='lat' dir='ltr'><strong>vix</strong></span> <span class='ocrx_word' id='word_1_115' title='bbox 863 1825 1243 1894; x_wconf 89' lang='lat' dir='ltr'><strong>intelliguntur,</strong></span> <span class='ocrx_word' id='word_1_116' title='bbox 1271 1825 1600 1894; x_wconf 90' lang='lat' dir='ltr'><strong>quantolibet</strong></span> <span class='ocrx_word' id='word_1_117' title='bbox 1615 1833 1668 1878; x_wconf 91' lang='lat' dir='ltr'><strong>et</strong></span> <span class='ocrx_word' id='word_1_118' title='bbox 1685 1825 2088 1894; x_wconf 84' lang='lat' dir='ltr'><strong>quantumlibet,</strong></span> 
     </span>
    </p>
   </div>
   <div class='ocr_carea' id='block_1_18' title="bbox 503 1915 2091 1986">
    <p class='ocr_par' dir='ltr' id='par_1_18' title="bbox 503 1915 2091 1986">
     <span class='ocr_line' id='line_1_18' title="bbox 503 1915 2091 1986; baseline 0 -16"><span class='ocrx_word' id='word_1_119' title='bbox 503 1916 746 1986; x_wconf 86' lang='lat' dir='ltr'><strong>quamvis</strong></span> <span class='ocrx_word' id='word_1_120' title='bbox 764 1915 1090 1984; x_wconf 84' lang='lat' dir='ltr'><strong>planissime,</strong></span> <span class='ocrx_word' id='word_1_121' title='bbox 1118 1915 1345 1970; x_wconf 90' lang='lat' dir='ltr'><strong>dicentis</strong></span> <span class='ocrx_word' id='word_1_122' title='bbox 1387 1922 1665 1968; x_wconf 89' lang='lat' dir='ltr'><strong>versentur</strong></span> <span class='ocrx_word' id='word_1_123' title='bbox 1691 1915 1941 1984; x_wconf 90' lang='lat' dir='ltr'><strong>eloquio;</strong></span> <span class='ocrx_word' id='word_1_124' title='bbox 1973 1930 2091 1984; x_wconf 77' lang='lat' dir='ltr'><strong>quze</strong></span> 
     </span>
    </p>
   </div>
   <div class='ocr_carea' id='block_1_19' title="bbox 502 2003 2092 2076">
    <p class='ocr_par' dir='ltr' id='par_1_19' title="bbox 502 2003 2092 2076">
     <span class='ocr_line' id='line_1_19' title="bbox 502 2003 2092 2076; baseline -0.001 -15"><span class='ocrx_word' id='word_1_125' title='bbox 502 2007 556 2061; x_wconf 90' lang='lat' dir='ltr'><strong>in</strong></span> <span class='ocrx_word' id='word_1_126' title='bbox 609 2006 786 2076; x_wconf 86' lang='lat' dir='ltr'><strong>populi</strong></span> <span class='ocrx_word' id='word_1_127' title='bbox 838 2005 1180 2070; x_wconf 86' lang='lat' dir='ltr'><strong>audientiam,</strong></span> <span class='ocrx_word' id='word_1_128' title='bbox 1208 2005 1292 2060; x_wconf 91' lang='lat' dir='ltr'><strong>vel</strong></span> <span class='ocrx_word' id='word_1_129' title='bbox 1337 2019 1479 2071; x_wconf 89' lang='lat' dir='ltr'><strong>raro,</strong></span> <span class='ocrx_word' id='word_1_130' title='bbox 1510 2005 1553 2058; x_wconf 90' lang='lat' dir='ltr'><strong>si</strong></span> <span class='ocrx_word' id='word_1_131' title='bbox 1573 2003 1768 2074; x_wconf 90' lang='lat' dir='ltr'><strong>aliquid</strong></span> <span class='ocrx_word' id='word_1_132' title='bbox 1811 2014 1982 2074; x_wconf 87' lang='lat' dir='ltr'><strong>urget,</strong></span> <span class='ocrx_word' id='word_1_133' title='bbox 2005 2004 2092 2060; x_wconf 92' lang='lat' dir='ltr'><strong>vel</strong></span> 
     </span>
    </p>
   </div>
   <div class='ocr_carea' id='block_1_20' title="bbox 503 2094 2093 2167">
    <p class='ocr_par' dir='ltr' id='par_1_20' title="bbox 503 2094 2093 2167">
     <span class='ocr_line' id='line_1_20' title="bbox 503 2094 2093 2167; baseline -0.002 -15"><span class='ocrx_word' id='word_1_134' title='bbox 503 2112 774 2167; x_wconf 90' lang='lat' dir='ltr'><strong>nunquam</strong></span> <span class='ocrx_word' id='word_1_135' title='bbox 800 2097 1018 2152; x_wconf 89' lang='lat' dir='ltr'><strong>omnino</strong></span> <span class='ocrx_word' id='word_1_136' title='bbox 1047 2095 1301 2152; x_wconf 89' lang='lat' dir='ltr'><strong>mittenda</strong></span> <span class='ocrx_word' id='word_1_137' title='bbox 1320 2104 1462 2150; x_wconf 89' lang='lat' dir='ltr'><strong>sunt.</strong></span> <span class='ocrx_word' id='word_1_138' title='bbox 1502 2095 1558 2149; x_wconf 88' lang='lat' dir='ltr'><strong>In</strong></span> <span class='ocrx_word' id='word_1_139' title='bbox 1584 2094 1734 2150; x_wconf 91' lang='lat' dir='ltr'><strong>libris</strong></span> <span class='ocrx_word' id='word_1_140' title='bbox 1769 2104 1968 2162; x_wconf 91' lang='lat' dir='ltr'><strong>autem,</strong></span> <span class='ocrx_word' id='word_1_141' title='bbox 2003 2095 2093 2165; x_wconf 91' lang='lat' dir='ltr'><strong>qui</strong></span> 
     </span>
    </p>
   </div>
   <div class='ocr_carea' id='block_1_21' title="bbox 502 2186 2092 2258">
    <p class='ocr_par' dir='ltr' id='par_1_21' title="bbox 502 2186 2092 2258">
     <span class='ocr_line' id='line_1_21' title="bbox 502 2186 2092 2258; baseline -0.001 -15"><span class='ocrx_word' id='word_1_142' title='bbox 502 2189 574 2244; x_wconf 89' lang='lat' dir='ltr'><strong>ita</strong></span> <span class='ocrx_word' id='word_1_143' title='bbox 601 2189 902 2244; x_wconf 89' lang='lat' dir='ltr'><strong>scribuntur</strong></span> <span class='ocrx_word' id='word_1_144' title='bbox 927 2198 986 2244; x_wconf 92' lang='lat' dir='ltr'><strong>ut</strong></span> <span class='ocrx_word' id='word_1_145' title='bbox 1015 2189 1114 2258; x_wconf 91' lang='lat' dir='ltr'><strong>ipsi</strong></span> <span class='ocrx_word' id='word_1_146' title='bbox 1161 2188 1261 2244; x_wconf 92' lang='lat' dir='ltr'><strong>sibi</strong></span> <span class='ocrx_word' id='word_1_147' title='bbox 1306 2186 1697 2257; x_wconf 89' lang='lat' dir='ltr'><strong>quodammodo</strong></span> <span class='ocrx_word' id='word_1_148' title='bbox 1725 2187 1980 2242; x_wconf 90' lang='lat' dir='ltr'><strong>lectorem</strong></span> <span class='ocrx_word' id='word_1_149' title='bbox 2010 2195 2092 2242; x_wconf 88' lang='lat' dir='ltr'><strong>te-</strong></span> 
     </span>
    </p>
   </div>
   <div class='ocr_carea' id='block_1_22' title="bbox 501 2276 2091 2349">
    <p class='ocr_par' dir='ltr' id='par_1_22' title="bbox 501 2276 2091 2349">
     <span class='ocr_line' id='line_1_22' title="bbox 501 2276 2091 2349; baseline -0.003 -14"><span class='ocrx_word' id='word_1_150' title='bbox 501 2287 664 2335; x_wconf 90' lang='lat' dir='ltr'><strong>neant</strong></span> <span class='ocrx_word' id='word_1_151' title='bbox 707 2293 828 2333; x_wconf 89' lang='lat' dir='ltr'><strong>cum</strong></span> <span class='ocrx_word' id='word_1_152' title='bbox 868 2278 1250 2349; x_wconf 88' lang='lat' dir='ltr'><strong>intelliguntur,</strong></span> <span class='ocrx_word' id='word_1_153' title='bbox 1270 2293 1390 2332; x_wconf 90' lang='lat' dir='ltr'><strong>cum</strong></span> <span class='ocrx_word' id='word_1_154' title='bbox 1439 2286 1619 2332; x_wconf 90' lang='lat' dir='ltr'><strong>autem</strong></span> <span class='ocrx_word' id='word_1_155' title='bbox 1647 2292 1752 2331; x_wconf 92' lang='lat' dir='ltr'><strong>non</strong></span> <span class='ocrx_word' id='word_1_156' title='bbox 1783 2276 2091 2348; x_wconf 86' lang='lat' dir='ltr'><strong>intelligun-</strong></span> 
     </span>
    </p>
   </div>
   <div class='ocr_carea' id='block_1_23' title="bbox 502 2368 2094 2439">
    <p class='ocr_par' dir='ltr' id='par_1_23' title="bbox 502 2368 2094 2439">
     <span class='ocr_line' id='line_1_23' title="bbox 502 2368 2094 2439; baseline -0.002 -14"><span class='ocrx_word' id='word_1_157' title='bbox 502 2378 592 2426; x_wconf 88' lang='lat' dir='ltr'><strong>tur</strong></span> <span class='ocrx_word' id='word_1_158' title='bbox 611 2370 819 2425; x_wconf 89' lang='lat' dir='ltr'><strong>molesti</strong></span> <span class='ocrx_word' id='word_1_159' title='bbox 841 2385 945 2424; x_wconf 91' lang='lat' dir='ltr'><strong>non</strong></span> <span class='ocrx_word' id='word_1_160' title='bbox 971 2371 1073 2424; x_wconf 91' lang='lat' dir='ltr'><strong>sint</strong></span> <span class='ocrx_word' id='word_1_161' title='bbox 1096 2369 1416 2424; x_wconf 88' lang='lat' dir='ltr'><strong>molentibns</strong></span> <span class='ocrx_word' id='word_1_162' title='bbox 1432 2369 1630 2439; x_wconf 78' lang='lat' dir='ltr'><strong>legere,</strong></span> <span class='ocrx_word' id='word_1_163' title='bbox 1655 2369 1771 2423; x_wconf 92' lang='lat' dir='ltr'><strong>etin</strong></span> <span class='ocrx_word' id='word_1_164' title='bbox 1795 2368 2094 2437; x_wconf 87' lang='lat' dir='ltr'><strong>aliquorum</strong></span> 
     </span>
    </p>
   </div>
   <div class='ocr_carea' id='block_1_24' title="bbox 504 2460 2097 2534">
    <p class='ocr_par' dir='ltr' id='par_1_24' title="bbox 504 2460 2097 2534">
     <span class='ocr_line' id='line_1_24' title="bbox 504 2460 2097 2534; baseline 0.001 -19"><span class='ocrx_word' id='word_1_165' title='bbox 504 2461 950 2516; x_wconf 87' lang='lat' dir='ltr'><strong>collocutionibus</strong></span> <span class='ocrx_word' id='word_1_166' title='bbox 975 2462 1015 2528; x_wconf 77' lang='grc' dir='ltr'>ί,</span> <span class='ocrx_word' id='word_1_167' title='bbox 1040 2472 1239 2516; x_wconf 89' lang='lat' dir='ltr'><strong>nonest</strong></span> <span class='ocrx_word' id='word_1_168' title='bbox 1265 2462 1366 2516; x_wconf 92' lang='lat' dir='ltr'><strong>hoc</strong></span> <span class='ocrx_word' id='word_1_169' title='bbox 1385 2460 1618 2516; x_wconf 80' lang='lat' dir='ltr'><strong>ofﬁcium</strong></span> <span class='ocrx_word' id='word_1_170' title='bbox 1645 2460 2018 2534; x_wconf 79' lang='lat' dir='ltr'><strong>deserendum,</strong></span> <span class='ocrx_word' id='word_1_171' title='bbox 2037 2472 2097 2518; x_wconf 90' lang='lat' dir='ltr'><strong>ut</strong></span> 
     </span>
    </p>
   </div>
   <div class='ocr_carea' id='block_1_25' title="bbox 505 2552 2096 2624">
    <p class='ocr_par' dir='ltr' id='par_1_25' title="bbox 505 2552 2096 2624">
     <span class='ocr_line' id='line_1_25' title="bbox 505 2552 2096 2624; baseline 0 -16"><span class='ocrx_word' id='word_1_172' title='bbox 505 2568 657 2620; x_wconf 89' lang='lat' dir='ltr'><strong>vera,</strong></span> <span class='ocrx_word' id='word_1_173' title='bbox 689 2554 934 2623; x_wconf 85' lang='lat' dir='ltr'><strong>quamvis</strong></span> <span class='ocrx_word' id='word_1_174' title='bbox 959 2553 1269 2608; x_wconf 81' lang='lat' dir='ltr'><strong>difﬁcillima</strong></span> <span class='ocrx_word' id='word_1_175' title='bbox 1300 2552 1366 2607; x_wconf 91' lang='lat' dir='ltr'><strong>ad</strong></span> <span class='ocrx_word' id='word_1_176' title='bbox 1389 2552 1808 2623; x_wconf 88' lang='lat' dir='ltr'><strong>intelligendum,</strong></span> <span class='ocrx_word' id='word_1_177' title='bbox 1845 2569 1964 2624; x_wconf 72' lang='lat' dir='ltr'><strong>qua:</strong></span> <span class='ocrx_word' id='word_1_178' title='bbox 1996 2555 2096 2624; x_wconf 88' lang='lat' dir='ltr'><strong>ipsi</strong></span> 
     </span>
    </p>
   </div>
   <div class='ocr_carea' id='block_1_26' title="bbox 407 2643 2097 2716">
    <p class='ocr_par' dir='ltr' id='par_1_26' title="bbox 407 2643 2097 2716">
     <span class='ocr_line' id='line_1_26' title="bbox 407 2643 2097 2716; baseline 0 -18"><span class='ocrx_word' id='word_1_179' title='bbox 407 2673 410 2676; x_wconf 84' lang='lat'><strong><em>~</em></strong></span> <span class='ocrx_word' id='word_1_180' title='bbox 499 2647 610 2716; x_wconf 84' lang='lat' dir='ltr'><strong>jam</strong></span> <span class='ocrx_word' id='word_1_181' title='bbox 632 2645 988 2715; x_wconf 90' lang='lat' dir='ltr'><strong>percepimus,</strong></span> <span class='ocrx_word' id='word_1_182' title='bbox 1017 2659 1136 2699; x_wconf 90' lang='lat' dir='ltr'><strong>cum</strong></span> <span class='ocrx_word' id='word_1_183' title='bbox 1166 2651 1593 2714; x_wconf 80' lang='lat' dir='ltr'><strong>quantacumque</strong></span> <span class='ocrx_word' id='word_1_184' title='bbox 1635 2643 1815 2699; x_wconf 88' lang='lat' dir='ltr'><strong>labore</strong></span> <span class='ocrx_word' id='word_1_185' title='bbox 1853 2643 2097 2714; x_wconf 92' lang='lat' dir='ltr'><strong>disputa-</strong></span> 
     </span>
    </p>
   </div>
   <div class='ocr_carea' id='block_1_27' title="bbox 503 2734 2097 2806">
    <p class='ocr_par' dir='ltr' id='par_1_27' title="bbox 503 2734 2097 2806">
     <span class='ocr_line' id='line_1_27' title="bbox 503 2734 2097 2806; baseline 0.001 -16"><span class='ocrx_word' id='word_1_186' title='bbox 503 2735 664 2791; x_wconf 92' lang='lat' dir='ltr'><strong>tionis</strong></span> <span class='ocrx_word' id='word_1_187' title='bbox 683 2735 750 2790; x_wconf 90' lang='lat' dir='ltr'><strong>ad</strong></span> <span class='ocrx_word' id='word_1_188' title='bbox 780 2735 1003 2790; x_wconf 88' lang='lat' dir='ltr'><strong>aliorum</strong></span> <span class='ocrx_word' id='word_1_189' title='bbox 1047 2735 1448 2806; x_wconf 78' lang='lat' dir='ltr'><strong>intelligentiam</strong></span> <span class='ocrx_word' id='word_1_190' title='bbox 1481 2734 1855 2806; x_wconf 88' lang='lat' dir='ltr'><strong>perducamus,</strong></span> <span class='ocrx_word' id='word_1_191' title='bbox 1877 2735 1922 2789; x_wconf 92' lang='lat' dir='ltr'><strong>si</strong></span> <span class='ocrx_word' id='word_1_192' title='bbox 1955 2745 2097 2791; x_wconf 91' lang='lat' dir='ltr'><strong>tenet</strong></span> 
     </span>
    </p>
   </div>
   <div class='ocr_carea' id='block_1_28' title="bbox 503 2825 2099 2896">
    <p class='ocr_par' dir='ltr' id='par_1_28' title="bbox 503 2825 2099 2896">
     <span class='ocr_line' id='line_1_28' title="bbox 503 2825 2099 2896; baseline 0.002 -17"><span class='ocrx_word' id='word_1_193' title='bbox 503 2826 800 2881; x_wconf 84' lang='lat' dir='ltr'><strong>auditorem</strong></span> <span class='ocrx_word' id='word_1_194' title='bbox 829 2827 912 2882; x_wconf 89' lang='lat' dir='ltr'><strong>vel</strong></span> <span class='ocrx_word' id='word_1_195' title='bbox 957 2826 1340 2882; x_wconf 90' lang='lat' dir='ltr'><strong>collocutorem</strong></span> <span class='ocrx_word' id='word_1_196' title='bbox 1388 2825 1630 2881; x_wconf 90' lang='lat' dir='ltr'><strong>discendi</strong></span> <span class='ocrx_word' id='word_1_197' title='bbox 1681 2825 1965 2896; x_wconf 88' lang='lat' dir='ltr'><strong>cupiditas,</strong></span> <span class='ocrx_word' id='word_1_198' title='bbox 1998 2841 2099 2882; x_wconf 91' lang='lat' dir='ltr'><strong>nec</strong></span> 
     </span>
    </p>
   </div>
   <div class='ocr_carea' id='block_1_29' title="bbox 505 2915 2099 2987">
    <p class='ocr_par' dir='ltr' id='par_1_29' title="bbox 505 2915 2099 2987">
     <span class='ocr_line' id='line_1_29' title="bbox 505 2915 2099 2987; baseline 0 -17"><span class='ocrx_word' id='word_1_199' title='bbox 505 2917 700 2970; x_wconf 91' lang='lat' dir='ltr'><strong>mentis</strong></span> <span class='ocrx_word' id='word_1_200' title='bbox 741 2915 1010 2987; x_wconf 90' lang='lat' dir='ltr'><strong>capacitas</strong></span> <span class='ocrx_word' id='word_1_201' title='bbox 1049 2915 1209 2983; x_wconf 90' lang='lat' dir='ltr'><strong>desit,</strong></span> <span class='ocrx_word' id='word_1_202' title='bbox 1253 2931 1373 2986; x_wconf 67' lang='lat' dir='ltr'><strong>qua:</strong></span> <span class='ocrx_word' id='word_1_203' title='bbox 1411 2930 1626 2985; x_wconf 89' lang='lat' dir='ltr'><strong>quoquo</strong></span> <span class='ocrx_word' id='word_1_204' title='bbox 1673 2915 1834 2970; x_wconf 89' lang='lat' dir='ltr'><strong>modo</strong></span> <span class='ocrx_word' id='word_1_205' title='bbox 1863 2916 2099 2971; x_wconf 89' lang='lat' dir='ltr'><strong>intimata</strong></span> 
     </span>
    </p>
   </div>
   <div class='ocr_carea' id='block_1_30' title="bbox 505 3004 2100 3076">
    <p class='ocr_par' dir='ltr' id='par_1_30' title="bbox 505 3004 2100 3076">
     <span class='ocr_line' id='line_1_30' title="bbox 505 3004 2100 3076; baseline 0.001 -16"><span class='ocrx_word' id='word_1_206' title='bbox 505 3007 678 3076; x_wconf 92' lang='lat' dir='ltr'><strong>possit</strong></span> <span class='ocrx_word' id='word_1_207' title='bbox 731 3006 1009 3076; x_wconf 88' lang='lat' dir='ltr'><strong>accipere;</strong></span> <span class='ocrx_word' id='word_1_208' title='bbox 1051 3021 1156 3060; x_wconf 93' lang='lat' dir='ltr'><strong>non</strong></span> <span class='ocrx_word' id='word_1_209' title='bbox 1209 3015 1430 3061; x_wconf 90' lang='lat' dir='ltr'><strong>curante</strong></span> <span class='ocrx_word' id='word_1_210' title='bbox 1462 3005 1556 3060; x_wconf 93' lang='lat' dir='ltr'><strong>illo</strong></span> <span class='ocrx_word' id='word_1_211' title='bbox 1581 3004 1671 3075; x_wconf 91' lang='lat' dir='ltr'><strong>qui</strong></span> <span class='ocrx_word' id='word_1_212' title='bbox 1699 3005 1875 3072; x_wconf 89' lang='lat' dir='ltr'><strong>docet,</strong></span> <span class='ocrx_word' id='word_1_213' title='bbox 1905 3014 2100 3075; x_wconf 87' lang='lat' dir='ltr'><strong>quanta</strong></span> 
     </span>
    </p>
   </div>
   <div class='ocr_carea' id='block_1_31' title="bbox 507 3095 1744 3169">
    <p class='ocr_par' dir='ltr' id='par_1_31' title="bbox 507 3095 1744 3169">
     <span class='ocr_line' id='line_1_31' title="bbox 507 3095 1744 3169; baseline -0.003 -15"><span class='ocrx_word' id='word_1_214' title='bbox 507 3098 811 3169; x_wconf 87' lang='lat' dir='ltr'><strong>eloquentia</strong></span> <span class='ocrx_word' id='word_1_215' title='bbox 855 3097 1062 3164; x_wconf 77' lang='lat' dir='ltr'><strong>doceat,</strong></span> <span class='ocrx_word' id='word_1_216' title='bbox 1095 3095 1188 3152; x_wconf 92' lang='lat' dir='ltr'><strong>sed</strong></span> <span class='ocrx_word' id='word_1_217' title='bbox 1230 3106 1426 3168; x_wconf 90' lang='lat' dir='ltr'><strong>quanta</strong></span> <span class='ocrx_word' id='word_1_218' title='bbox 1455 3095 1744 3152; x_wconf 88' lang='lat' dir='ltr'><strong>evidentia.</strong></span> 
     </span>
    </p>
   </div>
   <div class='ocr_carea' id='block_1_32' title="bbox 597 3185 2006 3259">
    <p class='ocr_par' dir='ltr' id='par_1_32' title="bbox 597 3185 2006 3259">
     <span class='ocr_line' id='line_1_32' title="bbox 597 3185 2006 3259; baseline 0 -16"><span class='ocrx_word' id='word_1_219' title='bbox 597 3188 824 3244; x_wconf 87' lang='lat' dir='ltr'><strong>CAPUT</strong></span> <span class='ocrx_word' id='word_1_220' title='bbox 849 3187 918 3242; x_wconf 75' lang='grc' dir='ltr'><strong>Χ.</strong></span> <span class='ocrx_word' id='word_1_221' title='bbox 946 3218 1018 3228; x_wconf 92' lang='grc'><strong><em>--</em></strong></span> <span class='ocrx_word' id='word_1_222' title='bbox 1042 3185 1425 3259; x_wconf 76' lang='lat' dir='ltr'><strong>Perspicuitatis</strong></span> <span class='ocrx_word' id='word_1_223' title='bbox 1453 3187 1506 3242; x_wconf 84' lang='lat' dir='ltr'><strong>in</strong></span> <span class='ocrx_word' id='word_1_224' title='bbox 1533 3187 1746 3242; x_wconf 85' lang='lat' dir='ltr'><strong>dicendo</strong></span> <span class='ocrx_word' id='word_1_225' title='bbox 1765 3187 2006 3243; x_wconf 77' lang='lat' dir='ltr'><strong>studium.</strong></span> 
     </span>
    </p>
   </div>
   <div class='ocr_carea' id='block_1_33' title="bbox 580 3277 2102 3349">
    <p class='ocr_par' dir='ltr' id='par_1_33' title="bbox 580 3277 2102 3349">
     <span class='ocr_line' id='line_1_33' title="bbox 580 3277 2102 3349; baseline 0.001 -17"><span class='ocrx_word' id='word_1_226' title='bbox 580 3278 671 3333; x_wconf 71' lang='grc'><strong>24.</strong></span> <span class='ocrx_word' id='word_1_227' title='bbox 721 3278 884 3348; x_wconf 86' lang='lat' dir='ltr'><strong>Cujus</strong></span> <span class='ocrx_word' id='word_1_228' title='bbox 921 3278 1198 3334; x_wconf 73' lang='lat' dir='ltr'><strong>evidentia:</strong></span> <span class='ocrx_word' id='word_1_229' title='bbox 1245 3277 1470 3348; x_wconf 82' lang='lat' dir='ltr'><strong>diligens</strong></span> <span class='ocrx_word' id='word_1_230' title='bbox 1513 3278 1777 3348; x_wconf 89' lang='lat' dir='ltr'><strong>appetitus</strong></span> <span class='ocrx_word' id='word_1_231' title='bbox 1819 3278 2102 3349; x_wconf 84' lang='lat' dir='ltr'><strong>aliquando</strong></span> 
     </span>
    </p>
   </div>
   <div class='ocr_carea' id='block_1_34' title="bbox 509 3370 2097 3443">
    <p class='ocr_par' dir='ltr' id='par_1_34' title="bbox 509 3370 2097 3443">
     <span class='ocr_line' id='line_1_34' title="bbox 509 3370 2097 3443; baseline 0.001 -17"><span class='ocrx_word' id='word_1_232' title='bbox 509 3370 730 3443; x_wconf 85' lang='lat' dir='ltr'><strong>negligit</strong></span> <span class='ocrx_word' id='word_1_233' title='bbox 769 3371 931 3427; x_wconf 88' lang='lat' dir='ltr'><strong>verba</strong></span> <span class='ocrx_word' id='word_1_234' title='bbox 969 3371 1191 3426; x_wconf 91' lang='lat' dir='ltr'><strong>cultiora</strong></span> <span class='ocrx_word' id='word_1_235' title='bbox 1215 3411 1231 3438; x_wconf 96' lang='lat'><strong>,</strong></span> <span class='ocrx_word' id='word_1_236' title='bbox 1275 3385 1373 3424; x_wconf 90' lang='lat' dir='ltr'><strong>nec</strong></span> <span class='ocrx_word' id='word_1_237' title='bbox 1415 3380 1567 3425; x_wconf 87' lang='lat' dir='ltr'><strong>curat</strong></span> <span class='ocrx_word' id='word_1_238' title='bbox 1593 3371 1720 3441; x_wconf 90' lang='lat' dir='ltr'><strong>quid</strong></span> <span class='ocrx_word' id='word_1_239' title='bbox 1751 3371 1887 3427; x_wconf 90' lang='lat' dir='ltr'><strong>bene</strong></span> <span class='ocrx_word' id='word_1_240' title='bbox 1915 3381 2097 3440; x_wconf 90' lang='lat' dir='ltr'><strong>sonet,</strong></span> 
     </span>
    </p>
   </div>
   <div class='ocr_carea' id='block_1_35' title="bbox 509 3461 2102 3534">
    <p class='ocr_par' dir='ltr' id='par_1_35' title="bbox 509 3461 2102 3534">
     <span class='ocr_line' id='line_1_35' title="bbox 509 3461 2102 3534; baseline -0.002 -15"><span class='ocrx_word' id='word_1_241' title='bbox 509 3465 604 3520; x_wconf 90' lang='lat' dir='ltr'><strong>sed</strong></span> <span class='ocrx_word' id='word_1_242' title='bbox 625 3462 752 3534; x_wconf 87' lang='lat' dir='ltr'><strong>quid</strong></span> <span class='ocrx_word' id='word_1_243' title='bbox 775 3462 911 3518; x_wconf 88' lang='lat' dir='ltr'><strong>bene</strong></span> <span class='ocrx_word' id='word_1_244' title='bbox 934 3461 1129 3518; x_wconf 89' lang='lat' dir='ltr'><strong>indicet</strong></span> <span class='ocrx_word' id='word_1_245' title='bbox 1152 3470 1308 3532; x_wconf 93' lang='lat' dir='ltr'><strong>atque</strong></span> <span class='ocrx_word' id='word_1_246' title='bbox 1330 3461 1538 3516; x_wconf 89' lang='lat' dir='ltr'><strong>intimet</strong></span> <span class='ocrx_word' id='word_1_247' title='bbox 1559 3462 1698 3532; x_wconf 91' lang='lat' dir='ltr'><strong>quod</strong></span> <span class='ocrx_word' id='word_1_248' title='bbox 1722 3462 2001 3519; x_wconf 89' lang='lat' dir='ltr'><strong>ostendere</strong></span> <span class='ocrx_word' id='word_1_249' title='bbox 2023 3463 2102 3517; x_wconf 83' lang='lat' dir='ltr'><strong>in-</strong></span> 
     </span>
    </p>
   </div>
   <div class='ocr_carea' id='block_1_36' title="bbox 509 3551 2104 3624">
    <p class='ocr_par' dir='ltr' id='par_1_36' title="bbox 509 3551 2104 3624">
     <span class='ocr_line' id='line_1_36' title="bbox 509 3551 2104 3624; baseline -0.001 -15"><span class='ocrx_word' id='word_1_250' title='bbox 509 3554 699 3618; x_wconf 84' lang='lat' dir='ltr'><strong>tendit.</strong></span> <span class='ocrx_word' id='word_1_251' title='bbox 727 3553 876 3610; x_wconf 90' lang='lat' dir='ltr'><strong>Unde</strong></span> <span class='ocrx_word' id='word_1_252' title='bbox 899 3554 974 3607; x_wconf 90' lang='lat' dir='ltr'><strong>ait</strong></span> <span class='ocrx_word' id='word_1_253' title='bbox 1001 3553 1238 3624; x_wconf 91' lang='lat' dir='ltr'><strong>quidam,</strong></span> <span class='ocrx_word' id='word_1_254' title='bbox 1265 3566 1387 3606; x_wconf 91' lang='lat' dir='ltr'><strong>cum</strong></span> <span class='ocrx_word' id='word_1_255' title='bbox 1408 3551 1476 3608; x_wconf 94' lang='lat' dir='ltr'><strong>de</strong></span> <span class='ocrx_word' id='word_1_256' title='bbox 1498 3552 1589 3606; x_wconf 93' lang='lat' dir='ltr'><strong>tali</strong></span> <span class='ocrx_word' id='word_1_257' title='bbox 1609 3567 1805 3622; x_wconf 83' lang='lat' dir='ltr'><strong>genere</strong></span> <span class='ocrx_word' id='word_1_258' title='bbox 1820 3553 2104 3609; x_wconf 91' lang='lat' dir='ltr'><strong>locutionis</strong></span> 
     </span>
    </p>
   </div>
   <div class='ocr_carea' id='block_1_37' title="bbox 508 3642 2102 3718">
    <p class='ocr_par' dir='ltr' id='par_1_37' title="bbox 508 3642 2102 3718">
     <span class='ocr_line' id='line_1_37' title="bbox 508 3642 2102 3718; baseline -0.001 -16"><span class='ocrx_word' id='word_1_259' title='bbox 508 3655 722 3718; x_wconf 86' lang='lat' dir='ltr'><strong>ageret,</strong></span> <span class='ocrx_word' id='word_1_260' title='bbox 760 3661 880 3702; x_wconf 90' lang='lat' dir='ltr'><strong>esse</strong></span> <span class='ocrx_word' id='word_1_261' title='bbox 907 3647 959 3701; x_wconf 93' lang='lat' dir='ltr'><strong>in</strong></span> <span class='ocrx_word' id='word_1_262' title='bbox 987 3661 1048 3701; x_wconf 90' lang='lat' dir='ltr'><strong>ea</strong></span> <span class='ocrx_word' id='word_1_263' title='bbox 1076 3645 1361 3717; x_wconf 89' lang='lat' dir='ltr'><strong>quamdam</strong></span> <span class='ocrx_word' id='word_1_264' title='bbox 1391 3642 1698 3714; x_wconf 89' lang='lat' dir='ltr'><strong>diligentem</strong></span> <span class='ocrx_word' id='word_1_265' title='bbox 1728 3644 2102 3716; x_wconf 85' lang='lat' dir='ltr'><strong>negligentiam</strong></span> 
     </span>
    </p>
   </div>
   <div class='ocr_carea' id='block_1_38' title="bbox 462 3736 2099 3812">
    <p class='ocr_par' dir='ltr' id='par_1_38' title="bbox 462 3736 2099 3812">
     <span class='ocr_line' id='line_1_38' title="bbox 462 3736 2099 3812; baseline -0.003 -16"><span class='ocrx_word' id='word_1_266' title='bbox 462 3794 464 3796; x_wconf 74' lang='grc'>,</span> <span class='ocrx_word' id='word_1_267' title='bbox 510 3739 740 3812; x_wconf 78' lang='lat' dir='ltr'><strong>(Cicero,</strong></span> <span class='ocrx_word' id='word_1_268' title='bbox 771 3740 825 3794; x_wconf 83' lang='lat' dir='ltr'><strong>in</strong></span> <span class='ocrx_word' id='word_1_269' title='bbox 853 3736 1110 3811; x_wconf 83' lang='lat' dir='ltr'><strong>Oratore).</strong></span> <span class='ocrx_word' id='word_1_270' title='bbox 1136 3738 1259 3793; x_wconf 76' lang='lat' dir='ltr'><strong>llznc</strong></span> <span class='ocrx_word' id='word_1_271' title='bbox 1283 3745 1460 3792; x_wconf 87' lang='lat' dir='ltr'><strong>tamen</strong></span> <span class='ocrx_word' id='word_1_272' title='bbox 1485 3737 1563 3792; x_wconf 91' lang='lat' dir='ltr'><strong>sic</strong></span> <span class='ocrx_word' id='word_1_273' title='bbox 1580 3737 1813 3792; x_wconf 89' lang='lat' dir='ltr'><strong>detrahit</strong></span> <span class='ocrx_word' id='word_1_274' title='bbox 1833 3747 2099 3805; x_wconf 90' lang='lat' dir='ltr'><strong>ornatum,</strong></span> 
     </span>
    </p>
   </div>
   <div class='ocr_carea' id='block_1_39' title="bbox 510 3825 2104 3895">
    <p class='ocr_par' dir='ltr' id='par_1_39' title="bbox 510 3825 2104 3895">
     <span class='ocr_line' id='line_1_39' title="bbox 510 3825 2104 3895; baseline -0.003 -8"><span class='ocrx_word' id='word_1_275' title='bbox 510 3838 571 3886; x_wconf 93' lang='lat' dir='ltr'><strong>ut</strong></span> <span class='ocrx_word' id='word_1_276' title='bbox 594 3830 782 3887; x_wconf 91' lang='lat' dir='ltr'><strong>sordes</strong></span> <span class='ocrx_word' id='word_1_277' title='bbox 806 3845 913 3886; x_wconf 92' lang='lat' dir='ltr'><strong>non</strong></span> <span class='ocrx_word' id='word_1_278' title='bbox 943 3827 1243 3885; x_wconf 85' lang='lat' dir='ltr'><strong>contrahat.</strong></span> <span class='ocrx_word' id='word_1_279' title='bbox 1275 3825 1527 3895; x_wconf 77' lang='lat' dir='ltr'><strong>Quamvis</strong></span> <span class='ocrx_word' id='word_1_280' title='bbox 1551 3826 1601 3881; x_wconf 93' lang='lat' dir='ltr'><strong>in</strong></span> <span class='ocrx_word' id='word_1_281' title='bbox 1625 3826 1778 3882; x_wconf 90' lang='lat' dir='ltr'><strong>bonis</strong></span> <span class='ocrx_word' id='word_1_282' title='bbox 1801 3827 2104 3883; x_wconf 87' lang='lat' dir='ltr'><strong>doctoribus</strong></span> 
     </span>
    </p>
   </div>
   <div class='ocr_carea' id='block_1_40' title="bbox 511 3916 2104 3984">
    <p class='ocr_par' dir='ltr' id='par_1_40' title="bbox 511 3916 2104 3984">
     <span class='ocr_line' id='line_1_40' title="bbox 511 3916 2104 3984; baseline -0.003 -8"><span class='ocrx_word' id='word_1_283' title='bbox 511 3928 658 3978; x_wconf 85' lang='lat' dir='ltr'><strong>tanta</strong></span> <span class='ocrx_word' id='word_1_284' title='bbox 702 3920 929 3976; x_wconf 88' lang='lat' dir='ltr'><strong>docendi</strong></span> <span class='ocrx_word' id='word_1_285' title='bbox 973 3934 1100 3975; x_wconf 91' lang='lat' dir='ltr'><strong>cura</strong></span> <span class='ocrx_word' id='word_1_286' title='bbox 1125 3919 1226 3982; x_wconf 92' lang='lat' dir='ltr'><strong>sit,</strong></span> <span class='ocrx_word' id='word_1_287' title='bbox 1274 3917 1357 3972; x_wconf 86' lang='lat' dir='ltr'><strong>vel</strong></span> <span class='ocrx_word' id='word_1_288' title='bbox 1396 3931 1514 3972; x_wconf 78' lang='lat' dir='ltr'><strong>esse</strong></span> <span class='ocrx_word' id='word_1_289' title='bbox 1539 3916 1757 3984; x_wconf 91' lang='lat' dir='ltr'><strong>debeat,</strong></span> <span class='ocrx_word' id='word_1_290' title='bbox 1803 3925 1861 3971; x_wconf 91' lang='lat' dir='ltr'><strong>ut</strong></span> <span class='ocrx_word' id='word_1_291' title='bbox 1885 3918 2104 3972; x_wconf 88' lang='lat' dir='ltr'><strong>verbum</strong></span> 
     </span>
    </p>
   </div>
   <div class='ocr_carea' id='block_1_41' title="bbox 510 4008 2104 4086">
    <p class='ocr_par' dir='ltr' id='par_1_41' title="bbox 510 4008 2104 4086">
     <span class='ocr_line' id='line_1_41' title="bbox 510 4008 2104 4086; baseline -0.004 -16"><span class='ocrx_word' id='word_1_292' title='bbox 510 4013 655 4086; x_wconf 90' lang='lat' dir='ltr'><strong>quod</strong></span> <span class='ocrx_word' id='word_1_293' title='bbox 695 4013 799 4069; x_wconf 90' lang='lat' dir='ltr'><strong>nisi</strong></span> <span class='ocrx_word' id='word_1_294' title='bbox 843 4012 1130 4068; x_wconf 90' lang='lat' dir='ltr'><strong>obscurum</strong></span> <span class='ocrx_word' id='word_1_295' title='bbox 1160 4011 1228 4065; x_wconf 90' lang='lat' dir='ltr'><strong>sit</strong></span> <span class='ocrx_word' id='word_1_296' title='bbox 1255 4010 1337 4064; x_wconf 91' lang='lat' dir='ltr'><strong>vel</strong></span> <span class='ocrx_word' id='word_1_297' title='bbox 1363 4008 1666 4078; x_wconf 82' lang='lat' dir='ltr'><strong>ambiguum</strong></span> <span class='ocrx_word' id='word_1_298' title='bbox 1691 4049 1706 4075; x_wconf 94' lang='lat'><strong>,</strong></span> <span class='ocrx_word' id='word_1_299' title='bbox 1735 4009 1954 4063; x_wconf 84' lang='lat' dir='ltr'><strong>latinum</strong></span> <span class='ocrx_word' id='word_1_300' title='bbox 1984 4024 2104 4064; x_wconf 90' lang='lat' dir='ltr'><strong>esse</strong></span> 
     </span>
    </p>
   </div>
   <div class='ocr_carea' id='block_1_42' title="bbox 510 4099 2105 4177">
    <p class='ocr_par' dir='ltr' id='par_1_42' title="bbox 510 4099 2105 4177">
     <span class='ocr_line' id='line_1_42' title="bbox 510 4099 2105 4177; baseline -0.004 -15"><span class='ocrx_word' id='word_1_301' title='bbox 510 4121 616 4162; x_wconf 90' lang='lat' dir='ltr'><strong>non</strong></span> <span class='ocrx_word' id='word_1_302' title='bbox 645 4111 848 4177; x_wconf 90' lang='lat' dir='ltr'><strong>potest,</strong></span> <span class='ocrx_word' id='word_1_303' title='bbox 870 4103 1013 4174; x_wconf 89' lang='lat' dir='ltr'><strong>vulgi</strong></span> <span class='ocrx_word' id='word_1_304' title='bbox 1035 4099 1210 4157; x_wconf 82' lang='lat' dir='ltr'><strong>autem</strong></span> <span class='ocrx_word' id='word_1_305' title='bbox 1235 4115 1384 4156; x_wconf 89' lang='lat' dir='ltr'><strong>more</strong></span> <span class='ocrx_word' id='word_1_306' title='bbox 1403 4100 1480 4155; x_wconf 92' lang='lat' dir='ltr'><strong>sic</strong></span> <span class='ocrx_word' id='word_1_307' title='bbox 1500 4099 1692 4154; x_wconf 90' lang='lat' dir='ltr'><strong>dicitur</strong></span> <span class='ocrx_word' id='word_1_308' title='bbox 1711 4108 1769 4154; x_wconf 90' lang='lat' dir='ltr'><strong>ut</strong></span> <span class='ocrx_word' id='word_1_309' title='bbox 1787 4100 2105 4170; x_wconf 84' lang='lat' dir='ltr'><strong>ambiguitas</strong></span> 
     </span>
    </p>
   </div>
   <div class='ocr_carea' id='block_1_43' title="bbox 509 4192 2104 4268">
    <p class='ocr_par' dir='ltr' id='par_1_43' title="bbox 509 4192 2104 4268">
     <span class='ocr_line' id='line_1_43' title="bbox 509 4192 2104 4268; baseline -0.004 -14"><span class='ocrx_word' id='word_1_310' title='bbox 509 4197 916 4268; x_wconf 69' lang='lat' dir='ltr'><strong>obscuriusque</strong></span> <span class='ocrx_word' id='word_1_311' title='bbox 942 4195 1168 4262; x_wconf 90' lang='lat' dir='ltr'><strong>vitetur,</strong></span> <span class='ocrx_word' id='word_1_312' title='bbox 1203 4209 1308 4250; x_wconf 91' lang='lat' dir='ltr'><strong>non</strong></span> <span class='ocrx_word' id='word_1_313' title='bbox 1337 4195 1414 4250; x_wconf 89' lang='lat' dir='ltr'><strong>sic</strong></span> <span class='ocrx_word' id='word_1_314' title='bbox 1443 4194 1647 4250; x_wconf 84' lang='lat' dir='ltr'><strong>dicatur</strong></span> <span class='ocrx_word' id='word_1_315' title='bbox 1669 4201 1775 4247; x_wconf 92' lang='lat' dir='ltr'><strong>uta</strong></span> <span class='ocrx_word' id='word_1_316' title='bbox 1797 4192 1985 4257; x_wconf 88' lang='lat' dir='ltr'><strong>doctis,</strong></span> <span class='ocrx_word' id='word_1_317' title='bbox 2008 4192 2104 4248; x_wconf 90' lang='lat' dir='ltr'><strong>sed</strong></span> 
     </span>
    </p>
   </div>
   <div class='ocr_carea' id='block_1_44' title="bbox 507 4284 2107 4362">
    <p class='ocr_par' dir='ltr' id='par_1_44' title="bbox 507 4284 2107 4362">
     <span class='ocr_line' id='line_1_44' title="bbox 507 4284 2107 4362; baseline -0.004 -16"><span class='ocrx_word' id='word_1_318' title='bbox 507 4290 686 4362; x_wconf 85' lang='lat' dir='ltr'><strong>potius</strong></span> <span class='ocrx_word' id='word_1_319' title='bbox 728 4298 787 4345; x_wconf 91' lang='lat' dir='ltr'><strong>ut</strong></span> <span class='ocrx_word' id='word_1_320' title='bbox 828 4289 896 4344; x_wconf 89' lang='lat' dir='ltr'><strong>ab</strong></span> <span class='ocrx_word' id='word_1_321' title='bbox 941 4287 1167 4343; x_wconf 85' lang='lat' dir='ltr'><strong>indoctis</strong></span> <span class='ocrx_word' id='word_1_322' title='bbox 1207 4286 1312 4341; x_wconf 92' lang='lat' dir='ltr'><strong>dici</strong></span> <span class='ocrx_word' id='word_1_323' title='bbox 1348 4287 1504 4342; x_wconf 92' lang='lat' dir='ltr'><strong>solet.</strong></span> <span class='ocrx_word' id='word_1_324' title='bbox 1539 4284 1595 4340; x_wconf 92' lang='lat' dir='ltr'><strong>Si</strong></span> <span class='ocrx_word' id='word_1_325' title='bbox 1624 4285 1767 4340; x_wconf 92' lang='lat' dir='ltr'><strong>enim</strong></span> <span class='ocrx_word' id='word_1_326' title='bbox 1798 4299 1903 4338; x_wconf 92' lang='lat' dir='ltr'><strong>non</strong></span> <span class='ocrx_word' id='word_1_327' title='bbox 1937 4284 2107 4354; x_wconf 86' lang='lat' dir='ltr'><strong>piguit</strong></span> 
     </span>
    </p>
   </div>
   <div class='ocr_carea' id='block_1_45' title="bbox 508 4376 2102 4451">
    <p class='ocr_par' dir='ltr' id='par_1_45' title="bbox 508 4376 2102 4451">
     <span class='ocr_line' id='line_1_45' title="bbox 508 4376 2102 4451; baseline -0.008 -11"><span class='ocrx_word' id='word_1_328' title='bbox 508 4383 689 4440; x_wconf 85' lang='lat' dir='ltr'><strong>dicere</strong></span> <span class='ocrx_word' id='word_1_329' title='bbox 718 4383 1035 4451; x_wconf 84' lang='lat' dir='ltr'><strong>interpretes</strong></span> <span class='ocrx_word' id='word_1_330' title='bbox 1069 4388 1279 4434; x_wconf 86' lang='lat' dir='ltr'><strong>nostros</strong></span> <span class='ocrx_word' id='word_1_331' title='bbox 1303 4420 1318 4444; x_wconf 95' lang='lat'><strong>,</strong></span> <span class='ocrx_word' id='word_1_332' title='bbox 1361 4377 1482 4433; x_wconf 86' lang='lat' dir='ltr'><strong>Non</strong></span> <span class='ocrx_word' id='word_1_333' title='bbox 1510 4377 1820 4448; x_wconf 84' lang='lat' dir='ltr'><strong>congregabo</strong></span> <span class='ocrx_word' id='word_1_334' title='bbox 1845 4376 2102 4430; x_wconf 75' lang='lat' dir='ltr'><strong>conventi-</strong></span> 
     </span>
    </p>
   </div>
   <div class='ocr_carea' id='block_1_46' title="bbox 508 4467 2104 4544">
    <p class='ocr_par' dir='ltr' id='par_1_46' title="bbox 508 4467 2104 4544">
     <span class='ocr_line' id='line_1_46' title="bbox 508 4467 2104 4544; baseline -0.005 -14"><span class='ocrx_word' id='word_1_335' title='bbox 508 4476 627 4530; x_wconf 84' lang='lat' dir='ltr'><strong>cula</strong></span> <span class='ocrx_word' id='word_1_336' title='bbox 650 4490 823 4529; x_wconf 82' lang='lat' dir='ltr'><strong>eorum</strong></span> <span class='ocrx_word' id='word_1_337' title='bbox 844 4472 907 4526; x_wconf 86' lang='lat' dir='ltr'><strong>de</strong></span> <span class='ocrx_word' id='word_1_338' title='bbox 925 4471 1252 4543; x_wconf 75' lang='lat' dir='ltr'><strong>sanguinibus</strong></span> <span class='ocrx_word' id='word_1_339' title='bbox 1275 4470 1446 4544; x_wconf 80' lang='lat' dir='ltr'><strong>(Psat.</strong></span> <span class='ocrx_word' id='word_1_340' title='bbox 1474 4486 1540 4524; x_wconf 90' lang='lat' dir='ltr'><strong>xv</strong></span> <span class='ocrx_word' id='word_1_341' title='bbox 1559 4510 1575 4537; x_wconf 91' lang='lat'><strong>,</strong></span> <span class='ocrx_word' id='word_1_342' title='bbox 1603 4469 1658 4539; x_wconf 76' lang='grc'><strong>4)</strong></span> <span class='ocrx_word' id='word_1_343' title='bbox 1674 4510 1689 4536; x_wconf 89' lang='grc'><em>,</em></span> <span class='ocrx_word' id='word_1_344' title='bbox 1715 4467 1960 4538; x_wconf 88' lang='lat' dir='ltr'><strong>quoniam</strong></span> <span class='ocrx_word' id='word_1_345' title='bbox 1983 4481 2104 4522; x_wconf 89' lang='lat' dir='ltr'><strong>scn-</strong></span> 
     </span>
    </p>
   </div>
   <div class='ocr_carea' id='block_1_47' title="bbox 508 4560 2107 4636">
    <p class='ocr_par' dir='ltr' id='par_1_47' title="bbox 508 4560 2107 4636">
     <span class='ocr_line' id='line_1_47' title="bbox 508 4560 2107 4636; baseline -0.006 -13"><span class='ocrx_word' id='word_1_346' title='bbox 508 4576 697 4623; x_wconf 90' lang='lat' dir='ltr'><strong>serunt</strong></span> <span class='ocrx_word' id='word_1_347' title='bbox 734 4565 802 4621; x_wconf 89' lang='lat' dir='ltr'><strong>ad</strong></span> <span class='ocrx_word' id='word_1_348' title='bbox 837 4580 950 4620; x_wconf 89' lang='lat' dir='ltr'><strong>rem</strong></span> <span class='ocrx_word' id='word_1_349' title='bbox 977 4565 1246 4636; x_wconf 91' lang='lat' dir='ltr'><strong>pertinere</strong></span> <span class='ocrx_word' id='word_1_350' title='bbox 1264 4606 1280 4630; x_wconf 95' lang='lat'><strong>,</strong></span> <span class='ocrx_word' id='word_1_351' title='bbox 1313 4573 1368 4617; x_wconf 89' lang='lat' dir='ltr'><strong>nt</strong></span> <span class='ocrx_word' id='word_1_352' title='bbox 1396 4578 1463 4618; x_wconf 94' lang='lat' dir='ltr'><strong>eo</strong></span> <span class='ocrx_word' id='word_1_353' title='bbox 1487 4563 1608 4617; x_wconf 93' lang='lat' dir='ltr'><strong>loco</strong></span> <span class='ocrx_word' id='word_1_354' title='bbox 1635 4560 1912 4632; x_wconf 89' lang='lat' dir='ltr'><strong>pluraliter</strong></span> <span class='ocrx_word' id='word_1_355' title='bbox 1939 4575 2107 4616; x_wconf 85' lang='lat' dir='ltr'><strong>enun-</strong></span> 
     </span>
    </p>
   </div>
   <div class='ocr_carea' id='block_1_48' title="bbox 508 4653 2104 4728">
    <p class='ocr_par' dir='ltr' id='par_1_48' title="bbox 508 4653 2104 4728">
     <span class='ocr_line' id='line_1_48' title="bbox 508 4653 2104 4728; baseline -0.006 -12"><span class='ocrx_word' id='word_1_356' title='bbox 508 4660 733 4716; x_wconf 87' lang='lat' dir='ltr'><strong>tiaretur</strong></span> <span class='ocrx_word' id='word_1_357' title='bbox 777 4658 883 4715; x_wconf 91' lang='lat' dir='ltr'><strong>hoc</strong></span> <span class='ocrx_word' id='word_1_358' title='bbox 921 4673 1145 4721; x_wconf 90' lang='lat' dir='ltr'><strong>nomen,</strong></span> <span class='ocrx_word' id='word_1_359' title='bbox 1185 4656 1326 4728; x_wconf 88' lang='lat' dir='ltr'><strong>quod</strong></span> <span class='ocrx_word' id='word_1_360' title='bbox 1371 4656 1423 4710; x_wconf 90' lang='lat' dir='ltr'><strong>in</strong></span> <span class='ocrx_word' id='word_1_361' title='bbox 1467 4655 1628 4709; x_wconf 89' lang='lat' dir='ltr'><strong>latina</strong></span> <span class='ocrx_word' id='word_1_362' title='bbox 1662 4653 1843 4724; x_wconf 90' lang='lat' dir='ltr'><strong>lingua</strong></span> <span class='ocrx_word' id='word_1_363' title='bbox 1870 4661 2104 4708; x_wconf 82' lang='lat' dir='ltr'><strong>tantum-</strong></span> 
     </span>
    </p>
   </div>
   <div class='ocr_carea' id='block_1_49' title="bbox 509 4741 2158 4821">
    <p class='ocr_par' dir='ltr' id='par_1_49' title="bbox 509 4741 2158 4821">
     <span class='ocr_line' id='line_1_49' title="bbox 509 4741 2158 4821; baseline -0.007 -15"><span class='ocrx_word' id='word_1_364' title='bbox 509 4751 670 4807; x_wconf 89' lang='lat' dir='ltr'><strong>modo</strong></span> <span class='ocrx_word' id='word_1_365' title='bbox 706 4750 1043 4821; x_wconf 81' lang='lat' dir='ltr'><strong>singulariter</strong></span> <span class='ocrx_word' id='word_1_366' title='bbox 1080 4747 1310 4812; x_wconf 90' lang='lat' dir='ltr'><strong>dicitur;</strong></span> <span class='ocrx_word' id='word_1_367' title='bbox 1347 4761 1444 4802; x_wconf 92' lang='lat' dir='ltr'><strong>cur</strong></span> <span class='ocrx_word' id='word_1_368' title='bbox 1482 4745 1694 4816; x_wconf 89' lang='lat' dir='ltr'><strong>pietatis</strong></span> <span class='ocrx_word' id='word_1_369' title='bbox 1719 4743 1993 4799; x_wconf 92' lang='lat' dir='ltr'><strong>doctorem</strong></span> <span class='ocrx_word' id='word_1_370' title='bbox 2020 4741 2105 4813; x_wconf 90' lang='lat' dir='ltr'><strong>pi-</strong></span> <span class='ocrx_word' id='word_1_371' title='bbox 2150 4773 2158 4778; x_wconf 94' lang='lat'><strong><em>-</em></strong></span> 
     </span>
    </p>
   </div>
   <div class='ocr_carea' id='block_1_50' title="bbox 509 4834 2106 4916">
    <p class='ocr_par' dir='ltr' id='par_1_50' title="bbox 509 4834 2106 4916">
     <span class='ocr_line' id='line_1_50' title="bbox 509 4834 2106 4916; baseline -0.008 -15"><span class='ocrx_word' id='word_1_372' title='bbox 509 4853 636 4916; x_wconf 85' lang='lat' dir='ltr'><strong>geat</strong></span> <span class='ocrx_word' id='word_1_373' title='bbox 677 4842 937 4913; x_wconf 88' lang='lat' dir='ltr'><strong>imperitis</strong></span> <span class='ocrx_word' id='word_1_374' title='bbox 963 4842 1280 4912; x_wconf 75' lang='lat' dir='ltr'><strong>loquentem</strong></span> <span class='ocrx_word' id='word_1_375' title='bbox 1300 4880 1316 4907; x_wconf 96' lang='lat'><strong>,</strong></span> <span class='ocrx_word' id='word_1_376' title='bbox 1344 4853 1523 4893; x_wconf 86' lang='lat' dir='ltr'><strong>essum</strong></span> <span class='ocrx_word' id='word_1_377' title='bbox 1552 4836 1728 4907; x_wconf 89' lang='lat' dir='ltr'><strong>potius</strong></span> <span class='ocrx_word' id='word_1_378' title='bbox 1753 4850 1911 4906; x_wconf 88' lang='lat' dir='ltr'><strong>quam</strong></span> <span class='ocrx_word' id='word_1_379' title='bbox 1937 4849 1998 4889; x_wconf 93' lang='lat' dir='ltr'><strong>os</strong></span> <span class='ocrx_word' id='word_1_380' title='bbox 2021 4834 2106 4889; x_wconf 88' lang='lat' dir='ltr'><strong>di-</strong></span> 
     </span>
    </p>
   </div>
   <div class='ocr_carea' id='block_1_51' title="bbox 510 4926 2106 5007">
    <p class='ocr_par' dir='ltr' id='par_1_51' title="bbox 510 4926 2106 5007">
     <span class='ocr_line' id='line_1_51' title="bbox 510 4926 2106 5007; baseline -0.008 -13"><span class='ocrx_word' id='word_1_381' title='bbox 510 4951 634 4994; x_wconf 89' lang='lat' dir='ltr'><strong>cere</strong></span> <span class='ocrx_word' id='word_1_382' title='bbox 657 4978 673 5006; x_wconf 93' lang='lat'><strong>,</strong></span> <span class='ocrx_word' id='word_1_383' title='bbox 718 4952 788 4993; x_wconf 88' lang='lat' dir='ltr'><strong>ne</strong></span> <span class='ocrx_word' id='word_1_384' title='bbox 823 4937 924 4991; x_wconf 88' lang='lat' dir='ltr'><strong>ista</strong></span> <span class='ocrx_word' id='word_1_385' title='bbox 964 4935 1161 5007; x_wconf 88' lang='lat' dir='ltr'><strong>syllaba</strong></span> <span class='ocrx_word' id='word_1_386' title='bbox 1188 4949 1292 4988; x_wconf 92' lang='lat' dir='ltr'><strong>non</strong></span> <span class='ocrx_word' id='word_1_387' title='bbox 1319 4933 1386 4987; x_wconf 90' lang='lat' dir='ltr'><strong>ab</strong></span> <span class='ocrx_word' id='word_1_388' title='bbox 1412 4946 1478 4986; x_wconf 88' lang='lat' dir='ltr'><strong>eo</strong></span> <span class='ocrx_word' id='word_1_389' title='bbox 1505 4929 1645 5001; x_wconf 92' lang='lat' dir='ltr'><strong>quod</strong></span> <span class='ocrx_word' id='word_1_390' title='bbox 1675 4937 1798 4982; x_wconf 93' lang='lat' dir='ltr'><strong>sunt</strong></span> <span class='ocrx_word' id='word_1_391' title='bbox 1825 4941 1945 4981; x_wconf 90' lang='lat' dir='ltr'><strong>ossa</strong></span> <span class='ocrx_word' id='word_1_392' title='bbox 1963 4967 1980 4993; x_wconf 94' lang='lat'><strong>,</strong></span> <span class='ocrx_word' id='word_1_393' title='bbox 2011 4926 2106 4982; x_wconf 89' lang='lat' dir='ltr'><strong>sed</strong></span> 
     </span>
    </p>
   </div>
   <div class='ocr_carea' id='block_1_52' title="bbox 511 5017 2106 5099">
    <p class='ocr_par' dir='ltr' id='par_1_52' title="bbox 511 5017 2106 5099">
     <span class='ocr_line' id='line_1_52' title="bbox 511 5017 2106 5099; baseline -0.005 -17"><span class='ocrx_word' id='word_1_394' title='bbox 511 5029 582 5085; x_wconf 83' lang='lat' dir='ltr'><strong>ab</strong></span> <span class='ocrx_word' id='word_1_395' title='bbox 621 5043 689 5085; x_wconf 87' lang='lat' dir='ltr'><strong>eo</strong></span> <span class='ocrx_word' id='word_1_396' title='bbox 729 5026 872 5099; x_wconf 91' lang='lat' dir='ltr'><strong>quod</strong></span> <span class='ocrx_word' id='word_1_397' title='bbox 909 5036 1034 5082; x_wconf 87' lang='lat' dir='ltr'><strong>sunt</strong></span> <span class='ocrx_word' id='word_1_398' title='bbox 1062 5041 1154 5081; x_wconf 90' lang='lat' dir='ltr'><strong>ora</strong></span> <span class='ocrx_word' id='word_1_399' title='bbox 1185 5024 1542 5093; x_wconf 88' lang='lat' dir='ltr'><strong>intelligatur,</strong></span> <span class='ocrx_word' id='word_1_400' title='bbox 1576 5021 1663 5075; x_wconf 89' lang='lat' dir='ltr'><strong>ubi</strong></span> <span class='ocrx_word' id='word_1_401' title='bbox 1695 5018 1833 5074; x_wconf 75' lang='lat' dir='ltr'><strong>Afra:</strong></span> <span class='ocrx_word' id='word_1_402' title='bbox 1856 5033 2013 5073; x_wconf 89' lang='lat' dir='ltr'><strong>aures</strong></span> <span class='ocrx_word' id='word_1_403' title='bbox 2039 5017 2106 5074; x_wconf 89' lang='lat' dir='ltr'><strong>de</strong></span> 
     </span>
    </p>
   </div>
   <div class='ocr_carea' id='block_1_53' title="bbox 511 5109 2107 5190">
    <p class='ocr_par' dir='ltr' id='par_1_53' title="bbox 511 5109 2107 5190">
     <span class='ocr_line' id='line_1_53' title="bbox 511 5109 2107 5190; baseline -0.006 -16"><span class='ocrx_word' id='word_1_404' title='bbox 511 5119 852 5190; x_wconf 87' lang='lat' dir='ltr'><strong>correptione</strong></span> <span class='ocrx_word' id='word_1_405' title='bbox 894 5115 1152 5172; x_wconf 82' lang='lat' dir='ltr'><strong>vocalium</strong></span> <span class='ocrx_word' id='word_1_406' title='bbox 1199 5115 1282 5170; x_wconf 90' lang='lat' dir='ltr'><strong>vel</strong></span> <span class='ocrx_word' id='word_1_407' title='bbox 1331 5113 1676 5184; x_wconf 90' lang='lat' dir='ltr'><strong>productione</strong></span> <span class='ocrx_word' id='word_1_408' title='bbox 1701 5125 1805 5164; x_wconf 93' lang='lat' dir='ltr'><strong>non</strong></span> <span class='ocrx_word' id='word_1_409' title='bbox 1826 5109 2107 5180; x_wconf 74' lang='lat' dir='ltr'><strong>iudicant?</strong></span> 
     </span>
    </p>
   </div>
   <div class='ocr_carea' id='block_1_54' title="bbox 513 5203 2106 5280">
    <p class='ocr_par' dir='ltr' id='par_1_54' title="bbox 513 5203 2106 5280">
     <span class='ocr_line' id='line_1_54' title="bbox 513 5203 2106 5280; baseline -0.006 -14"><span class='ocrx_word' id='word_1_410' title='bbox 513 5209 651 5277; x_wconf 84' lang='lat' dir='ltr'><strong>Quid</strong></span> <span class='ocrx_word' id='word_1_411' title='bbox 693 5209 840 5267; x_wconf 89' lang='lat' dir='ltr'><strong>enim</strong></span> <span class='ocrx_word' id='word_1_412' title='bbox 885 5207 1104 5280; x_wconf 90' lang='lat' dir='ltr'><strong>prodest</strong></span> <span class='ocrx_word' id='word_1_413' title='bbox 1143 5205 1425 5261; x_wconf 90' lang='lat' dir='ltr'><strong>locutionis</strong></span> <span class='ocrx_word' id='word_1_414' title='bbox 1473 5203 1776 5274; x_wconf 88' lang='lat' dir='ltr'><strong>integritas,</strong></span> <span class='ocrx_word' id='word_1_415' title='bbox 1814 5215 1971 5272; x_wconf 91' lang='lat' dir='ltr'><strong>quam</strong></span> <span class='ocrx_word' id='word_1_416' title='bbox 1998 5216 2106 5256; x_wconf 89' lang='lat' dir='ltr'><strong>non</strong></span> 
     </span>
    </p>
   </div>
   <div class='ocr_carea' id='block_1_55' title="bbox 513 5292 2108 5373">
    <p class='ocr_par' dir='ltr' id='par_1_55' title="bbox 513 5292 2108 5373">
     <span class='ocr_line' id='line_1_55' title="bbox 513 5292 2108 5373; baseline -0.007 -14"><span class='ocrx_word' id='word_1_417' title='bbox 513 5302 754 5373; x_wconf 82' lang='lat' dir='ltr'><strong>sequitur</strong></span> <span class='ocrx_word' id='word_1_418' title='bbox 797 5301 1097 5358; x_wconf 89' lang='lat' dir='ltr'><strong>intellectus</strong></span> <span class='ocrx_word' id='word_1_419' title='bbox 1135 5297 1433 5364; x_wconf 89' lang='lat' dir='ltr'><strong>audientis,</strong></span> <span class='ocrx_word' id='word_1_420' title='bbox 1461 5311 1581 5350; x_wconf 92' lang='lat' dir='ltr'><strong>cum</strong></span> <span class='ocrx_word' id='word_1_421' title='bbox 1613 5293 1861 5365; x_wconf 90' lang='lat' dir='ltr'><strong>loquendi</strong></span> <span class='ocrx_word' id='word_1_422' title='bbox 1889 5292 2108 5349; x_wconf 92' lang='lat' dir='ltr'><strong>omnino</strong></span> 
     </span>
    </p>
   </div>
   <div class='ocr_carea' id='block_1_56' title="bbox 577 5404 2108 5480">
    <p class='ocr_par' dir='ltr' id='par_1_56' title="bbox 577 5404 2108 5480">
     <span class='ocr_line' id='line_1_56' title="bbox 577 5404 2108 5480; baseline -0.005 -15"><span class='ocrx_word' id='word_1_423' title='bbox 577 5415 596 5448; x_wconf 75' lang='grc' dir='ltr'><strong>ι</strong></span> <span class='ocrx_word' id='word_1_424' title='bbox 618 5421 675 5480; x_wconf 87' lang='lat' dir='ltr'><strong>_t_n</strong></span> <span class='ocrx_word' id='word_1_425' title='bbox 694 5414 830 5480; x_wconf 75' lang='lat' dir='ltr'><strong>prius</strong></span> <span class='ocrx_word' id='word_1_426' title='bbox 851 5413 1024 5475; x_wconf 82' lang='lat' dir='ltr'><strong>editis,</strong></span> <span class='ocrx_word' id='word_1_427' title='bbox 1048 5405 1744 5480; x_wconf 9' lang='lat' dir='ltr'><strong>cumrintelligwgtnrznwlesti</strong></span> <span class='ocrx_word' id='word_1_428' title='bbox 1772 5419 1866 5457; x_wconf 84' lang='lat' dir='ltr'><strong>non</strong></span> <span class='ocrx_word' id='word_1_429' title='bbox 2026 5419 2108 5458; x_wconf 76' lang='lat' dir='ltr'><strong>vo-</strong></span> 
     </span>
    </p>
   </div>
   <div class='ocr_carea' id='block_1_57' title="bbox 515 5467 2110 5550">
    <p class='ocr_par' dir='ltr' id='par_1_57' title="bbox 515 5467 2110 5550">
     <span class='ocr_line' id='line_1_57' title="bbox 515 5467 2110 5550; baseline 0 0"><span class='ocrx_word' id='word_1_430' title='bbox 737 5475 894 5550; x_wconf 63' lang='grc' dir='ltr'><strong>ιςρςτε</strong></span> <span class='ocrx_word' id='word_1_431' title='bbox 911 5487 939 5550; x_wconf 76' lang='grc' dir='ltr'><strong>,ε</strong></span> <span class='ocrx_word' id='word_1_432' title='bbox 958 5467 1070 5550; x_wconf 57' lang='grc' dir='ltr'><strong>φάη</strong></span> <span class='ocrx_word' id='word_1_433' title='bbox 1088 5467 2110 5550; x_wconf 57' lang='lat' dir='ltr'><strong>agem,.@._e£“iqe¥erg_c°1€§i.czn</strong></span> 
     </span>
    </p>
   </div>
   <div class='ocr_carea' id='block_1_58' title="bbox 513 5529 2105 5610">
    <p class='ocr_par' dir='ltr' id='par_1_58' title="bbox 513 5529 2105 5610">
     <span class='ocr_line' id='line_1_58' title="bbox 513 5529 2105 5610; baseline 0 0"><span class='ocrx_word' id='word_1_434' title='bbox 513 5529 888 5610; x_wconf 64' lang='grc' dir='ltr'><strong>άηιήριενεᾷοω</strong></span> <span class='ocrx_word' id='word_1_435' title='bbox 905 5536 1078 5610; x_wconf 65' lang='lat' dir='ltr'><strong>legem-</strong></span> <span class='ocrx_word' id='word_1_436' title='bbox 1103 5541 1157 5610; x_wconf 65' lang='grc' dir='ltr'>ξι</span> <span class='ocrx_word' id='word_1_437' title='bbox 1172 5529 1637 5610; x_wconf 49' lang='grc' dir='ltr'><strong>ίῖιαιεςιυονψιθῑςε</strong></span> <span class='ocrx_word' id='word_1_438' title='bbox 1652 5529 2105 5610; x_wconf 52' lang='lat' dir='ltr'><strong>euscheme—</strong></span> 
     </span>
    </p>
   </div>
   <div class='ocr_carea' id='block_1_59' title="bbox 514 5595 2108 5670">
    <p class='ocr_par' dir='ltr' id='par_1_59' title="bbox 514 5595 2108 5670">
     <span class='ocr_line' id='line_1_59' title="bbox 514 5595 2108 5670; baseline -0.006 -21"><span class='ocrx_word' id='word_1_439' title='bbox 514 5601 734 5670; x_wconf 80' lang='lat' dir='ltr'><strong>subsidio</strong></span> <span class='ocrx_word' id='word_1_440' title='bbox 745 5595 1066 5670; x_wconf 71' lang='lat' dir='ltr'><strong>liberavimus</strong></span> <span class='ocrx_word' id='word_1_441' title='bbox 1099 5599 1161 5647; x_wconf 86' lang='lat' dir='ltr'><strong>ab</strong></span> <span class='ocrx_word' id='word_1_442' title='bbox 1175 5595 1350 5670; x_wconf 66' lang='lat' dir='ltr'><strong>ineptit)</strong></span> <span class='ocrx_word' id='word_1_443' title='bbox 1378 5595 1708 5670; x_wconf 60' lang='lat' dir='ltr'><strong>glossemate,</strong></span> <span class='ocrx_word' id='word_1_444' title='bbox 1731 5601 1844 5670; x_wconf 40' lang='grc' dir='ltr'><strong>(ξιξΔ</strong></span> <span class='ocrx_word' id='word_1_445' title='bbox 1859 5595 2108 5670; x_wconf 47' lang='lat' dir='ltr'><strong>pravam-</strong></span> 
     </span>
    </p>
   </div>
   <div class='ocr_carea' id='block_1_60' title="bbox 515 5657 2110 5725">
    <p class='ocr_par' dir='ltr' id='par_1_60' title="bbox 515 5657 2110 5725">
     <span class='ocr_line' id='line_1_60' title="bbox 515 5657 2110 5725; baseline -0.006 -13"><span class='ocrx_word' id='word_1_446' title='bbox 515 5662 886 5725; x_wconf 78' lang='lat' dir='ltr'><strong>terpunctione,</strong></span> <span class='ocrx_word' id='word_1_447' title='bbox 908 5672 1072 5725; x_wconf 45' lang='lat' dir='ltr'><strong>quia</strong></span> <span class='ocrx_word' id='word_1_448' title='bbox 1093 5672 1152 5725; x_wconf 77' lang='lat' dir='ltr'><strong>se</strong></span> <span class='ocrx_word' id='word_1_449' title='bbox 1174 5657 1714 5725; x_wconf 66' lang='lat' dir='ltr'><strong>lnvicem&#39;distrahebat</strong></span> <span class='ocrx_word' id='word_1_450' title='bbox 1742 5661 1908 5725; x_wconf 65' lang='lat' dir='ltr'><strong>partes</strong></span> <span class='ocrx_word' id='word_1_451' title='bbox 1931 5667 2110 5725; x_wconf 72' lang='lat' dir='ltr'><strong>propo-</strong></span> 
     </span>
    </p>
   </div>
   <div class='ocr_carea' id='block_1_61' title="bbox 517 5713 2110 5834">
    <p class='ocr_par' dir='ltr' id='par_1_61' title="bbox 517 5713 2110 5834">
     <span class='ocr_line' id='line_1_61' title="bbox 517 5713 2110 5834; baseline -0.003 -62"><span class='ocrx_word' id='word_1_452' title='bbox 517 5713 897 5834; x_wconf 67' lang='lat' dir='ltr'><strong>hujus&#39;:</strong></span> <span class='ocrx_word' id='word_1_453' title='bbox 918 5713 974 5772; x_wconf 76' lang='lat' dir='ltr'><strong>in</strong></span> <span class='ocrx_word' id='word_1_454' title='bbox 994 5719 1130 5772; x_wconf 73' lang='lat' dir='ltr'><strong>libris</strong></span> <span class='ocrx_word' id='word_1_455' title='bbox 1432 5731 1528 5772; x_wconf 75' lang='lat' dir='ltr'><strong>non</strong></span> <span class='ocrx_word' id='word_1_456' title='bbox 1549 5723 1620 5771; x_wconf 74' lang='lat' dir='ltr'><strong>est</strong></span> <span class='ocrx_word' id='word_1_457' title='bbox 1638 5717 1728 5770; x_wconf 75' lang='lat' dir='ltr'><strong>hoc</strong></span> <span class='ocrx_word' id='word_1_458' title='bbox 1744 5713 1957 5781; x_wconf 63' lang='grc' dir='ltr'><strong>ὀπὴ-ἰωὴ</strong></span> <span class='ocrx_word' id='word_1_459' title='bbox 1977 5713 2110 5768; x_wconf 65' lang='lat' dir='ltr'><strong>dise-</strong></span> 
     </span>
    </p>
   </div>
   <div class='ocr_carea' id='block_1_62' title="bbox 3679 356 3784 414">
    <p class='ocr_par' dir='ltr' id='par_1_62' title="bbox 3679 356 3784 414">
     <span class='ocr_line' id='line_1_62' title="bbox 3679 356 3784 414; baseline 0.01 -1"><span class='ocrx_word' id='word_1_460' title='bbox 3679 356 3784 414; x_wconf 71' lang='grc' dir='ltr'>ιοο</span> 
     </span>
    </p>
   </div>
   <div class='ocr_carea' id='block_1_63' title="bbox 2191 455 3778 538">
    <p class='ocr_par' dir='ltr' id='par_1_63' title="bbox 2191 455 3778 538">
     <span class='ocr_line' id='line_1_63' title="bbox 2191 455 3778 538; baseline 0.008 -26"><span class='ocrx_word' id='word_1_461' title='bbox 2191 455 2335 512; x_wconf 88' lang='lat' dir='ltr'><strong>nulla</strong></span> <span class='ocrx_word' id='word_1_462' title='bbox 2386 457 2456 513; x_wconf 91' lang='lat' dir='ltr'><strong>sit</strong></span> <span class='ocrx_word' id='word_1_463' title='bbox 2497 473 2692 526; x_wconf 88' lang='lat' dir='ltr'><strong>causa,</strong></span> <span class='ocrx_word' id='word_1_464' title='bbox 2738 458 2783 513; x_wconf 92' lang='lat' dir='ltr'><strong>si</strong></span> <span class='ocrx_word' id='word_1_465' title='bbox 2826 457 2968 530; x_wconf 91' lang='lat' dir='ltr'><strong>quod</strong></span> <span class='ocrx_word' id='word_1_466' title='bbox 3010 459 3278 532; x_wconf 84' lang='lat' dir='ltr'><strong>loquimur</strong></span> <span class='ocrx_word' id='word_1_467' title='bbox 3310 477 3414 518; x_wconf 94' lang='lat' dir='ltr'><strong>non</strong></span> <span class='ocrx_word' id='word_1_468' title='bbox 3443 463 3778 538; x_wconf 89' lang='lat' dir='ltr'><strong>intelligunt,</strong></span> 
     </span>
    </p>
   </div>
   <div class='ocr_carea' id='block_1_64' title="bbox 2193 552 3778 629">
    <p class='ocr_par' dir='ltr' id='par_1_64' title="bbox 2193 552 3778 629">
     <span class='ocr_line' id='line_1_64' title="bbox 2193 552 3778 629; baseline 0.007 -23"><span class='ocrx_word' id='word_1_469' title='bbox 2193 559 2412 621; x_wconf 88' lang='lat' dir='ltr'><strong>propter</strong></span> <span class='ocrx_word' id='word_1_470' title='bbox 2439 565 2573 622; x_wconf 91' lang='lat' dir='ltr'><strong>quos</strong></span> <span class='ocrx_word' id='word_1_471' title='bbox 2599 560 2656 606; x_wconf 93' lang='lat' dir='ltr'><strong>ut</strong></span> <span class='ocrx_word' id='word_1_472' title='bbox 2681 552 2974 622; x_wconf 86' lang='lat' dir='ltr'><strong>intelligant</strong></span> <span class='ocrx_word' id='word_1_473' title='bbox 2999 552 3308 624; x_wconf 88' lang='lat' dir='ltr'><strong>loquimur?</strong></span> <span class='ocrx_word' id='word_1_474' title='bbox 3331 555 3430 624; x_wconf 87' lang='lat' dir='ltr'><strong>Qui</strong></span> <span class='ocrx_word' id='word_1_475' title='bbox 3451 573 3578 629; x_wconf 91' lang='lat' dir='ltr'><strong>ergo</strong></span> <span class='ocrx_word' id='word_1_476' title='bbox 3598 559 3778 627; x_wconf 89' lang='lat' dir='ltr'><strong>docet.</strong></span> 
     </span>
    </p>
   </div>
   <div class='ocr_carea' id='block_1_65' title="bbox 2190 639 3781 719">
    <p class='ocr_par' dir='ltr' id='par_1_65' title="bbox 2190 639 3781 719">
     <span class='ocr_line' id='line_1_65' title="bbox 2190 639 3781 719; baseline 0.009 -25"><span class='ocrx_word' id='word_1_477' title='bbox 2190 639 2377 695; x_wconf 87' lang='lat' dir='ltr'><strong>vitabit</strong></span> <span class='ocrx_word' id='word_1_478' title='bbox 2399 641 2578 696; x_wconf 90' lang='lat' dir='ltr'><strong>omnia</strong></span> <span class='ocrx_word' id='word_1_479' title='bbox 2602 641 2759 696; x_wconf 88' lang='lat' dir='ltr'><strong>verba</strong></span> <span class='ocrx_word' id='word_1_480' title='bbox 2787 656 2906 712; x_wconf 65' lang='lat' dir='ltr'><strong>quae</strong></span> <span class='ocrx_word' id='word_1_481' title='bbox 2932 657 3034 697; x_wconf 93' lang='lat' dir='ltr'><strong>non</strong></span> <span class='ocrx_word' id='word_1_482' title='bbox 3056 644 3286 711; x_wconf 89' lang='lat' dir='ltr'><strong>docent;</strong></span> <span class='ocrx_word' id='word_1_483' title='bbox 3310 657 3363 701; x_wconf 89' lang='lat' dir='ltr'><strong>et</strong></span> <span class='ocrx_word' id='word_1_484' title='bbox 3387 648 3433 703; x_wconf 88' lang='lat' dir='ltr'><strong>si</strong></span> <span class='ocrx_word' id='word_1_485' title='bbox 3457 665 3554 719; x_wconf 86' lang='lat' dir='ltr'><strong>pro</strong></span> <span class='ocrx_word' id='word_1_486' title='bbox 3577 648 3657 706; x_wconf 87' lang='lat' dir='ltr'><strong>eis</strong></span> <span class='ocrx_word' id='word_1_487' title='bbox 3676 651 3781 708; x_wconf 89' lang='lat' dir='ltr'><strong>alia</strong></span> 
     </span>
    </p>
   </div>
   <div class='ocr_carea' id='block_1_66' title="bbox 2191 728 3785 810">
    <p class='ocr_par' dir='ltr' id='par_1_66' title="bbox 2191 728 3785 810">
     <span class='ocr_line' id='line_1_66' title="bbox 2191 728 3785 810; baseline 0.008 -27"><span class='ocrx_word' id='word_1_488' title='bbox 2191 728 2428 800; x_wconf 76' lang='lat' dir='ltr'><strong>integra,</strong></span> <span class='ocrx_word' id='word_1_489' title='bbox 2477 745 2595 800; x_wconf 70' lang='lat' dir='ltr'><strong>qua:</strong></span> <span class='ocrx_word' id='word_1_490' title='bbox 2637 730 3034 800; x_wconf 89' lang='lat' dir='ltr'><strong>intelligantur,</strong></span> <span class='ocrx_word' id='word_1_491' title='bbox 3078 740 3249 801; x_wconf 90' lang='lat' dir='ltr'><strong>potest</strong></span> <span class='ocrx_word' id='word_1_492' title='bbox 3288 734 3500 803; x_wconf 88' lang='lat' dir='ltr'><strong>dicere,</strong></span> <span class='ocrx_word' id='word_1_493' title='bbox 3539 738 3592 794; x_wconf 90' lang='lat' dir='ltr'><strong>id</strong></span> <span class='ocrx_word' id='word_1_494' title='bbox 3615 744 3785 810; x_wconf 78' lang='lat' dir='ltr'><strong>magis</strong></span> 
     </span>
    </p>
   </div>
   <div class='ocr_carea' id='block_1_67' title="bbox 2190 821 3787 894">
    <p class='ocr_par' dir='ltr' id='par_1_67' title="bbox 2190 821 3787 894">
     <span class='ocr_line' id='line_1_67' title="bbox 2190 821 3787 894; baseline 0.008 -20"><span class='ocrx_word' id='word_1_495' title='bbox 2190 821 2351 892; x_wconf 87' lang='lat' dir='ltr'><strong>eliget</strong></span> <span class='ocrx_word' id='word_1_496' title='bbox 2381 839 2394 876; x_wconf 90' lang='lat'>:</span> <span class='ocrx_word' id='word_1_497' title='bbox 2428 821 2473 876; x_wconf 88' lang='lat' dir='ltr'><strong>si</strong></span> <span class='ocrx_word' id='word_1_498' title='bbox 2500 829 2678 876; x_wconf 91' lang='lat' dir='ltr'><strong>autem</strong></span> <span class='ocrx_word' id='word_1_499' title='bbox 2704 836 2810 876; x_wconf 90' lang='lat' dir='ltr'><strong>non</strong></span> <span class='ocrx_word' id='word_1_500' title='bbox 2836 830 3041 891; x_wconf 90' lang='lat' dir='ltr'><strong>potest,</strong></span> <span class='ocrx_word' id='word_1_501' title='bbox 3073 822 3184 879; x_wconf 89' lang='lat' dir='ltr'><strong>sive</strong></span> <span class='ocrx_word' id='word_1_502' title='bbox 3213 825 3334 894; x_wconf 91' lang='lat' dir='ltr'><strong>quia</strong></span> <span class='ocrx_word' id='word_1_503' title='bbox 3365 841 3470 881; x_wconf 91' lang='lat' dir='ltr'><strong>non</strong></span> <span class='ocrx_word' id='word_1_504' title='bbox 3500 836 3645 892; x_wconf 88' lang='lat' dir='ltr'><strong>sunt,</strong></span> <span class='ocrx_word' id='word_1_505' title='bbox 3673 829 3787 886; x_wconf 83' lang='lat' dir='ltr'><strong>sive</strong></span> 
     </span>
    </p>
   </div>
   <div class='ocr_carea' id='block_1_68' title="bbox 2190 914 3786 984">
    <p class='ocr_par' dir='ltr' id='par_1_68' title="bbox 2190 914 3786 984">
     <span class='ocr_line' id='line_1_68' title="bbox 2190 914 3786 984; baseline 0.004 -16"><span class='ocrx_word' id='word_1_506' title='bbox 2190 915 2314 984; x_wconf 93' lang='lat' dir='ltr'><strong>quia</strong></span> <span class='ocrx_word' id='word_1_507' title='bbox 2360 914 2412 968; x_wconf 94' lang='lat' dir='ltr'><strong>in</strong></span> <span class='ocrx_word' id='word_1_508' title='bbox 2440 914 2721 984; x_wconf 60' lang='lat' dir='ltr'><strong>praesentia</strong></span> <span class='ocrx_word' id='word_1_509' title='bbox 2749 929 2853 969; x_wconf 92' lang='lat' dir='ltr'><strong>non</strong></span> <span class='ocrx_word' id='word_1_510' title='bbox 2880 924 3193 980; x_wconf 89' lang='lat' dir='ltr'><strong>occurrunt,</strong></span> <span class='ocrx_word' id='word_1_511' title='bbox 3222 923 3397 972; x_wconf 89' lang='lat' dir='ltr'><strong>utetur</strong></span> <span class='ocrx_word' id='word_1_512' title='bbox 3424 919 3583 973; x_wconf 90' lang='lat' dir='ltr'><strong>etiam</strong></span> <span class='ocrx_word' id='word_1_513' title='bbox 3609 919 3786 975; x_wconf 79' lang='lat' dir='ltr'><strong>verbis</strong></span> 
     </span>
    </p>
   </div>
   <div class='ocr_carea' id='block_1_69' title="bbox 2191 1006 3785 1081">
    <p class='ocr_par' dir='ltr' id='par_1_69' title="bbox 2191 1006 3785 1081">
     <span class='ocr_line' id='line_1_69' title="bbox 2191 1006 3785 1081; baseline 0.004 -22"><span class='ocrx_word' id='word_1_514' title='bbox 2191 1006 2366 1060; x_wconf 90' lang='lat' dir='ltr'><strong>minus</strong></span> <span class='ocrx_word' id='word_1_515' title='bbox 2407 1007 2653 1077; x_wconf 86' lang='lat' dir='ltr'><strong>integris,</strong></span> <span class='ocrx_word' id='word_1_516' title='bbox 2698 1007 2823 1061; x_wconf 91' lang='lat' dir='ltr'><strong>dum</strong></span> <span class='ocrx_word' id='word_1_517' title='bbox 2862 1014 3038 1062; x_wconf 91' lang='lat' dir='ltr'><strong>tamen</strong></span> <span class='ocrx_word' id='word_1_518' title='bbox 3081 1021 3168 1062; x_wconf 92' lang='lat' dir='ltr'><strong>res</strong></span> <span class='ocrx_word' id='word_1_519' title='bbox 3207 1007 3319 1078; x_wconf 89' lang='lat' dir='ltr'><strong>ipsa</strong></span> <span class='ocrx_word' id='word_1_520' title='bbox 3343 1007 3598 1065; x_wconf 88' lang='lat' dir='ltr'><strong>doceatur</strong></span> <span class='ocrx_word' id='word_1_521' title='bbox 3618 1018 3785 1081; x_wconf 90' lang='lat' dir='ltr'><strong>atque</strong></span> 
     </span>
    </p>
   </div>
   <div class='ocr_carea' id='block_1_70' title="bbox 2191 1096 3292 1168">
    <p class='ocr_par' dir='ltr' id='par_1_70' title="bbox 2191 1096 3292 1168">
     <span class='ocr_line' id='line_1_70' title="bbox 2191 1096 3292 1168; baseline 0.001 -17"><span class='ocrx_word' id='word_1_522' title='bbox 2191 1096 2429 1153; x_wconf 91' lang='lat' dir='ltr'><strong>discatur</strong></span> <span class='ocrx_word' id='word_1_523' title='bbox 2460 1097 2682 1168; x_wconf 88' lang='lat' dir='ltr'><strong>integre.</strong></span> <span class='ocrx_word' id='word_1_524' title='bbox 3287 1149 3292 1152; x_wconf 89' lang='lat'><strong>.</strong></span> 
     </span>
    </p>
   </div>
   <div class='ocr_carea' id='block_1_71' title="bbox 2261 1189 3784 1263">
    <p class='ocr_par' dir='ltr' id='par_1_71' title="bbox 2261 1189 3784 1263">
     <span class='ocr_line' id='line_1_71' title="bbox 2261 1189 3784 1263; baseline 0.005 -21"><span class='ocrx_word' id='word_1_525' title='bbox 2261 1189 2351 1244; x_wconf 71' lang='lat'><strong>25.</strong></span> <span class='ocrx_word' id='word_1_526' title='bbox 2401 1189 2468 1244; x_wconf 88' lang='lat' dir='ltr'><strong>Et</strong></span> <span class='ocrx_word' id='word_1_527' title='bbox 2513 1189 2612 1245; x_wconf 92' lang='lat' dir='ltr'><strong>hoc</strong></span> <span class='ocrx_word' id='word_1_528' title='bbox 2646 1189 2860 1260; x_wconf 90' lang='lat' dir='ltr'><strong>quidem</strong></span> <span class='ocrx_word' id='word_1_529' title='bbox 2891 1205 2996 1245; x_wconf 92' lang='lat' dir='ltr'><strong>non</strong></span> <span class='ocrx_word' id='word_1_530' title='bbox 3023 1190 3195 1246; x_wconf 92' lang='lat' dir='ltr'><strong>solum</strong></span> <span class='ocrx_word' id='word_1_531' title='bbox 3227 1191 3280 1245; x_wconf 91' lang='lat' dir='ltr'><strong>in</strong></span> <span class='ocrx_word' id='word_1_532' title='bbox 3308 1192 3784 1263; x_wconf 88' lang='lat' dir='ltr'><strong>collocutionibus,</strong></span> 
     </span>
    </p>
   </div>
   <div class='ocr_carea' id='block_1_72' title="bbox 2191 1278 3785 1350">
    <p class='ocr_par' dir='ltr' id='par_1_72' title="bbox 2191 1278 3785 1350">
     <span class='ocr_line' id='line_1_72' title="bbox 2191 1278 3785 1350; baseline 0.004 -18"><span class='ocrx_word' id='word_1_533' title='bbox 2191 1278 2303 1332; x_wconf 88' lang='lat' dir='ltr'><strong>sive</strong></span> <span class='ocrx_word' id='word_1_534' title='bbox 2335 1279 2462 1332; x_wconf 88' lang='lat' dir='ltr'><strong>ﬁant</strong></span> <span class='ocrx_word' id='word_1_535' title='bbox 2487 1295 2606 1334; x_wconf 92' lang='lat' dir='ltr'><strong>cum</strong></span> <span class='ocrx_word' id='word_1_536' title='bbox 2637 1279 2815 1349; x_wconf 85' lang='lat' dir='ltr'><strong>aliquo</strong></span> <span class='ocrx_word' id='word_1_537' title='bbox 2845 1295 2950 1333; x_wconf 91' lang='lat' dir='ltr'><strong>uno</strong></span> <span class='ocrx_word' id='word_1_538' title='bbox 2971 1321 2986 1345; x_wconf 97' lang='lat'><strong>,</strong></span> <span class='ocrx_word' id='word_1_539' title='bbox 3015 1279 3128 1334; x_wconf 88' lang='lat' dir='ltr'><strong>sive</strong></span> <span class='ocrx_word' id='word_1_540' title='bbox 3153 1295 3273 1334; x_wconf 88' lang='lat' dir='ltr'><strong>cum</strong></span> <span class='ocrx_word' id='word_1_541' title='bbox 3306 1281 3578 1350; x_wconf 91' lang='lat' dir='ltr'><strong>pluribus;</strong></span> <span class='ocrx_word' id='word_1_542' title='bbox 3602 1296 3785 1338; x_wconf 88' lang='lat' dir='ltr'><strong>verum</strong></span> 
     </span>
    </p>
   </div>
   <div class='ocr_carea' id='block_1_73' title="bbox 2192 1370 3785 1443">
    <p class='ocr_par' dir='ltr' id='par_1_73' title="bbox 2192 1370 3785 1443">
     <span class='ocr_line' id='line_1_73' title="bbox 2192 1370 3785 1443; baseline 0.004 -20"><span class='ocrx_word' id='word_1_543' title='bbox 2192 1372 2354 1424; x_wconf 88' lang='lat' dir='ltr'><strong>etiam</strong></span> <span class='ocrx_word' id='word_1_544' title='bbox 2384 1371 2550 1426; x_wconf 92' lang='lat' dir='ltr'><strong>multo</strong></span> <span class='ocrx_word' id='word_1_545' title='bbox 2579 1371 2745 1441; x_wconf 87' lang='lat' dir='ltr'><strong>magis</strong></span> <span class='ocrx_word' id='word_1_546' title='bbox 2773 1371 2823 1424; x_wconf 92' lang='lat' dir='ltr'><strong>in</strong></span> <span class='ocrx_word' id='word_1_547' title='bbox 2848 1371 3054 1440; x_wconf 89' lang='lat' dir='ltr'><strong>pepulis</strong></span> <span class='ocrx_word' id='word_1_548' title='bbox 3076 1370 3287 1441; x_wconf 88' lang='lat' dir='ltr'><strong>quando</strong></span> <span class='ocrx_word' id='word_1_549' title='bbox 3307 1386 3484 1427; x_wconf 89' lang='lat' dir='ltr'><strong>sermo</strong></span> <span class='ocrx_word' id='word_1_550' title='bbox 3502 1373 3785 1443; x_wconf 89' lang='lat' dir='ltr'><strong>promitur,</strong></span> 
     </span>
    </p>
   </div>
   <div class='ocr_carea' id='block_1_74' title="bbox 2193 1462 3788 1533">
    <p class='ocr_par' dir='ltr' id='par_1_74' title="bbox 2193 1462 3788 1533">
     <span class='ocr_line' id='line_1_74' title="bbox 2193 1462 3788 1533; baseline 0.002 -16"><span class='ocrx_word' id='word_1_551' title='bbox 2193 1473 2252 1517; x_wconf 93' lang='lat' dir='ltr'><strong>ut</strong></span> <span class='ocrx_word' id='word_1_552' title='bbox 2291 1463 2648 1533; x_wconf 90' lang='lat' dir='ltr'><strong>intelligamur</strong></span> <span class='ocrx_word' id='word_1_553' title='bbox 2675 1462 2975 1517; x_wconf 90' lang='lat' dir='ltr'><strong>instandum</strong></span> <span class='ocrx_word' id='word_1_554' title='bbox 2998 1471 3097 1518; x_wconf 92' lang='lat' dir='ltr'><strong>est.</strong></span> <span class='ocrx_word' id='word_1_555' title='bbox 3121 1462 3254 1530; x_wconf 92' lang='lat' dir='ltr'><strong>Quia</strong></span> <span class='ocrx_word' id='word_1_556' title='bbox 3275 1462 3327 1518; x_wconf 93' lang='lat' dir='ltr'><strong>in</strong></span> <span class='ocrx_word' id='word_1_557' title='bbox 3349 1465 3788 1521; x_wconf 89' lang='lat' dir='ltr'><strong>collocutionibus</strong></span> 
     </span>
    </p>
   </div>
   <div class='ocr_carea' id='block_1_75' title="bbox 2191 1553 3788 1624">
    <p class='ocr_par' dir='ltr' id='par_1_75' title="bbox 2191 1553 3788 1624">
     <span class='ocr_line' id='line_1_75' title="bbox 2191 1553 3788 1624; baseline 0.003 -16"><span class='ocrx_word' id='word_1_558' title='bbox 2191 1562 2274 1608; x_wconf 90' lang='lat' dir='ltr'><strong>est</strong></span> <span class='ocrx_word' id='word_1_559' title='bbox 2317 1554 2504 1624; x_wconf 92' lang='lat' dir='ltr'><strong>cuique</strong></span> <span class='ocrx_word' id='word_1_560' title='bbox 2547 1553 2907 1624; x_wconf 88' lang='lat' dir='ltr'><strong>interrogandi</strong></span> <span class='ocrx_word' id='word_1_561' title='bbox 2959 1561 3195 1623; x_wconf 82' lang='lat' dir='ltr'><strong>potestas</strong></span> <span class='ocrx_word' id='word_1_562' title='bbox 3225 1572 3239 1609; x_wconf 87' lang='lat'><strong>:</strong></span> <span class='ocrx_word' id='word_1_563' title='bbox 3272 1554 3359 1610; x_wconf 93' lang='lat' dir='ltr'><strong>ubi</strong></span> <span class='ocrx_word' id='word_1_564' title='bbox 3388 1563 3567 1611; x_wconf 88' lang='lat' dir='ltr'><strong>autem</strong></span> <span class='ocrx_word' id='word_1_565' title='bbox 3596 1571 3788 1613; x_wconf 81' lang='lat' dir='ltr'><strong>omnes</strong></span> 
     </span>
    </p>
   </div>
   <div class='ocr_carea' id='block_1_76' title="bbox 2195 1643 3788 1710">
    <p class='ocr_par' dir='ltr' id='par_1_76' title="bbox 2195 1643 3788 1710">
     <span class='ocr_line' id='line_1_76' title="bbox 2195 1643 3788 1710; baseline 0.001 -12"><span class='ocrx_word' id='word_1_566' title='bbox 2195 1652 2372 1698; x_wconf 89' lang='lat' dir='ltr'><strong>tacent</strong></span> <span class='ocrx_word' id='word_1_567' title='bbox 2398 1651 2454 1697; x_wconf 92' lang='lat' dir='ltr'><strong>ut</strong></span> <span class='ocrx_word' id='word_1_568' title='bbox 2475 1643 2720 1698; x_wconf 89' lang='lat' dir='ltr'><strong>audiatur</strong></span> <span class='ocrx_word' id='word_1_569' title='bbox 2745 1660 2898 1710; x_wconf 91' lang='lat' dir='ltr'><strong>unus,</strong></span> <span class='ocrx_word' id='word_1_570' title='bbox 2924 1652 2978 1699; x_wconf 91' lang='lat' dir='ltr'><strong>et</strong></span> <span class='ocrx_word' id='word_1_571' title='bbox 3000 1645 3052 1699; x_wconf 92' lang='lat' dir='ltr'><strong>in</strong></span> <span class='ocrx_word' id='word_1_572' title='bbox 3078 1659 3199 1700; x_wconf 92' lang='lat' dir='ltr'><strong>eum</strong></span> <span class='ocrx_word' id='word_1_573' title='bbox 3226 1645 3425 1700; x_wconf 91' lang='lat' dir='ltr'><strong>intenta</strong></span> <span class='ocrx_word' id='word_1_574' title='bbox 3447 1660 3542 1700; x_wconf 92' lang='lat' dir='ltr'><strong>ora</strong></span> <span class='ocrx_word' id='word_1_575' title='bbox 3558 1660 3788 1702; x_wconf 85' lang='lat' dir='ltr'><strong>conver-</strong></span> 
     </span>
    </p>
   </div>
   <div class='ocr_carea' id='block_1_77' title="bbox 2194 1732 3786 1805">
    <p class='ocr_par' dir='ltr' id='par_1_77' title="bbox 2194 1732 3786 1805">
     <span class='ocr_line' id='line_1_77' title="bbox 2194 1732 3786 1805; baseline 0.001 -16"><span class='ocrx_word' id='word_1_576' title='bbox 2194 1743 2348 1800; x_wconf 86' lang='lat' dir='ltr'><strong>lunt,</strong></span> <span class='ocrx_word' id='word_1_577' title='bbox 2391 1733 2462 1788; x_wconf 90' lang='lat' dir='ltr'><strong>ibi</strong></span> <span class='ocrx_word' id='word_1_578' title='bbox 2509 1742 2566 1788; x_wconf 92' lang='lat' dir='ltr'><strong>ut</strong></span> <span class='ocrx_word' id='word_1_579' title='bbox 2605 1732 2843 1804; x_wconf 89' lang='lat' dir='ltr'><strong>requirat</strong></span> <span class='ocrx_word' id='word_1_580' title='bbox 2883 1735 3105 1805; x_wconf 91' lang='lat' dir='ltr'><strong>quisque</strong></span> <span class='ocrx_word' id='word_1_581' title='bbox 3130 1733 3272 1804; x_wconf 89' lang='lat' dir='ltr'><strong>quod</strong></span> <span class='ocrx_word' id='word_1_582' title='bbox 3298 1749 3404 1789; x_wconf 91' lang='lat' dir='ltr'><strong>non</strong></span> <span class='ocrx_word' id='word_1_583' title='bbox 3435 1735 3786 1802; x_wconf 79' lang='lat' dir='ltr'><strong>intellexerit,</strong></span> 
     </span>
    </p>
   </div>
   <div class='ocr_carea' id='block_1_78' title="bbox 2198 1823 3789 1898">
    <p class='ocr_par' dir='ltr' id='par_1_78' title="bbox 2198 1823 3789 1898">
     <span class='ocr_line' id='line_1_78' title="bbox 2198 1823 3789 1898; baseline 0.001 -19"><span class='ocrx_word' id='word_1_584' title='bbox 2198 1840 2298 1880; x_wconf 92' lang='lat' dir='ltr'><strong>nec</strong></span> <span class='ocrx_word' id='word_1_585' title='bbox 2344 1824 2508 1898; x_wconf 72' lang='lat' dir='ltr'><strong>inuris</strong></span> <span class='ocrx_word' id='word_1_586' title='bbox 2534 1831 2618 1879; x_wconf 91' lang='lat' dir='ltr'><strong>est</strong></span> <span class='ocrx_word' id='word_1_587' title='bbox 2645 1839 2741 1879; x_wconf 89' lang='lat' dir='ltr'><strong>nec</strong></span> <span class='ocrx_word' id='word_1_588' title='bbox 2768 1823 2976 1880; x_wconf 91' lang='lat' dir='ltr'><strong>decoris</strong></span> <span class='ocrx_word' id='word_1_589' title='bbox 3000 1841 3015 1891; x_wconf 88' lang='lat'><strong>;</strong></span> <span class='ocrx_word' id='word_1_590' title='bbox 3045 1839 3108 1880; x_wconf 88' lang='lat' dir='ltr'><strong>ac</strong></span> <span class='ocrx_word' id='word_1_591' title='bbox 3134 1839 3230 1894; x_wconf 91' lang='lat' dir='ltr'><strong>per</strong></span> <span class='ocrx_word' id='word_1_592' title='bbox 3255 1824 3357 1880; x_wconf 91' lang='lat' dir='ltr'><strong>hoc</strong></span> <span class='ocrx_word' id='word_1_593' title='bbox 3377 1824 3535 1880; x_wconf 90' lang='lat' dir='ltr'><strong>debet</strong></span> <span class='ocrx_word' id='word_1_594' title='bbox 3555 1826 3789 1881; x_wconf 89' lang='lat' dir='ltr'><strong>maxime</strong></span> 
     </span>
    </p>
   </div>
   <div class='ocr_carea' id='block_1_79' title="bbox 2196 1913 3790 1970">
    <p class='ocr_par' dir='ltr' id='par_1_79' title="bbox 2196 1913 3790 1970">
     <span class='ocr_line' id='line_1_79' title="bbox 2196 1913 3790 1970; baseline 0.001 -2"><span class='ocrx_word' id='word_1_595' title='bbox 2196 1915 2390 1968; x_wconf 88' lang='lat' dir='ltr'><strong>tacenti</strong></span> <span class='ocrx_word' id='word_1_596' title='bbox 2422 1913 2702 1968; x_wconf 88' lang='lat' dir='ltr'><strong>subvenire</strong></span> <span class='ocrx_word' id='word_1_597' title='bbox 2730 1928 2858 1968; x_wconf 89' lang='lat' dir='ltr'><strong>cura</strong></span> <span class='ocrx_word' id='word_1_598' title='bbox 2886 1913 3128 1968; x_wconf 91' lang='lat' dir='ltr'><strong>dicentis.</strong></span> <span class='ocrx_word' id='word_1_599' title='bbox 3153 1913 3301 1968; x_wconf 91' lang='lat' dir='ltr'><strong>Solet</strong></span> <span class='ocrx_word' id='word_1_600' title='bbox 3325 1923 3503 1969; x_wconf 89' lang='lat' dir='ltr'><strong>autem</strong></span> <span class='ocrx_word' id='word_1_601' title='bbox 3524 1923 3670 1969; x_wconf 92' lang='lat' dir='ltr'><strong>motu</strong></span> <span class='ocrx_word' id='word_1_602' title='bbox 3691 1929 3790 1970; x_wconf 91' lang='lat' dir='ltr'><strong>suo</strong></span> 
     </span>
    </p>
   </div>
   <div class='ocr_carea' id='block_1_80' title="bbox 2196 2003 3788 2076">
    <p class='ocr_par' dir='ltr' id='par_1_80' title="bbox 2196 2003 3788 2076">
     <span class='ocr_line' id='line_1_80' title="bbox 2196 2003 3788 2076; baseline 0.003 -19"><span class='ocrx_word' id='word_1_603' title='bbox 2196 2003 2492 2074; x_wconf 85' lang='lat' dir='ltr'><strong>signiﬁcare</strong></span> <span class='ocrx_word' id='word_1_604' title='bbox 2534 2014 2708 2059; x_wconf 91' lang='lat' dir='ltr'><strong>utrum</strong></span> <span class='ocrx_word' id='word_1_605' title='bbox 2739 2004 3060 2059; x_wconf 87' lang='lat' dir='ltr'><strong>intellexerit</strong></span> <span class='ocrx_word' id='word_1_606' title='bbox 3081 2005 3435 2076; x_wconf 87' lang='lat' dir='ltr'><strong>cognoscendi</strong></span> <span class='ocrx_word' id='word_1_607' title='bbox 3465 2006 3617 2061; x_wconf 89' lang='lat' dir='ltr'><strong>avida</strong></span> <span class='ocrx_word' id='word_1_608' title='bbox 3644 2006 3788 2062; x_wconf 90' lang='lat' dir='ltr'><strong>mul-</strong></span> 
     </span>
    </p>
   </div>
   <div class='ocr_carea' id='block_1_81' title="bbox 2197 2096 3792 2170">
    <p class='ocr_par' dir='ltr' id='par_1_81' title="bbox 2197 2096 3792 2170">
     <span class='ocr_line' id='line_1_81' title="bbox 2197 2096 3792 2170; baseline 0.003 -20"><span class='ocrx_word' id='word_1_609' title='bbox 2197 2096 2372 2150; x_wconf 90' lang='lat' dir='ltr'><strong>titudo</strong></span> <span class='ocrx_word' id='word_1_610' title='bbox 2422 2113 2436 2151; x_wconf 90' lang='lat'><strong>:</strong></span> <span class='ocrx_word' id='word_1_611' title='bbox 2486 2097 2628 2168; x_wconf 91' lang='lat' dir='ltr'><strong>quod</strong></span> <span class='ocrx_word' id='word_1_612' title='bbox 2671 2097 2839 2152; x_wconf 90' lang='lat' dir='ltr'><strong>donec</strong></span> <span class='ocrx_word' id='word_1_613' title='bbox 2864 2096 3160 2168; x_wconf 84' lang='lat' dir='ltr'><strong>signiﬁcet,</strong></span> <span class='ocrx_word' id='word_1_614' title='bbox 3190 2098 3506 2153; x_wconf 89' lang='lat' dir='ltr'><strong>versandum</strong></span> <span class='ocrx_word' id='word_1_615' title='bbox 3537 2107 3622 2154; x_wconf 92' lang='lat' dir='ltr'><strong>est</strong></span> <span class='ocrx_word' id='word_1_616' title='bbox 3648 2099 3792 2170; x_wconf 90' lang='lat' dir='ltr'><strong>quod</strong></span> 
     </span>
    </p>
   </div>
   <div class='ocr_carea' id='block_1_82' title="bbox 2197 2186 3792 2258">
    <p class='ocr_par' dir='ltr' id='par_1_82' title="bbox 2197 2186 3792 2258">
     <span class='ocr_line' id='line_1_82' title="bbox 2197 2186 3792 2258; baseline 0.002 -18"><span class='ocrx_word' id='word_1_617' title='bbox 2197 2187 2388 2258; x_wconf 87' lang='lat' dir='ltr'><strong>agitur,</strong></span> <span class='ocrx_word' id='word_1_618' title='bbox 2413 2187 2720 2242; x_wconf 89' lang='lat' dir='ltr'><strong>multimoda</strong></span> <span class='ocrx_word' id='word_1_619' title='bbox 2747 2189 3002 2243; x_wconf 89' lang='lat' dir='ltr'><strong>varietate</strong></span> <span class='ocrx_word' id='word_1_620' title='bbox 3025 2186 3268 2253; x_wconf 89' lang='lat' dir='ltr'><strong>dicendi;</strong></span> <span class='ocrx_word' id='word_1_621' title='bbox 3292 2187 3431 2258; x_wconf 90' lang='lat' dir='ltr'><strong>quod</strong></span> <span class='ocrx_word' id='word_1_622' title='bbox 3454 2188 3506 2242; x_wconf 92' lang='lat' dir='ltr'><strong>in</strong></span> <span class='ocrx_word' id='word_1_623' title='bbox 3529 2196 3792 2258; x_wconf 79' lang='lat' dir='ltr'><strong>potestate</strong></span> 
     </span>
    </p>
   </div>
   <div class='ocr_carea' id='block_1_83' title="bbox 2198 2277 3793 2348">
    <p class='ocr_par' dir='ltr' id='par_1_83' title="bbox 2198 2277 3793 2348">
     <span class='ocr_line' id='line_1_83' title="bbox 2198 2277 3793 2348; baseline 0.001 -17"><span class='ocrx_word' id='word_1_624' title='bbox 2198 2293 2306 2331; x_wconf 91' lang='lat' dir='ltr'><strong>non</strong></span> <span class='ocrx_word' id='word_1_625' title='bbox 2349 2277 2579 2345; x_wconf 90' lang='lat' dir='ltr'><strong>habent,</strong></span> <span class='ocrx_word' id='word_1_626' title='bbox 2619 2278 2710 2348; x_wconf 93' lang='lat' dir='ltr'><strong>qui</strong></span> <span class='ocrx_word' id='word_1_627' title='bbox 2739 2286 3033 2348; x_wconf 70' lang='lat' dir='ltr'><strong>prmparata</strong></span> <span class='ocrx_word' id='word_1_628' title='bbox 3062 2285 3116 2332; x_wconf 92' lang='lat' dir='ltr'><strong>et</strong></span> <span class='ocrx_word' id='word_1_629' title='bbox 3140 2277 3206 2331; x_wconf 88' lang='lat' dir='ltr'><strong>ad</strong></span> <span class='ocrx_word' id='word_1_630' title='bbox 3233 2277 3455 2333; x_wconf 86' lang='lat' dir='ltr'><strong>verbum</strong></span> <span class='ocrx_word' id='word_1_631' title='bbox 3485 2278 3793 2333; x_wconf 86' lang='lat' dir='ltr'><strong>memoriter</strong></span> 
     </span>
    </p>
   </div>
   <div class='ocr_carea' id='block_1_84' title="bbox 2199 2369 3792 2440">
    <p class='ocr_par' dir='ltr' id='par_1_84' title="bbox 2199 2369 3792 2440">
     <span class='ocr_line' id='line_1_84' title="bbox 2199 2369 3792 2440; baseline 0.003 -18"><span class='ocrx_word' id='word_1_632' title='bbox 2199 2377 2406 2424; x_wconf 90' lang='lat' dir='ltr'><strong>retenta</strong></span> <span class='ocrx_word' id='word_1_633' title='bbox 2451 2371 2811 2440; x_wconf 88' lang='lat' dir='ltr'><strong>pronuntiant.</strong></span> <span class='ocrx_word' id='word_1_634' title='bbox 2857 2369 2974 2423; x_wconf 87' lang='lat' dir='ltr'><strong>Mox</strong></span> <span class='ocrx_word' id='word_1_635' title='bbox 3019 2379 3194 2424; x_wconf 90' lang='lat' dir='ltr'><strong>autem</strong></span> <span class='ocrx_word' id='word_1_636' title='bbox 3237 2379 3296 2423; x_wconf 93' lang='lat' dir='ltr'><strong>ut</strong></span> <span class='ocrx_word' id='word_1_637' title='bbox 3319 2370 3644 2426; x_wconf 91' lang='lat' dir='ltr'><strong>intellectum</strong></span> <span class='ocrx_word' id='word_1_638' title='bbox 3669 2385 3792 2427; x_wconf 92' lang='lat' dir='ltr'><strong>esse</strong></span> 
     </span>
    </p>
   </div>
   <div class='ocr_carea' id='block_1_85' title="bbox 2199 2461 3796 2530">
    <p class='ocr_par' dir='ltr' id='par_1_85' title="bbox 2199 2461 3796 2530">
     <span class='ocr_line' id='line_1_85' title="bbox 2199 2461 3796 2530; baseline -0.002 -12"><span class='ocrx_word' id='word_1_639' title='bbox 2199 2463 2532 2530; x_wconf 90' lang='lat' dir='ltr'><strong>constiterit,</strong></span> <span class='ocrx_word' id='word_1_640' title='bbox 2561 2471 2652 2517; x_wconf 89' lang='lat' dir='ltr'><strong>aut</strong></span> <span class='ocrx_word' id='word_1_641' title='bbox 2678 2477 2855 2518; x_wconf 88' lang='lat' dir='ltr'><strong>sermo</strong></span> <span class='ocrx_word' id='word_1_642' title='bbox 2881 2461 3161 2528; x_wconf 90' lang='lat' dir='ltr'><strong>ﬁniendus,</strong></span> <span class='ocrx_word' id='word_1_643' title='bbox 3190 2470 3282 2516; x_wconf 89' lang='lat' dir='ltr'><strong>aut</strong></span> <span class='ocrx_word' id='word_1_644' title='bbox 3307 2463 3358 2517; x_wconf 94' lang='lat' dir='ltr'><strong>in</strong></span> <span class='ocrx_word' id='word_1_645' title='bbox 3389 2463 3491 2517; x_wconf 89' lang='lat' dir='ltr'><strong>alia</strong></span> <span class='ocrx_word' id='word_1_646' title='bbox 3514 2471 3796 2518; x_wconf 81' lang='lat' dir='ltr'><strong>transeun-</strong></span> 
     </span>
    </p>
   </div>
   <div class='ocr_carea' id='block_1_86' title="bbox 2202 2552 3793 2624">
    <p class='ocr_par' dir='ltr' id='par_1_86' title="bbox 2202 2552 3793 2624">
     <span class='ocr_line' id='line_1_86' title="bbox 2202 2552 3793 2624; baseline 0.001 -18"><span class='ocrx_word' id='word_1_647' title='bbox 2202 2552 2327 2607; x_wconf 90' lang='lat' dir='ltr'><strong>dum</strong></span> <span class='ocrx_word' id='word_1_648' title='bbox 2358 2563 2460 2609; x_wconf 90' lang='lat' dir='ltr'><strong>est.</strong></span> <span class='ocrx_word' id='word_1_649' title='bbox 2492 2554 2641 2609; x_wconf 88' lang='lat' dir='ltr'><strong>Sicut</strong></span> <span class='ocrx_word' id='word_1_650' title='bbox 2665 2553 2806 2608; x_wconf 90' lang='lat' dir='ltr'><strong>enim</strong></span> <span class='ocrx_word' id='word_1_651' title='bbox 2837 2560 3018 2623; x_wconf 90' lang='lat' dir='ltr'><strong>gratus</strong></span> <span class='ocrx_word' id='word_1_652' title='bbox 3048 2561 3130 2608; x_wconf 91' lang='lat' dir='ltr'><strong>est</strong></span> <span class='ocrx_word' id='word_1_653' title='bbox 3152 2554 3242 2624; x_wconf 92' lang='lat' dir='ltr'><strong>qui</strong></span> <span class='ocrx_word' id='word_1_654' title='bbox 3267 2553 3636 2624; x_wconf 89' lang='lat' dir='ltr'><strong>cognoscenda</strong></span> <span class='ocrx_word' id='word_1_655' title='bbox 3656 2568 3793 2608; x_wconf 87' lang='lat' dir='ltr'><strong>enu-</strong></span> 
     </span>
    </p>
   </div>
   <div class='ocr_carea' id='block_1_87' title="bbox 2202 2643 3796 2715">
    <p class='ocr_par' dir='ltr' id='par_1_87' title="bbox 2202 2643 3796 2715">
     <span class='ocr_line' id='line_1_87' title="bbox 2202 2643 3796 2715; baseline -0.001 -15"><span class='ocrx_word' id='word_1_656' title='bbox 2202 2645 2369 2711; x_wconf 90' lang='lat' dir='ltr'><strong>bilat;</strong></span> <span class='ocrx_word' id='word_1_657' title='bbox 2413 2643 2491 2699; x_wconf 92' lang='lat' dir='ltr'><strong>sic</strong></span> <span class='ocrx_word' id='word_1_658' title='bbox 2528 2659 2787 2699; x_wconf 92' lang='lat' dir='ltr'><strong>onerosus</strong></span> <span class='ocrx_word' id='word_1_659' title='bbox 2818 2653 2902 2700; x_wconf 92' lang='lat' dir='ltr'><strong>est</strong></span> <span class='ocrx_word' id='word_1_660' title='bbox 2924 2644 3014 2714; x_wconf 93' lang='lat' dir='ltr'><strong>qui</strong></span> <span class='ocrx_word' id='word_1_661' title='bbox 3039 2644 3251 2715; x_wconf 91' lang='lat' dir='ltr'><strong>cognita</strong></span> <span class='ocrx_word' id='word_1_662' title='bbox 3279 2645 3536 2711; x_wconf 89' lang='lat' dir='ltr'><strong>inculcat,</strong></span> <span class='ocrx_word' id='word_1_663' title='bbox 3560 2645 3638 2700; x_wconf 89' lang='lat' dir='ltr'><strong>eis</strong></span> <span class='ocrx_word' id='word_1_664' title='bbox 3656 2643 3796 2698; x_wconf 89' lang='lat' dir='ltr'><strong>dun-</strong></span> 
     </span>
    </p>
   </div>
   <div class='ocr_carea' id='block_1_88' title="bbox 2203 2737 3792 2808">
    <p class='ocr_par' dir='ltr' id='par_1_88' title="bbox 2203 2737 3792 2808">
     <span class='ocr_line' id='line_1_88' title="bbox 2203 2737 3792 2808; baseline -0.001 -16"><span class='ocrx_word' id='word_1_665' title='bbox 2203 2746 2347 2793; x_wconf 76' lang='lat' dir='ltr'><strong>taxat</strong></span> <span class='ocrx_word' id='word_1_666' title='bbox 2386 2753 2613 2808; x_wconf 86' lang='lat' dir='ltr'><strong>quorum</strong></span> <span class='ocrx_word' id='word_1_667' title='bbox 2637 2747 2743 2792; x_wconf 91' lang='lat' dir='ltr'><strong>tota</strong></span> <span class='ocrx_word' id='word_1_668' title='bbox 2769 2738 3095 2806; x_wconf 84' lang='lat' dir='ltr'><strong>exspectatio</strong></span> <span class='ocrx_word' id='word_1_669' title='bbox 3121 2738 3172 2792; x_wconf 92' lang='lat' dir='ltr'><strong>in</strong></span> <span class='ocrx_word' id='word_1_670' title='bbox 3203 2737 3539 2792; x_wconf 89' lang='lat' dir='ltr'><strong>dissolvenda</strong></span> <span class='ocrx_word' id='word_1_671' title='bbox 3567 2752 3751 2792; x_wconf 89' lang='lat' dir='ltr'><strong>eorum</strong></span> <span class='ocrx_word' id='word_1_672' title='bbox 3775 2777 3792 2800; x_wconf 86' lang='lat'><strong>.</strong></span> 
     </span>
    </p>
   </div>
   <div class='ocr_carea' id='block_1_89' title="bbox 2203 2827 3796 2900">
    <p class='ocr_par' dir='ltr' id='par_1_89' title="bbox 2203 2827 3796 2900">
     <span class='ocr_line' id='line_1_89' title="bbox 2203 2827 3796 2900; baseline -0.002 -16"><span class='ocrx_word' id='word_1_673' title='bbox 2203 2847 2322 2900; x_wconf 72' lang='lat' dir='ltr'><strong>qua:</strong></span> <span class='ocrx_word' id='word_1_674' title='bbox 2351 2829 2671 2900; x_wconf 88' lang='lat' dir='ltr'><strong>panduntur,</strong></span> <span class='ocrx_word' id='word_1_675' title='bbox 2707 2828 3014 2884; x_wconf 80' lang='lat' dir='ltr'><strong>difﬁcultate</strong></span> <span class='ocrx_word' id='word_1_676' title='bbox 3040 2829 3320 2899; x_wconf 90' lang='lat' dir='ltr'><strong>pendebat.</strong></span> <span class='ocrx_word' id='word_1_677' title='bbox 3345 2829 3474 2883; x_wconf 86' lang='lat' dir='ltr'><strong>Nam</strong></span> <span class='ocrx_word' id='word_1_678' title='bbox 3495 2827 3796 2884; x_wconf 85' lang='lat' dir='ltr'><strong>delectandi</strong></span> 
     </span>
    </p>
   </div>
   <div class='ocr_carea' id='block_1_90' title="bbox 2206 2917 3797 2990">
    <p class='ocr_par' dir='ltr' id='par_1_90' title="bbox 2206 2917 3797 2990">
     <span class='ocr_line' id='line_1_90' title="bbox 2206 2917 3797 2990; baseline -0.001 -18"><span class='ocrx_word' id='word_1_679' title='bbox 2206 2921 2377 2990; x_wconf 89' lang='lat' dir='ltr'><strong>gratia</strong></span> <span class='ocrx_word' id='word_1_680' title='bbox 2405 2921 2565 2975; x_wconf 90' lang='lat' dir='ltr'><strong>etiam</strong></span> <span class='ocrx_word' id='word_1_681' title='bbox 2597 2929 2719 2974; x_wconf 91' lang='lat' dir='ltr'><strong>nota</strong></span> <span class='ocrx_word' id='word_1_682' title='bbox 2746 2918 3030 2985; x_wconf 90' lang='lat' dir='ltr'><strong>dicuntur;</strong></span> <span class='ocrx_word' id='word_1_683' title='bbox 3060 2919 3148 2974; x_wconf 93' lang='lat' dir='ltr'><strong>ubi</strong></span> <span class='ocrx_word' id='word_1_684' title='bbox 3177 2934 3282 2973; x_wconf 94' lang='lat' dir='ltr'><strong>non</strong></span> <span class='ocrx_word' id='word_1_685' title='bbox 3313 2919 3456 2988; x_wconf 85' lang='lat' dir='ltr'><strong>ipsa,</strong></span> <span class='ocrx_word' id='word_1_686' title='bbox 3484 2917 3576 2974; x_wconf 91' lang='lat' dir='ltr'><strong>sed</strong></span> <span class='ocrx_word' id='word_1_687' title='bbox 3603 2917 3797 2972; x_wconf 90' lang='lat' dir='ltr'><strong>modus</strong></span> 
     </span>
    </p>
   </div>
   <div class='ocr_carea' id='block_1_91' title="bbox 2205 3009 3792 3082">
    <p class='ocr_par' dir='ltr' id='par_1_91' title="bbox 2205 3009 3792 3082">
     <span class='ocr_line' id='line_1_91' title="bbox 2205 3009 3792 3082; baseline -0.001 -19"><span class='ocrx_word' id='word_1_688' title='bbox 2205 3029 2310 3082; x_wconf 82' lang='lat' dir='ltr'><strong>quo</strong></span> <span class='ocrx_word' id='word_1_689' title='bbox 2336 3011 2584 3066; x_wconf 91' lang='lat' dir='ltr'><strong>dicuntur</strong></span> <span class='ocrx_word' id='word_1_690' title='bbox 2603 3009 2912 3066; x_wconf 90' lang='lat' dir='ltr'><strong>attenditur.</strong></span> <span class='ocrx_word' id='word_1_691' title='bbox 2935 3009 3084 3076; x_wconf 89' lang='lat' dir='ltr'><strong>Quod</strong></span> <span class='ocrx_word' id='word_1_692' title='bbox 3107 3009 3149 3064; x_wconf 92' lang='lat' dir='ltr'><strong>si</strong></span> <span class='ocrx_word' id='word_1_693' title='bbox 3175 3019 3228 3064; x_wconf 91' lang='lat' dir='ltr'><strong>et</strong></span> <span class='ocrx_word' id='word_1_694' title='bbox 3251 3010 3363 3079; x_wconf 90' lang='lat' dir='ltr'><strong>ipse</strong></span> <span class='ocrx_word' id='word_1_695' title='bbox 3379 3009 3487 3079; x_wconf 87' lang='lat' dir='ltr'><strong>jam</strong></span> <span class='ocrx_word' id='word_1_696' title='bbox 3510 3017 3666 3064; x_wconf 92' lang='lat' dir='ltr'><strong>notus</strong></span> <span class='ocrx_word' id='word_1_697' title='bbox 3687 3017 3792 3072; x_wconf 87' lang='lat' dir='ltr'><strong>est,</strong></span> 
     </span>
    </p>
   </div>
   <div class='ocr_carea' id='block_1_92' title="bbox 2205 3100 3799 3172">
    <p class='ocr_par' dir='ltr' id='par_1_92' title="bbox 2205 3100 3799 3172">
     <span class='ocr_line' id='line_1_92' title="bbox 2205 3100 3799 3172; baseline 0 -16"><span class='ocrx_word' id='word_1_698' title='bbox 2205 3112 2362 3172; x_wconf 88' lang='lat' dir='ltr'><strong>atque</strong></span> <span class='ocrx_word' id='word_1_699' title='bbox 2391 3102 2716 3157; x_wconf 85' lang='lat' dir='ltr'><strong>auditoribus</strong></span> <span class='ocrx_word' id='word_1_700' title='bbox 2744 3101 2946 3172; x_wconf 91' lang='lat' dir='ltr'><strong>placet,</strong></span> <span class='ocrx_word' id='word_1_701' title='bbox 2975 3115 3109 3171; x_wconf 90' lang='lat' dir='ltr'><strong>pene</strong></span> <span class='ocrx_word' id='word_1_702' title='bbox 3134 3101 3263 3154; x_wconf 91' lang='lat' dir='ltr'><strong>nihil</strong></span> <span class='ocrx_word' id='word_1_703' title='bbox 3306 3101 3526 3156; x_wconf 82' lang='lat' dir='ltr'><strong>interest</strong></span> <span class='ocrx_word' id='word_1_704' title='bbox 3545 3109 3720 3155; x_wconf 91' lang='lat' dir='ltr'><strong>utrum</strong></span> <span class='ocrx_word' id='word_1_705' title='bbox 3750 3100 3799 3156; x_wconf 83' lang='lat' dir='ltr'><strong>is</strong></span> 
     </span>
    </p>
   </div>
   <div class='ocr_carea' id='block_1_93' title="bbox 2205 3191 3798 3263">
    <p class='ocr_par' dir='ltr' id='par_1_93' title="bbox 2205 3191 3798 3263">
     <span class='ocr_line' id='line_1_93' title="bbox 2205 3191 3798 3263; baseline -0.001 -16"><span class='ocrx_word' id='word_1_706' title='bbox 2205 3195 2295 3263; x_wconf 90' lang='lat' dir='ltr'><strong>qui</strong></span> <span class='ocrx_word' id='word_1_707' title='bbox 2325 3193 2486 3259; x_wconf 89' lang='lat' dir='ltr'><strong>dicit,</strong></span> <span class='ocrx_word' id='word_1_708' title='bbox 2513 3192 2688 3247; x_wconf 89' lang='lat' dir='ltr'><strong>dictor</strong></span> <span class='ocrx_word' id='word_1_709' title='bbox 2717 3191 2799 3248; x_wconf 88' lang='lat' dir='ltr'><strong>vel</strong></span> <span class='ocrx_word' id='word_1_710' title='bbox 2830 3192 2997 3248; x_wconf 89' lang='lat' dir='ltr'><strong>lector</strong></span> <span class='ocrx_word' id='word_1_711' title='bbox 3025 3193 3113 3246; x_wconf 92' lang='lat' dir='ltr'><strong>sit.</strong></span> <span class='ocrx_word' id='word_1_712' title='bbox 3137 3191 3326 3247; x_wconf 90' lang='lat' dir='ltr'><strong>Solent</strong></span> <span class='ocrx_word' id='word_1_713' title='bbox 3353 3191 3494 3246; x_wconf 88' lang='lat' dir='ltr'><strong>enim</strong></span> <span class='ocrx_word' id='word_1_714' title='bbox 3520 3199 3574 3246; x_wconf 93' lang='lat' dir='ltr'><strong>et</strong></span> <span class='ocrx_word' id='word_1_715' title='bbox 3593 3205 3654 3246; x_wconf 90' lang='lat' dir='ltr'><strong>ea</strong></span> <span class='ocrx_word' id='word_1_716' title='bbox 3676 3205 3798 3260; x_wconf 60' lang='lat' dir='ltr'><strong>quas</strong></span> 
     </span>
    </p>
   </div>
   <div class='ocr_carea' id='block_1_94' title="bbox 2206 3281 3800 3354">
    <p class='ocr_par' dir='ltr' id='par_1_94' title="bbox 2206 3281 3800 3354">
     <span class='ocr_line' id='line_1_94' title="bbox 2206 3281 3800 3354; baseline -0.004 -14"><span class='ocrx_word' id='word_1_717' title='bbox 2206 3284 2485 3340; x_wconf 79' lang='lat' dir='ltr'><strong>Commode</strong></span> <span class='ocrx_word' id='word_1_718' title='bbox 2525 3285 2721 3354; x_wconf 87' lang='lat' dir='ltr'><strong>scripta</strong></span> <span class='ocrx_word' id='word_1_719' title='bbox 2760 3292 2916 3349; x_wconf 86' lang='lat' dir='ltr'><strong>sunt,</strong></span> <span class='ocrx_word' id='word_1_720' title='bbox 2957 3298 3062 3338; x_wconf 92' lang='lat' dir='ltr'><strong>non</strong></span> <span class='ocrx_word' id='word_1_721' title='bbox 3089 3283 3260 3338; x_wconf 90' lang='lat' dir='ltr'><strong>solum</strong></span> <span class='ocrx_word' id='word_1_722' title='bbox 3289 3281 3355 3337; x_wconf 90' lang='lat' dir='ltr'><strong>ab</strong></span> <span class='ocrx_word' id='word_1_723' title='bbox 3381 3282 3444 3338; x_wconf 90' lang='lat' dir='ltr'><strong>iis</strong></span> <span class='ocrx_word' id='word_1_724' title='bbox 3473 3281 3662 3352; x_wconf 89' lang='lat' dir='ltr'><strong>quibus</strong></span> <span class='ocrx_word' id='word_1_725' title='bbox 3689 3281 3800 3351; x_wconf 77' lang='lat' dir='ltr'><strong>pri-</strong></span> 
     </span>
    </p>
   </div>
   <div class='ocr_carea' id='block_1_95' title="bbox 2208 3369 3798 3447">
    <p class='ocr_par' dir='ltr' id='par_1_95' title="bbox 2208 3369 3798 3447">
     <span class='ocr_line' id='line_1_95' title="bbox 2208 3369 3798 3447; baseline -0.004 -15"><span class='ocrx_word' id='word_1_726' title='bbox 2208 3378 2370 3432; x_wconf 90' lang='lat' dir='ltr'><strong>mitus</strong></span> <span class='ocrx_word' id='word_1_727' title='bbox 2400 3369 2776 3444; x_wconf 83' lang='lat' dir='ltr'><strong>innotescunt,</strong></span> <span class='ocrx_word' id='word_1_728' title='bbox 2801 3375 3034 3447; x_wconf 84' lang='lat' dir='ltr'><strong>jucunde</strong></span> <span class='ocrx_word' id='word_1_729' title='bbox 3065 3375 3164 3446; x_wconf 84' lang='lat' dir='ltr'><strong>legi</strong></span> <span class='ocrx_word' id='word_1_730' title='bbox 3195 3391 3209 3439; x_wconf 92' lang='lat'><strong>;</strong></span> <span class='ocrx_word' id='word_1_731' title='bbox 3239 3389 3423 3429; x_wconf 88' lang='lat' dir='ltr'><strong>verum</strong></span> <span class='ocrx_word' id='word_1_732' title='bbox 3449 3374 3515 3428; x_wconf 90' lang='lat' dir='ltr'><strong>ah</strong></span> <span class='ocrx_word' id='word_1_733' title='bbox 3547 3373 3610 3429; x_wconf 90' lang='lat' dir='ltr'><strong>iis</strong></span> <span class='ocrx_word' id='word_1_734' title='bbox 3635 3373 3798 3428; x_wconf 87' lang='lat' dir='ltr'><strong>etiam</strong></span> 
     </span>
    </p>
   </div>
   <div class='ocr_carea' id='block_1_96' title="bbox 2207 3464 3798 3539">
    <p class='ocr_par' dir='ltr' id='par_1_96' title="bbox 2207 3464 3798 3539">
     <span class='ocr_line' id='line_1_96' title="bbox 2207 3464 3798 3539; baseline -0.002 -17"><span class='ocrx_word' id='word_1_735' title='bbox 2207 3468 2397 3539; x_wconf 93' lang='lat' dir='ltr'><strong>quibus</strong></span> <span class='ocrx_word' id='word_1_736' title='bbox 2430 3468 2539 3538; x_wconf 86' lang='lat' dir='ltr'><strong>jam</strong></span> <span class='ocrx_word' id='word_1_737' title='bbox 2582 3477 2706 3522; x_wconf 87' lang='lat' dir='ltr'><strong>nota</strong></span> <span class='ocrx_word' id='word_1_738' title='bbox 2743 3475 2898 3535; x_wconf 89' lang='lat' dir='ltr'><strong>sunt,</strong></span> <span class='ocrx_word' id='word_1_739' title='bbox 2931 3481 3104 3537; x_wconf 91' lang='lat' dir='ltr'><strong>neque</strong></span> <span class='ocrx_word' id='word_1_740' title='bbox 3129 3466 3301 3521; x_wconf 89' lang='lat' dir='ltr'><strong>adhuc</strong></span> <span class='ocrx_word' id='word_1_741' title='bbox 3328 3465 3418 3520; x_wconf 91' lang='lat' dir='ltr'><strong>illa</strong></span> <span class='ocrx_word' id='word_1_742' title='bbox 3446 3465 3512 3520; x_wconf 91' lang='lat' dir='ltr'><strong>de</strong></span> <span class='ocrx_word' id='word_1_743' title='bbox 3542 3464 3798 3519; x_wconf 88' lang='lat' dir='ltr'><strong>memoria</strong></span> 
     </span>
    </p>
   </div>
   <div class='ocr_carea' id='block_1_97' title="bbox 2207 3553 3882 3628">
    <p class='ocr_par' dir='ltr' id='par_1_97' title="bbox 2207 3553 3882 3628">
     <span class='ocr_line' id='line_1_97' title="bbox 2207 3553 3882 3628; baseline -0.002 -16"><span class='ocrx_word' id='word_1_744' title='bbox 2207 3559 2404 3616; x_wconf 81' lang='lat' dir='ltr'><strong>delevit</strong></span> <span class='ocrx_word' id='word_1_745' title='bbox 2439 3559 2669 3624; x_wconf 90' lang='lat' dir='ltr'><strong>oblivio,</strong></span> <span class='ocrx_word' id='word_1_746' title='bbox 2713 3573 2820 3614; x_wconf 89' lang='lat' dir='ltr'><strong>non</strong></span> <span class='ocrx_word' id='word_1_747' title='bbox 2859 3559 2975 3614; x_wconf 91' lang='lat' dir='ltr'><strong>sine</strong></span> <span class='ocrx_word' id='word_1_748' title='bbox 3010 3557 3343 3628; x_wconf 89' lang='lat' dir='ltr'><strong>jucunditate</strong></span> <span class='ocrx_word' id='word_1_749' title='bbox 3382 3554 3584 3625; x_wconf 80' lang='lat' dir='ltr'><strong>relegi,</strong></span> <span class='ocrx_word' id='word_1_750' title='bbox 3617 3553 3698 3609; x_wconf 89' lang='lat' dir='ltr'><strong>vel</strong></span> <span class='ocrx_word' id='word_1_751' title='bbox 3728 3553 3799 3609; x_wconf 89' lang='lat' dir='ltr'><strong>ab</strong></span> <span class='ocrx_word' id='word_1_752' title='bbox 3865 3613 3882 3624; x_wconf 70' lang='lat'><em>_</em></span> 
     </span>
    </p>
   </div>
   <div class='ocr_carea' id='block_1_98' title="bbox 2211 3643 3823 3722">
    <p class='ocr_par' dir='ltr' id='par_1_98' title="bbox 2211 3643 3823 3722">
     <span class='ocr_line' id='line_1_98' title="bbox 2211 3643 3823 3722; baseline -0.005 -17"><span class='ocrx_word' id='word_1_753' title='bbox 2211 3653 2444 3722; x_wconf 80' lang='lat' dir='ltr'><strong>utrisque</strong></span> <span class='ocrx_word' id='word_1_754' title='bbox 2465 3649 2690 3704; x_wconf 87' lang='lat' dir='ltr'><strong>libenter</strong></span> <span class='ocrx_word' id='word_1_755' title='bbox 2716 3647 2905 3702; x_wconf 89' lang='lat' dir='ltr'><strong>audiri.</strong></span> <span class='ocrx_word' id='word_1_756' title='bbox 2935 3647 3064 3714; x_wconf 77' lang='lat' dir='ltr'><strong>Qua:</strong></span> <span class='ocrx_word' id='word_1_757' title='bbox 3088 3657 3263 3700; x_wconf 90' lang='lat' dir='ltr'><strong>autem</strong></span> <span class='ocrx_word' id='word_1_758' title='bbox 3286 3647 3510 3716; x_wconf 89' lang='lat' dir='ltr'><strong>quisque</strong></span> <span class='ocrx_word' id='word_1_759' title='bbox 3525 3645 3636 3714; x_wconf 87' lang='lat' dir='ltr'><strong>jam</strong></span> <span class='ocrx_word' id='word_1_760' title='bbox 3658 3643 3823 3700; x_wconf 44' lang='lat' dir='ltr'><strong>obiit</strong></span> 
     </span>
    </p>
   </div>
   <div class='ocr_carea' id='block_1_99' title="bbox 2210 3734 3799 3807">
    <p class='ocr_par' dir='ltr' id='par_1_99' title="bbox 2210 3734 3799 3807">
     <span class='ocr_line' id='line_1_99' title="bbox 2210 3734 3799 3807; baseline -0.004 -11"><span class='ocrx_word' id='word_1_761' title='bbox 2210 3751 2294 3796; x_wconf 91' lang='lat' dir='ltr'><strong>tus</strong></span> <span class='ocrx_word' id='word_1_762' title='bbox 2319 3749 2401 3796; x_wconf 91' lang='lat' dir='ltr'><strong>est</strong></span> <span class='ocrx_word' id='word_1_763' title='bbox 2418 3782 2434 3807; x_wconf 94' lang='lat'><strong>,</strong></span> <span class='ocrx_word' id='word_1_764' title='bbox 2466 3755 2585 3795; x_wconf 90' lang='lat' dir='ltr'><strong>cum</strong></span> <span class='ocrx_word' id='word_1_765' title='bbox 2613 3747 2985 3793; x_wconf 91' lang='lat' dir='ltr'><strong>commonetur</strong></span> <span class='ocrx_word' id='word_1_766' title='bbox 3005 3779 3018 3803; x_wconf 96' lang='lat'><strong>,</strong></span> <span class='ocrx_word' id='word_1_767' title='bbox 3042 3736 3284 3791; x_wconf 88' lang='lat' dir='ltr'><strong>docetur.</strong></span> <span class='ocrx_word' id='word_1_768' title='bbox 3309 3734 3414 3791; x_wconf 90' lang='lat' dir='ltr'><strong>Sed</strong></span> <span class='ocrx_word' id='word_1_769' title='bbox 3434 3735 3500 3790; x_wconf 94' lang='lat' dir='ltr'><strong>de</strong></span> <span class='ocrx_word' id='word_1_770' title='bbox 3523 3735 3681 3790; x_wconf 90' lang='lat' dir='ltr'><strong>modo</strong></span> <span class='ocrx_word' id='word_1_771' title='bbox 3700 3734 3799 3790; x_wconf 80' lang='lat' dir='ltr'><strong>de-</strong></span> 
     </span>
    </p>
   </div>
   <div class='ocr_carea' id='block_1_100' title="bbox 2211 3825 3800 3899">
    <p class='ocr_par' dir='ltr' id='par_1_100' title="bbox 2211 3825 3800 3899">
     <span class='ocr_line' id='line_1_100' title="bbox 2211 3825 3800 3899; baseline -0.002 -14"><span class='ocrx_word' id='word_1_772' title='bbox 2211 3829 2441 3886; x_wconf 90' lang='lat' dir='ltr'><strong>lectandi</strong></span> <span class='ocrx_word' id='word_1_773' title='bbox 2467 3844 2606 3884; x_wconf 91' lang='lat' dir='ltr'><strong>nunc</strong></span> <span class='ocrx_word' id='word_1_774' title='bbox 2631 3843 2738 3883; x_wconf 92' lang='lat' dir='ltr'><strong>non</strong></span> <span class='ocrx_word' id='word_1_775' title='bbox 2761 3843 2894 3899; x_wconf 88' lang='lat' dir='ltr'><strong>ago;</strong></span> <span class='ocrx_word' id='word_1_776' title='bbox 2919 3827 2984 3882; x_wconf 92' lang='lat' dir='ltr'><strong>de</strong></span> <span class='ocrx_word' id='word_1_777' title='bbox 3006 3827 3164 3881; x_wconf 88' lang='lat' dir='ltr'><strong>modo</strong></span> <span class='ocrx_word' id='word_1_778' title='bbox 3187 3842 3292 3897; x_wconf 88' lang='lat' dir='ltr'><strong>quo</strong></span> <span class='ocrx_word' id='word_1_779' title='bbox 3311 3825 3536 3881; x_wconf 89' lang='lat' dir='ltr'><strong>docendi</strong></span> <span class='ocrx_word' id='word_1_780' title='bbox 3560 3835 3684 3881; x_wconf 89' lang='lat' dir='ltr'><strong>sunt</strong></span> <span class='ocrx_word' id='word_1_781' title='bbox 3702 3827 3800 3896; x_wconf 91' lang='lat' dir='ltr'><strong>qui</strong></span> 
     </span>
    </p>
   </div>
   <div class='ocr_carea' id='block_1_101' title="bbox 2209 3918 3801 3990">
    <p class='ocr_par' dir='ltr' id='par_1_101' title="bbox 2209 3918 3801 3990">
     <span class='ocr_line' id='line_1_101' title="bbox 2209 3918 3801 3990; baseline -0.003 -12"><span class='ocrx_word' id='word_1_782' title='bbox 2209 3923 2417 3978; x_wconf 89' lang='lat' dir='ltr'><strong>discere</strong></span> <span class='ocrx_word' id='word_1_783' title='bbox 2445 3920 2750 3976; x_wconf 90' lang='lat' dir='ltr'><strong>desiderant</strong></span> <span class='ocrx_word' id='word_1_784' title='bbox 2765 3961 2780 3987; x_wconf 96' lang='lat'><strong>,</strong></span> <span class='ocrx_word' id='word_1_785' title='bbox 2811 3920 3016 3990; x_wconf 91' lang='lat' dir='ltr'><strong>loquor.</strong></span> <span class='ocrx_word' id='word_1_786' title='bbox 3040 3918 3090 3973; x_wconf 88' lang='lat' dir='ltr'><strong>Is</strong></span> <span class='ocrx_word' id='word_1_787' title='bbox 3115 3927 3292 3973; x_wconf 89' lang='lat' dir='ltr'><strong>autem</strong></span> <span class='ocrx_word' id='word_1_788' title='bbox 3314 3926 3396 3974; x_wconf 91' lang='lat' dir='ltr'><strong>est</strong></span> <span class='ocrx_word' id='word_1_789' title='bbox 3416 3918 3666 3988; x_wconf 86' lang='lat' dir='ltr'><strong>optimus,</strong></span> <span class='ocrx_word' id='word_1_790' title='bbox 3689 3934 3801 3990; x_wconf 90' lang='lat' dir='ltr'><strong>quo</strong></span> 
     </span>
    </p>
   </div>
   <div class='ocr_carea' id='block_1_102' title="bbox 2211 4008 3800 4083">
    <p class='ocr_par' dir='ltr' id='par_1_102' title="bbox 2211 4008 3800 4083">
     <span class='ocr_line' id='line_1_102' title="bbox 2211 4008 3800 4083; baseline -0.001 -16"><span class='ocrx_word' id='word_1_791' title='bbox 2211 4015 2268 4068; x_wconf 89' lang='lat' dir='ltr'><strong>ﬁt</strong></span> <span class='ocrx_word' id='word_1_792' title='bbox 2306 4023 2364 4068; x_wconf 88' lang='lat' dir='ltr'><strong>ut</strong></span> <span class='ocrx_word' id='word_1_793' title='bbox 2394 4013 2483 4083; x_wconf 90' lang='lat' dir='ltr'><strong>qui</strong></span> <span class='ocrx_word' id='word_1_794' title='bbox 2509 4011 2682 4078; x_wconf 88' lang='lat' dir='ltr'><strong>audit,</strong></span> <span class='ocrx_word' id='word_1_795' title='bbox 2715 4025 2897 4066; x_wconf 89' lang='lat' dir='ltr'><strong>verum</strong></span> <span class='ocrx_word' id='word_1_796' title='bbox 2925 4010 3135 4076; x_wconf 89' lang='lat' dir='ltr'><strong>audiat,</strong></span> <span class='ocrx_word' id='word_1_797' title='bbox 3164 4016 3220 4065; x_wconf 92' lang='lat' dir='ltr'><strong>et</strong></span> <span class='ocrx_word' id='word_1_798' title='bbox 3248 4009 3386 4080; x_wconf 85' lang='lat' dir='ltr'><strong>quod</strong></span> <span class='ocrx_word' id='word_1_799' title='bbox 3416 4008 3564 4064; x_wconf 91' lang='lat' dir='ltr'><strong>audit</strong></span> <span class='ocrx_word' id='word_1_800' title='bbox 3594 4009 3800 4067; x_wconf 86' lang='lat' dir='ltr'><strong>intelli-</strong></span> 
     </span>
    </p>
   </div>
   <div class='ocr_carea' id='block_1_103' title="bbox 2209 4099 3802 4176">
    <p class='ocr_par' dir='ltr' id='par_1_103' title="bbox 2209 4099 3802 4176">
     <span class='ocr_line' id='line_1_103' title="bbox 2209 4099 3802 4176; baseline -0.002 -16"><span class='ocrx_word' id='word_1_801' title='bbox 2209 4114 2316 4176; x_wconf 88' lang='lat' dir='ltr'><strong>gat.</strong></span> <span class='ocrx_word' id='word_1_802' title='bbox 2362 4103 2444 4158; x_wconf 88' lang='lat' dir='ltr'><strong>Ad</strong></span> <span class='ocrx_word' id='word_1_803' title='bbox 2479 4117 2636 4173; x_wconf 91' lang='lat' dir='ltr'><strong>quem</strong></span> <span class='ocrx_word' id='word_1_804' title='bbox 2685 4101 2842 4156; x_wconf 91' lang='lat' dir='ltr'><strong>ﬁnem</strong></span> <span class='ocrx_word' id='word_1_805' title='bbox 2887 4115 3008 4156; x_wconf 88' lang='lat' dir='ltr'><strong>cum</strong></span> <span class='ocrx_word' id='word_1_806' title='bbox 3049 4110 3262 4155; x_wconf 91' lang='lat' dir='ltr'><strong>ventum</strong></span> <span class='ocrx_word' id='word_1_807' title='bbox 3288 4099 3478 4166; x_wconf 82' lang='lat' dir='ltr'><strong>fuerit,</strong></span> <span class='ocrx_word' id='word_1_808' title='bbox 3510 4099 3639 4155; x_wconf 88' lang='lat' dir='ltr'><strong>nihil</strong></span> <span class='ocrx_word' id='word_1_809' title='bbox 3670 4107 3802 4157; x_wconf 89' lang='lat' dir='ltr'><strong>tunc</strong></span> 
     </span>
    </p>
   </div>
   <div class='ocr_carea' id='block_1_104' title="bbox 2209 4191 3802 4267">
    <p class='ocr_par' dir='ltr' id='par_1_104' title="bbox 2209 4191 3802 4267">
     <span class='ocr_line' id='line_1_104' title="bbox 2209 4191 3802 4267; baseline -0.001 -17"><span class='ocrx_word' id='word_1_810' title='bbox 2209 4196 2438 4267; x_wconf 90' lang='lat' dir='ltr'><strong>amplius</strong></span> <span class='ocrx_word' id='word_1_811' title='bbox 2467 4195 2532 4250; x_wconf 88' lang='lat' dir='ltr'><strong>de</strong></span> <span class='ocrx_word' id='word_1_812' title='bbox 2561 4195 2670 4264; x_wconf 87' lang='lat' dir='ltr'><strong>ipsa</strong></span> <span class='ocrx_word' id='word_1_813' title='bbox 2701 4208 2759 4248; x_wconf 89' lang='lat' dir='ltr'><strong>re</strong></span> <span class='ocrx_word' id='word_1_814' title='bbox 2790 4205 3036 4264; x_wconf 87' lang='lat' dir='ltr'><strong>tanquam</strong></span> <span class='ocrx_word' id='word_1_815' title='bbox 3065 4191 3262 4247; x_wconf 89' lang='lat' dir='ltr'><strong>diutius</strong></span> <span class='ocrx_word' id='word_1_816' title='bbox 3287 4191 3525 4247; x_wconf 89' lang='lat' dir='ltr'><strong>docenda</strong></span> <span class='ocrx_word' id='word_1_817' title='bbox 3548 4191 3802 4248; x_wconf 83' lang='lat' dir='ltr'><strong>laboran-</strong></span> 
     </span>
    </p>
   </div>
   <div class='ocr_carea' id='block_1_105' title="bbox 2211 4281 3803 4352">
    <p class='ocr_par' dir='ltr' id='par_1_105' title="bbox 2211 4281 3803 4352">
     <span class='ocr_line' id='line_1_105' title="bbox 2211 4281 3803 4352; baseline -0.004 -9"><span class='ocrx_word' id='word_1_818' title='bbox 2211 4289 2335 4344; x_wconf 91' lang='lat' dir='ltr'><strong>dum</strong></span> <span class='ocrx_word' id='word_1_819' title='bbox 2365 4296 2475 4350; x_wconf 90' lang='lat' dir='ltr'><strong>est,</strong></span> <span class='ocrx_word' id='word_1_820' title='bbox 2506 4286 2599 4342; x_wconf 91' lang='lat' dir='ltr'><strong>sed</strong></span> <span class='ocrx_word' id='word_1_821' title='bbox 2632 4285 2766 4340; x_wconf 83' lang='lat' dir='ltr'><strong>forte</strong></span> <span class='ocrx_word' id='word_1_822' title='bbox 2793 4284 2861 4340; x_wconf 92' lang='lat' dir='ltr'><strong>de</strong></span> <span class='ocrx_word' id='word_1_823' title='bbox 2886 4283 3308 4340; x_wconf 89' lang='lat' dir='ltr'><strong>commendanda</strong></span> <span class='ocrx_word' id='word_1_824' title='bbox 3336 4293 3395 4338; x_wconf 92' lang='lat' dir='ltr'><strong>ut</strong></span> <span class='ocrx_word' id='word_1_825' title='bbox 3415 4283 3467 4338; x_wconf 92' lang='lat' dir='ltr'><strong>in</strong></span> <span class='ocrx_word' id='word_1_826' title='bbox 3487 4281 3648 4338; x_wconf 90' lang='lat' dir='ltr'><strong>corde</strong></span> <span class='ocrx_word' id='word_1_827' title='bbox 3668 4281 3803 4352; x_wconf 80' lang='lat' dir='ltr'><strong>ﬁga-</strong></span> 
     </span>
    </p>
   </div>
   <div class='ocr_carea' id='block_1_106' title="bbox 2213 4371 3802 4448">
    <p class='ocr_par' dir='ltr' id='par_1_106' title="bbox 2213 4371 3802 4448">
     <span class='ocr_line' id='line_1_106' title="bbox 2213 4371 3802 4448; baseline -0.004 -14"><span class='ocrx_word' id='word_1_828' title='bbox 2213 4389 2334 4434; x_wconf 89' lang='lat' dir='ltr'><strong>tur:</strong></span> <span class='ocrx_word' id='word_1_829' title='bbox 2359 4377 2499 4448; x_wconf 87' lang='lat' dir='ltr'><strong>quod</strong></span> <span class='ocrx_word' id='word_1_830' title='bbox 2526 4377 2570 4431; x_wconf 91' lang='lat' dir='ltr'><strong>si</strong></span> <span class='ocrx_word' id='word_1_831' title='bbox 2591 4373 2890 4430; x_wconf 84' lang='lat' dir='ltr'><strong>faciendum</strong></span> <span class='ocrx_word' id='word_1_832' title='bbox 2912 4373 3179 4430; x_wconf 89' lang='lat' dir='ltr'><strong>videbitur</strong></span> <span class='ocrx_word' id='word_1_833' title='bbox 3197 4415 3212 4440; x_wconf 94' lang='lat'><strong>,</strong></span> <span class='ocrx_word' id='word_1_834' title='bbox 3240 4374 3312 4428; x_wconf 90' lang='lat' dir='ltr'><strong>ita</strong></span> <span class='ocrx_word' id='word_1_835' title='bbox 3339 4372 3578 4428; x_wconf 88' lang='lat' dir='ltr'><strong>modeste</strong></span> <span class='ocrx_word' id='word_1_836' title='bbox 3597 4371 3802 4428; x_wconf 80' lang='lat' dir='ltr'><strong>facien-</strong></span> 
     </span>
    </p>
   </div>
   <div class='ocr_carea' id='block_1_107' title="bbox 2210 4467 3298 4540">
    <p class='ocr_par' dir='ltr' id='par_1_107' title="bbox 2210 4467 3298 4540">
     <span class='ocr_line' id='line_1_107' title="bbox 2210 4467 3298 4540; baseline -0.006 -12"><span class='ocrx_word' id='word_1_837' title='bbox 2210 4473 2338 4529; x_wconf 87' lang='lat' dir='ltr'><strong>dnm</strong></span> <span class='ocrx_word' id='word_1_838' title='bbox 2364 4479 2481 4538; x_wconf 91' lang='lat' dir='ltr'><strong>est,</strong></span> <span class='ocrx_word' id='word_1_839' title='bbox 2515 4484 2582 4526; x_wconf 90' lang='lat' dir='ltr'><strong>ne</strong></span> <span class='ocrx_word' id='word_1_840' title='bbox 2607 4468 2946 4540; x_wconf 89' lang='lat' dir='ltr'><strong>perveniatur</strong></span> <span class='ocrx_word' id='word_1_841' title='bbox 2969 4467 3036 4522; x_wconf 89' lang='lat' dir='ltr'><strong>ad</strong></span> <span class='ocrx_word' id='word_1_842' title='bbox 3064 4467 3298 4522; x_wconf 78' lang='lat' dir='ltr'><strong>tzcdium.</strong></span> 
     </span>
    </p>
   </div>
   <div class='ocr_carea' id='block_1_108' title="bbox 2210 4557 3796 4631">
    <p class='ocr_par' dir='ltr' id='par_1_108' title="bbox 2210 4557 3796 4631">
     <span class='ocr_line' id='line_1_108' title="bbox 2210 4557 3796 4631; baseline -0.006 -9"><span class='ocrx_word' id='word_1_843' title='bbox 2210 4563 2436 4622; x_wconf 76' lang='lat' dir='ltr'><strong>CAPUT</strong></span> <span class='ocrx_word' id='word_1_844' title='bbox 2475 4562 2567 4618; x_wconf 78' lang='lat' dir='ltr'><strong>XI.</strong></span> <span class='ocrx_word' id='word_1_845' title='bbox 2622 4589 2696 4603; x_wconf 89' lang='lat'><strong>-—</strong></span> <span class='ocrx_word' id='word_1_846' title='bbox 2733 4559 2901 4627; x_wconf 85' lang='lat' dir='ltr'><strong>Quare</strong></span> <span class='ocrx_word' id='word_1_847' title='bbox 2938 4559 3140 4614; x_wconf 82' lang='lat' dir='ltr'><strong>conanti</strong></span> <span class='ocrx_word' id='word_1_848' title='bbox 3174 4558 3352 4613; x_wconf 85' lang='lat' dir='ltr'><strong>docere</strong></span> <span class='ocrx_word' id='word_1_849' title='bbox 3379 4557 3647 4614; x_wconf 83' lang='lat' dir='ltr'><strong>dicendum</strong></span> <span class='ocrx_word' id='word_1_850' title='bbox 3672 4573 3796 4631; x_wconf 80' lang='lat' dir='ltr'><strong>per-</strong></span> 
     </span>
    </p>
   </div>
   <div class='ocr_carea' id='block_1_109' title="bbox 2576 4651 3404 4724">
    <p class='ocr_par' dir='ltr' id='par_1_109' title="bbox 2576 4651 3404 4724">
     <span class='ocr_line' id='line_1_109' title="bbox 2576 4651 3404 4724; baseline -0.005 -17"><span class='ocrx_word' id='word_1_851' title='bbox 2576 4652 2769 4724; x_wconf 78' lang='lat' dir='ltr'><strong>spicue,</strong></span> <span class='ocrx_word' id='word_1_852' title='bbox 2796 4667 2896 4706; x_wconf 83' lang='lat' dir='ltr'><strong>non</strong></span> <span class='ocrx_word' id='word_1_853' title='bbox 2927 4660 3090 4704; x_wconf 83' lang='lat' dir='ltr'><strong>tamen</strong></span> <span class='ocrx_word' id='word_1_854' title='bbox 3115 4651 3404 4706; x_wconf 79' lang='lat' dir='ltr'><strong>insuaviter.</strong></span> 
     </span>
    </p>
   </div>
   <div class='ocr_carea' id='block_1_110' title="bbox 2281 4739 3800 4812">
    <p class='ocr_par' dir='ltr' id='par_1_110' title="bbox 2281 4739 3800 4812">
     <span class='ocr_line' id='line_1_110' title="bbox 2281 4739 3800 4812; baseline -0.005 -9"><span class='ocrx_word' id='word_1_855' title='bbox 2281 4747 2372 4804; x_wconf 74' lang='lat'><strong>26.</strong></span> <span class='ocrx_word' id='word_1_856' title='bbox 2404 4746 2626 4802; x_wconf 87' lang='lat' dir='ltr'><strong>Prorsus</strong></span> <span class='ocrx_word' id='word_1_857' title='bbox 2654 4741 2769 4798; x_wconf 78' lang='lat' dir='ltr'><strong>haec</strong></span> <span class='ocrx_word' id='word_1_858' title='bbox 2791 4750 2874 4798; x_wconf 91' lang='lat' dir='ltr'><strong>est</strong></span> <span class='ocrx_word' id='word_1_859' title='bbox 2898 4742 2955 4796; x_wconf 90' lang='lat' dir='ltr'><strong>in</strong></span> <span class='ocrx_word' id='word_1_860' title='bbox 2980 4740 3222 4796; x_wconf 90' lang='lat' dir='ltr'><strong>docendo</strong></span> <span class='ocrx_word' id='word_1_861' title='bbox 3250 4741 3554 4812; x_wconf 87' lang='lat' dir='ltr'><strong>eloquentia</strong></span> <span class='ocrx_word' id='word_1_862' title='bbox 3574 4781 3589 4805; x_wconf 95' lang='lat'><strong>,</strong></span> <span class='ocrx_word' id='word_1_863' title='bbox 3614 4755 3715 4811; x_wconf 90' lang='lat' dir='ltr'><strong>qua</strong></span> <span class='ocrx_word' id='word_1_864' title='bbox 3737 4739 3800 4796; x_wconf 89' lang='lat' dir='ltr'><strong>ﬁt</strong></span> 
     </span>
    </p>
   </div>
   <div class='ocr_carea' id='block_1_111' title="bbox 2213 4831 3798 4906">
    <p class='ocr_par' dir='ltr' id='par_1_111' title="bbox 2213 4831 3798 4906">
     <span class='ocr_line' id='line_1_111' title="bbox 2213 4831 3798 4906; baseline -0.006 -9"><span class='ocrx_word' id='word_1_865' title='bbox 2213 4837 2464 4906; x_wconf 87' lang='lat' dir='ltr'><strong>dicendo,</strong></span> <span class='ocrx_word' id='word_1_866' title='bbox 2490 4852 2598 4892; x_wconf 92' lang='lat' dir='ltr'><strong>non</strong></span> <span class='ocrx_word' id='word_1_867' title='bbox 2624 4842 2684 4891; x_wconf 91' lang='lat' dir='ltr'><strong>ut</strong></span> <span class='ocrx_word' id='word_1_868' title='bbox 2701 4835 2861 4890; x_wconf 87' lang='lat' dir='ltr'><strong>libeat</strong></span> <span class='ocrx_word' id='word_1_869' title='bbox 2885 4832 3023 4905; x_wconf 90' lang='lat' dir='ltr'><strong>quod</strong></span> <span class='ocrx_word' id='word_1_870' title='bbox 3055 4831 3326 4900; x_wconf 84' lang='lat' dir='ltr'><strong>horrebat,</strong></span> <span class='ocrx_word' id='word_1_871' title='bbox 3354 4842 3443 4886; x_wconf 91' lang='lat' dir='ltr'><strong>aut</strong></span> <span class='ocrx_word' id='word_1_872' title='bbox 3465 4841 3522 4886; x_wconf 91' lang='lat' dir='ltr'><strong>ut</strong></span> <span class='ocrx_word' id='word_1_873' title='bbox 3541 4831 3632 4886; x_wconf 88' lang='lat' dir='ltr'><strong>ﬁat</strong></span> <span class='ocrx_word' id='word_1_874' title='bbox 3652 4831 3798 4903; x_wconf 86' lang='lat' dir='ltr'><strong>quod</strong></span> 
     </span>
    </p>
   </div>
   <div class='ocr_carea' id='block_1_112' title="bbox 2211 4922 3796 5007">
    <p class='ocr_par' dir='ltr' id='par_1_112' title="bbox 2211 4922 3796 5007">
     <span class='ocr_line' id='line_1_112' title="bbox 2211 4922 3796 5007; baseline -0.005 -19"><span class='ocrx_word' id='word_1_875' title='bbox 2211 4933 2461 5007; x_wconf 87' lang='lat' dir='ltr'><strong>pigebat,</strong></span> <span class='ocrx_word' id='word_1_876' title='bbox 2492 4929 2586 4984; x_wconf 91' lang='lat' dir='ltr'><strong>sed</strong></span> <span class='ocrx_word' id='word_1_877' title='bbox 2617 4936 2672 4983; x_wconf 92' lang='lat' dir='ltr'><strong>ut</strong></span> <span class='ocrx_word' id='word_1_878' title='bbox 2699 4936 2950 4997; x_wconf 90' lang='lat' dir='ltr'><strong>appareat</strong></span> <span class='ocrx_word' id='word_1_879' title='bbox 2969 4925 3110 4996; x_wconf 92' lang='lat' dir='ltr'><strong>quod</strong></span> <span class='ocrx_word' id='word_1_880' title='bbox 3135 4924 3346 4979; x_wconf 88' lang='lat' dir='ltr'><strong>latebat.</strong></span> <span class='ocrx_word' id='word_1_881' title='bbox 3369 4922 3521 4990; x_wconf 90' lang='lat' dir='ltr'><strong>Quod</strong></span> <span class='ocrx_word' id='word_1_882' title='bbox 3549 4931 3722 4977; x_wconf 86' lang='lat' dir='ltr'><strong>tamen</strong></span> <span class='ocrx_word' id='word_1_883' title='bbox 3748 4923 3796 4980; x_wconf 88' lang='lat' dir='ltr'><strong>si</strong></span> 
     </span>
    </p>
   </div>
   <div class='ocr_carea' id='block_1_113' title="bbox 2214 5014 3797 5088">
    <p class='ocr_par' dir='ltr' id='par_1_113' title="bbox 2214 5014 3797 5088">
     <span class='ocr_line' id='line_1_113' title="bbox 2214 5014 3797 5088; baseline -0.009 -7"><span class='ocrx_word' id='word_1_884' title='bbox 2214 5027 2307 5080; x_wconf 85' lang='lat' dir='ltr'><strong>ﬁat</strong></span> <span class='ocrx_word' id='word_1_885' title='bbox 2331 5023 2652 5086; x_wconf 86' lang='lat' dir='ltr'><strong>insuaviter,</strong></span> <span class='ocrx_word' id='word_1_886' title='bbox 2683 5019 2749 5073; x_wconf 88' lang='lat' dir='ltr'><strong>ad</strong></span> <span class='ocrx_word' id='word_1_887' title='bbox 2776 5033 2969 5088; x_wconf 85' lang='lat' dir='ltr'><strong>paucos</strong></span> <span class='ocrx_word' id='word_1_888' title='bbox 2989 5017 3200 5086; x_wconf 89' lang='lat' dir='ltr'><strong>quidem</strong></span> <span class='ocrx_word' id='word_1_889' title='bbox 3231 5014 3648 5070; x_wconf 87' lang='lat' dir='ltr'><strong>studiosissimus</strong></span> <span class='ocrx_word' id='word_1_890' title='bbox 3667 5029 3797 5070; x_wconf 90' lang='lat' dir='ltr'><strong>suus</strong></span> 
     </span>
    </p>
   </div>
   <div class='ocr_carea' id='block_1_114' title="bbox 2215 5103 3799 5188">
    <p class='ocr_par' dir='ltr' id='par_1_114' title="bbox 2215 5103 3799 5188">
     <span class='ocr_line' id='line_1_114' title="bbox 2215 5103 3799 5188; baseline -0.009 -16"><span class='ocrx_word' id='word_1_891' title='bbox 2215 5115 2456 5188; x_wconf 91' lang='lat' dir='ltr'><strong>pervenit</strong></span> <span class='ocrx_word' id='word_1_892' title='bbox 2484 5112 2712 5178; x_wconf 75' lang='lat' dir='ltr'><strong>fructus,</strong></span> <span class='ocrx_word' id='word_1_893' title='bbox 2745 5110 2833 5181; x_wconf 90' lang='lat' dir='ltr'><strong>qui</strong></span> <span class='ocrx_word' id='word_1_894' title='bbox 2859 5123 2922 5164; x_wconf 91' lang='lat' dir='ltr'><strong>ea</strong></span> <span class='ocrx_word' id='word_1_895' title='bbox 2950 5123 3068 5178; x_wconf 76' lang='lat' dir='ltr'><strong>qua:</strong></span> <span class='ocrx_word' id='word_1_896' title='bbox 3096 5105 3346 5162; x_wconf 88' lang='lat' dir='ltr'><strong>discenda</strong></span> <span class='ocrx_word' id='word_1_897' title='bbox 3375 5113 3532 5173; x_wconf 90' lang='lat' dir='ltr'><strong>sunt,</strong></span> <span class='ocrx_word' id='word_1_898' title='bbox 3553 5103 3799 5176; x_wconf 83' lang='lat' dir='ltr'><strong>quamvis</strong></span> 
     </span>
    </p>
   </div>
   <div class='ocr_carea' id='block_1_115' title="bbox 2213 5195 3798 5278">
    <p class='ocr_par' dir='ltr' id='par_1_115' title="bbox 2213 5195 3798 5278">
     <span class='ocr_line' id='line_1_115' title="bbox 2213 5195 3798 5278; baseline -0.009 -13"><span class='ocrx_word' id='word_1_899' title='bbox 2213 5209 2418 5278; x_wconf 89' lang='lat' dir='ltr'><strong>abjecte</strong></span> <span class='ocrx_word' id='word_1_900' title='bbox 2459 5204 2760 5274; x_wconf 86' lang='lat' dir='ltr'><strong>inculteque</strong></span> <span class='ocrx_word' id='word_1_901' title='bbox 2797 5200 3073 5262; x_wconf 87' lang='lat' dir='ltr'><strong>dicantur,</strong></span> <span class='ocrx_word' id='word_1_902' title='bbox 3108 5197 3244 5252; x_wconf 90' lang='lat' dir='ltr'><strong>scire</strong></span> <span class='ocrx_word' id='word_1_903' title='bbox 3279 5195 3604 5252; x_wconf 87' lang='lat' dir='ltr'><strong>desiderant.</strong></span> <span class='ocrx_word' id='word_1_904' title='bbox 3644 5195 3798 5264; x_wconf 90' lang='lat' dir='ltr'><strong>Quod</strong></span> 
     </span>
    </p>
   </div>
   <div class='ocr_carea' id='block_1_116' title="bbox 2213 5286 3799 5367">
    <p class='ocr_par' dir='ltr' id='par_1_116' title="bbox 2213 5286 3799 5367">
     <span class='ocr_line' id='line_1_116' title="bbox 2213 5286 3799 5367; baseline -0.011 -10"><span class='ocrx_word' id='word_1_905' title='bbox 2213 5315 2336 5356; x_wconf 86' lang='lat' dir='ltr'><strong>cum</strong></span> <span class='ocrx_word' id='word_1_906' title='bbox 2375 5295 2552 5367; x_wconf 88' lang='lat' dir='ltr'><strong>adepti</strong></span> <span class='ocrx_word' id='word_1_907' title='bbox 2589 5292 2820 5358; x_wconf 75' lang='lat' dir='ltr'><strong>fuerint,</strong></span> <span class='ocrx_word' id='word_1_908' title='bbox 2865 5291 2976 5360; x_wconf 86' lang='lat' dir='ltr'><strong>ipsa</strong></span> <span class='ocrx_word' id='word_1_909' title='bbox 3008 5286 3392 5344; x_wconf 87' lang='lat' dir='ltr'><strong>delectabiliter</strong></span> <span class='ocrx_word' id='word_1_910' title='bbox 3426 5289 3648 5342; x_wconf 88' lang='lat' dir='ltr'><strong>veritate</strong></span> <span class='ocrx_word' id='word_1_911' title='bbox 3699 5302 3799 5357; x_wconf 80' lang='lat' dir='ltr'><strong>pa-</strong></span> 
     </span>
    </p>
   </div>
   <div class='ocr_carea' id='block_1_117' title="bbox 2213 5379 3795 5456">
    <p class='ocr_par' dir='ltr' id='par_1_117' title="bbox 2213 5379 3795 5456">
     <span class='ocr_line' id='line_1_117' title="bbox 2213 5379 3795 5456; baseline -0.01 -6"><span class='ocrx_word' id='word_1_912' title='bbox 2213 5401 2434 5450; x_wconf 87' lang='lat' dir='ltr'><strong>scuntur</strong></span> <span class='ocrx_word' id='word_1_913' title='bbox 2455 5390 2852 5456; x_wconf 81' lang='lat' dir='ltr'><strong>:bonorumque</strong></span> <span class='ocrx_word' id='word_1_914' title='bbox 2881 5383 3208 5454; x_wconf 75' lang='lat' dir='ltr'><strong>ingeniorum</strong></span> <span class='ocrx_word' id='word_1_915' title='bbox 3235 5380 3456 5452; x_wconf 91' lang='lat' dir='ltr'><strong>insignis</strong></span> <span class='ocrx_word' id='word_1_916' title='bbox 3466 5388 3549 5437; x_wconf 92' lang='lat' dir='ltr'><strong>est</strong></span> <span class='ocrx_word' id='word_1_917' title='bbox 3568 5379 3795 5446; x_wconf 90' lang='lat' dir='ltr'><strong>indoles,</strong></span> 
     </span>
    </p>
   </div>
   <div class='ocr_carea' id='block_1_118' title="bbox 2216 5472 3802 5542">
    <p class='ocr_par' dir='ltr' id='par_1_118' title="bbox 2216 5472 3802 5542">
     <span class='ocr_line' id='line_1_118' title="bbox 2216 5472 3802 5542; baseline -0.009 -2"><span class='ocrx_word' id='word_1_918' title='bbox 2216 5486 2268 5540; x_wconf 94' lang='lat' dir='ltr'><strong>in</strong></span> <span class='ocrx_word' id='word_1_919' title='bbox 2317 5483 2496 5541; x_wconf 88' lang='lat' dir='ltr'><strong>verbis</strong></span> <span class='ocrx_word' id='word_1_920' title='bbox 2535 5496 2722 5537; x_wconf 87' lang='lat' dir='ltr'><strong>verum</strong></span> <span class='ocrx_word' id='word_1_921' title='bbox 2751 5493 2962 5542; x_wconf 89' lang='lat' dir='ltr'><strong>amare,</strong></span> <span class='ocrx_word' id='word_1_922' title='bbox 2993 5491 3101 5531; x_wconf 90' lang='lat' dir='ltr'><strong>non</strong></span> <span class='ocrx_word' id='word_1_923' title='bbox 3126 5473 3306 5530; x_wconf 88' lang='lat' dir='ltr'><strong>verba.</strong></span> <span class='ocrx_word' id='word_1_924' title='bbox 3336 5472 3474 5542; x_wconf 90' lang='lat' dir='ltr'><strong>Quid</strong></span> <span class='ocrx_word' id='word_1_925' title='bbox 3500 5473 3640 5528; x_wconf 89' lang='lat' dir='ltr'><strong>enim</strong></span> <span class='ocrx_word' id='word_1_926' title='bbox 3672 5487 3802 5542; x_wconf 87' lang='lat' dir='ltr'><strong>pro-</strong></span> 
     </span>
    </p>
   </div>
   <div class='ocr_carea' id='block_1_119' title="bbox 2215 5564 3804 5640">
    <p class='ocr_par' dir='ltr' id='par_1_119' title="bbox 2215 5564 3804 5640">
     <span class='ocr_line' id='line_1_119' title="bbox 2215 5564 3804 5640; baseline -0.011 -6"><span class='ocrx_word' id='word_1_927' title='bbox 2215 5579 2333 5634; x_wconf 88' lang='lat' dir='ltr'><strong>dest</strong></span> <span class='ocrx_word' id='word_1_928' title='bbox 2369 5574 2530 5630; x_wconf 89' lang='lat' dir='ltr'><strong>clavis</strong></span> <span class='ocrx_word' id='word_1_929' title='bbox 2567 5586 2764 5638; x_wconf 84' lang='lat' dir='ltr'><strong>aurea,</strong></span> <span class='ocrx_word' id='word_1_930' title='bbox 2809 5570 2852 5625; x_wconf 91' lang='lat' dir='ltr'><strong>si</strong></span> <span class='ocrx_word' id='word_1_931' title='bbox 2889 5569 3096 5640; x_wconf 89' lang='lat' dir='ltr'><strong>aperire</strong></span> <span class='ocrx_word' id='word_1_932' title='bbox 3131 5565 3273 5638; x_wconf 92' lang='lat' dir='ltr'><strong>quod</strong></span> <span class='ocrx_word' id='word_1_933' title='bbox 3303 5564 3552 5622; x_wconf 87' lang='lat' dir='ltr'><strong>volumus</strong></span> <span class='ocrx_word' id='word_1_934' title='bbox 3573 5579 3679 5619; x_wconf 91' lang='lat' dir='ltr'><strong>non</strong></span> <span class='ocrx_word' id='word_1_935' title='bbox 3707 5578 3804 5635; x_wconf 86' lang='lat' dir='ltr'><strong>po-</strong></span> 
     </span>
    </p>
   </div>
   <div class='ocr_carea' id='block_1_120' title="bbox 2216 5655 3806 5738">
    <p class='ocr_par' dir='ltr' id='par_1_120' title="bbox 2216 5655 3806 5738">
     <span class='ocr_line' id='line_1_120' title="bbox 2216 5655 3806 5738; baseline -0.009 -11"><span class='ocrx_word' id='word_1_936' title='bbox 2216 5668 2360 5728; x_wconf 85' lang='lat' dir='ltr'><strong>test?</strong></span> <span class='ocrx_word' id='word_1_937' title='bbox 2401 5669 2507 5724; x_wconf 87' lang='lat' dir='ltr'><strong>Aut</strong></span> <span class='ocrx_word' id='word_1_938' title='bbox 2549 5666 2676 5738; x_wconf 91' lang='lat' dir='ltr'><strong>quid</strong></span> <span class='ocrx_word' id='word_1_939' title='bbox 2719 5664 2870 5720; x_wconf 86' lang='lat' dir='ltr'><strong>obest</strong></span> <span class='ocrx_word' id='word_1_940' title='bbox 2909 5663 3117 5734; x_wconf 88' lang='lat' dir='ltr'><strong>lignea,</strong></span> <span class='ocrx_word' id='word_1_941' title='bbox 3155 5659 3202 5715; x_wconf 89' lang='lat' dir='ltr'><strong>si</strong></span> <span class='ocrx_word' id='word_1_942' title='bbox 3222 5660 3324 5714; x_wconf 82' lang='lat' dir='ltr'><strong>hoc</strong></span> <span class='ocrx_word' id='word_1_943' title='bbox 3349 5655 3566 5728; x_wconf 83' lang='lat' dir='ltr'><strong>potest?</strong></span> <span class='ocrx_word' id='word_1_944' title='bbox 3589 5656 3806 5728; x_wconf 88' lang='lat' dir='ltr'><strong>quando</strong></span> 
     </span>
    </p>
   </div>
   <div class='ocr_carea' id='block_1_121' title="bbox 2220 5748 3808 5834">
    <p class='ocr_par' dir='ltr' id='par_1_121' title="bbox 2220 5748 3808 5834">
     <span class='ocr_line' id='line_1_121' title="bbox 2220 5748 3808 5834; baseline -0.008 -14"><span class='ocrx_word' id='word_1_945' title='bbox 2220 5762 2351 5820; x_wconf 93' lang='lat' dir='ltr'><strong>nihil</strong></span> <span class='ocrx_word' id='word_1_946' title='bbox 2398 5760 2684 5834; x_wconf 61' lang='lat' dir='ltr'><strong>quaerimus</strong></span> <span class='ocrx_word' id='word_1_947' title='bbox 2725 5757 2825 5812; x_wconf 91' lang='lat' dir='ltr'><strong>nisi</strong></span> <span class='ocrx_word' id='word_1_948' title='bbox 2872 5761 3054 5826; x_wconf 84' lang='lat' dir='ltr'><strong>patere</strong></span> <span class='ocrx_word' id='word_1_949' title='bbox 3097 5750 3240 5823; x_wconf 90' lang='lat' dir='ltr'><strong>quod</strong></span> <span class='ocrx_word' id='word_1_950' title='bbox 3281 5750 3517 5808; x_wconf 84' lang='lat' dir='ltr'><strong>clausum</strong></span> <span class='ocrx_word' id='word_1_951' title='bbox 3551 5757 3654 5806; x_wconf 88' lang='lat' dir='ltr'><strong>est.</strong></span> <span class='ocrx_word' id='word_1_952' title='bbox 3692 5748 3808 5808; x_wconf 80' lang='lat' dir='ltr'><strong>Sed</strong></span> 
     </span>
    </p>
   </div>
  </div>
