  <div class='ocr_page' id='page_1' title='image "/cluster/home/n/w/nwhite01/storage/ocr_20150623/34/hvd.32044015706310/056.png"; bbox 0 0 4060 6452; ppageno 0'>
   <div class='ocr_carea' id='block_1_1' title="bbox 262 332 363 390">
    <p class='ocr_par' dir='ltr' id='par_1_1' title="bbox 262 332 363 390">
     <span class='ocr_line' id='line_1_1' title="bbox 262 332 363 390; baseline 0.03 -3"><span class='ocrx_word' id='word_1_1' title='bbox 262 332 363 390; x_wconf 68' lang='lat'><strong>£01</strong></span> 
     </span>
    </p>
   </div>
   <div class='ocr_carea' id='block_1_2' title="bbox 258 435 1851 521">
    <p class='ocr_par' dir='ltr' id='par_1_2' title="bbox 258 435 1851 521">
     <span class='ocr_line' id='line_1_2' title="bbox 258 435 1851 521; baseline -0.008 -18"><span class='ocrx_word' id='word_1_2' title='bbox 258 445 519 521; x_wconf 82' lang='lat' dir='ltr'><strong>quoniam</strong></span> <span class='ocrx_word' id='word_1_3' title='bbox 544 445 680 499; x_wconf 89' lang='lat' dir='ltr'><strong>inter</strong></span> <span class='ocrx_word' id='word_1_4' title='bbox 704 456 762 496; x_wconf 90' lang='lat' dir='ltr'><strong>se</strong></span> <span class='ocrx_word' id='word_1_5' title='bbox 792 438 985 494; x_wconf 99' lang='lat' dir='ltr'><strong>habent</strong></span> <span class='ocrx_word' id='word_1_6' title='bbox 1007 436 1310 492; x_wconf 79' lang='lat' dir='ltr'><strong>nonnullam</strong></span> <span class='ocrx_word' id='word_1_7' title='bbox 1338 435 1733 493; x_wconf 90' lang='lat' dir='ltr'><strong>similitudinem</strong></span> <span class='ocrx_word' id='word_1_8' title='bbox 1759 451 1851 491; x_wconf 91' lang='lat' dir='ltr'><strong>ve-</strong></span> 
     </span>
    </p>
   </div>
   <div class='ocr_carea' id='block_1_3' title="bbox 258 530 1850 606">
    <p class='ocr_par' dir='ltr' id='par_1_3' title="bbox 258 530 1850 606">
     <span class='ocr_line' id='line_1_3' title="bbox 258 530 1850 606; baseline -0.009 -10"><span class='ocrx_word' id='word_1_9' title='bbox 258 548 481 596; x_wconf 85' lang='lat' dir='ltr'><strong>scentes</strong></span> <span class='ocrx_word' id='word_1_10' title='bbox 509 546 665 606; x_wconf 88' lang='lat' dir='ltr'><strong>atque</strong></span> <span class='ocrx_word' id='word_1_11' title='bbox 689 533 984 596; x_wconf 87' lang='lat' dir='ltr'><strong>discentes,</strong></span> <span class='ocrx_word' id='word_1_12' title='bbox 1006 537 1222 600; x_wconf 92' lang='lat' dir='ltr'><strong>propter</strong></span> <span class='ocrx_word' id='word_1_13' title='bbox 1248 530 1452 584; x_wconf 89' lang='lat' dir='ltr'><strong>fastidia</strong></span> <span class='ocrx_word' id='word_1_14' title='bbox 1481 530 1850 599; x_wconf 86' lang='lat' dir='ltr'><strong>plurimorum,</strong></span> 
     </span>
    </p>
   </div>
   <div class='ocr_carea' id='block_1_4' title="bbox 256 623 1850 698">
    <p class='ocr_par' dir='ltr' id='par_1_4' title="bbox 256 623 1850 698">
     <span class='ocr_line' id='line_1_4' title="bbox 256 623 1850 698; baseline -0.006 -12"><span class='ocrx_word' id='word_1_15' title='bbox 256 632 421 686; x_wconf 85' lang='lat' dir='ltr'><strong>etiam</strong></span> <span class='ocrx_word' id='word_1_16' title='bbox 455 630 569 698; x_wconf 75' lang='lat' dir='ltr'><strong>ipsa</strong></span> <span class='ocrx_word' id='word_1_17' title='bbox 598 626 713 681; x_wconf 90' lang='lat' dir='ltr'><strong>sine</strong></span> <span class='ocrx_word' id='word_1_18' title='bbox 737 625 929 695; x_wconf 88' lang='lat' dir='ltr'><strong>quibus</strong></span> <span class='ocrx_word' id='word_1_19' title='bbox 954 623 1055 677; x_wconf 92' lang='lat' dir='ltr'><strong>vivi</strong></span> <span class='ocrx_word' id='word_1_20' title='bbox 1078 637 1179 677; x_wconf 94' lang='lat' dir='ltr'><strong>non</strong></span> <span class='ocrx_word' id='word_1_21' title='bbox 1205 630 1418 691; x_wconf 90' lang='lat' dir='ltr'><strong>potest,</strong></span> <span class='ocrx_word' id='word_1_22' title='bbox 1450 623 1697 679; x_wconf 88' lang='lat' dir='ltr'><strong>alimenta</strong></span> <span class='ocrx_word' id='word_1_23' title='bbox 1721 638 1850 678; x_wconf 91' lang='lat' dir='ltr'><strong>con-</strong></span> 
     </span>
    </p>
   </div>
   <div class='ocr_carea' id='block_1_5' title="bbox 257 718 630 775">
    <p class='ocr_par' dir='ltr' id='par_1_5' title="bbox 257 718 630 775">
     <span class='ocr_line' id='line_1_5' title="bbox 257 718 630 775; baseline -0.013 0"><span class='ocrx_word' id='word_1_24' title='bbox 257 718 453 775; x_wconf 88' lang='lat' dir='ltr'><strong>dienda</strong></span> <span class='ocrx_word' id='word_1_25' title='bbox 485 726 630 773; x_wconf 92' lang='lat' dir='ltr'><strong>sunt.</strong></span> 
     </span>
    </p>
   </div>
   <div class='ocr_carea' id='block_1_6' title="bbox 257 803 1842 875">
    <p class='ocr_par' dir='ltr' id='par_1_6' title="bbox 257 803 1842 875">
     <span class='ocr_line' id='line_1_6' title="bbox 257 803 1842 875; baseline -0.006 -7"><span class='ocrx_word' id='word_1_26' title='bbox 257 810 489 867; x_wconf 82' lang='lat' dir='ltr'><strong>CAPUT</strong></span> <span class='ocrx_word' id='word_1_27' title='bbox 524 808 634 863; x_wconf 81' lang='lat' dir='ltr'>XII.</span> <span class='ocrx_word' id='word_1_28' title='bbox 661 838 729 847; x_wconf 88' lang='lat'><strong>—</strong></span> <span class='ocrx_word' id='word_1_29' title='bbox 753 805 980 861; x_wconf 83' lang='lat' dir='ltr'><strong>Oratoris</strong></span> <span class='ocrx_word' id='word_1_30' title='bbox 1008 812 1079 858; x_wconf 87' lang='lat' dir='ltr'><strong>est</strong></span> <span class='ocrx_word' id='word_1_31' title='bbox 1099 804 1275 858; x_wconf 86' lang='lat' dir='ltr'><strong>docere</strong></span> <span class='ocrx_word' id='word_1_32' title='bbox 1296 847 1309 870; x_wconf 95' lang='lat'><strong>,</strong></span> <span class='ocrx_word' id='word_1_33' title='bbox 1339 803 1603 871; x_wconf 76' lang='lat' dir='ltr'><strong>delectare,</strong></span> <span class='ocrx_word' id='word_1_34' title='bbox 1629 806 1842 875; x_wconf 85' lang='lat' dir='ltr'><strong>ﬂectere,</strong></span> 
     </span>
    </p>
   </div>
   <div class='ocr_carea' id='block_1_7' title="bbox 324 894 1852 966">
    <p class='ocr_par' dir='ltr' id='par_1_7' title="bbox 324 894 1852 966">
     <span class='ocr_line' id='line_1_7' title="bbox 324 894 1852 966; baseline -0.003 -11"><span class='ocrx_word' id='word_1_35' title='bbox 324 918 394 955; x_wconf 74' lang='lat' dir='ltr'><strong>ex</strong></span> <span class='ocrx_word' id='word_1_36' title='bbox 422 900 683 966; x_wconf 77' lang='lat' dir='ltr'><strong>Cicerone,</strong></span> <span class='ocrx_word' id='word_1_37' title='bbox 712 899 777 952; x_wconf 86' lang='lat' dir='ltr'><strong>de</strong></span> <span class='ocrx_word' id='word_1_38' title='bbox 805 897 1036 951; x_wconf 85' lang='lat' dir='ltr'><strong>Oratore.</strong></span> <span class='ocrx_word' id='word_1_39' title='bbox 1069 895 1179 961; x_wconf 84' lang='lat' dir='ltr'><strong>Quo</strong></span> <span class='ocrx_word' id='word_1_40' title='bbox 1201 894 1349 950; x_wconf 87' lang='lat' dir='ltr'><strong>modo</strong></span> <span class='ocrx_word' id='word_1_41' title='bbox 1372 897 1480 950; x_wconf 72' lang='lat' dir='ltr'><strong>[nec</strong></span> <span class='ocrx_word' id='word_1_42' title='bbox 1499 897 1595 949; x_wconf 82' lang='lat' dir='ltr'><strong>tria</strong></span> <span class='ocrx_word' id='word_1_43' title='bbox 1612 906 1852 966; x_wconf 74' lang='lat' dir='ltr'><strong>prazstare</strong></span> 
     </span>
    </p>
   </div>
   <div class='ocr_carea' id='block_1_8' title="bbox 324 992 495 1045">
    <p class='ocr_par' dir='ltr' id='par_1_8' title="bbox 324 992 495 1045">
     <span class='ocr_line' id='line_1_8' title="bbox 324 992 495 1045; baseline -0.018 0"><span class='ocrx_word' id='word_1_44' title='bbox 324 992 495 1045; x_wconf 81' lang='lat' dir='ltr'><strong><em>debet.</em></strong></span> 
     </span>
    </p>
   </div>
   <div class='ocr_carea' id='block_1_9' title="bbox 323 1076 1848 1151">
    <p class='ocr_par' dir='ltr' id='par_1_9' title="bbox 323 1076 1848 1151">
     <span class='ocr_line' id='line_1_9' title="bbox 323 1076 1848 1151; baseline -0.005 -13"><span class='ocrx_word' id='word_1_45' title='bbox 323 1083 417 1138; x_wconf 73' lang='lat'><strong>27.</strong></span> <span class='ocrx_word' id='word_1_46' title='bbox 444 1082 589 1137; x_wconf 78' lang='lat' dir='ltr'><strong>Dixit</strong></span> <span class='ocrx_word' id='word_1_47' title='bbox 612 1095 739 1151; x_wconf 89' lang='lat' dir='ltr'><strong>ergo</strong></span> <span class='ocrx_word' id='word_1_48' title='bbox 759 1079 969 1151; x_wconf 88' lang='lat' dir='ltr'><strong>quidam</strong></span> <span class='ocrx_word' id='word_1_49' title='bbox 993 1078 1247 1149; x_wconf 86' lang='lat' dir='ltr'><strong>eloquens</strong></span> <span class='ocrx_word' id='word_1_50' title='bbox 1265 1120 1277 1143; x_wconf 94' lang='lat'><strong>,</strong></span> <span class='ocrx_word' id='word_1_51' title='bbox 1307 1086 1361 1133; x_wconf 88' lang='lat' dir='ltr'><strong>et</strong></span> <span class='ocrx_word' id='word_1_52' title='bbox 1384 1092 1568 1132; x_wconf 90' lang='lat' dir='ltr'><strong>verum</strong></span> <span class='ocrx_word' id='word_1_53' title='bbox 1594 1076 1755 1141; x_wconf 78' lang='lat' dir='ltr'><strong>dixit,</strong></span> <span class='ocrx_word' id='word_1_54' title='bbox 1779 1078 1848 1131; x_wconf 85' lang='lat' dir='ltr'><strong>ita</strong></span> 
     </span>
    </p>
   </div>
   <div class='ocr_carea' id='block_1_10' title="bbox 249 1169 1849 1241">
    <p class='ocr_par' dir='ltr' id='par_1_10' title="bbox 249 1169 1849 1241">
     <span class='ocr_line' id='line_1_10' title="bbox 249 1169 1849 1241; baseline -0.006 -9"><span class='ocrx_word' id='word_1_55' title='bbox 249 1177 436 1232; x_wconf 80' lang='lat' dir='ltr'><strong>dicere</strong></span> <span class='ocrx_word' id='word_1_56' title='bbox 469 1176 666 1230; x_wconf 84' lang='lat' dir='ltr'><strong><em>debere</em></strong></span> <span class='ocrx_word' id='word_1_57' title='bbox 691 1174 1024 1241; x_wconf 85' lang='lat' dir='ltr'><strong>eloquentem</strong></span> <span class='ocrx_word' id='word_1_58' title='bbox 1044 1213 1060 1238; x_wconf 97' lang='lat'><strong>,</strong></span> <span class='ocrx_word' id='word_1_59' title='bbox 1092 1178 1147 1224; x_wconf 93' lang='lat' dir='ltr'><strong>ut</strong></span> <span class='ocrx_word' id='word_1_60' title='bbox 1175 1170 1397 1236; x_wconf 92' lang='lat' dir='ltr'><strong>doceat,</strong></span> <span class='ocrx_word' id='word_1_61' title='bbox 1430 1179 1485 1223; x_wconf 90' lang='lat' dir='ltr'><strong>ut</strong></span> <span class='ocrx_word' id='word_1_62' title='bbox 1505 1169 1731 1224; x_wconf 89' lang='lat' dir='ltr'><strong>delectet</strong></span> <span class='ocrx_word' id='word_1_63' title='bbox 1750 1210 1763 1233; x_wconf 94' lang='lat'><strong>,</strong></span> <span class='ocrx_word' id='word_1_64' title='bbox 1793 1177 1849 1223; x_wconf 92' lang='lat' dir='ltr'><strong>ut</strong></span> 
     </span>
    </p>
   </div>
   <div class='ocr_carea' id='block_1_11' title="bbox 252 1260 1846 1326">
    <p class='ocr_par' dir='ltr' id='par_1_11' title="bbox 252 1260 1846 1326">
     <span class='ocr_line' id='line_1_11' title="bbox 252 1260 1846 1326; baseline -0.006 -3"><span class='ocrx_word' id='word_1_65' title='bbox 252 1269 456 1324; x_wconf 78' lang='lat' dir='ltr'><strong>flectat.</strong></span> <span class='ocrx_word' id='word_1_66' title='bbox 494 1265 692 1321; x_wconf 90' lang='lat' dir='ltr'><strong>Deinde</strong></span> <span class='ocrx_word' id='word_1_67' title='bbox 717 1264 918 1320; x_wconf 85' lang='lat' dir='ltr'><strong>addidit</strong></span> <span class='ocrx_word' id='word_1_68' title='bbox 946 1280 958 1315; x_wconf 93' lang='lat'><strong>:</strong></span> <span class='ocrx_word' id='word_1_69' title='bbox 990 1263 1184 1317; x_wconf 83' lang='lat' dir='ltr'><strong>Docere</strong></span> <span class='ocrx_word' id='word_1_70' title='bbox 1241 1262 1545 1316; x_wconf 76' lang='lat' dir='ltr'><strong>necessitatis</strong></span> <span class='ocrx_word' id='word_1_71' title='bbox 1574 1269 1674 1326; x_wconf 87' lang='lat' dir='ltr'><strong>est,</strong></span> <span class='ocrx_word' id='word_1_72' title='bbox 1706 1260 1846 1314; x_wconf 84' lang='lat' dir='ltr'><strong>dele-</strong></span> 
     </span>
    </p>
   </div>
   <div class='ocr_carea' id='block_1_12' title="bbox 248 1348 1841 1425">
    <p class='ocr_par' dir='ltr' id='par_1_12' title="bbox 248 1348 1841 1425">
     <span class='ocr_line' id='line_1_12' title="bbox 248 1348 1841 1425; baseline -0.004 -14"><span class='ocrx_word' id='word_1_73' title='bbox 248 1368 388 1411; x_wconf 84' lang='lat' dir='ltr'><strong>ctare</strong></span> <span class='ocrx_word' id='word_1_74' title='bbox 426 1356 709 1422; x_wconf 82' lang='lat' dir='ltr'><strong>suavitatis,</strong></span> <span class='ocrx_word' id='word_1_75' title='bbox 743 1356 940 1424; x_wconf 82' lang='lat' dir='ltr'><strong>ﬂectere</strong></span> <span class='ocrx_word' id='word_1_76' title='bbox 977 1353 1195 1406; x_wconf 72' lang='lat' dir='ltr'><strong>victoria:</strong></span> <span class='ocrx_word' id='word_1_77' title='bbox 1235 1350 1464 1425; x_wconf 82' lang='lat' dir='ltr'><strong>(Cicero,</strong></span> <span class='ocrx_word' id='word_1_78' title='bbox 1495 1352 1556 1404; x_wconf 86' lang='lat' dir='ltr'><strong>de</strong></span> <span class='ocrx_word' id='word_1_79' title='bbox 1584 1348 1841 1422; x_wconf 88' lang='lat' dir='ltr'><strong>Oratore).</strong></span> 
     </span>
    </p>
   </div>
   <div class='ocr_carea' id='block_1_13' title="bbox 250 1441 1847 1516">
    <p class='ocr_par' dir='ltr' id='par_1_13' title="bbox 250 1441 1847 1516">
     <span class='ocr_line' id='line_1_13' title="bbox 250 1441 1847 1516; baseline -0.006 -11"><span class='ocrx_word' id='word_1_80' title='bbox 250 1450 454 1505; x_wconf 78' lang='lat' dir='ltr'><strong>Horum</strong></span> <span class='ocrx_word' id='word_1_81' title='bbox 503 1449 659 1502; x_wconf 90' lang='lat' dir='ltr'><strong>trium</strong></span> <span class='ocrx_word' id='word_1_82' title='bbox 698 1445 838 1516; x_wconf 89' lang='lat' dir='ltr'><strong>quod</strong></span> <span class='ocrx_word' id='word_1_83' title='bbox 875 1444 1046 1514; x_wconf 87' lang='lat' dir='ltr'><strong>primo</strong></span> <span class='ocrx_word' id='word_1_84' title='bbox 1087 1445 1204 1497; x_wconf 93' lang='lat' dir='ltr'><strong>loco</strong></span> <span class='ocrx_word' id='word_1_85' title='bbox 1246 1443 1470 1511; x_wconf 90' lang='lat' dir='ltr'><strong>positum</strong></span> <span class='ocrx_word' id='word_1_86' title='bbox 1502 1449 1615 1506; x_wconf 88' lang='lat' dir='ltr'><strong>est,</strong></span> <span class='ocrx_word' id='word_1_87' title='bbox 1645 1441 1746 1495; x_wconf 91' lang='lat' dir='ltr'><strong>hoc</strong></span> <span class='ocrx_word' id='word_1_88' title='bbox 1765 1449 1847 1496; x_wconf 90' lang='lat' dir='ltr'><strong>est</strong></span> 
     </span>
    </p>
   </div>
   <div class='ocr_carea' id='block_1_14' title="bbox 249 1532 1845 1604">
    <p class='ocr_par' dir='ltr' id='par_1_14' title="bbox 249 1532 1845 1604">
     <span class='ocr_line' id='line_1_14' title="bbox 249 1532 1845 1604; baseline -0.007 -9"><span class='ocrx_word' id='word_1_89' title='bbox 249 1540 481 1596; x_wconf 86' lang='lat' dir='ltr'><strong>docendi</strong></span> <span class='ocrx_word' id='word_1_90' title='bbox 512 1538 836 1604; x_wconf 81' lang='lat' dir='ltr'><strong>necessitas,</strong></span> <span class='ocrx_word' id='word_1_91' title='bbox 870 1537 921 1590; x_wconf 93' lang='lat' dir='ltr'><strong>in</strong></span> <span class='ocrx_word' id='word_1_92' title='bbox 953 1536 1110 1590; x_wconf 88' lang='lat' dir='ltr'><strong>rebus</strong></span> <span class='ocrx_word' id='word_1_93' title='bbox 1138 1544 1219 1590; x_wconf 90' lang='lat' dir='ltr'><strong>est</strong></span> <span class='ocrx_word' id='word_1_94' title='bbox 1247 1534 1533 1588; x_wconf 89' lang='lat' dir='ltr'><strong>constituta</strong></span> <span class='ocrx_word' id='word_1_95' title='bbox 1557 1548 1689 1601; x_wconf 90' lang='lat' dir='ltr'><strong>quas</strong></span> <span class='ocrx_word' id='word_1_96' title='bbox 1710 1532 1845 1593; x_wconf 45' lang='lat' dir='ltr'><strong>dici-1</strong></span> 
     </span>
    </p>
   </div>
   <div class='ocr_carea' id='block_1_15' title="bbox 253 1625 1845 1701">
    <p class='ocr_par' dir='ltr' id='par_1_15' title="bbox 253 1625 1845 1701">
     <span class='ocr_line' id='line_1_15' title="bbox 253 1625 1845 1701; baseline -0.006 -13"><span class='ocrx_word' id='word_1_97' title='bbox 253 1648 408 1697; x_wconf 85' lang='lat' dir='ltr'><strong>mus;</strong></span> <span class='ocrx_word' id='word_1_98' title='bbox 440 1632 646 1701; x_wconf 89' lang='lat' dir='ltr'><strong>reliqua</strong></span> <span class='ocrx_word' id='word_1_99' title='bbox 677 1630 785 1685; x_wconf 91' lang='lat' dir='ltr'><strong>duo</strong></span> <span class='ocrx_word' id='word_1_100' title='bbox 804 1672 816 1696; x_wconf 94' lang='lat'><strong>,</strong></span> <span class='ocrx_word' id='word_1_101' title='bbox 848 1630 900 1684; x_wconf 91' lang='lat' dir='ltr'><strong>in</strong></span> <span class='ocrx_word' id='word_1_102' title='bbox 927 1628 1084 1683; x_wconf 90' lang='lat' dir='ltr'><strong>modo</strong></span> <span class='ocrx_word' id='word_1_103' title='bbox 1104 1642 1209 1698; x_wconf 92' lang='lat' dir='ltr'><strong>quo</strong></span> <span class='ocrx_word' id='word_1_104' title='bbox 1229 1627 1472 1682; x_wconf 85' lang='lat' dir='ltr'><strong>dicimus.</strong></span> <span class='ocrx_word' id='word_1_105' title='bbox 1496 1626 1594 1691; x_wconf 86' lang='lat' dir='ltr'><strong>Qui</strong></span> <span class='ocrx_word' id='word_1_106' title='bbox 1617 1640 1742 1696; x_wconf 87' lang='lat' dir='ltr'><strong>ergo</strong></span> <span class='ocrx_word' id='word_1_107' title='bbox 1764 1625 1845 1679; x_wconf 59' lang='lat' dir='ltr'><strong>di»</strong></span> 
     </span>
    </p>
   </div>
   <div class='ocr_carea' id='block_1_16' title="bbox 253 1718 1844 1789">
    <p class='ocr_par' dir='ltr' id='par_1_16' title="bbox 253 1718 1844 1789">
     <span class='ocr_line' id='line_1_16' title="bbox 253 1718 1844 1789; baseline -0.006 -10"><span class='ocrx_word' id='word_1_108' title='bbox 253 1724 323 1779; x_wconf 84' lang='lat' dir='ltr'><strong>cit</strong></span> <span class='ocrx_word' id='word_1_109' title='bbox 368 1738 495 1777; x_wconf 83' lang='lat' dir='ltr'><strong>cum</strong></span> <span class='ocrx_word' id='word_1_110' title='bbox 533 1722 729 1777; x_wconf 89' lang='lat' dir='ltr'><strong>docere</strong></span> <span class='ocrx_word' id='word_1_111' title='bbox 755 1720 900 1786; x_wconf 83' lang='lat' dir='ltr'><strong>vult,</strong></span> <span class='ocrx_word' id='word_1_112' title='bbox 929 1719 1175 1789; x_wconf 84' lang='lat' dir='ltr'><strong>quamdiu</strong></span> <span class='ocrx_word' id='word_1_113' title='bbox 1204 1734 1306 1772; x_wconf 91' lang='lat' dir='ltr'><strong>non</strong></span> <span class='ocrx_word' id='word_1_114' title='bbox 1336 1718 1678 1788; x_wconf 87' lang='lat' dir='ltr'><strong>intelligitur,</strong></span> <span class='ocrx_word' id='word_1_115' title='bbox 1711 1734 1844 1770; x_wconf 89' lang='lat' dir='ltr'><strong>non-</strong></span> 
     </span>
    </p>
   </div>
   <div class='ocr_carea' id='block_1_17' title="bbox 254 1808 1843 1879">
    <p class='ocr_par' dir='ltr' id='par_1_17' title="bbox 254 1808 1843 1879">
     <span class='ocr_line' id='line_1_17' title="bbox 254 1808 1843 1879; baseline -0.004 -10"><span class='ocrx_word' id='word_1_116' title='bbox 254 1824 375 1869; x_wconf 83' lang='lat' dir='ltr'><strong>dum</strong></span> <span class='ocrx_word' id='word_1_117' title='bbox 415 1827 479 1868; x_wconf 91' lang='lat' dir='ltr'><strong>se</strong></span> <span class='ocrx_word' id='word_1_118' title='bbox 516 1813 789 1867; x_wconf 91' lang='lat' dir='ltr'><strong>existimet</strong></span> <span class='ocrx_word' id='word_1_119' title='bbox 826 1811 1024 1866; x_wconf 83' lang='lat' dir='ltr'><strong>dixisse</strong></span> <span class='ocrx_word' id='word_1_120' title='bbox 1049 1810 1191 1879; x_wconf 90' lang='lat' dir='ltr'><strong>quod</strong></span> <span class='ocrx_word' id='word_1_121' title='bbox 1220 1811 1325 1863; x_wconf 85' lang='lat' dir='ltr'><strong>vult</strong></span> <span class='ocrx_word' id='word_1_122' title='bbox 1357 1810 1406 1864; x_wconf 91' lang='lat' dir='ltr'><strong>ei</strong></span> <span class='ocrx_word' id='word_1_123' title='bbox 1428 1825 1585 1879; x_wconf 85' lang='lat' dir='ltr'><strong>quem</strong></span> <span class='ocrx_word' id='word_1_124' title='bbox 1609 1810 1723 1863; x_wconf 87' lang='lat' dir='ltr'><strong>vult</strong></span> <span class='ocrx_word' id='word_1_125' title='bbox 1748 1808 1843 1864; x_wconf 82' lang='lat' dir='ltr'><strong>do-</strong></span> 
     </span>
    </p>
   </div>
   <div class='ocr_carea' id='block_1_18' title="bbox 256 1900 1843 1975">
    <p class='ocr_par' dir='ltr' id='par_1_18' title="bbox 256 1900 1843 1975">
     <span class='ocr_line' id='line_1_18' title="bbox 256 1900 1843 1975; baseline -0.003 -14"><span class='ocrx_word' id='word_1_126' title='bbox 256 1921 393 1962; x_wconf 84' lang='lat' dir='ltr'><strong>cere.</strong></span> <span class='ocrx_word' id='word_1_127' title='bbox 424 1907 562 1973; x_wconf 88' lang='lat' dir='ltr'><strong>Quia</strong></span> <span class='ocrx_word' id='word_1_128' title='bbox 593 1906 693 1960; x_wconf 86' lang='lat' dir='ltr'><strong>etsi</strong></span> <span class='ocrx_word' id='word_1_129' title='bbox 721 1904 854 1960; x_wconf 81' lang='lat' dir='ltr'><strong>dixit</strong></span> <span class='ocrx_word' id='word_1_130' title='bbox 881 1904 1019 1975; x_wconf 91' lang='lat' dir='ltr'><strong>quod</strong></span> <span class='ocrx_word' id='word_1_131' title='bbox 1049 1904 1162 1973; x_wconf 80' lang='lat' dir='ltr'><strong>ipse</strong></span> <span class='ocrx_word' id='word_1_132' title='bbox 1192 1904 1469 1973; x_wconf 84' lang='lat' dir='ltr'><strong>intelligit,</strong></span> <span class='ocrx_word' id='word_1_133' title='bbox 1502 1902 1737 1958; x_wconf 91' lang='lat' dir='ltr'><strong>nondum</strong></span> <span class='ocrx_word' id='word_1_134' title='bbox 1767 1900 1843 1956; x_wconf 86' lang='lat' dir='ltr'><strong>illi</strong></span> 
     </span>
    </p>
   </div>
   <div class='ocr_carea' id='block_1_19' title="bbox 252 1994 1841 2066">
    <p class='ocr_par' dir='ltr' id='par_1_19' title="bbox 252 1994 1841 2066">
     <span class='ocr_line' id='line_1_19' title="bbox 252 1994 1841 2066; baseline -0.002 -13"><span class='ocrx_word' id='word_1_135' title='bbox 252 1997 448 2053; x_wconf 80' lang='lat' dir='ltr'><strong>dixisse</strong></span> <span class='ocrx_word' id='word_1_136' title='bbox 496 1997 760 2066; x_wconf 83' lang='lat' dir='ltr'><strong>putandus</strong></span> <span class='ocrx_word' id='word_1_137' title='bbox 798 2006 919 2061; x_wconf 89' lang='lat' dir='ltr'><strong>est,</strong></span> <span class='ocrx_word' id='word_1_138' title='bbox 967 2010 997 2048; x_wconf 90' lang='lat' dir='ltr'><strong>a</strong></span> <span class='ocrx_word' id='word_1_139' title='bbox 1035 2011 1141 2065; x_wconf 92' lang='lat' dir='ltr'><strong>quo</strong></span> <span class='ocrx_word' id='word_1_140' title='bbox 1177 1996 1473 2050; x_wconf 90' lang='lat' dir='ltr'><strong>intellectus</strong></span> <span class='ocrx_word' id='word_1_141' title='bbox 1500 2010 1604 2049; x_wconf 95' lang='lat' dir='ltr'><strong>non</strong></span> <span class='ocrx_word' id='word_1_142' title='bbox 1635 2006 1715 2050; x_wconf 89' lang='lat' dir='ltr'><strong>est</strong></span> <span class='ocrx_word' id='word_1_143' title='bbox 1748 2013 1761 2049; x_wconf 90' lang='lat'><strong>:</strong></span> <span class='ocrx_word' id='word_1_144' title='bbox 1794 1994 1841 2050; x_wconf 87' lang='lat' dir='ltr'><strong>si</strong></span> 
     </span>
    </p>
   </div>
   <div class='ocr_carea' id='block_1_20' title="bbox 251 2084 1835 2155">
    <p class='ocr_par' dir='ltr' id='par_1_20' title="bbox 251 2084 1835 2155">
     <span class='ocr_line' id='line_1_20' title="bbox 251 2084 1835 2155; baseline -0.002 -14"><span class='ocrx_word' id='word_1_145' title='bbox 251 2102 374 2143; x_wconf 81' lang='lat' dir='ltr'><strong>vero</strong></span> <span class='ocrx_word' id='word_1_146' title='bbox 411 2087 715 2141; x_wconf 89' lang='lat' dir='ltr'><strong>intellectus</strong></span> <span class='ocrx_word' id='word_1_147' title='bbox 739 2094 853 2152; x_wconf 92' lang='lat' dir='ltr'><strong>est,</strong></span> <span class='ocrx_word' id='word_1_148' title='bbox 884 2100 1221 2155; x_wconf 60' lang='lat' dir='ltr'><strong>quocumque.</strong></span> <span class='ocrx_word' id='word_1_149' title='bbox 1244 2085 1404 2139; x_wconf 91' lang='lat' dir='ltr'><strong>modo</strong></span> <span class='ocrx_word' id='word_1_150' title='bbox 1430 2084 1657 2151; x_wconf 84' lang='lat' dir='ltr'><strong>dixerit,</strong></span> <span class='ocrx_word' id='word_1_151' title='bbox 1686 2084 1835 2139; x_wconf 80' lang='lat' dir='ltr'><strong>dixit.</strong></span> 
     </span>
    </p>
   </div>
   <div class='ocr_carea' id='block_1_21' title="bbox 250 2174 1838 2245">
    <p class='ocr_par' dir='ltr' id='par_1_21' title="bbox 250 2174 1838 2245">
     <span class='ocr_line' id='line_1_21' title="bbox 250 2174 1838 2245; baseline -0.003 -12"><span class='ocrx_word' id='word_1_152' title='bbox 250 2178 401 2245; x_wconf 87' lang='lat' dir='ltr'><strong>Quod</strong></span> <span class='ocrx_word' id='word_1_153' title='bbox 450 2178 495 2232; x_wconf 91' lang='lat' dir='ltr'><strong>si</strong></span> <span class='ocrx_word' id='word_1_154' title='bbox 543 2179 703 2233; x_wconf 91' lang='lat' dir='ltr'><strong>etiam</strong></span> <span class='ocrx_word' id='word_1_155' title='bbox 743 2177 1011 2232; x_wconf 81' lang='lat' dir='ltr'><strong>delectare</strong></span> <span class='ocrx_word' id='word_1_156' title='bbox 1038 2175 1152 2230; x_wconf 86' lang='lat' dir='ltr'><strong>vult</strong></span> <span class='ocrx_word' id='word_1_157' title='bbox 1175 2190 1295 2229; x_wconf 91' lang='lat' dir='ltr'><strong>eum</strong></span> <span class='ocrx_word' id='word_1_158' title='bbox 1322 2176 1407 2229; x_wconf 92' lang='lat' dir='ltr'><strong>cui</strong></span> <span class='ocrx_word' id='word_1_159' title='bbox 1437 2175 1597 2240; x_wconf 88' lang='lat' dir='ltr'><strong>dicit,</strong></span> <span class='ocrx_word' id='word_1_160' title='bbox 1629 2184 1719 2229; x_wconf 91' lang='lat' dir='ltr'><strong>aut</strong></span> <span class='ocrx_word' id='word_1_161' title='bbox 1747 2174 1838 2230; x_wconf 81' lang='lat' dir='ltr'><strong>ﬂe-</strong></span> 
     </span>
    </p>
   </div>
   <div class='ocr_carea' id='block_1_22' title="bbox 248 2264 1836 2338">
    <p class='ocr_par' dir='ltr' id='par_1_22' title="bbox 248 2264 1836 2338">
     <span class='ocr_line' id='line_1_22' title="bbox 248 2264 1836 2338; baseline -0.003 -15"><span class='ocrx_word' id='word_1_162' title='bbox 248 2277 392 2324; x_wconf 85' lang='lat' dir='ltr'><strong>ctere</strong></span> <span class='ocrx_word' id='word_1_163' title='bbox 419 2309 434 2333; x_wconf 92' lang='lat'><strong>,</strong></span> <span class='ocrx_word' id='word_1_164' title='bbox 471 2282 577 2322; x_wconf 92' lang='lat' dir='ltr'><strong>non</strong></span> <span class='ocrx_word' id='word_1_165' title='bbox 612 2281 946 2338; x_wconf 89' lang='lat' dir='ltr'><strong>quocumque</strong></span> <span class='ocrx_word' id='word_1_166' title='bbox 971 2265 1130 2320; x_wconf 89' lang='lat' dir='ltr'><strong>modo</strong></span> <span class='ocrx_word' id='word_1_167' title='bbox 1155 2264 1376 2331; x_wconf 82' lang='lat' dir='ltr'><strong>dixerit,</strong></span> <span class='ocrx_word' id='word_1_168' title='bbox 1410 2264 1603 2330; x_wconf 84' lang='lat' dir='ltr'><strong>faciet;</strong></span> <span class='ocrx_word' id='word_1_169' title='bbox 1635 2265 1728 2319; x_wconf 90' lang='lat' dir='ltr'><strong>sed</strong></span> <span class='ocrx_word' id='word_1_170' title='bbox 1752 2266 1836 2319; x_wconf 88' lang='lat' dir='ltr'><strong>in-</strong></span> 
     </span>
    </p>
   </div>
   <div class='ocr_carea' id='block_1_23' title="bbox 246 2355 1839 2427">
    <p class='ocr_par' dir='ltr' id='par_1_23' title="bbox 246 2355 1839 2427">
     <span class='ocr_line' id='line_1_23' title="bbox 246 2355 1839 2427; baseline -0.003 -14"><span class='ocrx_word' id='word_1_171' title='bbox 246 2366 411 2413; x_wconf 88' lang='lat' dir='ltr'><strong>terest</strong></span> <span class='ocrx_word' id='word_1_172' title='bbox 453 2357 725 2427; x_wconf 87' lang='lat' dir='ltr'><strong>quomodo</strong></span> <span class='ocrx_word' id='word_1_173' title='bbox 761 2356 935 2423; x_wconf 85' lang='lat' dir='ltr'><strong>dicat,</strong></span> <span class='ocrx_word' id='word_1_174' title='bbox 981 2363 1041 2409; x_wconf 85' lang='lat' dir='ltr'><strong>ut</strong></span> <span class='ocrx_word' id='word_1_175' title='bbox 1063 2355 1240 2409; x_wconf 87' lang='lat' dir='ltr'><strong>faciat.</strong></span> <span class='ocrx_word' id='word_1_176' title='bbox 1268 2355 1415 2410; x_wconf 87' lang='lat' dir='ltr'><strong>Sicut</strong></span> <span class='ocrx_word' id='word_1_177' title='bbox 1436 2364 1519 2409; x_wconf 89' lang='lat' dir='ltr'><strong>est</strong></span> <span class='ocrx_word' id='word_1_178' title='bbox 1544 2364 1751 2420; x_wconf 90' lang='lat' dir='ltr'><strong>autem,</strong></span> <span class='ocrx_word' id='word_1_179' title='bbox 1782 2364 1839 2409; x_wconf 92' lang='lat' dir='ltr'><strong>ut</strong></span> 
     </span>
    </p>
   </div>
   <div class='ocr_carea' id='block_1_24' title="bbox 247 2445 1839 2513">
    <p class='ocr_par' dir='ltr' id='par_1_24' title="bbox 247 2445 1839 2513">
     <span class='ocr_line' id='line_1_24' title="bbox 247 2445 1839 2513; baseline -0.003 -9"><span class='ocrx_word' id='word_1_180' title='bbox 247 2457 496 2504; x_wconf 82' lang='lat' dir='ltr'><strong>teneatur</strong></span> <span class='ocrx_word' id='word_1_181' title='bbox 521 2448 589 2501; x_wconf 88' lang='lat' dir='ltr'><strong>ad</strong></span> <span class='ocrx_word' id='word_1_182' title='bbox 618 2446 937 2502; x_wconf 90' lang='lat' dir='ltr'><strong>audiendum</strong></span> <span class='ocrx_word' id='word_1_183' title='bbox 955 2488 969 2513; x_wconf 94' lang='lat'><strong>,</strong></span> <span class='ocrx_word' id='word_1_184' title='bbox 1001 2445 1342 2500; x_wconf 89' lang='lat' dir='ltr'><strong>delectandus</strong></span> <span class='ocrx_word' id='word_1_185' title='bbox 1366 2445 1612 2511; x_wconf 89' lang='lat' dir='ltr'><strong>auditor;</strong></span> <span class='ocrx_word' id='word_1_186' title='bbox 1642 2445 1714 2499; x_wconf 92' lang='lat' dir='ltr'><strong>ita</strong></span> <span class='ocrx_word' id='word_1_187' title='bbox 1741 2445 1839 2500; x_wconf 84' lang='lat' dir='ltr'><strong>ﬂe-</strong></span> 
     </span>
    </p>
   </div>
   <div class='ocr_carea' id='block_1_25' title="bbox 245 2535 1835 2605">
    <p class='ocr_par' dir='ltr' id='par_1_25' title="bbox 245 2535 1835 2605">
     <span class='ocr_line' id='line_1_25' title="bbox 245 2535 1835 2605; baseline -0.003 -11"><span class='ocrx_word' id='word_1_188' title='bbox 245 2538 469 2594; x_wconf 89' lang='lat' dir='ltr'><strong>ctendus</strong></span> <span class='ocrx_word' id='word_1_189' title='bbox 488 2581 505 2605; x_wconf 89' lang='lat'><strong>,</strong></span> <span class='ocrx_word' id='word_1_190' title='bbox 545 2548 601 2593; x_wconf 89' lang='lat' dir='ltr'><strong>ut</strong></span> <span class='ocrx_word' id='word_1_191' title='bbox 642 2545 918 2592; x_wconf 80' lang='lat' dir='ltr'><strong>moveatur</strong></span> <span class='ocrx_word' id='word_1_192' title='bbox 947 2535 1015 2590; x_wconf 81' lang='lat' dir='ltr'><strong>ad</strong></span> <span class='ocrx_word' id='word_1_193' title='bbox 1044 2535 1324 2605; x_wconf 81' lang='lat' dir='ltr'><strong>agendum.</strong></span> <span class='ocrx_word' id='word_1_194' title='bbox 1355 2536 1421 2603; x_wconf 82' lang='lat' dir='ltr'><strong>Et</strong></span> <span class='ocrx_word' id='word_1_195' title='bbox 1442 2536 1580 2590; x_wconf 90' lang='lat' dir='ltr'><strong>sicut</strong></span> <span class='ocrx_word' id='word_1_196' title='bbox 1604 2536 1835 2591; x_wconf 86' lang='lat' dir='ltr'><strong>delecta-</strong></span> 
     </span>
    </p>
   </div>
   <div class='ocr_carea' id='block_1_26' title="bbox 246 2624 1836 2697">
    <p class='ocr_par' dir='ltr' id='par_1_26' title="bbox 246 2624 1836 2697">
     <span class='ocr_line' id='line_1_26' title="bbox 246 2624 1836 2697; baseline -0.002 -14"><span class='ocrx_word' id='word_1_197' title='bbox 246 2638 361 2693; x_wconf 91' lang='lat' dir='ltr'><strong>tur,</strong></span> <span class='ocrx_word' id='word_1_198' title='bbox 409 2630 459 2683; x_wconf 87' lang='lat' dir='ltr'><strong>si</strong></span> <span class='ocrx_word' id='word_1_199' title='bbox 503 2627 738 2683; x_wconf 88' lang='lat' dir='ltr'><strong>suaviter</strong></span> <span class='ocrx_word' id='word_1_200' title='bbox 762 2627 1032 2697; x_wconf 87' lang='lat' dir='ltr'><strong>loquaris;</strong></span> <span class='ocrx_word' id='word_1_201' title='bbox 1062 2627 1132 2680; x_wconf 88' lang='lat' dir='ltr'><strong>ita</strong></span> <span class='ocrx_word' id='word_1_202' title='bbox 1158 2624 1387 2680; x_wconf 89' lang='lat' dir='ltr'><strong>ﬂectitur</strong></span> <span class='ocrx_word' id='word_1_203' title='bbox 1408 2667 1422 2693; x_wconf 92' lang='lat'><strong>,</strong></span> <span class='ocrx_word' id='word_1_204' title='bbox 1455 2627 1499 2680; x_wconf 89' lang='lat' dir='ltr'><strong>si</strong></span> <span class='ocrx_word' id='word_1_205' title='bbox 1530 2634 1672 2680; x_wconf 89' lang='lat' dir='ltr'><strong>amet</strong></span> <span class='ocrx_word' id='word_1_206' title='bbox 1696 2626 1836 2694; x_wconf 91' lang='lat' dir='ltr'><strong>quod</strong></span> 
     </span>
    </p>
   </div>
   <div class='ocr_carea' id='block_1_27' title="bbox 246 2716 1832 2790">
    <p class='ocr_par' dir='ltr' id='par_1_27' title="bbox 246 2716 1832 2790">
     <span class='ocr_line' id='line_1_27' title="bbox 246 2716 1832 2790; baseline 0 -18"><span class='ocrx_word' id='word_1_207' title='bbox 246 2719 515 2790; x_wconf 89' lang='lat' dir='ltr'><strong>polliceris</strong></span> <span class='ocrx_word' id='word_1_208' title='bbox 534 2761 549 2783; x_wconf 94' lang='lat'><strong>,</strong></span> <span class='ocrx_word' id='word_1_209' title='bbox 592 2720 773 2773; x_wconf 89' lang='lat' dir='ltr'><strong>timeat</strong></span> <span class='ocrx_word' id='word_1_210' title='bbox 800 2716 943 2788; x_wconf 92' lang='lat' dir='ltr'><strong>quod</strong></span> <span class='ocrx_word' id='word_1_211' title='bbox 971 2717 1222 2781; x_wconf 89' lang='lat' dir='ltr'><strong>minaris,</strong></span> <span class='ocrx_word' id='word_1_212' title='bbox 1254 2717 1429 2772; x_wconf 89' lang='lat' dir='ltr'><strong>oderit</strong></span> <span class='ocrx_word' id='word_1_213' title='bbox 1457 2717 1597 2786; x_wconf 92' lang='lat' dir='ltr'><strong>quod</strong></span> <span class='ocrx_word' id='word_1_214' title='bbox 1622 2718 1798 2787; x_wconf 83' lang='lat' dir='ltr'><strong>arguis</strong></span> <span class='ocrx_word' id='word_1_215' title='bbox 1816 2759 1832 2783; x_wconf 93' lang='lat'><strong>,</strong></span> 
     </span>
    </p>
   </div>
   <div class='ocr_carea' id='block_1_28' title="bbox 245 2807 1834 2881">
    <p class='ocr_par' dir='ltr' id='par_1_28' title="bbox 245 2807 1834 2881">
     <span class='ocr_line' id='line_1_28' title="bbox 245 2807 1834 2881; baseline -0.004 -15"><span class='ocrx_word' id='word_1_216' title='bbox 245 2811 382 2881; x_wconf 87' lang='lat' dir='ltr'><strong>quod</strong></span> <span class='ocrx_word' id='word_1_217' title='bbox 408 2809 760 2864; x_wconf 83' lang='lat' dir='ltr'><strong>commendas</strong></span> <span class='ocrx_word' id='word_1_218' title='bbox 788 2808 1166 2878; x_wconf 86' lang='lat' dir='ltr'><strong>amplectatur,</strong></span> <span class='ocrx_word' id='word_1_219' title='bbox 1192 2807 1331 2877; x_wconf 88' lang='lat' dir='ltr'><strong>quod</strong></span> <span class='ocrx_word' id='word_1_220' title='bbox 1358 2807 1642 2862; x_wconf 89' lang='lat' dir='ltr'><strong>dolendum</strong></span> <span class='ocrx_word' id='word_1_221' title='bbox 1673 2823 1834 2878; x_wconf 85' lang='lat' dir='ltr'><strong>exag-</strong></span> 
     </span>
    </p>
   </div>
   <div class='ocr_carea' id='block_1_29' title="bbox 245 2898 1831 2971">
    <p class='ocr_par' dir='ltr' id='par_1_29' title="bbox 245 2898 1831 2971">
     <span class='ocr_line' id='line_1_29' title="bbox 245 2898 1831 2971; baseline -0.002 -16"><span class='ocrx_word' id='word_1_222' title='bbox 245 2916 397 2971; x_wconf 84' lang='lat' dir='ltr'><strong>geras</strong></span> <span class='ocrx_word' id='word_1_223' title='bbox 424 2900 645 2964; x_wconf 82' lang='lat' dir='ltr'><strong>doleat;</strong></span> <span class='ocrx_word' id='word_1_224' title='bbox 677 2915 794 2954; x_wconf 89' lang='lat' dir='ltr'><strong>cum</strong></span> <span class='ocrx_word' id='word_1_225' title='bbox 822 2899 944 2969; x_wconf 90' lang='lat' dir='ltr'><strong>quid</strong></span> <span class='ocrx_word' id='word_1_226' title='bbox 975 2899 1257 2953; x_wconf 68' lang='lat' dir='ltr'><strong>laetandum</strong></span> <span class='ocrx_word' id='word_1_227' title='bbox 1288 2898 1544 2967; x_wconf 56' lang='lat' dir='ltr'><strong>praedicas</strong></span> <span class='ocrx_word' id='word_1_228' title='bbox 1568 2899 1831 2968; x_wconf 87' lang='lat' dir='ltr'><strong>gaudeat,</strong></span> 
     </span>
    </p>
   </div>
   <div class='ocr_carea' id='block_1_30' title="bbox 246 2991 1837 3060">
    <p class='ocr_par' dir='ltr' id='par_1_30' title="bbox 246 2991 1837 3060">
     <span class='ocr_line' id='line_1_30' title="bbox 246 2991 1837 3060; baseline 0 -14"><span class='ocrx_word' id='word_1_229' title='bbox 246 2994 563 3047; x_wconf 82' lang='lat' dir='ltr'><strong>misereatur</strong></span> <span class='ocrx_word' id='word_1_230' title='bbox 601 3006 785 3046; x_wconf 89' lang='lat' dir='ltr'><strong>eorum</strong></span> <span class='ocrx_word' id='word_1_231' title='bbox 829 3005 962 3060; x_wconf 91' lang='lat' dir='ltr'><strong>quos</strong></span> <span class='ocrx_word' id='word_1_232' title='bbox 1006 2991 1336 3044; x_wconf 89' lang='lat' dir='ltr'><strong>miserandos</strong></span> <span class='ocrx_word' id='word_1_233' title='bbox 1383 3000 1504 3045; x_wconf 90' lang='lat' dir='ltr'><strong>ante</strong></span> <span class='ocrx_word' id='word_1_234' title='bbox 1546 2991 1729 3045; x_wconf 90' lang='lat' dir='ltr'><strong>oculos</strong></span> <span class='ocrx_word' id='word_1_235' title='bbox 1756 2991 1837 3046; x_wconf 89' lang='lat' dir='ltr'><strong>di-</strong></span> 
     </span>
    </p>
   </div>
   <div class='ocr_carea' id='block_1_31' title="bbox 246 3080 1836 3152">
    <p class='ocr_par' dir='ltr' id='par_1_31' title="bbox 246 3080 1836 3152">
     <span class='ocr_line' id='line_1_31' title="bbox 246 3080 1836 3152; baseline -0.002 -12"><span class='ocrx_word' id='word_1_236' title='bbox 246 3084 416 3141; x_wconf 87' lang='lat' dir='ltr'><strong>cendo</strong></span> <span class='ocrx_word' id='word_1_237' title='bbox 457 3084 772 3149; x_wconf 89' lang='lat' dir='ltr'><strong>constituis,</strong></span> <span class='ocrx_word' id='word_1_238' title='bbox 814 3080 976 3152; x_wconf 83' lang='lat' dir='ltr'><strong>fugiat</strong></span> <span class='ocrx_word' id='word_1_239' title='bbox 1015 3098 1107 3135; x_wconf 89' lang='lat' dir='ltr'><strong>eos</strong></span> <span class='ocrx_word' id='word_1_240' title='bbox 1140 3097 1273 3150; x_wconf 88' lang='lat' dir='ltr'><strong>quos</strong></span> <span class='ocrx_word' id='word_1_241' title='bbox 1302 3082 1566 3137; x_wconf 88' lang='lat' dir='ltr'><strong>cavendos</strong></span> <span class='ocrx_word' id='word_1_242' title='bbox 1590 3082 1836 3137; x_wconf 90' lang='lat' dir='ltr'><strong>terrendo</strong></span> 
     </span>
    </p>
   </div>
   <div class='ocr_carea' id='block_1_32' title="bbox 245 3170 1834 3247">
    <p class='ocr_par' dir='ltr' id='par_1_32' title="bbox 245 3170 1834 3247">
     <span class='ocr_line' id='line_1_32' title="bbox 245 3170 1834 3247; baseline -0.003 -17"><span class='ocrx_word' id='word_1_243' title='bbox 245 3176 544 3247; x_wconf 85' lang='lat' dir='ltr'><strong>proponis;</strong></span> <span class='ocrx_word' id='word_1_244' title='bbox 595 3182 653 3229; x_wconf 90' lang='lat' dir='ltr'><strong>et</strong></span> <span class='ocrx_word' id='word_1_245' title='bbox 696 3172 949 3243; x_wconf 88' lang='lat' dir='ltr'><strong>quidquid</strong></span> <span class='ocrx_word' id='word_1_246' title='bbox 996 3171 1138 3225; x_wconf 90' lang='lat' dir='ltr'><strong>aliud</strong></span> <span class='ocrx_word' id='word_1_247' title='bbox 1186 3171 1369 3239; x_wconf 85' lang='lat' dir='ltr'><strong>grandi</strong></span> <span class='ocrx_word' id='word_1_248' title='bbox 1396 3171 1695 3240; x_wconf 87' lang='lat' dir='ltr'><strong>eloquentia</strong></span> <span class='ocrx_word' id='word_1_249' title='bbox 1722 3170 1834 3226; x_wconf 82' lang='lat' dir='ltr'><strong>fieri</strong></span> 
     </span>
    </p>
   </div>
   <div class='ocr_carea' id='block_1_33' title="bbox 246 3260 1835 3338">
    <p class='ocr_par' dir='ltr' id='par_1_33' title="bbox 246 3260 1835 3338">
     <span class='ocr_line' id='line_1_33' title="bbox 246 3260 1835 3338; baseline -0.003 -18"><span class='ocrx_word' id='word_1_250' title='bbox 246 3274 423 3338; x_wconf 86' lang='lat' dir='ltr'><strong>potest</strong></span> <span class='ocrx_word' id='word_1_251' title='bbox 450 3265 519 3319; x_wconf 89' lang='lat' dir='ltr'><strong>ad</strong></span> <span class='ocrx_word' id='word_1_252' title='bbox 545 3262 954 3318; x_wconf 88' lang='lat' dir='ltr'><strong>commovendos</strong></span> <span class='ocrx_word' id='word_1_253' title='bbox 980 3261 1186 3315; x_wconf 90' lang='lat' dir='ltr'><strong>animos</strong></span> <span class='ocrx_word' id='word_1_254' title='bbox 1207 3261 1509 3316; x_wconf 90' lang='lat' dir='ltr'><strong>auditorum</strong></span> <span class='ocrx_word' id='word_1_255' title='bbox 1527 3302 1541 3326; x_wconf 92' lang='lat'><strong>,</strong></span> <span class='ocrx_word' id='word_1_256' title='bbox 1579 3277 1683 3316; x_wconf 94' lang='lat' dir='ltr'><strong>non</strong></span> <span class='ocrx_word' id='word_1_257' title='bbox 1711 3260 1835 3332; x_wconf 93' lang='lat' dir='ltr'><strong>quid</strong></span> 
     </span>
    </p>
   </div>
   <div class='ocr_carea' id='block_1_34' title="bbox 248 3354 1833 3428">
    <p class='ocr_par' dir='ltr' id='par_1_34' title="bbox 248 3354 1833 3428">
     <span class='ocr_line' id='line_1_34' title="bbox 248 3354 1833 3428; baseline 0 -17"><span class='ocrx_word' id='word_1_258' title='bbox 248 3358 515 3428; x_wconf 80' lang='lat' dir='ltr'><strong>agendum</strong></span> <span class='ocrx_word' id='word_1_259' title='bbox 561 3358 630 3411; x_wconf 87' lang='lat' dir='ltr'><strong>sit</strong></span> <span class='ocrx_word' id='word_1_260' title='bbox 668 3364 726 3411; x_wconf 93' lang='lat' dir='ltr'><strong>ut</strong></span> <span class='ocrx_word' id='word_1_261' title='bbox 767 3355 936 3411; x_wconf 87' lang='lat' dir='ltr'><strong>sciant</strong></span> <span class='ocrx_word' id='word_1_262' title='bbox 959 3396 974 3422; x_wconf 97' lang='lat'><strong>,</strong></span> <span class='ocrx_word' id='word_1_263' title='bbox 1021 3354 1115 3410; x_wconf 92' lang='lat' dir='ltr'><strong>sed</strong></span> <span class='ocrx_word' id='word_1_264' title='bbox 1145 3364 1200 3409; x_wconf 91' lang='lat' dir='ltr'><strong>ut</strong></span> <span class='ocrx_word' id='word_1_265' title='bbox 1220 3362 1378 3425; x_wconf 88' lang='lat' dir='ltr'><strong>agant</strong></span> <span class='ocrx_word' id='word_1_266' title='bbox 1403 3354 1546 3426; x_wconf 88' lang='lat' dir='ltr'><strong>quod</strong></span> <span class='ocrx_word' id='word_1_267' title='bbox 1571 3355 1833 3426; x_wconf 89' lang='lat' dir='ltr'><strong>agendum</strong></span> 
     </span>
    </p>
   </div>
   <div class='ocr_carea' id='block_1_35' title="bbox 247 3450 726 3518">
    <p class='ocr_par' dir='ltr' id='par_1_35' title="bbox 247 3450 726 3518">
     <span class='ocr_line' id='line_1_35' title="bbox 247 3450 726 3518; baseline -0.01 -12"><span class='ocrx_word' id='word_1_268' title='bbox 247 3465 363 3505; x_wconf 86' lang='lat' dir='ltr'><strong>esse</strong></span> <span class='ocrx_word' id='word_1_269' title='bbox 387 3450 508 3518; x_wconf 88' lang='lat' dir='ltr'><strong>jam</strong></span> <span class='ocrx_word' id='word_1_270' title='bbox 538 3450 726 3504; x_wconf 84' lang='lat' dir='ltr'><strong>sciunt.</strong></span> 
     </span>
    </p>
   </div>
   <div class='ocr_carea' id='block_1_36' title="bbox 312 3536 1835 3608">
    <p class='ocr_par' dir='ltr' id='par_1_36' title="bbox 312 3536 1835 3608">
     <span class='ocr_line' id='line_1_36' title="bbox 312 3536 1835 3608; baseline -0.001 -14"><span class='ocrx_word' id='word_1_271' title='bbox 312 3541 410 3596; x_wconf 72' lang='lat'><strong>28.</strong></span> <span class='ocrx_word' id='word_1_272' title='bbox 453 3540 512 3595; x_wconf 82' lang='lat' dir='ltr'><strong>Si</strong></span> <span class='ocrx_word' id='word_1_273' title='bbox 539 3550 708 3594; x_wconf 89' lang='lat' dir='ltr'><strong>autem</strong></span> <span class='ocrx_word' id='word_1_274' title='bbox 736 3538 907 3593; x_wconf 91' lang='lat' dir='ltr'><strong>adhuc</strong></span> <span class='ocrx_word' id='word_1_275' title='bbox 934 3537 1205 3603; x_wconf 89' lang='lat' dir='ltr'><strong>nesciunt,</strong></span> <span class='ocrx_word' id='word_1_276' title='bbox 1237 3538 1382 3606; x_wconf 91' lang='lat' dir='ltr'><strong>prius</strong></span> <span class='ocrx_word' id='word_1_277' title='bbox 1408 3537 1589 3608; x_wconf 89' lang='lat' dir='ltr'><strong>utique</strong></span> <span class='ocrx_word' id='word_1_278' title='bbox 1610 3536 1835 3593; x_wconf 90' lang='lat' dir='ltr'><strong>docendi</strong></span> 
     </span>
    </p>
   </div>
   <div class='ocr_carea' id='block_1_37' title="bbox 248 3628 1835 3702">
    <p class='ocr_par' dir='ltr' id='par_1_37' title="bbox 248 3628 1835 3702">
     <span class='ocr_line' id='line_1_37' title="bbox 248 3628 1835 3702; baseline -0.001 -16"><span class='ocrx_word' id='word_1_279' title='bbox 248 3641 371 3686; x_wconf 89' lang='lat' dir='ltr'><strong>sunt</strong></span> <span class='ocrx_word' id='word_1_280' title='bbox 414 3646 577 3702; x_wconf 88' lang='lat' dir='ltr'><strong>quam</strong></span> <span class='ocrx_word' id='word_1_281' title='bbox 622 3629 883 3690; x_wconf 81' lang='lat' dir='ltr'><strong>movendi.</strong></span> <span class='ocrx_word' id='word_1_282' title='bbox 934 3629 999 3683; x_wconf 88' lang='lat' dir='ltr'><strong>Et</strong></span> <span class='ocrx_word' id='word_1_283' title='bbox 1024 3629 1247 3684; x_wconf 79' lang='lat' dir='ltr'><strong>fortasse</strong></span> <span class='ocrx_word' id='word_1_284' title='bbox 1271 3628 1431 3685; x_wconf 88' lang='lat' dir='ltr'><strong>rebus</strong></span> <span class='ocrx_word' id='word_1_285' title='bbox 1457 3629 1585 3698; x_wconf 90' lang='lat' dir='ltr'><strong>ipsis</strong></span> <span class='ocrx_word' id='word_1_286' title='bbox 1610 3630 1835 3700; x_wconf 78' lang='lat' dir='ltr'><strong>cognitis</strong></span> 
     </span>
    </p>
   </div>
   <div class='ocr_carea' id='block_1_38' title="bbox 249 3720 1835 3791">
    <p class='ocr_par' dir='ltr' id='par_1_38' title="bbox 249 3720 1835 3791">
     <span class='ocr_line' id='line_1_38' title="bbox 249 3720 1835 3791; baseline 0.001 -16"><span class='ocrx_word' id='word_1_287' title='bbox 249 3722 315 3775; x_wconf 83' lang='lat' dir='ltr'><strong>ita</strong></span> <span class='ocrx_word' id='word_1_288' title='bbox 367 3720 754 3786; x_wconf 88' lang='lat' dir='ltr'><strong>movebuntur,</strong></span> <span class='ocrx_word' id='word_1_289' title='bbox 800 3730 856 3774; x_wconf 94' lang='lat' dir='ltr'><strong>ut</strong></span> <span class='ocrx_word' id='word_1_290' title='bbox 896 3734 989 3775; x_wconf 92' lang='lat' dir='ltr'><strong>eos</strong></span> <span class='ocrx_word' id='word_1_291' title='bbox 1021 3735 1126 3775; x_wconf 88' lang='lat' dir='ltr'><strong>non</strong></span> <span class='ocrx_word' id='word_1_292' title='bbox 1156 3736 1288 3789; x_wconf 91' lang='lat' dir='ltr'><strong>opus</strong></span> <span class='ocrx_word' id='word_1_293' title='bbox 1314 3722 1383 3775; x_wconf 91' lang='lat' dir='ltr'><strong>sit</strong></span> <span class='ocrx_word' id='word_1_294' title='bbox 1406 3721 1698 3791; x_wconf 85' lang='lat' dir='ltr'><strong>majoribus</strong></span> <span class='ocrx_word' id='word_1_295' title='bbox 1721 3722 1835 3777; x_wconf 90' lang='lat' dir='ltr'><strong>elo-</strong></span> 
     </span>
    </p>
   </div>
   <div class='ocr_carea' id='block_1_39' title="bbox 250 3813 1835 3885">
    <p class='ocr_par' dir='ltr' id='par_1_39' title="bbox 250 3813 1835 3885">
     <span class='ocr_line' id='line_1_39' title="bbox 250 3813 1835 3885; baseline 0 -16"><span class='ocrx_word' id='word_1_296' title='bbox 250 3816 483 3885; x_wconf 83' lang='lat' dir='ltr'><strong>quentia:</strong></span> <span class='ocrx_word' id='word_1_297' title='bbox 520 3814 718 3868; x_wconf 90' lang='lat' dir='ltr'><strong>viribus</strong></span> <span class='ocrx_word' id='word_1_298' title='bbox 748 3813 858 3883; x_wconf 88' lang='lat' dir='ltr'><strong>jam</strong></span> <span class='ocrx_word' id='word_1_299' title='bbox 912 3813 1133 3868; x_wconf 89' lang='lat' dir='ltr'><strong>moveri.</strong></span> <span class='ocrx_word' id='word_1_300' title='bbox 1164 3813 1319 3879; x_wconf 85' lang='lat' dir='ltr'><strong>Quod</strong></span> <span class='ocrx_word' id='word_1_301' title='bbox 1349 3822 1523 3869; x_wconf 84' lang='lat' dir='ltr'><strong>tamen</strong></span> <span class='ocrx_word' id='word_1_302' title='bbox 1552 3829 1674 3869; x_wconf 88' lang='lat' dir='ltr'><strong>cum</strong></span> <span class='ocrx_word' id='word_1_303' title='bbox 1703 3829 1835 3884; x_wconf 91' lang='lat' dir='ltr'><strong>opus</strong></span> 
     </span>
    </p>
   </div>
   <div class='ocr_carea' id='block_1_40' title="bbox 249 3905 1833 3977">
    <p class='ocr_par' dir='ltr' id='par_1_40' title="bbox 249 3905 1833 3977">
     <span class='ocr_line' id='line_1_40' title="bbox 249 3905 1833 3977; baseline -0.001 -16"><span class='ocrx_word' id='word_1_304' title='bbox 249 3915 330 3961; x_wconf 86' lang='lat' dir='ltr'><strong>est</strong></span> <span class='ocrx_word' id='word_1_305' title='bbox 349 3949 364 3973; x_wconf 91' lang='lat'><strong>,</strong></span> <span class='ocrx_word' id='word_1_306' title='bbox 398 3905 695 3961; x_wconf 87' lang='lat' dir='ltr'><strong>faciendum</strong></span> <span class='ocrx_word' id='word_1_307' title='bbox 725 3914 806 3961; x_wconf 89' lang='lat' dir='ltr'><strong>est</strong></span> <span class='ocrx_word' id='word_1_308' title='bbox 829 3923 841 3958; x_wconf 93' lang='lat'>:</span> <span class='ocrx_word' id='word_1_309' title='bbox 865 3915 989 3960; x_wconf 89' lang='lat' dir='ltr'><strong>tunc</strong></span> <span class='ocrx_word' id='word_1_310' title='bbox 1009 3914 1183 3961; x_wconf 89' lang='lat' dir='ltr'><strong>autem</strong></span> <span class='ocrx_word' id='word_1_311' title='bbox 1206 3919 1339 3975; x_wconf 91' lang='lat' dir='ltr'><strong>opus</strong></span> <span class='ocrx_word' id='word_1_312' title='bbox 1358 3914 1459 3971; x_wconf 90' lang='lat' dir='ltr'><strong>est,</strong></span> <span class='ocrx_word' id='word_1_313' title='bbox 1482 3906 1693 3977; x_wconf 92' lang='lat' dir='ltr'><strong>quando</strong></span> <span class='ocrx_word' id='word_1_314' title='bbox 1714 3922 1833 3961; x_wconf 87' lang='lat' dir='ltr'><strong>cum</strong></span> 
     </span>
    </p>
   </div>
   <div class='ocr_carea' id='block_1_41' title="bbox 250 3998 1833 4068">
    <p class='ocr_par' dir='ltr' id='par_1_41' title="bbox 250 3998 1833 4068">
     <span class='ocr_line' id='line_1_41' title="bbox 250 3998 1833 4068; baseline 0 -15"><span class='ocrx_word' id='word_1_315' title='bbox 250 4000 471 4053; x_wconf 79' lang='lat' dir='ltr'><strong>scierint</strong></span> <span class='ocrx_word' id='word_1_316' title='bbox 495 3998 621 4068; x_wconf 90' lang='lat' dir='ltr'><strong>quid</strong></span> <span class='ocrx_word' id='word_1_317' title='bbox 644 3998 905 4068; x_wconf 88' lang='lat' dir='ltr'><strong>agendum</strong></span> <span class='ocrx_word' id='word_1_318' title='bbox 934 3999 1039 4063; x_wconf 92' lang='lat' dir='ltr'><strong>sit,</strong></span> <span class='ocrx_word' id='word_1_319' title='bbox 1064 4012 1167 4051; x_wconf 91' lang='lat' dir='ltr'><strong>non</strong></span> <span class='ocrx_word' id='word_1_320' title='bbox 1194 4007 1372 4067; x_wconf 88' lang='lat' dir='ltr'><strong>agunt.</strong></span> <span class='ocrx_word' id='word_1_321' title='bbox 1396 3999 1473 4052; x_wconf 92' lang='lat' dir='ltr'><strong>Ac</strong></span> <span class='ocrx_word' id='word_1_322' title='bbox 1492 4014 1585 4068; x_wconf 90' lang='lat' dir='ltr'><strong>per</strong></span> <span class='ocrx_word' id='word_1_323' title='bbox 1609 3999 1711 4052; x_wconf 90' lang='lat' dir='ltr'><strong>hoc</strong></span> <span class='ocrx_word' id='word_1_324' title='bbox 1734 3998 1833 4053; x_wconf 82' lang='lat' dir='ltr'><strong>do-</strong></span> 
     </span>
    </p>
   </div>
   <div class='ocr_carea' id='block_1_42' title="bbox 251 4089 1836 4160">
    <p class='ocr_par' dir='ltr' id='par_1_42' title="bbox 251 4089 1836 4160">
     <span class='ocr_line' id='line_1_42' title="bbox 251 4089 1836 4160; baseline 0.002 -17"><span class='ocrx_word' id='word_1_325' title='bbox 251 4104 375 4144; x_wconf 89' lang='lat' dir='ltr'><strong>cere</strong></span> <span class='ocrx_word' id='word_1_326' title='bbox 422 4090 753 4144; x_wconf 90' lang='lat' dir='ltr'><strong>necessitatis</strong></span> <span class='ocrx_word' id='word_1_327' title='bbox 781 4099 881 4144; x_wconf 90' lang='lat' dir='ltr'><strong>est.</strong></span> <span class='ocrx_word' id='word_1_328' title='bbox 912 4089 1138 4143; x_wconf 87' lang='lat' dir='ltr'><strong>Possunt</strong></span> <span class='ocrx_word' id='word_1_329' title='bbox 1165 4090 1304 4143; x_wconf 90' lang='lat' dir='ltr'><strong>enim</strong></span> <span class='ocrx_word' id='word_1_330' title='bbox 1335 4089 1576 4145; x_wconf 90' lang='lat' dir='ltr'><strong>homines</strong></span> <span class='ocrx_word' id='word_1_331' title='bbox 1601 4098 1657 4145; x_wconf 90' lang='lat' dir='ltr'><strong>et</strong></span> <span class='ocrx_word' id='word_1_332' title='bbox 1679 4106 1836 4160; x_wconf 88' lang='lat' dir='ltr'><strong>agere</strong></span> 
     </span>
    </p>
   </div>
   <div class='ocr_carea' id='block_1_43' title="bbox 250 4181 1836 4254">
    <p class='ocr_par' dir='ltr' id='par_1_43' title="bbox 250 4181 1836 4254">
     <span class='ocr_line' id='line_1_43' title="bbox 250 4181 1836 4254; baseline 0 -17"><span class='ocrx_word' id='word_1_333' title='bbox 250 4192 303 4237; x_wconf 89' lang='lat' dir='ltr'><strong>et</strong></span> <span class='ocrx_word' id='word_1_334' title='bbox 329 4198 437 4237; x_wconf 94' lang='lat' dir='ltr'><strong>non</strong></span> <span class='ocrx_word' id='word_1_335' title='bbox 457 4197 616 4254; x_wconf 85' lang='lat' dir='ltr'><strong>agere</strong></span> <span class='ocrx_word' id='word_1_336' title='bbox 639 4182 779 4252; x_wconf 89' lang='lat' dir='ltr'><strong>quod</strong></span> <span class='ocrx_word' id='word_1_337' title='bbox 800 4183 991 4236; x_wconf 91' lang='lat' dir='ltr'><strong>sciunt.</strong></span> <span class='ocrx_word' id='word_1_338' title='bbox 1013 4181 1142 4249; x_wconf 87' lang='lat' dir='ltr'><strong>Quis</strong></span> <span class='ocrx_word' id='word_1_339' title='bbox 1161 4192 1337 4235; x_wconf 87' lang='lat' dir='ltr'><strong>autem</strong></span> <span class='ocrx_word' id='word_1_340' title='bbox 1359 4181 1551 4236; x_wconf 85' lang='lat' dir='ltr'><strong>dixerit</strong></span> <span class='ocrx_word' id='word_1_341' title='bbox 1571 4196 1663 4236; x_wconf 92' lang='lat' dir='ltr'><strong>eos</strong></span> <span class='ocrx_word' id='word_1_342' title='bbox 1678 4198 1836 4252; x_wconf 88' lang='lat' dir='ltr'><strong>agere</strong></span> 
     </span>
    </p>
   </div>
   <div class='ocr_carea' id='block_1_44' title="bbox 250 4270 1834 4343">
    <p class='ocr_par' dir='ltr' id='par_1_44' title="bbox 250 4270 1834 4343">
     <span class='ocr_line' id='line_1_44' title="bbox 250 4270 1834 4343; baseline -0.001 -15"><span class='ocrx_word' id='word_1_343' title='bbox 250 4274 453 4329; x_wconf 88' lang='lat' dir='ltr'><strong>debere</strong></span> <span class='ocrx_word' id='word_1_344' title='bbox 471 4273 611 4343; x_wconf 91' lang='lat' dir='ltr'><strong>quod</strong></span> <span class='ocrx_word' id='word_1_345' title='bbox 630 4273 901 4328; x_wconf 88' lang='lat' dir='ltr'><strong>nesciunt?</strong></span> <span class='ocrx_word' id='word_1_346' title='bbox 922 4273 988 4326; x_wconf 89' lang='lat' dir='ltr'><strong>Et</strong></span> <span class='ocrx_word' id='word_1_347' title='bbox 1011 4271 1129 4327; x_wconf 90' lang='lat' dir='ltr'><strong>ideo</strong></span> <span class='ocrx_word' id='word_1_348' title='bbox 1152 4270 1363 4327; x_wconf 83' lang='lat' dir='ltr'><strong>flectere</strong></span> <span class='ocrx_word' id='word_1_349' title='bbox 1382 4272 1710 4327; x_wconf 86' lang='lat' dir='ltr'><strong>necessitatis</strong></span> <span class='ocrx_word' id='word_1_350' title='bbox 1732 4288 1834 4326; x_wconf 89' lang='lat' dir='ltr'><strong>non</strong></span> 
     </span>
    </p>
   </div>
   <div class='ocr_carea' id='block_1_45' title="bbox 253 4362 1835 4434">
    <p class='ocr_par' dir='ltr' id='par_1_45' title="bbox 253 4362 1835 4434">
     <span class='ocr_line' id='line_1_45' title="bbox 253 4362 1835 4434; baseline -0.003 -14"><span class='ocrx_word' id='word_1_351' title='bbox 253 4374 333 4420; x_wconf 88' lang='lat' dir='ltr'><strong>est</strong></span> <span class='ocrx_word' id='word_1_352' title='bbox 354 4407 371 4431; x_wconf 96' lang='lat'><strong>,</strong></span> <span class='ocrx_word' id='word_1_353' title='bbox 400 4365 523 4434; x_wconf 87' lang='lat' dir='ltr'><strong>quia</strong></span> <span class='ocrx_word' id='word_1_354' title='bbox 552 4379 657 4418; x_wconf 91' lang='lat' dir='ltr'><strong>non</strong></span> <span class='ocrx_word' id='word_1_355' title='bbox 676 4378 888 4433; x_wconf 85' lang='lat' dir='ltr'><strong>semper</strong></span> <span class='ocrx_word' id='word_1_356' title='bbox 911 4378 1043 4431; x_wconf 92' lang='lat' dir='ltr'><strong>opus</strong></span> <span class='ocrx_word' id='word_1_357' title='bbox 1068 4371 1149 4417; x_wconf 88' lang='lat' dir='ltr'><strong>est</strong></span> <span class='ocrx_word' id='word_1_358' title='bbox 1170 4403 1186 4428; x_wconf 89' lang='lat'><strong>,</strong></span> <span class='ocrx_word' id='word_1_359' title='bbox 1217 4363 1262 4416; x_wconf 88' lang='lat' dir='ltr'><strong>si</strong></span> <span class='ocrx_word' id='word_1_360' title='bbox 1289 4371 1487 4417; x_wconf 92' lang='lat' dir='ltr'><strong>tantum</strong></span> <span class='ocrx_word' id='word_1_361' title='bbox 1509 4362 1719 4416; x_wconf 90' lang='lat' dir='ltr'><strong>docenti</strong></span> <span class='ocrx_word' id='word_1_362' title='bbox 1752 4362 1835 4417; x_wconf 89' lang='lat' dir='ltr'><strong>vel</strong></span> 
     </span>
    </p>
   </div>
   <div class='ocr_carea' id='block_1_46' title="bbox 252 4455 1837 4513">
    <p class='ocr_par' dir='ltr' id='par_1_46' title="bbox 252 4455 1837 4513">
     <span class='ocr_line' id='line_1_46' title="bbox 252 4455 1837 4513; baseline -0.002 -1"><span class='ocrx_word' id='word_1_363' title='bbox 252 4459 414 4512; x_wconf 84' lang='lat' dir='ltr'><strong>etiam</strong></span> <span class='ocrx_word' id='word_1_364' title='bbox 445 4456 730 4513; x_wconf 88' lang='lat' dir='ltr'><strong>delectanti</strong></span> <span class='ocrx_word' id='word_1_365' title='bbox 770 4457 1032 4512; x_wconf 90' lang='lat' dir='ltr'><strong>consentit</strong></span> <span class='ocrx_word' id='word_1_366' title='bbox 1058 4456 1284 4511; x_wconf 90' lang='lat' dir='ltr'><strong>auditor.</strong></span> <span class='ocrx_word' id='word_1_367' title='bbox 1315 4456 1439 4511; x_wconf 90' lang='lat' dir='ltr'><strong>Ideo</strong></span> <span class='ocrx_word' id='word_1_368' title='bbox 1464 4463 1638 4510; x_wconf 89' lang='lat' dir='ltr'><strong>autem</strong></span> <span class='ocrx_word' id='word_1_369' title='bbox 1668 4455 1837 4510; x_wconf 89' lang='lat' dir='ltr'><strong>victo-</strong></span> 
     </span>
    </p>
   </div>
   <div class='ocr_carea' id='block_1_47' title="bbox 252 4544 1836 4618">
    <p class='ocr_par' dir='ltr' id='par_1_47' title="bbox 252 4544 1836 4618">
     <span class='ocr_line' id='line_1_47' title="bbox 252 4544 1836 4618; baseline -0.003 -15"><span class='ocrx_word' id='word_1_370' title='bbox 252 4549 347 4603; x_wconf 69' lang='lat' dir='ltr'><strong>riae</strong></span> <span class='ocrx_word' id='word_1_371' title='bbox 379 4557 463 4603; x_wconf 91' lang='lat' dir='ltr'><strong>est</strong></span> <span class='ocrx_word' id='word_1_372' title='bbox 488 4546 736 4615; x_wconf 89' lang='lat' dir='ltr'><strong>ﬂectere,</strong></span> <span class='ocrx_word' id='word_1_373' title='bbox 769 4547 891 4618; x_wconf 89' lang='lat' dir='ltr'><strong>quia</strong></span> <span class='ocrx_word' id='word_1_374' title='bbox 923 4547 1037 4601; x_wconf 90' lang='lat' dir='ltr'><strong>fieri</strong></span> <span class='ocrx_word' id='word_1_375' title='bbox 1066 4556 1241 4616; x_wconf 91' lang='lat' dir='ltr'><strong>potest</strong></span> <span class='ocrx_word' id='word_1_376' title='bbox 1265 4556 1321 4601; x_wconf 91' lang='lat' dir='ltr'><strong>nt</strong></span> <span class='ocrx_word' id='word_1_377' title='bbox 1348 4546 1598 4601; x_wconf 88' lang='lat' dir='ltr'><strong>doceatur</strong></span> <span class='ocrx_word' id='word_1_378' title='bbox 1617 4554 1671 4599; x_wconf 93' lang='lat' dir='ltr'><strong>et</strong></span> <span class='ocrx_word' id='word_1_379' title='bbox 1690 4544 1836 4600; x_wconf 87' lang='lat' dir='ltr'><strong>dele-</strong></span> 
     </span>
    </p>
   </div>
   <div class='ocr_carea' id='block_1_48' title="bbox 252 4638 1835 4708">
    <p class='ocr_par' dir='ltr' id='par_1_48' title="bbox 252 4638 1835 4708">
     <span class='ocr_line' id='line_1_48' title="bbox 252 4638 1835 4708; baseline -0.001 -13"><span class='ocrx_word' id='word_1_380' title='bbox 252 4650 430 4695; x_wconf 88' lang='lat' dir='ltr'><strong>ctetur</strong></span> <span class='ocrx_word' id='word_1_381' title='bbox 448 4681 463 4708; x_wconf 96' lang='lat'><strong>,</strong></span> <span class='ocrx_word' id='word_1_382' title='bbox 490 4648 547 4695; x_wconf 88' lang='lat' dir='ltr'><strong>et</strong></span> <span class='ocrx_word' id='word_1_383' title='bbox 572 4655 679 4694; x_wconf 91' lang='lat' dir='ltr'><strong>non</strong></span> <span class='ocrx_word' id='word_1_384' title='bbox 707 4639 1047 4693; x_wconf 85' lang='lat' dir='ltr'><strong>assentiatur.</strong></span> <span class='ocrx_word' id='word_1_385' title='bbox 1078 4638 1213 4705; x_wconf 90' lang='lat' dir='ltr'><strong>Quid</strong></span> <span class='ocrx_word' id='word_1_386' title='bbox 1240 4653 1414 4695; x_wconf 86' lang='lat' dir='ltr'><strong>autem</strong></span> <span class='ocrx_word' id='word_1_387' title='bbox 1443 4638 1529 4693; x_wconf 91' lang='lat' dir='ltr'><strong>illa</strong></span> <span class='ocrx_word' id='word_1_388' title='bbox 1550 4638 1655 4693; x_wconf 91' lang='lat' dir='ltr'><strong>duo</strong></span> <span class='ocrx_word' id='word_1_389' title='bbox 1675 4638 1835 4707; x_wconf 81' lang='lat' dir='ltr'><strong>prod—</strong></span> 
     </span>
    </p>
   </div>
   <div class='ocr_carea' id='block_1_49' title="bbox 254 4728 1835 4798">
    <p class='ocr_par' dir='ltr' id='par_1_49' title="bbox 254 4728 1835 4798">
     <span class='ocr_line' id='line_1_49' title="bbox 254 4728 1835 4798; baseline -0.001 -15"><span class='ocrx_word' id='word_1_390' title='bbox 254 4739 449 4797; x_wconf 88' lang='lat' dir='ltr'><strong>erunt,</strong></span> <span class='ocrx_word' id='word_1_391' title='bbox 482 4730 527 4784; x_wconf 89' lang='lat' dir='ltr'><strong>si</strong></span> <span class='ocrx_word' id='word_1_392' title='bbox 557 4729 694 4784; x_wconf 91' lang='lat' dir='ltr'><strong>desit</strong></span> <span class='ocrx_word' id='word_1_393' title='bbox 723 4728 824 4784; x_wconf 90' lang='lat' dir='ltr'><strong>hoc</strong></span> <span class='ocrx_word' id='word_1_394' title='bbox 853 4728 1101 4783; x_wconf 88' lang='lat' dir='ltr'><strong>tertium?</strong></span> <span class='ocrx_word' id='word_1_395' title='bbox 1126 4728 1231 4783; x_wconf 90' lang='lat' dir='ltr'><strong>Sed</strong></span> <span class='ocrx_word' id='word_1_396' title='bbox 1259 4744 1429 4798; x_wconf 89' lang='lat' dir='ltr'><strong>neque</strong></span> <span class='ocrx_word' id='word_1_397' title='bbox 1453 4728 1718 4783; x_wconf 88' lang='lat' dir='ltr'><strong>delectare</strong></span> <span class='ocrx_word' id='word_1_398' title='bbox 1738 4742 1835 4783; x_wconf 90' lang='lat' dir='ltr'><strong>ne-</strong></span> 
     </span>
    </p>
   </div>
   <div class='ocr_carea' id='block_1_50' title="bbox 254 4817 1838 4889">
    <p class='ocr_par' dir='ltr' id='par_1_50' title="bbox 254 4817 1838 4889">
     <span class='ocr_line' id='line_1_50' title="bbox 254 4817 1838 4889; baseline -0.002 -16"><span class='ocrx_word' id='word_1_399' title='bbox 254 4820 521 4873; x_wconf 87' lang='lat' dir='ltr'><strong>cessitatis</strong></span> <span class='ocrx_word' id='word_1_400' title='bbox 547 4827 630 4874; x_wconf 88' lang='lat' dir='ltr'><strong>est</strong></span> <span class='ocrx_word' id='word_1_401' title='bbox 655 4836 668 4871; x_wconf 91' lang='lat'><strong>:</strong></span> <span class='ocrx_word' id='word_1_402' title='bbox 698 4818 1119 4889; x_wconf 88' lang='lat' dir='ltr'><strong>quandoquidem</strong></span> <span class='ocrx_word' id='word_1_403' title='bbox 1146 4834 1266 4873; x_wconf 91' lang='lat' dir='ltr'><strong>cum</strong></span> <span class='ocrx_word' id='word_1_404' title='bbox 1291 4817 1515 4872; x_wconf 88' lang='lat' dir='ltr'><strong>dicendo</strong></span> <span class='ocrx_word' id='word_1_405' title='bbox 1539 4833 1663 4872; x_wconf 90' lang='lat' dir='ltr'><strong>vera</strong></span> <span class='ocrx_word' id='word_1_406' title='bbox 1684 4832 1838 4871; x_wconf 91' lang='lat' dir='ltr'><strong>mon-</strong></span> 
     </span>
    </p>
   </div>
   <div class='ocr_carea' id='block_1_51' title="bbox 254 4909 1837 4981">
    <p class='ocr_par' dir='ltr' id='par_1_51' title="bbox 254 4909 1837 4981">
     <span class='ocr_line' id='line_1_51' title="bbox 254 4909 1837 4981; baseline 0 -17"><span class='ocrx_word' id='word_1_407' title='bbox 254 4918 494 4964; x_wconf 89' lang='lat' dir='ltr'><strong>strantur</strong></span> <span class='ocrx_word' id='word_1_408' title='bbox 511 4951 527 4977; x_wconf 93' lang='lat'><strong>,</strong></span> <span class='ocrx_word' id='word_1_409' title='bbox 557 4909 696 4981; x_wconf 89' lang='lat' dir='ltr'><strong>quod</strong></span> <span class='ocrx_word' id='word_1_410' title='bbox 725 4909 792 4964; x_wconf 89' lang='lat' dir='ltr'><strong>ad</strong></span> <span class='ocrx_word' id='word_1_411' title='bbox 812 4910 1042 4964; x_wconf 88' lang='lat' dir='ltr'><strong>officium</strong></span> <span class='ocrx_word' id='word_1_412' title='bbox 1066 4910 1290 4965; x_wconf 89' lang='lat' dir='ltr'><strong>docendi</strong></span> <span class='ocrx_word' id='word_1_413' title='bbox 1314 4910 1573 4980; x_wconf 88' lang='lat' dir='ltr'><strong>pertinet,</strong></span> <span class='ocrx_word' id='word_1_414' title='bbox 1597 4925 1701 4964; x_wconf 89' lang='lat' dir='ltr'><strong>non</strong></span> <span class='ocrx_word' id='word_1_415' title='bbox 1722 4909 1837 4964; x_wconf 86' lang='lat' dir='ltr'><strong>elo-</strong></span> 
     </span>
    </p>
   </div>
   <div class='ocr_carea' id='block_1_52' title="bbox 256 5001 1836 5073">
    <p class='ocr_par' dir='ltr' id='par_1_52' title="bbox 256 5001 1836 5073">
     <span class='ocr_line' id='line_1_52' title="bbox 256 5001 1836 5073; baseline -0.001 -17"><span class='ocrx_word' id='word_1_416' title='bbox 256 5003 380 5072; x_wconf 91' lang='lat' dir='ltr'><strong>quio</strong></span> <span class='ocrx_word' id='word_1_417' title='bbox 405 5002 581 5072; x_wconf 89' lang='lat' dir='ltr'><strong>agitur</strong></span> <span class='ocrx_word' id='word_1_418' title='bbox 599 5042 615 5067; x_wconf 91' lang='lat'><strong>,</strong></span> <span class='ocrx_word' id='word_1_419' title='bbox 644 5001 945 5073; x_wconf 86' lang='lat' dir='ltr'><strong>nequehoc</strong></span> <span class='ocrx_word' id='word_1_420' title='bbox 968 5001 1286 5068; x_wconf 88' lang='lat' dir='ltr'><strong>attenditur,</strong></span> <span class='ocrx_word' id='word_1_421' title='bbox 1320 5010 1379 5055; x_wconf 91' lang='lat' dir='ltr'><strong>ut</strong></span> <span class='ocrx_word' id='word_1_422' title='bbox 1402 5002 1483 5057; x_wconf 88' lang='lat' dir='ltr'><strong>vel</strong></span> <span class='ocrx_word' id='word_1_423' title='bbox 1512 5002 1624 5070; x_wconf 86' lang='lat' dir='ltr'><strong>ipsa</strong></span> <span class='ocrx_word' id='word_1_424' title='bbox 1644 5002 1725 5057; x_wconf 87' lang='lat' dir='ltr'><strong>vel</strong></span> <span class='ocrx_word' id='word_1_425' title='bbox 1754 5002 1836 5071; x_wconf 90' lang='lat' dir='ltr'><strong>ip-</strong></span> 
     </span>
    </p>
   </div>
   <div class='ocr_carea' id='block_1_53' title="bbox 255 5093 1837 5164">
    <p class='ocr_par' dir='ltr' id='par_1_53' title="bbox 255 5093 1837 5164">
     <span class='ocr_line' id='line_1_53' title="bbox 255 5093 1837 5164; baseline 0.001 -17"><span class='ocrx_word' id='word_1_426' title='bbox 255 5108 371 5148; x_wconf 87' lang='lat' dir='ltr'><strong>sum</strong></span> <span class='ocrx_word' id='word_1_427' title='bbox 399 5094 632 5150; x_wconf 86' lang='lat' dir='ltr'><strong>delectet</strong></span> <span class='ocrx_word' id='word_1_428' title='bbox 653 5093 921 5163; x_wconf 89' lang='lat' dir='ltr'><strong>eloquium</strong></span> <span class='ocrx_word' id='word_1_429' title='bbox 938 5135 953 5161; x_wconf 93' lang='lat'><strong>,</strong></span> <span class='ocrx_word' id='word_1_430' title='bbox 978 5093 1072 5147; x_wconf 87' lang='lat' dir='ltr'><strong>sed</strong></span> <span class='ocrx_word' id='word_1_431' title='bbox 1098 5108 1192 5162; x_wconf 89' lang='lat' dir='ltr'><strong>per</strong></span> <span class='ocrx_word' id='word_1_432' title='bbox 1211 5094 1385 5164; x_wconf 88' lang='lat' dir='ltr'><strong>seipsa</strong></span> <span class='ocrx_word' id='word_1_433' title='bbox 1403 5134 1417 5160; x_wconf 92' lang='lat'><strong>,</strong></span> <span class='ocrx_word' id='word_1_434' title='bbox 1442 5095 1691 5164; x_wconf 91' lang='lat' dir='ltr'><strong>quoniam</strong></span> <span class='ocrx_word' id='word_1_435' title='bbox 1711 5109 1837 5149; x_wconf 91' lang='lat' dir='ltr'><strong>vera</strong></span> 
     </span>
    </p>
   </div>
   <div class='ocr_carea' id='block_1_54' title="bbox 255 5183 1837 5255">
    <p class='ocr_par' dir='ltr' id='par_1_54' title="bbox 255 5183 1837 5255">
     <span class='ocr_line' id='line_1_54' title="bbox 255 5183 1837 5255; baseline -0.001 -16"><span class='ocrx_word' id='word_1_436' title='bbox 255 5195 414 5250; x_wconf 87' lang='lat' dir='ltr'><strong>sunt,</strong></span> <span class='ocrx_word' id='word_1_437' title='bbox 462 5183 799 5239; x_wconf 85' lang='lat' dir='ltr'><strong>manifestata</strong></span> <span class='ocrx_word' id='word_1_438' title='bbox 838 5184 1121 5239; x_wconf 88' lang='lat' dir='ltr'><strong>delectant.</strong></span> <span class='ocrx_word' id='word_1_439' title='bbox 1168 5183 1316 5239; x_wconf 90' lang='lat' dir='ltr'><strong>Unde</strong></span> <span class='ocrx_word' id='word_1_440' title='bbox 1359 5185 1663 5255; x_wconf 83' lang='lat' dir='ltr'><strong>plerumque</strong></span> <span class='ocrx_word' id='word_1_441' title='bbox 1690 5184 1837 5239; x_wconf 90' lang='lat' dir='ltr'><strong>dele-</strong></span> 
     </span>
    </p>
   </div>
   <div class='ocr_carea' id='block_1_55' title="bbox 256 5274 1836 5346">
    <p class='ocr_par' dir='ltr' id='par_1_55' title="bbox 256 5274 1836 5346">
     <span class='ocr_line' id='line_1_55' title="bbox 256 5274 1836 5346; baseline -0.001 -16"><span class='ocrx_word' id='word_1_442' title='bbox 256 5284 400 5330; x_wconf 84' lang='lat' dir='ltr'><strong>ctant</strong></span> <span class='ocrx_word' id='word_1_443' title='bbox 414 5276 576 5331; x_wconf 88' lang='lat' dir='ltr'><strong>etiam</strong></span> <span class='ocrx_word' id='word_1_444' title='bbox 596 5274 726 5331; x_wconf 85' lang='lat' dir='ltr'><strong>falsa</strong></span> <span class='ocrx_word' id='word_1_445' title='bbox 753 5275 1011 5345; x_wconf 88' lang='lat' dir='ltr'><strong>patefacta</strong></span> <span class='ocrx_word' id='word_1_446' title='bbox 1037 5284 1192 5345; x_wconf 90' lang='lat' dir='ltr'><strong>atque</strong></span> <span class='ocrx_word' id='word_1_447' title='bbox 1213 5276 1472 5331; x_wconf 86' lang='lat' dir='ltr'><strong>convicta.</strong></span> <span class='ocrx_word' id='word_1_448' title='bbox 1495 5275 1675 5346; x_wconf 87' lang='lat' dir='ltr'><strong>Neque</strong></span> <span class='ocrx_word' id='word_1_449' title='bbox 1690 5276 1836 5331; x_wconf 87' lang='lat' dir='ltr'><strong>enim</strong></span> 
     </span>
    </p>
   </div>
   <div class='ocr_carea' id='block_1_56' title="bbox 256 5365 1837 5437">
    <p class='ocr_par' dir='ltr' id='par_1_56' title="bbox 256 5365 1837 5437">
     <span class='ocr_line' id='line_1_56' title="bbox 256 5365 1837 5437; baseline -0.001 -15"><span class='ocrx_word' id='word_1_450' title='bbox 256 5368 557 5435; x_wconf 85' lang='lat' dir='ltr'><strong>delectant,</strong></span> <span class='ocrx_word' id='word_1_451' title='bbox 584 5367 707 5437; x_wconf 88' lang='lat' dir='ltr'><strong>quia</strong></span> <span class='ocrx_word' id='word_1_452' title='bbox 734 5366 864 5421; x_wconf 88' lang='lat' dir='ltr'><strong>falsa</strong></span> <span class='ocrx_word' id='word_1_453' title='bbox 891 5375 1051 5434; x_wconf 89' lang='lat' dir='ltr'><strong>sunt;</strong></span> <span class='ocrx_word' id='word_1_454' title='bbox 1082 5366 1175 5421; x_wconf 89' lang='lat' dir='ltr'><strong>sed</strong></span> <span class='ocrx_word' id='word_1_455' title='bbox 1204 5366 1325 5437; x_wconf 89' lang='lat' dir='ltr'><strong>quia</strong></span> <span class='ocrx_word' id='word_1_456' title='bbox 1354 5365 1483 5422; x_wconf 89' lang='lat' dir='ltr'><strong>falsa</strong></span> <span class='ocrx_word' id='word_1_457' title='bbox 1514 5381 1633 5423; x_wconf 89' lang='lat' dir='ltr'><strong>esse</strong></span> <span class='ocrx_word' id='word_1_458' title='bbox 1654 5382 1837 5423; x_wconf 86' lang='lat' dir='ltr'><strong>verum</strong></span> 
     </span>
    </p>
   </div>
   <div class='ocr_carea' id='block_1_57' title="bbox 258 5459 1838 5531">
    <p class='ocr_par' dir='ltr' id='par_1_57' title="bbox 258 5459 1838 5531">
     <span class='ocr_line' id='line_1_57' title="bbox 258 5459 1838 5531; baseline 0.002 -17"><span class='ocrx_word' id='word_1_459' title='bbox 258 5469 372 5527; x_wconf 89' lang='lat' dir='ltr'><strong>est,</strong></span> <span class='ocrx_word' id='word_1_460' title='bbox 415 5459 646 5516; x_wconf 89' lang='lat' dir='ltr'><strong>delectat</strong></span> <span class='ocrx_word' id='word_1_461' title='bbox 690 5468 743 5516; x_wconf 91' lang='lat' dir='ltr'><strong>et</strong></span> <span class='ocrx_word' id='word_1_462' title='bbox 776 5459 940 5515; x_wconf 86' lang='lat' dir='ltr'><strong>dictio</strong></span> <span class='ocrx_word' id='word_1_463' title='bbox 967 5475 1068 5531; x_wconf 89' lang='lat' dir='ltr'><strong>qua</strong></span> <span class='ocrx_word' id='word_1_464' title='bbox 1096 5459 1196 5516; x_wconf 91' lang='lat' dir='ltr'><strong>hoc</strong></span> <span class='ocrx_word' id='word_1_465' title='bbox 1221 5476 1403 5517; x_wconf 89' lang='lat' dir='ltr'><strong>verum</strong></span> <span class='ocrx_word' id='word_1_466' title='bbox 1430 5475 1548 5517; x_wconf 88' lang='lat' dir='ltr'><strong>esse</strong></span> <span class='ocrx_word' id='word_1_467' title='bbox 1573 5470 1838 5517; x_wconf 87' lang='lat' dir='ltr'><strong>monstra-</strong></span> 
     </span>
    </p>
   </div>
   <div class='ocr_carea' id='block_1_58' title="bbox 262 5558 501 5607">
    <p class='ocr_par' dir='ltr' id='par_1_58' title="bbox 262 5558 501 5607">
     <span class='ocr_line' id='line_1_58' title="bbox 262 5558 501 5607; baseline 0.008 -2"><span class='ocrx_word' id='word_1_468' title='bbox 262 5558 367 5606; x_wconf 87' lang='lat' dir='ltr'><strong>tum</strong></span> <span class='ocrx_word' id='word_1_469' title='bbox 398 5559 501 5607; x_wconf 87' lang='lat' dir='ltr'><strong>est.</strong></span> 
     </span>
    </p>
   </div>
   <div class='ocr_carea' id='block_1_59' title="bbox 329 5642 1763 5716">
    <p class='ocr_par' dir='ltr' id='par_1_59' title="bbox 329 5642 1763 5716">
     <span class='ocr_line' id='line_1_59' title="bbox 329 5642 1763 5716; baseline 0.002 -19"><span class='ocrx_word' id='word_1_470' title='bbox 329 5642 557 5699; x_wconf 84' lang='lat' dir='ltr'><strong>CAPUT</strong></span> <span class='ocrx_word' id='word_1_471' title='bbox 585 5643 725 5700; x_wconf 81' lang='lat' dir='ltr'>XIII.</span> <span class='ocrx_word' id='word_1_472' title='bbox 753 5674 825 5685; x_wconf 91' lang='lat'><strong>—</strong></span> <span class='ocrx_word' id='word_1_473' title='bbox 848 5643 1076 5700; x_wconf 86' lang='lat' dir='ltr'><strong>Dicenda</strong></span> <span class='ocrx_word' id='word_1_474' title='bbox 1106 5644 1306 5700; x_wconf 86' lang='lat' dir='ltr'><strong>demum</strong></span> <span class='ocrx_word' id='word_1_475' title='bbox 1332 5646 1564 5716; x_wconf 82' lang='lat' dir='ltr'><strong>ﬂectendi</strong></span> <span class='ocrx_word' id='word_1_476' title='bbox 1586 5645 1763 5700; x_wconf 86' lang='lat' dir='ltr'><strong>animi.</strong></span> 
     </span>
    </p>
   </div>
   <div class='ocr_carea' id='block_1_60' title="bbox 330 5734 1838 5808">
    <p class='ocr_par' dir='ltr' id='par_1_60' title="bbox 330 5734 1838 5808">
     <span class='ocr_line' id='line_1_60' title="bbox 330 5734 1838 5808; baseline 0.002 -18"><span class='ocrx_word' id='word_1_477' title='bbox 330 5734 419 5790; x_wconf 73' lang='lat'><strong>29.</strong></span> <span class='ocrx_word' id='word_1_478' title='bbox 462 5736 687 5807; x_wconf 88' lang='lat' dir='ltr'><strong>Propter</strong></span> <span class='ocrx_word' id='word_1_479' title='bbox 727 5751 820 5794; x_wconf 89' lang='lat' dir='ltr'><strong>eos</strong></span> <span class='ocrx_word' id='word_1_480' title='bbox 859 5746 1034 5793; x_wconf 87' lang='lat' dir='ltr'><strong>autem</strong></span> <span class='ocrx_word' id='word_1_481' title='bbox 1077 5738 1266 5808; x_wconf 89' lang='lat' dir='ltr'><strong>quibus</strong></span> <span class='ocrx_word' id='word_1_482' title='bbox 1312 5738 1696 5795; x_wconf 80' lang='lat' dir='ltr'><strong>fastidientibus</strong></span> <span class='ocrx_word' id='word_1_483' title='bbox 1731 5754 1838 5795; x_wconf 88' lang='lat' dir='ltr'><strong>non</strong></span> 
     </span>
    </p>
   </div>
   <div class='ocr_carea' id='block_1_61' title="bbox 1556 321 2139 390">
    <p class='ocr_par' dir='ltr' id='par_1_61' title="bbox 1556 321 2139 390">
     <span class='ocr_line' id='line_1_61' title="bbox 1556 321 2139 390; baseline 0.003 -12"><span class='ocrx_word' id='word_1_484' title='bbox 1556 323 1754 378; x_wconf 78' lang='lat' dir='ltr'><strong>LIBER</strong></span> <span class='ocrx_word' id='word_1_485' title='bbox 1794 321 2139 390; x_wconf 81' lang='lat' dir='ltr'><strong>QUARTUS.</strong></span> 
     </span>
    </p>
   </div>
   <div class='ocr_carea' id='block_1_62' title="bbox 3442 332 3544 389">
    <p class='ocr_par' dir='ltr' id='par_1_62' title="bbox 3442 332 3544 389">
     <span class='ocr_line' id='line_1_62' title="bbox 3442 332 3544 389; baseline 0.01 -1"><span class='ocrx_word' id='word_1_486' title='bbox 3442 332 3544 389; x_wconf 65' lang='lat'><strong>{02</strong></span> 
     </span>
    </p>
   </div>
   <div class='ocr_carea' id='block_1_63' title="bbox 1962 436 3539 513">
    <p class='ocr_par' dir='ltr' id='par_1_63' title="bbox 1962 436 3539 513">
     <span class='ocr_line' id='line_1_63' title="bbox 1962 436 3539 513; baseline 0.01 -25"><span class='ocrx_word' id='word_1_487' title='bbox 1962 436 2133 506; x_wconf 89' lang='lat' dir='ltr'><strong>placet</strong></span> <span class='ocrx_word' id='word_1_488' title='bbox 2155 437 2375 504; x_wconf 88' lang='lat' dir='ltr'><strong>veritas,</strong></span> <span class='ocrx_word' id='word_1_489' title='bbox 2406 438 2449 494; x_wconf 90' lang='lat' dir='ltr'><strong>si</strong></span> <span class='ocrx_word' id='word_1_490' title='bbox 2479 440 2585 494; x_wconf 86' lang='lat' dir='ltr'><strong>alio</strong></span> <span class='ocrx_word' id='word_1_491' title='bbox 2610 456 2941 513; x_wconf 88' lang='lat' dir='ltr'><strong>quocumque</strong></span> <span class='ocrx_word' id='word_1_492' title='bbox 2963 443 3119 499; x_wconf 90' lang='lat' dir='ltr'><strong>modo</strong></span> <span class='ocrx_word' id='word_1_493' title='bbox 3137 487 3151 513; x_wconf 96' lang='lat'><strong>,</strong></span> <span class='ocrx_word' id='word_1_494' title='bbox 3177 445 3277 501; x_wconf 91' lang='lat' dir='ltr'><strong>nisi</strong></span> <span class='ocrx_word' id='word_1_495' title='bbox 3293 461 3357 501; x_wconf 82' lang='lat' dir='ltr'><strong>eo</strong></span> <span class='ocrx_word' id='word_1_496' title='bbox 3378 450 3539 504; x_wconf 88' lang='lat' dir='ltr'><strong>modo</strong></span> 
     </span>
    </p>
   </div>
   <div class='ocr_carea' id='block_1_64' title="bbox 1959 526 3538 602">
    <p class='ocr_par' dir='ltr' id='par_1_64' title="bbox 1959 526 3538 602">
     <span class='ocr_line' id='line_1_64' title="bbox 1959 526 3538 602; baseline 0.01 -21"><span class='ocrx_word' id='word_1_497' title='bbox 1959 526 2189 595; x_wconf 88' lang='lat' dir='ltr'><strong>dicatur,</strong></span> <span class='ocrx_word' id='word_1_498' title='bbox 2236 540 2293 585; x_wconf 92' lang='lat' dir='ltr'><strong>ut</strong></span> <span class='ocrx_word' id='word_1_499' title='bbox 2338 532 2540 601; x_wconf 88' lang='lat' dir='ltr'><strong>placeat</strong></span> <span class='ocrx_word' id='word_1_500' title='bbox 2577 544 2630 587; x_wconf 91' lang='lat' dir='ltr'><strong>et</strong></span> <span class='ocrx_word' id='word_1_501' title='bbox 2670 548 2846 589; x_wconf 90' lang='lat' dir='ltr'><strong>sermo</strong></span> <span class='ocrx_word' id='word_1_502' title='bbox 2887 536 3146 602; x_wconf 89' lang='lat' dir='ltr'><strong>dicentis,</strong></span> <span class='ocrx_word' id='word_1_503' title='bbox 3190 537 3347 593; x_wconf 88' lang='lat' dir='ltr'><strong>datus</strong></span> <span class='ocrx_word' id='word_1_504' title='bbox 3373 541 3538 597; x_wconf 86' lang='lat' dir='ltr'><strong>estin</strong></span> 
     </span>
    </p>
   </div>
   <div class='ocr_carea' id='block_1_65' title="bbox 1958 616 3540 699">
    <p class='ocr_par' dir='ltr' id='par_1_65' title="bbox 1958 616 3540 699">
     <span class='ocr_line' id='line_1_65' title="bbox 1958 616 3540 699; baseline 0.011 -29"><span class='ocrx_word' id='word_1_505' title='bbox 1958 616 2262 688; x_wconf 86' lang='lat' dir='ltr'><strong>eloquentia</strong></span> <span class='ocrx_word' id='word_1_506' title='bbox 2304 636 2409 676; x_wconf 91' lang='lat' dir='ltr'><strong>non</strong></span> <span class='ocrx_word' id='word_1_507' title='bbox 2453 638 2643 692; x_wconf 88' lang='lat' dir='ltr'><strong>parvus</strong></span> <span class='ocrx_word' id='word_1_508' title='bbox 2667 626 2825 679; x_wconf 89' lang='lat' dir='ltr'><strong>etiam</strong></span> <span class='ocrx_word' id='word_1_509' title='bbox 2851 626 3185 683; x_wconf 90' lang='lat' dir='ltr'><strong>delectationi</strong></span> <span class='ocrx_word' id='word_1_510' title='bbox 3213 629 3378 685; x_wconf 90' lang='lat' dir='ltr'><strong>locus.</strong></span> <span class='ocrx_word' id='word_1_511' title='bbox 3407 630 3540 699; x_wconf 71' lang='lat' dir='ltr'><strong>Qure</strong></span> 
     </span>
    </p>
   </div>
   <div class='ocr_carea' id='block_1_66' title="bbox 1960 713 3532 789">
    <p class='ocr_par' dir='ltr' id='par_1_66' title="bbox 1960 713 3532 789">
     <span class='ocr_line' id='line_1_66' title="bbox 1960 713 3532 789; baseline 0.01 -27"><span class='ocrx_word' id='word_1_512' title='bbox 1960 716 2137 765; x_wconf 89' lang='lat' dir='ltr'><strong>tamen</strong></span> <span class='ocrx_word' id='word_1_513' title='bbox 2176 713 2351 768; x_wconf 89' lang='lat' dir='ltr'><strong>addita</strong></span> <span class='ocrx_word' id='word_1_514' title='bbox 2379 730 2480 769; x_wconf 93' lang='lat' dir='ltr'><strong>non</strong></span> <span class='ocrx_word' id='word_1_515' title='bbox 2508 715 2703 771; x_wconf 87' lang='lat' dir='ltr'><strong>sufficit</strong></span> <span class='ocrx_word' id='word_1_516' title='bbox 2723 716 2887 783; x_wconf 91' lang='lat' dir='ltr'><strong>duris,</strong></span> <span class='ocrx_word' id='word_1_517' title='bbox 2911 734 3043 788; x_wconf 91' lang='lat' dir='ltr'><strong>quos</strong></span> <span class='ocrx_word' id='word_1_518' title='bbox 3066 735 3165 775; x_wconf 90' lang='lat' dir='ltr'><strong>nec</strong></span> <span class='ocrx_word' id='word_1_519' title='bbox 3182 720 3532 789; x_wconf 84' lang='lat' dir='ltr'><strong>intellexisse,</strong></span> 
     </span>
    </p>
   </div>
   <div class='ocr_carea' id='block_1_67' title="bbox 1957 802 3537 881">
    <p class='ocr_par' dir='ltr' id='par_1_67' title="bbox 1957 802 3537 881">
     <span class='ocr_line' id='line_1_67' title="bbox 1957 802 3537 881; baseline 0.009 -28"><span class='ocrx_word' id='word_1_520' title='bbox 1957 813 2057 856; x_wconf 91' lang='lat' dir='ltr'><strong>nec</strong></span> <span class='ocrx_word' id='word_1_521' title='bbox 2080 802 2320 858; x_wconf 84' lang='lat' dir='ltr'><strong>docentis</strong></span> <span class='ocrx_word' id='word_1_522' title='bbox 2338 804 2635 862; x_wconf 90' lang='lat' dir='ltr'><strong>elocutione</strong></span> <span class='ocrx_word' id='word_1_523' title='bbox 2653 808 2941 863; x_wconf 89' lang='lat' dir='ltr'><strong>delectatos</strong></span> <span class='ocrx_word' id='word_1_524' title='bbox 2963 825 3081 865; x_wconf 89' lang='lat' dir='ltr'><strong>esse</strong></span> <span class='ocrx_word' id='word_1_525' title='bbox 3104 811 3378 881; x_wconf 88' lang='lat' dir='ltr'><strong>profucrit.</strong></span> <span class='ocrx_word' id='word_1_526' title='bbox 3399 813 3537 879; x_wconf 91' lang='lat' dir='ltr'><strong>Quid</strong></span> 
     </span>
    </p>
   </div>
   <div class='ocr_carea' id='block_1_68' title="bbox 1955 892 3535 970">
    <p class='ocr_par' dir='ltr' id='par_1_68' title="bbox 1955 892 3535 970">
     <span class='ocr_line' id='line_1_68' title="bbox 1955 892 3535 970; baseline 0.007 -23"><span class='ocrx_word' id='word_1_527' title='bbox 1955 892 2097 947; x_wconf 90' lang='lat' dir='ltr'><strong>enim</strong></span> <span class='ocrx_word' id='word_1_528' title='bbox 2120 892 2236 949; x_wconf 60' lang='lat' dir='ltr'><strong>haec</strong></span> <span class='ocrx_word' id='word_1_529' title='bbox 2258 894 2363 949; x_wconf 91' lang='lat' dir='ltr'><strong>duo</strong></span> <span class='ocrx_word' id='word_1_530' title='bbox 2391 896 2671 952; x_wconf 87' lang='lat' dir='ltr'><strong>conferunt</strong></span> <span class='ocrx_word' id='word_1_531' title='bbox 2699 898 2919 965; x_wconf 89' lang='lat' dir='ltr'><strong>homini,</strong></span> <span class='ocrx_word' id='word_1_532' title='bbox 2942 901 3033 970; x_wconf 91' lang='lat' dir='ltr'><strong>qui</strong></span> <span class='ocrx_word' id='word_1_533' title='bbox 3058 910 3111 955; x_wconf 92' lang='lat' dir='ltr'><strong>et</strong></span> <span class='ocrx_word' id='word_1_534' title='bbox 3136 901 3419 957; x_wconf 91' lang='lat' dir='ltr'><strong>confitetur</strong></span> <span class='ocrx_word' id='word_1_535' title='bbox 3440 919 3535 957; x_wconf 88' lang='lat' dir='ltr'><strong>ve-</strong></span> 
     </span>
    </p>
   </div>
   <div class='ocr_carea' id='block_1_69' title="bbox 1954 986 3531 1061">
    <p class='ocr_par' dir='ltr' id='par_1_69' title="bbox 1954 986 3531 1061">
     <span class='ocr_line' id='line_1_69' title="bbox 1954 986 3531 1061; baseline 0.008 -25"><span class='ocrx_word' id='word_1_536' title='bbox 1954 998 2071 1036; x_wconf 93' lang='lat' dir='ltr'><strong>rum</strong></span> <span class='ocrx_word' id='word_1_537' title='bbox 2092 1025 2107 1051; x_wconf 94' lang='lat'><strong>,</strong></span> <span class='ocrx_word' id='word_1_538' title='bbox 2137 992 2190 1038; x_wconf 92' lang='lat' dir='ltr'><strong>et</strong></span> <span class='ocrx_word' id='word_1_539' title='bbox 2217 986 2483 1041; x_wconf 91' lang='lat' dir='ltr'><strong>collaudat</strong></span> <span class='ocrx_word' id='word_1_540' title='bbox 2511 988 2775 1057; x_wconf 90' lang='lat' dir='ltr'><strong>eloquium</strong></span> <span class='ocrx_word' id='word_1_541' title='bbox 2794 1031 2806 1053; x_wconf 92' lang='lat'><strong>,</strong></span> <span class='ocrx_word' id='word_1_542' title='bbox 2839 1005 2937 1045; x_wconf 90' lang='lat' dir='ltr'><strong>nec</strong></span> <span class='ocrx_word' id='word_1_543' title='bbox 2968 992 3183 1047; x_wconf 90' lang='lat' dir='ltr'><strong>inclinat</strong></span> <span class='ocrx_word' id='word_1_544' title='bbox 3212 1007 3490 1049; x_wconf 89' lang='lat' dir='ltr'><strong>assensum</strong></span> <span class='ocrx_word' id='word_1_545' title='bbox 3513 1035 3531 1061; x_wconf 89' lang='lat'><strong>,</strong></span> 
     </span>
    </p>
   </div>
   <div class='ocr_carea' id='block_1_70' title="bbox 1955 1078 3534 1150">
    <p class='ocr_par' dir='ltr' id='par_1_70' title="bbox 1955 1078 3534 1150">
     <span class='ocr_line' id='line_1_70' title="bbox 1955 1078 3534 1150; baseline 0.008 -23"><span class='ocrx_word' id='word_1_546' title='bbox 1955 1084 2170 1143; x_wconf 87' lang='lat' dir='ltr'><strong>propter</strong></span> <span class='ocrx_word' id='word_1_547' title='bbox 2206 1090 2360 1145; x_wconf 89' lang='lat' dir='ltr'><strong>quem</strong></span> <span class='ocrx_word' id='word_1_548' title='bbox 2402 1078 2607 1145; x_wconf 90' lang='lat' dir='ltr'><strong>solum,</strong></span> <span class='ocrx_word' id='word_1_549' title='bbox 2653 1094 2771 1133; x_wconf 92' lang='lat' dir='ltr'><strong>cum</strong></span> <span class='ocrx_word' id='word_1_550' title='bbox 2809 1080 3006 1149; x_wconf 89' lang='lat' dir='ltr'><strong>aliquid</strong></span> <span class='ocrx_word' id='word_1_551' title='bbox 3047 1082 3329 1150; x_wconf 85' lang='lat' dir='ltr'><strong>suadetur,</strong></span> <span class='ocrx_word' id='word_1_552' title='bbox 3371 1083 3534 1140; x_wconf 88' lang='lat' dir='ltr'><strong>rebus</strong></span> 
     </span>
    </p>
   </div>
   <div class='ocr_carea' id='block_1_71' title="bbox 1952 1164 3531 1237">
    <p class='ocr_par' dir='ltr' id='par_1_71' title="bbox 1952 1164 3531 1237">
     <span class='ocr_line' id='line_1_71' title="bbox 1952 1164 3531 1237; baseline 0.006 -20"><span class='ocrx_word' id='word_1_553' title='bbox 1952 1179 2069 1233; x_wconf 69' lang='lat' dir='ltr'><strong>qum</strong></span> <span class='ocrx_word' id='word_1_554' title='bbox 2097 1164 2342 1220; x_wconf 91' lang='lat' dir='ltr'><strong>dicuntur</strong></span> <span class='ocrx_word' id='word_1_555' title='bbox 2367 1167 2600 1237; x_wconf 83' lang='lat' dir='ltr'><strong>invigilat</strong></span> <span class='ocrx_word' id='word_1_556' title='bbox 2620 1168 2845 1224; x_wconf 90' lang='lat' dir='ltr'><strong>dicentis</strong></span> <span class='ocrx_word' id='word_1_557' title='bbox 2867 1171 3129 1225; x_wconf 80' lang='lat' dir='ltr'><strong>intentio?</strong></span> <span class='ocrx_word' id='word_1_558' title='bbox 3158 1172 3213 1226; x_wconf 92' lang='lat' dir='ltr'><strong>Si</strong></span> <span class='ocrx_word' id='word_1_559' title='bbox 3237 1173 3377 1226; x_wconf 90' lang='lat' dir='ltr'><strong>enim</strong></span> <span class='ocrx_word' id='word_1_560' title='bbox 3411 1174 3531 1228; x_wconf 89' lang='lat' dir='ltr'><strong>talia</strong></span> 
     </span>
    </p>
   </div>
   <div class='ocr_carea' id='block_1_72' title="bbox 1951 1254 3533 1329">
    <p class='ocr_par' dir='ltr' id='par_1_72' title="bbox 1951 1254 3533 1329">
     <span class='ocr_line' id='line_1_72' title="bbox 1951 1254 3533 1329; baseline 0.008 -21"><span class='ocrx_word' id='word_1_561' title='bbox 1951 1254 2207 1310; x_wconf 84' lang='lat' dir='ltr'><strong>docentur</strong></span> <span class='ocrx_word' id='word_1_562' title='bbox 2242 1274 2362 1327; x_wconf 66' lang='lat' dir='ltr'><strong>quae</strong></span> <span class='ocrx_word' id='word_1_563' title='bbox 2405 1259 2622 1314; x_wconf 90' lang='lat' dir='ltr'><strong>credere</strong></span> <span class='ocrx_word' id='word_1_564' title='bbox 2667 1260 2750 1313; x_wconf 90' lang='lat' dir='ltr'><strong>vel</strong></span> <span class='ocrx_word' id='word_1_565' title='bbox 2794 1276 2949 1316; x_wconf 90' lang='lat' dir='ltr'><strong>nosse</strong></span> <span class='ocrx_word' id='word_1_566' title='bbox 2988 1262 3247 1329; x_wconf 76' lang='lat' dir='ltr'><strong>sufficiat,</strong></span> <span class='ocrx_word' id='word_1_567' title='bbox 3284 1264 3416 1318; x_wconf 91' lang='lat' dir='ltr'><strong>nihil</strong></span> <span class='ocrx_word' id='word_1_568' title='bbox 3450 1274 3533 1321; x_wconf 86' lang='lat' dir='ltr'><strong>est</strong></span> 
     </span>
    </p>
   </div>
   <div class='ocr_carea' id='block_1_73' title="bbox 1951 1347 3531 1415">
    <p class='ocr_par' dir='ltr' id='par_1_73' title="bbox 1951 1347 3531 1415">
     <span class='ocr_line' id='line_1_73' title="bbox 1951 1347 3531 1415; baseline 0.007 -16"><span class='ocrx_word' id='word_1_569' title='bbox 1951 1347 2091 1402; x_wconf 92' lang='lat' dir='ltr'><strong>aliud</strong></span> <span class='ocrx_word' id='word_1_570' title='bbox 2113 1349 2189 1403; x_wconf 90' lang='lat' dir='ltr'><strong>eis</strong></span> <span class='ocrx_word' id='word_1_571' title='bbox 2218 1350 2536 1415; x_wconf 87' lang='lat' dir='ltr'><strong>consentire,</strong></span> <span class='ocrx_word' id='word_1_572' title='bbox 2564 1351 2664 1404; x_wconf 88' lang='lat' dir='ltr'><strong>nisi</strong></span> <span class='ocrx_word' id='word_1_573' title='bbox 2687 1352 2925 1405; x_wconf 81' lang='lat' dir='ltr'><strong>confiteri</strong></span> <span class='ocrx_word' id='word_1_574' title='bbox 2948 1368 3073 1407; x_wconf 90' lang='lat' dir='ltr'><strong>vera</strong></span> <span class='ocrx_word' id='word_1_575' title='bbox 3096 1368 3237 1408; x_wconf 87' lang='lat' dir='ltr'><strong>esse.</strong></span> <span class='ocrx_word' id='word_1_576' title='bbox 3257 1354 3387 1408; x_wconf 89' lang='lat' dir='ltr'><strong>Cum</strong></span> <span class='ocrx_word' id='word_1_577' title='bbox 3406 1370 3531 1410; x_wconf 89' lang='lat' dir='ltr'><strong>vero</strong></span> 
     </span>
    </p>
   </div>
   <div class='ocr_carea' id='block_1_74' title="bbox 1949 1439 3531 1517">
    <p class='ocr_par' dir='ltr' id='par_1_74' title="bbox 1949 1439 3531 1517">
     <span class='ocr_line' id='line_1_74' title="bbox 1949 1439 3531 1517; baseline 0.004 -23"><span class='ocrx_word' id='word_1_578' title='bbox 1949 1439 2000 1494; x_wconf 90' lang='lat' dir='ltr'><strong>id</strong></span> <span class='ocrx_word' id='word_1_579' title='bbox 2027 1440 2247 1495; x_wconf 85' lang='lat' dir='ltr'><strong>docetur</strong></span> <span class='ocrx_word' id='word_1_580' title='bbox 2271 1441 2411 1511; x_wconf 87' lang='lat' dir='ltr'><strong>quod</strong></span> <span class='ocrx_word' id='word_1_581' title='bbox 2441 1442 2701 1512; x_wconf 88' lang='lat' dir='ltr'><strong>agendum</strong></span> <span class='ocrx_word' id='word_1_582' title='bbox 2728 1453 2836 1505; x_wconf 90' lang='lat' dir='ltr'><strong>est,</strong></span> <span class='ocrx_word' id='word_1_583' title='bbox 2867 1454 2919 1498; x_wconf 91' lang='lat' dir='ltr'><strong>et</strong></span> <span class='ocrx_word' id='word_1_584' title='bbox 2948 1444 3066 1499; x_wconf 90' lang='lat' dir='ltr'><strong>ideo</strong></span> <span class='ocrx_word' id='word_1_585' title='bbox 3090 1446 3309 1500; x_wconf 90' lang='lat' dir='ltr'><strong>docetur</strong></span> <span class='ocrx_word' id='word_1_586' title='bbox 3332 1455 3389 1500; x_wconf 92' lang='lat' dir='ltr'><strong>ut</strong></span> <span class='ocrx_word' id='word_1_587' title='bbox 3408 1461 3531 1517; x_wconf 84' lang='lat' dir='ltr'><strong>aga-</strong></span> 
     </span>
    </p>
   </div>
   <div class='ocr_carea' id='block_1_75' title="bbox 1952 1531 3527 1605">
    <p class='ocr_par' dir='ltr' id='par_1_75' title="bbox 1952 1531 3527 1605">
     <span class='ocr_line' id='line_1_75' title="bbox 1952 1531 3527 1605; baseline 0.003 -20"><span class='ocrx_word' id='word_1_588' title='bbox 1952 1539 2068 1597; x_wconf 91' lang='lat' dir='ltr'><strong>tur,</strong></span> <span class='ocrx_word' id='word_1_589' title='bbox 2119 1531 2307 1585; x_wconf 87' lang='lat' dir='ltr'><strong>frustra</strong></span> <span class='ocrx_word' id='word_1_590' title='bbox 2352 1533 2698 1602; x_wconf 87' lang='lat' dir='ltr'><strong>persuadetur</strong></span> <span class='ocrx_word' id='word_1_591' title='bbox 2740 1550 2922 1587; x_wconf 87' lang='lat' dir='ltr'><strong>verum</strong></span> <span class='ocrx_word' id='word_1_592' title='bbox 2965 1550 3082 1589; x_wconf 88' lang='lat' dir='ltr'><strong>esse</strong></span> <span class='ocrx_word' id='word_1_593' title='bbox 3123 1536 3263 1605; x_wconf 88' lang='lat' dir='ltr'><strong>quod</strong></span> <span class='ocrx_word' id='word_1_594' title='bbox 3302 1536 3527 1603; x_wconf 90' lang='lat' dir='ltr'><strong>dicitur,</strong></span> 
     </span>
    </p>
   </div>
   <div class='ocr_carea' id='block_1_76' title="bbox 1950 1622 3526 1697">
    <p class='ocr_par' dir='ltr' id='par_1_76' title="bbox 1950 1622 3526 1697">
     <span class='ocr_line' id='line_1_76' title="bbox 1950 1622 3526 1697; baseline 0.006 -21"><span class='ocrx_word' id='word_1_595' title='bbox 1950 1622 2144 1678; x_wconf 86' lang='lat' dir='ltr'><strong>frustra</strong></span> <span class='ocrx_word' id='word_1_596' title='bbox 2185 1625 2357 1695; x_wconf 89' lang='lat' dir='ltr'><strong>placet</strong></span> <span class='ocrx_word' id='word_1_597' title='bbox 2400 1626 2586 1680; x_wconf 89' lang='lat' dir='ltr'><strong>modus</strong></span> <span class='ocrx_word' id='word_1_598' title='bbox 2640 1627 2751 1697; x_wconf 90' lang='lat' dir='ltr'><strong>ipse</strong></span> <span class='ocrx_word' id='word_1_599' title='bbox 2790 1643 2896 1696; x_wconf 91' lang='lat' dir='ltr'><strong>quo</strong></span> <span class='ocrx_word' id='word_1_600' title='bbox 2947 1628 3175 1697; x_wconf 90' lang='lat' dir='ltr'><strong>dicitur,</strong></span> <span class='ocrx_word' id='word_1_601' title='bbox 3221 1631 3265 1684; x_wconf 90' lang='lat' dir='ltr'><strong>si</strong></span> <span class='ocrx_word' id='word_1_602' title='bbox 3304 1645 3411 1685; x_wconf 89' lang='lat' dir='ltr'><strong>non</strong></span> <span class='ocrx_word' id='word_1_603' title='bbox 3454 1632 3526 1686; x_wconf 91' lang='lat' dir='ltr'><strong>ita</strong></span> 
     </span>
    </p>
   </div>
   <div class='ocr_carea' id='block_1_77' title="bbox 1947 1713 3529 1788">
    <p class='ocr_par' dir='ltr' id='par_1_77' title="bbox 1947 1713 3529 1788">
     <span class='ocr_line' id='line_1_77' title="bbox 1947 1713 3529 1788; baseline 0.006 -21"><span class='ocrx_word' id='word_1_604' title='bbox 1947 1713 2167 1768; x_wconf 89' lang='lat' dir='ltr'><strong>discitur</strong></span> <span class='ocrx_word' id='word_1_605' title='bbox 2222 1724 2278 1769; x_wconf 96' lang='lat' dir='ltr'><strong>ut</strong></span> <span class='ocrx_word' id='word_1_606' title='bbox 2325 1724 2526 1785; x_wconf 82' lang='lat' dir='ltr'><strong>agatur.</strong></span> <span class='ocrx_word' id='word_1_607' title='bbox 2556 1715 2777 1786; x_wconf 88' lang='lat' dir='ltr'><strong>Oportet</strong></span> <span class='ocrx_word' id='word_1_608' title='bbox 2805 1718 2960 1787; x_wconf 85' lang='lat' dir='ltr'><strong>igitur</strong></span> <span class='ocrx_word' id='word_1_609' title='bbox 2988 1718 3321 1788; x_wconf 90' lang='lat' dir='ltr'><strong>eloquentem</strong></span> <span class='ocrx_word' id='word_1_610' title='bbox 3353 1721 3529 1777; x_wconf 89' lang='lat' dir='ltr'><strong>eccle-</strong></span> 
     </span>
    </p>
   </div>
   <div class='ocr_carea' id='block_1_78' title="bbox 1945 1806 3525 1884">
    <p class='ocr_par' dir='ltr' id='par_1_78' title="bbox 1945 1806 3525 1884">
     <span class='ocr_line' id='line_1_78' title="bbox 1945 1806 3525 1884; baseline 0.007 -24"><span class='ocrx_word' id='word_1_611' title='bbox 1945 1806 2234 1873; x_wconf 90' lang='lat' dir='ltr'><strong>siasticum,</strong></span> <span class='ocrx_word' id='word_1_612' title='bbox 2259 1810 2469 1878; x_wconf 91' lang='lat' dir='ltr'><strong>quando</strong></span> <span class='ocrx_word' id='word_1_613' title='bbox 2489 1810 2679 1865; x_wconf 89' lang='lat' dir='ltr'><strong>suadet</strong></span> <span class='ocrx_word' id='word_1_614' title='bbox 2704 1811 2896 1881; x_wconf 89' lang='lat' dir='ltr'><strong>aliquid</strong></span> <span class='ocrx_word' id='word_1_615' title='bbox 2929 1812 3070 1882; x_wconf 90' lang='lat' dir='ltr'><strong>quod</strong></span> <span class='ocrx_word' id='word_1_616' title='bbox 3113 1814 3374 1883; x_wconf 90' lang='lat' dir='ltr'><strong>agendum</strong></span> <span class='ocrx_word' id='word_1_617' title='bbox 3410 1824 3525 1884; x_wconf 89' lang='lat' dir='ltr'><strong>est,</strong></span> 
     </span>
    </p>
   </div>
   <div class='ocr_carea' id='block_1_79' title="bbox 1946 1898 3522 1974">
    <p class='ocr_par' dir='ltr' id='par_1_79' title="bbox 1946 1898 3522 1974">
     <span class='ocr_line' id='line_1_79' title="bbox 1946 1898 3522 1974; baseline 0.005 -23"><span class='ocrx_word' id='word_1_618' title='bbox 1946 1912 2051 1951; x_wconf 90' lang='lat' dir='ltr'><strong>non</strong></span> <span class='ocrx_word' id='word_1_619' title='bbox 2087 1899 2255 1952; x_wconf 92' lang='lat' dir='ltr'><strong>solum</strong></span> <span class='ocrx_word' id='word_1_620' title='bbox 2286 1898 2479 1954; x_wconf 89' lang='lat' dir='ltr'><strong>docere</strong></span> <span class='ocrx_word' id='word_1_621' title='bbox 2506 1908 2561 1954; x_wconf 92' lang='lat' dir='ltr'><strong>ut</strong></span> <span class='ocrx_word' id='word_1_622' title='bbox 2590 1901 2835 1966; x_wconf 89' lang='lat' dir='ltr'><strong>instruat,</strong></span> <span class='ocrx_word' id='word_1_623' title='bbox 2867 1912 2919 1955; x_wconf 90' lang='lat' dir='ltr'><strong>ct</strong></span> <span class='ocrx_word' id='word_1_624' title='bbox 2947 1902 3216 1958; x_wconf 86' lang='lat' dir='ltr'><strong>delectare</strong></span> <span class='ocrx_word' id='word_1_625' title='bbox 3240 1912 3296 1957; x_wconf 91' lang='lat' dir='ltr'><strong>ut</strong></span> <span class='ocrx_word' id='word_1_626' title='bbox 3324 1912 3522 1974; x_wconf 89' lang='lat' dir='ltr'><strong>teneat,</strong></span> 
     </span>
    </p>
   </div>
   <div class='ocr_carea' id='block_1_80' title="bbox 1946 1986 3526 2065">
    <p class='ocr_par' dir='ltr' id='par_1_80' title="bbox 1946 1986 3526 2065">
     <span class='ocr_line' id='line_1_80' title="bbox 1946 1986 3526 2065; baseline 0.007 -23"><span class='ocrx_word' id='word_1_627' title='bbox 1946 2004 2128 2044; x_wconf 89' lang='lat' dir='ltr'><strong>verum</strong></span> <span class='ocrx_word' id='word_1_628' title='bbox 2159 1990 2317 2045; x_wconf 89' lang='lat' dir='ltr'><strong>etiam</strong></span> <span class='ocrx_word' id='word_1_629' title='bbox 2339 1990 2553 2047; x_wconf 87' lang='lat' dir='ltr'><strong>ﬂectere</strong></span> <span class='ocrx_word' id='word_1_630' title='bbox 2584 2002 2638 2045; x_wconf 92' lang='lat' dir='ltr'><strong>ut</strong></span> <span class='ocrx_word' id='word_1_631' title='bbox 2672 1991 2858 2047; x_wconf 89' lang='lat' dir='ltr'><strong>vincat.</strong></span> <span class='ocrx_word' id='word_1_632' title='bbox 2896 1994 3011 2063; x_wconf 91' lang='lat' dir='ltr'><strong>Ipse</strong></span> <span class='ocrx_word' id='word_1_633' title='bbox 3047 1986 3241 2065; x_wconf 90' lang='lat' dir='ltr'><strong>quippe</strong></span> <span class='ocrx_word' id='word_1_634' title='bbox 3278 1995 3388 2065; x_wconf 87' lang='lat' dir='ltr'><strong>jam</strong></span> <span class='ocrx_word' id='word_1_635' title='bbox 3436 2012 3526 2053; x_wconf 89' lang='lat' dir='ltr'><strong>re-</strong></span> 
     </span>
    </p>
   </div>
   <div class='ocr_carea' id='block_1_81' title="bbox 1944 2082 3521 2159">
    <p class='ocr_par' dir='ltr' id='par_1_81' title="bbox 1944 2082 3521 2159">
     <span class='ocr_line' id='line_1_81' title="bbox 1944 2082 3521 2159; baseline 0.007 -25"><span class='ocrx_word' id='word_1_636' title='bbox 1944 2090 2126 2137; x_wconf 90' lang='lat' dir='ltr'><strong>manet</strong></span> <span class='ocrx_word' id='word_1_637' title='bbox 2144 2082 2210 2137; x_wconf 89' lang='lat' dir='ltr'><strong>ad</strong></span> <span class='ocrx_word' id='word_1_638' title='bbox 2234 2084 2638 2139; x_wconf 90' lang='lat' dir='ltr'><strong>consensionem</strong></span> <span class='ocrx_word' id='word_1_639' title='bbox 2656 2085 2946 2141; x_wconf 90' lang='lat' dir='ltr'><strong>ﬂectendus</strong></span> <span class='ocrx_word' id='word_1_640' title='bbox 2967 2087 3284 2156; x_wconf 69' lang='lat' dir='ltr'><strong>eloquentia:</strong></span> <span class='ocrx_word' id='word_1_641' title='bbox 3303 2090 3521 2159; x_wconf 88' lang='lat' dir='ltr'><strong>grandi-</strong></span> 
     </span>
    </p>
   </div>
   <div class='ocr_carea' id='block_1_82' title="bbox 1945 2172 3520 2246">
    <p class='ocr_par' dir='ltr' id='par_1_82' title="bbox 1945 2172 3520 2246">
     <span class='ocr_line' id='line_1_82' title="bbox 1945 2172 3520 2246; baseline 0.006 -21"><span class='ocrx_word' id='word_1_642' title='bbox 1945 2179 2085 2238; x_wconf 84' lang='lat' dir='ltr'><strong>tate,</strong></span> <span class='ocrx_word' id='word_1_643' title='bbox 2126 2172 2176 2225; x_wconf 91' lang='lat' dir='ltr'><strong>in</strong></span> <span class='ocrx_word' id='word_1_644' title='bbox 2203 2189 2308 2242; x_wconf 93' lang='lat' dir='ltr'><strong>quo</strong></span> <span class='ocrx_word' id='word_1_645' title='bbox 2334 2173 2383 2227; x_wconf 91' lang='lat' dir='ltr'><strong>id</strong></span> <span class='ocrx_word' id='word_1_646' title='bbox 2416 2190 2521 2228; x_wconf 91' lang='lat' dir='ltr'><strong>non</strong></span> <span class='ocrx_word' id='word_1_647' title='bbox 2548 2175 2657 2244; x_wconf 88' lang='lat' dir='ltr'><strong>egit</strong></span> <span class='ocrx_word' id='word_1_648' title='bbox 2699 2190 2865 2246; x_wconf 88' lang='lat' dir='ltr'><strong>usque</strong></span> <span class='ocrx_word' id='word_1_649' title='bbox 2894 2177 2959 2230; x_wconf 90' lang='lat' dir='ltr'><strong>ad</strong></span> <span class='ocrx_word' id='word_1_650' title='bbox 2990 2178 3106 2246; x_wconf 82' lang='lat' dir='ltr'><strong>ejus</strong></span> <span class='ocrx_word' id='word_1_651' title='bbox 3131 2178 3520 2235; x_wconf 87' lang='lat' dir='ltr'><strong>confessionem</strong></span> 
     </span>
    </p>
   </div>
   <div class='ocr_carea' id='block_1_83' title="bbox 1941 2261 3522 2335">
    <p class='ocr_par' dir='ltr' id='par_1_83' title="bbox 1941 2261 3522 2335">
     <span class='ocr_line' id='line_1_83' title="bbox 1941 2261 3522 2335; baseline 0.008 -21"><span class='ocrx_word' id='word_1_652' title='bbox 1941 2261 2302 2317; x_wconf 88' lang='lat' dir='ltr'><strong>demonstrata</strong></span> <span class='ocrx_word' id='word_1_653' title='bbox 2320 2266 2534 2331; x_wconf 87' lang='lat' dir='ltr'><strong>veritas,</strong></span> <span class='ocrx_word' id='word_1_654' title='bbox 2548 2266 2793 2335; x_wconf 88' lang='lat' dir='ltr'><strong>adjuncta</strong></span> <span class='ocrx_word' id='word_1_655' title='bbox 2807 2269 2962 2321; x_wconf 90' lang='lat' dir='ltr'><strong>etiam</strong></span> <span class='ocrx_word' id='word_1_656' title='bbox 2984 2270 3244 2325; x_wconf 79' lang='lat' dir='ltr'><strong>suavitate</strong></span> <span class='ocrx_word' id='word_1_657' title='bbox 3254 2270 3522 2328; x_wconf 85' lang='lat' dir='ltr'><strong>dictionis.</strong></span> 
     </span>
    </p>
   </div>
   <div class='ocr_carea' id='block_1_84' title="bbox 1940 2354 3527 2434">
    <p class='ocr_par' dir='ltr' id='par_1_84' title="bbox 1940 2354 3527 2434">
     <span class='ocr_line' id='line_1_84' title="bbox 1940 2354 3527 2434; baseline 0.006 -26"><span class='ocrx_word' id='word_1_658' title='bbox 1940 2354 2163 2412; x_wconf 83' lang='lat' dir='ltr'><strong>CAPUT</strong></span> <span class='ocrx_word' id='word_1_659' title='bbox 2210 2356 2348 2411; x_wconf 80' lang='lat' dir='ltr'><strong>XIV.</strong></span> <span class='ocrx_word' id='word_1_660' title='bbox 2395 2389 2467 2399; x_wconf 89' lang='lat'><strong>—-</strong></span> <span class='ocrx_word' id='word_1_661' title='bbox 2511 2358 2759 2413; x_wconf 86' lang='lat' dir='ltr'><strong>Dictionis</strong></span> <span class='ocrx_word' id='word_1_662' title='bbox 2791 2362 3010 2415; x_wconf 70' lang='lat' dir='ltr'><strong>suavitas</strong></span> <span class='ocrx_word' id='word_1_663' title='bbox 3036 2378 3127 2431; x_wconf 85' lang='lat' dir='ltr'><strong>pro</strong></span> <span class='ocrx_word' id='word_1_664' title='bbox 3154 2365 3348 2417; x_wconf 85' lang='lat' dir='ltr'><strong>ratione</strong></span> <span class='ocrx_word' id='word_1_665' title='bbox 3373 2380 3527 2434; x_wconf 81' lang='lat' dir='ltr'><strong>argu-</strong></span> 
     </span>
    </p>
   </div>
   <div class='ocr_carea' id='block_1_85' title="bbox 2430 2450 3048 2517">
    <p class='ocr_par' dir='ltr' id='par_1_85' title="bbox 2430 2450 3048 2517">
     <span class='ocr_line' id='line_1_85' title="bbox 2430 2450 3048 2517; baseline 0.006 -16"><span class='ocrx_word' id='word_1_666' title='bbox 2430 2450 2585 2502; x_wconf 85' lang='lat' dir='ltr'><strong>menti</strong></span> <span class='ocrx_word' id='word_1_667' title='bbox 2610 2451 2929 2517; x_wconf 81' lang='lat' dir='ltr'><strong>procuranda</strong></span> <span class='ocrx_word' id='word_1_668' title='bbox 2955 2462 3048 2505; x_wconf 88' lang='lat' dir='ltr'><strong>est.</strong></span> 
     </span>
    </p>
   </div>
   <div class='ocr_carea' id='block_1_86' title="bbox 2010 2535 3526 2610">
    <p class='ocr_par' dir='ltr' id='par_1_86' title="bbox 2010 2535 3526 2610">
     <span class='ocr_line' id='line_1_86' title="bbox 2010 2535 3526 2610; baseline 0.005 -20"><span class='ocrx_word' id='word_1_669' title='bbox 2010 2536 2099 2590; x_wconf 80' lang='lat'><strong>50.</strong></span> <span class='ocrx_word' id='word_1_670' title='bbox 2147 2535 2244 2591; x_wconf 89' lang='lat' dir='ltr'><strong>Cui</strong></span> <span class='ocrx_word' id='word_1_671' title='bbox 2287 2538 2539 2592; x_wconf 81' lang='lat' dir='ltr'><strong>suavitati</strong></span> <span class='ocrx_word' id='word_1_672' title='bbox 2586 2550 2784 2593; x_wconf 90' lang='lat' dir='ltr'><strong>tantum</strong></span> <span class='ocrx_word' id='word_1_673' title='bbox 2824 2541 3319 2610; x_wconf 61' lang='lat' dir='ltr'><strong>operaiimpensnm</strong></span> <span class='ocrx_word' id='word_1_674' title='bbox 3350 2551 3431 2597; x_wconf 89' lang='lat' dir='ltr'><strong>est</strong></span> <span class='ocrx_word' id='word_1_675' title='bbox 3457 2544 3526 2599; x_wconf 88' lang='lat' dir='ltr'><strong>ab</strong></span> 
     </span>
    </p>
   </div>
   <div class='ocr_carea' id='block_1_87' title="bbox 1942 2625 3524 2697">
    <p class='ocr_par' dir='ltr' id='par_1_87' title="bbox 1942 2625 3524 2697">
     <span class='ocr_line' id='line_1_87' title="bbox 1942 2625 3524 2697; baseline 0.008 -18"><span class='ocrx_word' id='word_1_676' title='bbox 1942 2625 2242 2687; x_wconf 82' lang='lat' dir='ltr'><strong>hominibus</strong></span> <span class='ocrx_word' id='word_1_677' title='bbox 2262 2668 2277 2693; x_wconf 90' lang='lat'><strong>,</strong></span> <span class='ocrx_word' id='word_1_678' title='bbox 2307 2636 2363 2681; x_wconf 92' lang='lat' dir='ltr'><strong>ut</strong></span> <span class='ocrx_word' id='word_1_679' title='bbox 2384 2644 2487 2682; x_wconf 90' lang='lat' dir='ltr'><strong>non</strong></span> <span class='ocrx_word' id='word_1_680' title='bbox 2517 2630 2689 2682; x_wconf 91' lang='lat' dir='ltr'><strong>solum</strong></span> <span class='ocrx_word' id='word_1_681' title='bbox 2717 2645 2822 2685; x_wconf 93' lang='lat' dir='ltr'><strong>non</strong></span> <span class='ocrx_word' id='word_1_682' title='bbox 2843 2631 3113 2697; x_wconf 87' lang='lat' dir='ltr'><strong>facienda,</strong></span> <span class='ocrx_word' id='word_1_683' title='bbox 3146 2648 3329 2688; x_wconf 84' lang='lat' dir='ltr'><strong>verum</strong></span> <span class='ocrx_word' id='word_1_684' title='bbox 3358 2636 3524 2691; x_wconf 88' lang='lat' dir='ltr'><strong>etiam</strong></span> 
     </span>
    </p>
   </div>
   <div class='ocr_carea' id='block_1_88' title="bbox 1938 2716 3527 2795">
    <p class='ocr_par' dir='ltr' id='par_1_88' title="bbox 1938 2716 3527 2795">
     <span class='ocr_line' id='line_1_88' title="bbox 1938 2716 3527 2795; baseline 0.006 -23"><span class='ocrx_word' id='word_1_685' title='bbox 1938 2716 2183 2788; x_wconf 89' lang='lat' dir='ltr'><strong>fugienda</strong></span> <span class='ocrx_word' id='word_1_686' title='bbox 2224 2736 2287 2775; x_wconf 89' lang='lat' dir='ltr'><strong>ac</strong></span> <span class='ocrx_word' id='word_1_687' title='bbox 2323 2721 2632 2776; x_wconf 90' lang='lat' dir='ltr'><strong>detestanda</strong></span> <span class='ocrx_word' id='word_1_688' title='bbox 2671 2730 2749 2776; x_wconf 93' lang='lat' dir='ltr'><strong>tot</strong></span> <span class='ocrx_word' id='word_1_689' title='bbox 2794 2732 2848 2777; x_wconf 90' lang='lat' dir='ltr'><strong>et</strong></span> <span class='ocrx_word' id='word_1_690' title='bbox 2889 2732 3031 2776; x_wconf 88' lang='lat' dir='ltr'><strong>tanta</strong></span> <span class='ocrx_word' id='word_1_691' title='bbox 3060 2725 3195 2778; x_wconf 85' lang='lat' dir='ltr'><strong>mala</strong></span> <span class='ocrx_word' id='word_1_692' title='bbox 3226 2734 3385 2795; x_wconf 89' lang='lat' dir='ltr'><strong>atque</strong></span> <span class='ocrx_word' id='word_1_693' title='bbox 3415 2736 3527 2782; x_wconf 88' lang='lat' dir='ltr'><strong>tur-</strong></span> 
     </span>
    </p>
   </div>
   <div class='ocr_carea' id='block_1_89' title="bbox 1941 2810 3521 2885">
    <p class='ocr_par' dir='ltr' id='par_1_89' title="bbox 1941 2810 3521 2885">
     <span class='ocr_line' id='line_1_89' title="bbox 1941 2810 3521 2885; baseline 0.006 -24"><span class='ocrx_word' id='word_1_694' title='bbox 1941 2810 2045 2878; x_wconf 83' lang='lat' dir='ltr'><strong>pia,</strong></span> <span class='ocrx_word' id='word_1_695' title='bbox 2068 2826 2184 2879; x_wconf 87' lang='lat' dir='ltr'><strong>quae</strong></span> <span class='ocrx_word' id='word_1_696' title='bbox 2208 2811 2360 2864; x_wconf 89' lang='lat' dir='ltr'><strong>malis</strong></span> <span class='ocrx_word' id='word_1_697' title='bbox 2400 2821 2452 2866; x_wconf 91' lang='lat' dir='ltr'><strong>et</strong></span> <span class='ocrx_word' id='word_1_698' title='bbox 2476 2812 2714 2881; x_wconf 88' lang='lat' dir='ltr'><strong>turpibus</strong></span> <span class='ocrx_word' id='word_1_699' title='bbox 2735 2812 3083 2868; x_wconf 88' lang='lat' dir='ltr'><strong>disertissime</strong></span> <span class='ocrx_word' id='word_1_700' title='bbox 3105 2830 3353 2883; x_wconf 88' lang='lat' dir='ltr'><strong>persuasa</strong></span> <span class='ocrx_word' id='word_1_701' title='bbox 3376 2827 3521 2885; x_wconf 87' lang='lat' dir='ltr'><strong>sunt,</strong></span> 
     </span>
    </p>
   </div>
   <div class='ocr_carea' id='block_1_90' title="bbox 1940 2903 3521 2979">
    <p class='ocr_par' dir='ltr' id='par_1_90' title="bbox 1940 2903 3521 2979">
     <span class='ocr_line' id='line_1_90' title="bbox 1940 2903 3521 2979; baseline 0.006 -24"><span class='ocrx_word' id='word_1_702' title='bbox 1940 2918 2044 2955; x_wconf 90' lang='lat' dir='ltr'><strong>non</strong></span> <span class='ocrx_word' id='word_1_703' title='bbox 2074 2912 2128 2956; x_wconf 89' lang='lat' dir='ltr'><strong>ut</strong></span> <span class='ocrx_word' id='word_1_704' title='bbox 2156 2903 2235 2957; x_wconf 92' lang='lat' dir='ltr'><strong>eis</strong></span> <span class='ocrx_word' id='word_1_705' title='bbox 2259 2906 2622 2959; x_wconf 88' lang='lat' dir='ltr'><strong>consentiatur</strong></span> <span class='ocrx_word' id='word_1_706' title='bbox 2642 2947 2656 2971; x_wconf 88' lang='lat'><strong>,</strong></span> <span class='ocrx_word' id='word_1_707' title='bbox 2689 2905 2784 2960; x_wconf 91' lang='lat' dir='ltr'><strong>sed</strong></span> <span class='ocrx_word' id='word_1_708' title='bbox 2812 2907 2922 2960; x_wconf 88' lang='lat' dir='ltr'><strong>sola</strong></span> <span class='ocrx_word' id='word_1_709' title='bbox 2944 2906 3312 2963; x_wconf 88' lang='lat' dir='ltr'><strong>delectationis</strong></span> <span class='ocrx_word' id='word_1_710' title='bbox 3330 2912 3521 2979; x_wconf 90' lang='lat' dir='ltr'><strong>gratia,</strong></span> 
     </span>
    </p>
   </div>
   <div class='ocr_carea' id='block_1_91' title="bbox 1938 2991 3524 3072">
    <p class='ocr_par' dir='ltr' id='par_1_91' title="bbox 1938 2991 3524 3072">
     <span class='ocr_line' id='line_1_91' title="bbox 1938 2991 3524 3072; baseline 0.007 -28"><span class='ocrx_word' id='word_1_711' title='bbox 1938 2991 2260 3047; x_wconf 88' lang='lat' dir='ltr'><strong>lectitentur.</strong></span> <span class='ocrx_word' id='word_1_712' title='bbox 2295 2994 2512 3049; x_wconf 87' lang='lat' dir='ltr'><strong>Avertat</strong></span> <span class='ocrx_word' id='word_1_713' title='bbox 2541 3003 2715 3049; x_wconf 90' lang='lat' dir='ltr'><strong>autem</strong></span> <span class='ocrx_word' id='word_1_714' title='bbox 2746 2996 2887 3050; x_wconf 91' lang='lat' dir='ltr'><strong>Deus</strong></span> <span class='ocrx_word' id='word_1_715' title='bbox 2914 2997 2978 3051; x_wconf 90' lang='lat' dir='ltr'><strong>ab</strong></span> <span class='ocrx_word' id='word_1_716' title='bbox 3002 2997 3237 3052; x_wconf 89' lang='lat' dir='ltr'><strong>Ecclesia</strong></span> <span class='ocrx_word' id='word_1_717' title='bbox 3264 3014 3356 3053; x_wconf 89' lang='lat' dir='ltr'><strong>sua</strong></span> <span class='ocrx_word' id='word_1_718' title='bbox 3381 3001 3524 3072; x_wconf 90' lang='lat' dir='ltr'><strong>quod</strong></span> 
     </span>
    </p>
   </div>
   <div class='ocr_carea' id='block_1_92' title="bbox 1936 3083 3524 3156">
    <p class='ocr_par' dir='ltr' id='par_1_92' title="bbox 1936 3083 3524 3156">
     <span class='ocr_line' id='line_1_92' title="bbox 1936 3083 3524 3156; baseline 0.004 -18"><span class='ocrx_word' id='word_1_719' title='bbox 1936 3083 2005 3138; x_wconf 89' lang='lat' dir='ltr'><strong>de</strong></span> <span class='ocrx_word' id='word_1_720' title='bbox 2044 3099 2308 3154; x_wconf 76' lang='lat' dir='ltr'><strong>synagoga</strong></span> <span class='ocrx_word' id='word_1_721' title='bbox 2350 3085 2655 3139; x_wconf 68' lang='lat' dir='ltr'><strong>Judceorum</strong></span> <span class='ocrx_word' id='word_1_722' title='bbox 2698 3085 2957 3140; x_wconf 85' lang='lat' dir='ltr'><strong>Jeremias</strong></span> <span class='ocrx_word' id='word_1_723' title='bbox 3000 3087 3256 3156; x_wconf 89' lang='lat' dir='ltr'><strong>propheta</strong></span> <span class='ocrx_word' id='word_1_724' title='bbox 3286 3104 3524 3145; x_wconf 87' lang='lat' dir='ltr'><strong>comme-</strong></span> 
     </span>
    </p>
   </div>
   <div class='ocr_carea' id='block_1_93' title="bbox 1937 3174 3526 3250">
    <p class='ocr_par' dir='ltr' id='par_1_93' title="bbox 1937 3174 3526 3250">
     <span class='ocr_line' id='line_1_93' title="bbox 1937 3174 3526 3250; baseline 0.005 -22"><span class='ocrx_word' id='word_1_725' title='bbox 1937 3182 2109 3229; x_wconf 89' lang='lat' dir='ltr'><strong>morat</strong></span> <span class='ocrx_word' id='word_1_726' title='bbox 2149 3175 2331 3229; x_wconf 89' lang='lat' dir='ltr'><strong>dicens</strong></span> <span class='ocrx_word' id='word_1_727' title='bbox 2361 3193 2374 3232; x_wconf 90' lang='lat'><strong>:</strong></span> <span class='ocrx_word' id='word_1_728' title='bbox 2409 3174 2579 3230; x_wconf 81' lang='lat' dir='ltr'><strong>Pavor</strong></span> <span class='ocrx_word' id='word_1_729' title='bbox 2607 3186 2652 3230; x_wconf 91' lang='lat' dir='ltr'><strong><em>et</em></strong></span> <span class='ocrx_word' id='word_1_730' title='bbox 2680 3176 2933 3231; x_wconf 84' lang='lat' dir='ltr'><strong>horrenda</strong></span> <span class='ocrx_word' id='word_1_731' title='bbox 2956 3178 3094 3247; x_wconf 82' lang='lat' dir='ltr'><strong>facta</strong></span> <span class='ocrx_word' id='word_1_732' title='bbox 3119 3188 3234 3233; x_wconf 84' lang='lat' dir='ltr'><strong>sunt</strong></span> <span class='ocrx_word' id='word_1_733' title='bbox 3258 3197 3408 3250; x_wconf 84' lang='lat' dir='ltr'><strong>super</strong></span> <span class='ocrx_word' id='word_1_734' title='bbox 3428 3192 3526 3236; x_wconf 85' lang='lat' dir='ltr'><strong>ter-</strong></span> 
     </span>
    </p>
   </div>
   <div class='ocr_carea' id='block_1_94' title="bbox 1936 3264 3523 3343">
    <p class='ocr_par' dir='ltr' id='par_1_94' title="bbox 1936 3264 3523 3343">
     <span class='ocr_line' id='line_1_94' title="bbox 1936 3264 3523 3343; baseline 0.004 -23"><span class='ocrx_word' id='word_1_735' title='bbox 1936 3283 2047 3320; x_wconf 85' lang='lat' dir='ltr'><strong>ram</strong></span> <span class='ocrx_word' id='word_1_736' title='bbox 2073 3282 2091 3321; x_wconf 90' lang='lat'><em>:</em></span> <span class='ocrx_word' id='word_1_737' title='bbox 2113 3264 2383 3338; x_wconf 62' lang='lat' dir='ltr'><strong>Prop/tcta?</strong></span> <span class='ocrx_word' id='word_1_738' title='bbox 2403 3268 2765 3338; x_wconf 85' lang='lat' dir='ltr'><strong>prophetabant</strong></span> <span class='ocrx_word' id='word_1_739' title='bbox 2783 3270 2977 3338; x_wconf 88' lang='lat' dir='ltr'><strong>iniqua,</strong></span> <span class='ocrx_word' id='word_1_740' title='bbox 3002 3280 3047 3323; x_wconf 87' lang='lat' dir='ltr'><strong><em>et</em></strong></span> <span class='ocrx_word' id='word_1_741' title='bbox 3067 3270 3350 3326; x_wconf 81' lang='lat' dir='ltr'><strong>sacerdotes</strong></span> <span class='ocrx_word' id='word_1_742' title='bbox 3371 3272 3523 3343; x_wconf 81' lang='lat' dir='ltr'><strong>plau-</strong></span> 
     </span>
    </p>
   </div>
   <div class='ocr_carea' id='block_1_95' title="bbox 1935 3358 3523 3431">
    <p class='ocr_par' dir='ltr' id='par_1_95' title="bbox 1935 3358 3523 3431">
     <span class='ocr_line' id='line_1_95' title="bbox 1935 3358 3523 3431; baseline 0.003 -18"><span class='ocrx_word' id='word_1_743' title='bbox 1935 3376 2047 3413; x_wconf 83' lang='lat' dir='ltr'><strong>sum</strong></span> <span class='ocrx_word' id='word_1_744' title='bbox 2072 3358 2314 3412; x_wconf 85' lang='lat' dir='ltr'><strong>dederunt</strong></span> <span class='ocrx_word' id='word_1_745' title='bbox 2341 3361 2567 3413; x_wconf 85' lang='lat' dir='ltr'><strong>manibus</strong></span> <span class='ocrx_word' id='word_1_746' title='bbox 2593 3361 2697 3414; x_wconf 85' lang='lat' dir='ltr'><strong>suis</strong></span> <span class='ocrx_word' id='word_1_747' title='bbox 2716 3402 2731 3428; x_wconf 88' lang='lat'><strong>,</strong></span> <span class='ocrx_word' id='word_1_748' title='bbox 2760 3371 2805 3414; x_wconf 89' lang='lat' dir='ltr'><strong><em>et</em></strong></span> <span class='ocrx_word' id='word_1_749' title='bbox 2835 3360 2973 3431; x_wconf 82' lang='lat' dir='ltr'><strong>plebs</strong></span> <span class='ocrx_word' id='word_1_750' title='bbox 2998 3378 3109 3414; x_wconf 89' lang='lat' dir='ltr'><strong>mea</strong></span> <span class='ocrx_word' id='word_1_751' title='bbox 3134 3362 3309 3416; x_wconf 75' lang='lat' dir='ltr'><strong>dilexit</strong></span> <span class='ocrx_word' id='word_1_752' title='bbox 3328 3363 3421 3417; x_wconf 83' lang='lat' dir='ltr'><strong>sic.</strong></span> <span class='ocrx_word' id='word_1_753' title='bbox 3454 3363 3523 3418; x_wconf 87' lang='lat' dir='ltr'><strong>Et</strong></span> 
     </span>
    </p>
   </div>
   <div class='ocr_carea' id='block_1_96' title="bbox 1936 3452 3524 3525">
    <p class='ocr_par' dir='ltr' id='par_1_96' title="bbox 1936 3452 3524 3525">
     <span class='ocr_line' id='line_1_96' title="bbox 1936 3452 3524 3525; baseline 0.003 -21"><span class='ocrx_word' id='word_1_754' title='bbox 1936 3452 2056 3523; x_wconf 85' lang='lat' dir='ltr'><strong>quid</strong></span> <span class='ocrx_word' id='word_1_755' title='bbox 2081 3452 2274 3521; x_wconf 81' lang='lat' dir='ltr'><strong>facietis</strong></span> <span class='ocrx_word' id='word_1_756' title='bbox 2298 3453 2350 3505; x_wconf 86' lang='lat' dir='ltr'><strong>in</strong></span> <span class='ocrx_word' id='word_1_757' title='bbox 2376 3452 2599 3521; x_wconf 78' lang='lat' dir='ltr'><strong>futurum</strong></span> <span class='ocrx_word' id='word_1_758' title='bbox 2629 3452 2839 3522; x_wconf 86' lang='lat' dir='ltr'><strong>(Jerem.</strong></span> <span class='ocrx_word' id='word_1_759' title='bbox 2869 3470 2901 3506; x_wconf 86' lang='lat' dir='ltr'><strong>v</strong></span> <span class='ocrx_word' id='word_1_760' title='bbox 2923 3496 2936 3517; x_wconf 92' lang='lat'><strong>,</strong></span> <span class='ocrx_word' id='word_1_761' title='bbox 2967 3453 3246 3525; x_wconf 78' lang='lat'><strong>50,31)?0</strong></span> <span class='ocrx_word' id='word_1_762' title='bbox 3268 3454 3524 3525; x_wconf 88' lang='lat' dir='ltr'><strong>eloquen-</strong></span> 
     </span>
    </p>
   </div>
   <div class='ocr_carea' id='block_1_97' title="bbox 1939 3545 3522 3615">
    <p class='ocr_par' dir='ltr' id='par_1_97' title="bbox 1939 3545 3522 3615">
     <span class='ocr_line' id='line_1_97' title="bbox 1939 3545 3522 3615; baseline 0.001 -17"><span class='ocrx_word' id='word_1_763' title='bbox 1939 3545 2007 3599; x_wconf 90' lang='lat' dir='ltr'><strong>tia</strong></span> <span class='ocrx_word' id='word_1_764' title='bbox 2052 3554 2195 3599; x_wconf 89' lang='lat' dir='ltr'><strong>tanto</strong></span> <span class='ocrx_word' id='word_1_765' title='bbox 2243 3545 2561 3611; x_wconf 90' lang='lat' dir='ltr'><strong>terribilior,</strong></span> <span class='ocrx_word' id='word_1_766' title='bbox 2603 3553 2801 3615; x_wconf 89' lang='lat' dir='ltr'><strong>quanto</strong></span> <span class='ocrx_word' id='word_1_767' title='bbox 2836 3548 3058 3615; x_wconf 89' lang='lat' dir='ltr'><strong>purior;</strong></span> <span class='ocrx_word' id='word_1_768' title='bbox 3090 3554 3143 3600; x_wconf 91' lang='lat' dir='ltr'><strong>et</strong></span> <span class='ocrx_word' id='word_1_769' title='bbox 3170 3555 3367 3615; x_wconf 84' lang='lat' dir='ltr'><strong>quanto</strong></span> <span class='ocrx_word' id='word_1_770' title='bbox 3391 3547 3522 3601; x_wconf 86' lang='lat' dir='ltr'><strong>soli-</strong></span> 
     </span>
    </p>
   </div>
   <div class='ocr_carea' id='block_1_98' title="bbox 1937 3636 3525 3702">
    <p class='ocr_par' dir='ltr' id='par_1_98' title="bbox 1937 3636 3525 3702">
     <span class='ocr_line' id='line_1_98' title="bbox 1937 3636 3525 3702; baseline 0 -10"><span class='ocrx_word' id='word_1_771' title='bbox 1937 3637 2088 3702; x_wconf 93' lang='lat' dir='ltr'><strong>dior,</strong></span> <span class='ocrx_word' id='word_1_772' title='bbox 2136 3645 2283 3690; x_wconf 89' lang='lat' dir='ltr'><strong>tanto</strong></span> <span class='ocrx_word' id='word_1_773' title='bbox 2326 3636 2724 3692; x_wconf 88' lang='lat' dir='ltr'><strong>vehementior!</strong></span> <span class='ocrx_word' id='word_1_774' title='bbox 2767 3636 2811 3692; x_wconf 93' lang='grc' dir='ltr'>Ο</span> <span class='ocrx_word' id='word_1_775' title='bbox 2855 3651 2977 3692; x_wconf 88' lang='lat' dir='ltr'><strong>vere</strong></span> <span class='ocrx_word' id='word_1_776' title='bbox 3013 3638 3214 3692; x_wconf 90' lang='lat' dir='ltr'><strong>securis</strong></span> <span class='ocrx_word' id='word_1_777' title='bbox 3235 3636 3525 3693; x_wconf 90' lang='lat' dir='ltr'><strong>concidens</strong></span> 
     </span>
    </p>
   </div>
   <div class='ocr_carea' id='block_1_99' title="bbox 1938 3726 3523 3799">
    <p class='ocr_par' dir='ltr' id='par_1_99' title="bbox 1938 3726 3523 3799">
     <span class='ocr_line' id='line_1_99' title="bbox 1938 3726 3523 3799; baseline 0.001 -17"><span class='ocrx_word' id='word_1_778' title='bbox 1938 3736 2114 3797; x_wconf 87' lang='lat' dir='ltr'><strong>petras</strong></span> <span class='ocrx_word' id='word_1_779' title='bbox 2137 3727 2151 3781; x_wconf 78' lang='grc' dir='ltr'><strong>ι</strong></span> <span class='ocrx_word' id='word_1_780' title='bbox 2184 3726 2306 3781; x_wconf 89' lang='lat' dir='ltr'><strong>huic</strong></span> <span class='ocrx_word' id='word_1_781' title='bbox 2335 3728 2475 3781; x_wconf 89' lang='lat' dir='ltr'><strong>enim</strong></span> <span class='ocrx_word' id='word_1_782' title='bbox 2501 3726 2578 3781; x_wconf 89' lang='lat' dir='ltr'><strong>rei</strong></span> <span class='ocrx_word' id='word_1_783' title='bbox 2605 3726 2780 3783; x_wconf 89' lang='lat' dir='ltr'><strong>simile</strong></span> <span class='ocrx_word' id='word_1_784' title='bbox 2800 3742 2918 3782; x_wconf 85' lang='lat' dir='ltr'><strong>esse</strong></span> <span class='ocrx_word' id='word_1_785' title='bbox 2938 3726 3159 3782; x_wconf 85' lang='lat' dir='ltr'><strong>verbum</strong></span> <span class='ocrx_word' id='word_1_786' title='bbox 3182 3742 3356 3793; x_wconf 89' lang='lat' dir='ltr'><strong>suum,</strong></span> <span class='ocrx_word' id='word_1_787' title='bbox 3380 3729 3523 3799; x_wconf 91' lang='lat' dir='ltr'><strong>quod</strong></span> 
     </span>
    </p>
   </div>
   <div class='ocr_carea' id='block_1_100' title="bbox 1938 3817 3522 3890">
    <p class='ocr_par' dir='ltr' id='par_1_100' title="bbox 1938 3817 3522 3890">
     <span class='ocr_line' id='line_1_100' title="bbox 1938 3817 3522 3890; baseline 0 -16"><span class='ocrx_word' id='word_1_788' title='bbox 1938 3835 2035 3890; x_wconf 91' lang='lat' dir='ltr'><strong>per</strong></span> <span class='ocrx_word' id='word_1_789' title='bbox 2060 3828 2272 3874; x_wconf 91' lang='lat' dir='ltr'><strong>sanctos</strong></span> <span class='ocrx_word' id='word_1_790' title='bbox 2301 3817 2591 3888; x_wconf 88' lang='lat' dir='ltr'><strong>Pr0phetas</strong></span> <span class='ocrx_word' id='word_1_791' title='bbox 2622 3818 2745 3875; x_wconf 90' lang='lat' dir='ltr'><strong>fecit</strong></span> <span class='ocrx_word' id='word_1_792' title='bbox 2763 3861 2778 3884; x_wconf 92' lang='lat'><strong>,</strong></span> <span class='ocrx_word' id='word_1_793' title='bbox 2810 3834 2904 3889; x_wconf 91' lang='lat' dir='ltr'><strong>per</strong></span> <span class='ocrx_word' id='word_1_794' title='bbox 2926 3818 3065 3872; x_wconf 90' lang='lat' dir='ltr'><strong>hunc</strong></span> <span class='ocrx_word' id='word_1_795' title='bbox 3090 3818 3262 3889; x_wconf 90' lang='lat' dir='ltr'><strong>ipsum</strong></span> <span class='ocrx_word' id='word_1_796' title='bbox 3288 3819 3522 3890; x_wconf 87' lang='lat' dir='ltr'><strong>prephe-</strong></span> 
     </span>
    </p>
   </div>
   <div class='ocr_carea' id='block_1_101' title="bbox 1938 3908 3523 3981">
    <p class='ocr_par' dir='ltr' id='par_1_101' title="bbox 1938 3908 3523 3981">
     <span class='ocr_line' id='line_1_101' title="bbox 1938 3908 3523 3981; baseline 0 -16"><span class='ocrx_word' id='word_1_797' title='bbox 1938 3921 2045 3966; x_wconf 90' lang='lat' dir='ltr'><strong>tam</strong></span> <span class='ocrx_word' id='word_1_798' title='bbox 2076 3912 2215 3966; x_wconf 89' lang='lat' dir='ltr'><strong>Deus</strong></span> <span class='ocrx_word' id='word_1_799' title='bbox 2243 3911 2355 3981; x_wconf 91' lang='lat' dir='ltr'><strong>ipse</strong></span> <span class='ocrx_word' id='word_1_800' title='bbox 2379 3910 2509 3964; x_wconf 85' lang='lat' dir='ltr'><strong>dixit</strong></span> <span class='ocrx_word' id='word_1_801' title='bbox 2535 3908 2643 3980; x_wconf 86' lang='lat' dir='ltr'><strong>(Id.</strong></span> <span class='ocrx_word' id='word_1_802' title='bbox 2667 3926 2786 3964; x_wconf 69' lang='lat' dir='ltr'><strong>xsvr</strong></span> <span class='ocrx_word' id='word_1_803' title='bbox 2809 3950 2823 3975; x_wconf 94' lang='lat'><strong>,</strong></span> <span class='ocrx_word' id='word_1_804' title='bbox 2848 3909 2961 3981; x_wconf 69' lang='lat'><strong>22).</strong></span> <span class='ocrx_word' id='word_1_805' title='bbox 2990 3908 3143 3964; x_wconf 89' lang='lat' dir='ltr'><strong>Absit</strong></span> <span class='ocrx_word' id='word_1_806' title='bbox 3165 3909 3362 3979; x_wconf 87' lang='lat' dir='ltr'><strong>itaque,</strong></span> <span class='ocrx_word' id='word_1_807' title='bbox 3384 3910 3523 3965; x_wconf 91' lang='lat' dir='ltr'><strong>absit</strong></span> 
     </span>
    </p>
   </div>
   <div class='ocr_carea' id='block_1_102' title="bbox 1937 4003 3523 4073">
    <p class='ocr_par' dir='ltr' id='par_1_102' title="bbox 1937 4003 3523 4073">
     <span class='ocr_line' id='line_1_102' title="bbox 1937 4003 3523 4073; baseline 0 -15"><span class='ocrx_word' id='word_1_808' title='bbox 1937 4020 1966 4058; x_wconf 89' lang='lat' dir='ltr'><strong>a</strong></span> <span class='ocrx_word' id='word_1_809' title='bbox 1999 4005 2184 4071; x_wconf 91' lang='lat' dir='ltr'><strong>nobis,</strong></span> <span class='ocrx_word' id='word_1_810' title='bbox 2213 4013 2273 4059; x_wconf 91' lang='lat' dir='ltr'><strong>ut</strong></span> <span class='ocrx_word' id='word_1_811' title='bbox 2298 4003 2600 4059; x_wconf 89' lang='lat' dir='ltr'><strong>sacerdotes</strong></span> <span class='ocrx_word' id='word_1_812' title='bbox 2626 4003 2875 4073; x_wconf 91' lang='lat' dir='ltr'><strong>plaudant</strong></span> <span class='ocrx_word' id='word_1_813' title='bbox 2904 4004 3080 4073; x_wconf 91' lang='lat' dir='ltr'><strong>iniqua</strong></span> <span class='ocrx_word' id='word_1_814' title='bbox 3112 4004 3436 4069; x_wconf 89' lang='lat' dir='ltr'><strong>dicentibus,</strong></span> <span class='ocrx_word' id='word_1_815' title='bbox 3467 4012 3523 4058; x_wconf 90' lang='lat' dir='ltr'><strong>et</strong></span> 
     </span>
    </p>
   </div>
   <div class='ocr_carea' id='block_1_103' title="bbox 1940 4094 3522 4167">
    <p class='ocr_par' dir='ltr' id='par_1_103' title="bbox 1940 4094 3522 4167">
     <span class='ocr_line' id='line_1_103' title="bbox 1940 4094 3522 4167; baseline -0.002 -16"><span class='ocrx_word' id='word_1_816' title='bbox 1940 4098 2087 4167; x_wconf 91' lang='lat' dir='ltr'><strong>plebs</strong></span> <span class='ocrx_word' id='word_1_817' title='bbox 2127 4097 2219 4151; x_wconf 91' lang='lat' dir='ltr'><strong>Dei</strong></span> <span class='ocrx_word' id='word_1_818' title='bbox 2263 4097 2445 4166; x_wconf 85' lang='lat' dir='ltr'><strong>diligat</strong></span> <span class='ocrx_word' id='word_1_819' title='bbox 2490 4096 2585 4149; x_wconf 90' lang='lat' dir='ltr'><strong>sic.</strong></span> <span class='ocrx_word' id='word_1_820' title='bbox 2629 4095 2781 4150; x_wconf 88' lang='lat' dir='ltr'><strong>Absit</strong></span> <span class='ocrx_word' id='word_1_821' title='bbox 2818 4111 2847 4148; x_wconf 91' lang='lat' dir='ltr'><strong>a</strong></span> <span class='ocrx_word' id='word_1_822' title='bbox 2874 4094 3062 4162; x_wconf 90' lang='lat' dir='ltr'><strong>nobis,</strong></span> <span class='ocrx_word' id='word_1_823' title='bbox 3096 4095 3343 4165; x_wconf 88' lang='lat' dir='ltr'><strong>inquam,</strong></span> <span class='ocrx_word' id='word_1_824' title='bbox 3379 4103 3522 4148; x_wconf 89' lang='lat' dir='ltr'><strong>tanta</strong></span> 
     </span>
    </p>
   </div>
   <div class='ocr_carea' id='block_1_104' title="bbox 1937 4184 3523 4256">
    <p class='ocr_par' dir='ltr' id='par_1_104' title="bbox 1937 4184 3523 4256">
     <span class='ocr_line' id='line_1_104' title="bbox 1937 4184 3523 4256; baseline -0.002 -14"><span class='ocrx_word' id='word_1_825' title='bbox 1937 4187 2199 4242; x_wconf 89' lang='lat' dir='ltr'><strong>dementia</strong></span> <span class='ocrx_word' id='word_1_826' title='bbox 2225 4202 2237 4240; x_wconf 91' lang='lat'>:</span> <span class='ocrx_word' id='word_1_827' title='bbox 2262 4202 2384 4241; x_wconf 88' lang='lat' dir='ltr'><strong>nam</strong></span> <span class='ocrx_word' id='word_1_828' title='bbox 2409 4185 2531 4256; x_wconf 92' lang='lat' dir='ltr'><strong>quid</strong></span> <span class='ocrx_word' id='word_1_829' title='bbox 2558 4185 2807 4241; x_wconf 88' lang='lat' dir='ltr'><strong>faciemus</strong></span> <span class='ocrx_word' id='word_1_830' title='bbox 2828 4185 2882 4239; x_wconf 90' lang='lat' dir='ltr'><strong>in</strong></span> <span class='ocrx_word' id='word_1_831' title='bbox 2905 4184 3168 4239; x_wconf 87' lang='lat' dir='ltr'><strong>futurum?</strong></span> <span class='ocrx_word' id='word_1_832' title='bbox 3184 4187 3246 4239; x_wconf 86' lang='lat' dir='ltr'><strong>Et</strong></span> <span class='ocrx_word' id='word_1_833' title='bbox 3264 4192 3409 4240; x_wconf 87' lang='lat' dir='ltr'><strong>certe</strong></span> <span class='ocrx_word' id='word_1_834' title='bbox 3430 4186 3523 4239; x_wconf 83' lang='lat' dir='ltr'><strong>mi-</strong></span> 
     </span>
    </p>
   </div>
   <div class='ocr_carea' id='block_1_105' title="bbox 1937 4276 3523 4347">
    <p class='ocr_par' dir='ltr' id='par_1_105' title="bbox 1937 4276 3523 4347">
     <span class='ocr_line' id='line_1_105' title="bbox 1937 4276 3523 4347; baseline -0.003 -15"><span class='ocrx_word' id='word_1_835' title='bbox 1937 4292 2039 4332; x_wconf 90' lang='lat' dir='ltr'><strong>nus</strong></span> <span class='ocrx_word' id='word_1_836' title='bbox 2085 4276 2479 4347; x_wconf 80' lang='lat' dir='ltr'><strong>intelligantur,</strong></span> <span class='ocrx_word' id='word_1_837' title='bbox 2525 4277 2700 4331; x_wconf 91' lang='lat' dir='ltr'><strong>minus</strong></span> <span class='ocrx_word' id='word_1_838' title='bbox 2740 4276 3008 4345; x_wconf 88' lang='lat' dir='ltr'><strong>placeant,</strong></span> <span class='ocrx_word' id='word_1_839' title='bbox 3056 4277 3230 4330; x_wconf 87' lang='lat' dir='ltr'><strong>minus</strong></span> <span class='ocrx_word' id='word_1_840' title='bbox 3276 4283 3523 4329; x_wconf 89' lang='lat' dir='ltr'><strong>moveant</strong></span> 
     </span>
    </p>
   </div>
   <div class='ocr_carea' id='block_1_106' title="bbox 1938 4367 3519 4436">
    <p class='ocr_par' dir='ltr' id='par_1_106' title="bbox 1938 4367 3519 4436">
     <span class='ocr_line' id='line_1_106' title="bbox 1938 4367 3519 4436; baseline 0 -15"><span class='ocrx_word' id='word_1_841' title='bbox 1938 4383 2057 4435; x_wconf 74' lang='lat' dir='ltr'><strong>qua:</strong></span> <span class='ocrx_word' id='word_1_842' title='bbox 2084 4367 2367 4433; x_wconf 86' lang='lat' dir='ltr'><strong>dicuntur;</strong></span> <span class='ocrx_word' id='word_1_843' title='bbox 2394 4375 2757 4422; x_wconf 89' lang='lat' dir='ltr'><strong>verumtamen</strong></span> <span class='ocrx_word' id='word_1_844' title='bbox 2778 4367 3020 4421; x_wconf 87' lang='lat' dir='ltr'><strong>dicantur</strong></span> <span class='ocrx_word' id='word_1_845' title='bbox 3045 4383 3059 4432; x_wconf 92' lang='lat'><strong>;</strong></span> <span class='ocrx_word' id='word_1_846' title='bbox 3086 4376 3137 4420; x_wconf 86' lang='lat' dir='ltr'><strong>et</strong></span> <span class='ocrx_word' id='word_1_847' title='bbox 3162 4367 3303 4436; x_wconf 88' lang='lat' dir='ltr'><strong>justa</strong></span> <span class='ocrx_word' id='word_1_848' title='bbox 3332 4369 3348 4397; x_wconf 77' lang='grc' dir='ltr'>ί</span> <span class='ocrx_word' id='word_1_849' title='bbox 3369 4408 3383 4431; x_wconf 90' lang='grc'><em>,</em></span> <span class='ocrx_word' id='word_1_850' title='bbox 3413 4382 3519 4421; x_wconf 90' lang='lat' dir='ltr'><strong>non</strong></span> 
     </span>
    </p>
   </div>
   <div class='ocr_carea' id='block_1_107' title="bbox 1939 4457 3517 4528">
    <p class='ocr_par' dir='ltr' id='par_1_107' title="bbox 1939 4457 3517 4528">
     <span class='ocr_line' id='line_1_107' title="bbox 1939 4457 3517 4528; baseline -0.001 -16"><span class='ocrx_word' id='word_1_851' title='bbox 1939 4459 2115 4528; x_wconf 90' lang='lat' dir='ltr'><strong>iniqua</strong></span> <span class='ocrx_word' id='word_1_852' title='bbox 2161 4458 2386 4513; x_wconf 85' lang='lat' dir='ltr'><strong>libenter</strong></span> <span class='ocrx_word' id='word_1_853' title='bbox 2433 4459 2712 4513; x_wconf 90' lang='lat' dir='ltr'><strong>audiantur</strong></span> <span class='ocrx_word' id='word_1_854' title='bbox 2756 4475 2770 4513; x_wconf 88' lang='lat'><strong>:</strong></span> <span class='ocrx_word' id='word_1_855' title='bbox 2813 4457 2953 4527; x_wconf 89' lang='lat' dir='ltr'><strong>quod</strong></span> <span class='ocrx_word' id='word_1_856' title='bbox 2992 4458 3172 4527; x_wconf 88' lang='lat' dir='ltr'><strong>utique</strong></span> <span class='ocrx_word' id='word_1_857' title='bbox 3200 4472 3308 4511; x_wconf 91' lang='lat' dir='ltr'><strong>non</strong></span> <span class='ocrx_word' id='word_1_858' title='bbox 3338 4458 3517 4524; x_wconf 86' lang='lat' dir='ltr'><strong>fieret,</strong></span> 
     </span>
    </p>
   </div>
   <div class='ocr_carea' id='block_1_108' title="bbox 1939 4548 2647 4603">
    <p class='ocr_par' dir='ltr' id='par_1_108' title="bbox 1939 4548 2647 4603">
     <span class='ocr_line' id='line_1_108' title="bbox 1939 4548 2647 4603; baseline -0.003 0"><span class='ocrx_word' id='word_1_859' title='bbox 1939 4549 2039 4603; x_wconf 89' lang='lat' dir='ltr'><strong>nisi</strong></span> <span class='ocrx_word' id='word_1_860' title='bbox 2069 4549 2303 4603; x_wconf 90' lang='lat' dir='ltr'><strong>suaviter</strong></span> <span class='ocrx_word' id='word_1_861' title='bbox 2329 4548 2647 4602; x_wconf 91' lang='lat' dir='ltr'><strong>dicerentur.</strong></span> 
     </span>
    </p>
   </div>
   <div class='ocr_carea' id='block_1_109' title="bbox 2010 4638 3516 4711">
    <p class='ocr_par' dir='ltr' id='par_1_109' title="bbox 2010 4638 3516 4711">
     <span class='ocr_line' id='line_1_109' title="bbox 2010 4638 3516 4711; baseline 0.001 -16"><span class='ocrx_word' id='word_1_862' title='bbox 2010 4640 2097 4695; x_wconf 76' lang='lat' dir='ltr'><strong>5f.</strong></span> <span class='ocrx_word' id='word_1_863' title='bbox 2132 4638 2187 4692; x_wconf 91' lang='lat' dir='ltr'>In</span> <span class='ocrx_word' id='word_1_864' title='bbox 2220 4640 2413 4710; x_wconf 89' lang='lat' dir='ltr'><strong>populo</strong></span> <span class='ocrx_word' id='word_1_865' title='bbox 2440 4648 2619 4695; x_wconf 90' lang='lat' dir='ltr'><strong>autem</strong></span> <span class='ocrx_word' id='word_1_866' title='bbox 2643 4639 2809 4710; x_wconf 87' lang='lat' dir='ltr'><strong>gravi,</strong></span> <span class='ocrx_word' id='word_1_867' title='bbox 2838 4640 2904 4695; x_wconf 90' lang='lat' dir='ltr'><strong>de</strong></span> <span class='ocrx_word' id='word_1_868' title='bbox 2921 4656 3025 4711; x_wconf 88' lang='lat' dir='ltr'><strong>quo</strong></span> <span class='ocrx_word' id='word_1_869' title='bbox 3048 4641 3247 4696; x_wconf 91' lang='lat' dir='ltr'><strong>dictum</strong></span> <span class='ocrx_word' id='word_1_870' title='bbox 3277 4650 3358 4697; x_wconf 89' lang='lat' dir='ltr'><strong>est</strong></span> <span class='ocrx_word' id='word_1_871' title='bbox 3388 4642 3516 4709; x_wconf 88' lang='lat' dir='ltr'><strong>Deo,</strong></span> 
     </span>
    </p>
   </div>
   <div class='ocr_carea' id='block_1_110' title="bbox 1939 4729 3518 4801">
    <p class='ocr_par' dir='ltr' id='par_1_110' title="bbox 1939 4729 3518 4801">
     <span class='ocr_line' id='line_1_110' title="bbox 1939 4729 3518 4801; baseline 0.001 -16"><span class='ocrx_word' id='word_1_872' title='bbox 1939 4730 2005 4785; x_wconf 86' lang='lat' dir='ltr'><strong>In</strong></span> <span class='ocrx_word' id='word_1_873' title='bbox 2033 4731 2220 4801; x_wconf 85' lang='lat' dir='ltr'><strong>populo</strong></span> <span class='ocrx_word' id='word_1_874' title='bbox 2245 4730 2383 4801; x_wconf 84' lang='lat' dir='ltr'><strong>gravi</strong></span> <span class='ocrx_word' id='word_1_875' title='bbox 2409 4730 2625 4783; x_wconf 81' lang='lat' dir='ltr'><strong>laudabo</strong></span> <span class='ocrx_word' id='word_1_876' title='bbox 2651 4739 2698 4784; x_wconf 90' lang='lat' dir='ltr'><strong><em>te</em></strong></span> <span class='ocrx_word' id='word_1_877' title='bbox 2725 4729 2898 4795; x_wconf 88' lang='lat' dir='ltr'><strong>(Psal.</strong></span> <span class='ocrx_word' id='word_1_878' title='bbox 2945 4748 3134 4796; x_wconf 78' lang='lat' dir='ltr'><strong>xxxiv,</strong></span> <span class='ocrx_word' id='word_1_879' title='bbox 3162 4732 3270 4799; x_wconf 82' lang='grc'><strong>18),</strong></span> <span class='ocrx_word' id='word_1_880' title='bbox 3298 4748 3398 4787; x_wconf 88' lang='lat' dir='ltr'><strong>nec</strong></span> <span class='ocrx_word' id='word_1_881' title='bbox 3426 4732 3518 4787; x_wconf 86' lang='lat' dir='ltr'><strong>illa</strong></span> 
     </span>
    </p>
   </div>
   <div class='ocr_carea' id='block_1_111' title="bbox 1940 4819 3520 4893">
    <p class='ocr_par' dir='ltr' id='par_1_111' title="bbox 1940 4819 3520 4893">
     <span class='ocr_line' id='line_1_111' title="bbox 1940 4819 3520 4893; baseline 0.002 -19"><span class='ocrx_word' id='word_1_882' title='bbox 1940 4820 2174 4875; x_wconf 88' lang='lat' dir='ltr'><strong>suavitas</strong></span> <span class='ocrx_word' id='word_1_883' title='bbox 2200 4819 2529 4875; x_wconf 89' lang='lat' dir='ltr'><strong>delectabilis</strong></span> <span class='ocrx_word' id='word_1_884' title='bbox 2557 4829 2655 4885; x_wconf 90' lang='lat' dir='ltr'><strong>est,</strong></span> <span class='ocrx_word' id='word_1_885' title='bbox 2690 4835 2791 4889; x_wconf 90' lang='lat' dir='ltr'><strong>qua</strong></span> <span class='ocrx_word' id='word_1_886' title='bbox 2820 4836 2926 4875; x_wconf 91' lang='lat' dir='ltr'><strong>non</strong></span> <span class='ocrx_word' id='word_1_887' title='bbox 2953 4822 3165 4891; x_wconf 89' lang='lat' dir='ltr'><strong>quidem</strong></span> <span class='ocrx_word' id='word_1_888' title='bbox 3212 4822 3386 4893; x_wconf 89' lang='lat' dir='ltr'><strong>iniqua</strong></span> <span class='ocrx_word' id='word_1_889' title='bbox 3441 4823 3520 4877; x_wconf 86' lang='lat' dir='ltr'><strong>di-</strong></span> 
     </span>
    </p>
   </div>
   <div class='ocr_carea' id='block_1_112' title="bbox 1940 4897 3519 4983">
    <p class='ocr_par' dir='ltr' id='par_1_112' title="bbox 1940 4897 3519 4983">
     <span class='ocr_line' id='line_1_112' title="bbox 1940 4897 3519 4983; baseline 0.001 -17"><span class='ocrx_word' id='word_1_890' title='bbox 1940 4920 2154 4980; x_wconf 89' lang='lat' dir='ltr'><strong>cuntur,</strong></span> <span class='ocrx_word' id='word_1_891' title='bbox 2181 4911 2276 4967; x_wconf 89' lang='lat' dir='ltr'><strong>sed</strong></span> <span class='ocrx_word' id='word_1_892' title='bbox 2303 4912 2492 4982; x_wconf 81' lang='lat' dir='ltr'><strong>exigua</strong></span> <span class='ocrx_word' id='word_1_893' title='bbox 2519 4920 2573 4966; x_wconf 91' lang='lat' dir='ltr'><strong>et</strong></span> <span class='ocrx_word' id='word_1_894' title='bbox 2598 4910 2797 4982; x_wconf 87' lang='lat' dir='ltr'><strong>fragilia</strong></span> <span class='ocrx_word' id='word_1_895' title='bbox 2828 4911 2966 4965; x_wconf 90' lang='lat' dir='ltr'><strong>bona</strong></span> <span class='ocrx_word' id='word_1_896' title='bbox 2995 4897 3217 4983; x_wconf 87' lang='lat' dir='ltr'><strong>spumco</strong></span> <span class='ocrx_word' id='word_1_897' title='bbox 3239 4914 3519 4969; x_wconf 89' lang='lat' dir='ltr'><strong>verborum</strong></span> 
     </span>
    </p>
   </div>
   <div class='ocr_carea' id='block_1_113' title="bbox 1940 5002 3519 5076">
    <p class='ocr_par' dir='ltr' id='par_1_113' title="bbox 1940 5002 3519 5076">
     <span class='ocr_line' id='line_1_113' title="bbox 1940 5002 3519 5076; baseline 0.003 -19"><span class='ocrx_word' id='word_1_898' title='bbox 1940 5004 2141 5060; x_wconf 89' lang='lat' dir='ltr'><strong>ambitu</strong></span> <span class='ocrx_word' id='word_1_899' title='bbox 2166 5012 2443 5070; x_wconf 88' lang='lat' dir='ltr'><strong>ornantur,</strong></span> <span class='ocrx_word' id='word_1_900' title='bbox 2470 5002 2611 5073; x_wconf 89' lang='lat' dir='ltr'><strong>quali</strong></span> <span class='ocrx_word' id='word_1_901' title='bbox 2635 5018 2735 5058; x_wconf 90' lang='lat' dir='ltr'><strong>nec</strong></span> <span class='ocrx_word' id='word_1_902' title='bbox 2774 5020 2961 5074; x_wconf 87' lang='lat' dir='ltr'><strong>magna</strong></span> <span class='ocrx_word' id='word_1_903' title='bbox 2991 5012 3150 5076; x_wconf 89' lang='lat' dir='ltr'><strong>atque</strong></span> <span class='ocrx_word' id='word_1_904' title='bbox 3188 5006 3394 5060; x_wconf 88' lang='lat' dir='ltr'><strong>stabilia</strong></span> <span class='ocrx_word' id='word_1_905' title='bbox 3422 5006 3519 5061; x_wconf 89' lang='lat' dir='ltr'><strong>dc-</strong></span> 
     </span>
    </p>
   </div>
   <div class='ocr_carea' id='block_1_114' title="bbox 1940 5095 3517 5166">
    <p class='ocr_par' dir='ltr' id='par_1_114' title="bbox 1940 5095 3517 5166">
     <span class='ocr_line' id='line_1_114' title="bbox 1940 5095 3517 5166; baseline 0.001 -16"><span class='ocrx_word' id='word_1_906' title='bbox 1940 5104 2124 5151; x_wconf 90' lang='lat' dir='ltr'><strong>center</strong></span> <span class='ocrx_word' id='word_1_907' title='bbox 2151 5103 2206 5150; x_wconf 86' lang='lat' dir='ltr'><strong>et</strong></span> <span class='ocrx_word' id='word_1_908' title='bbox 2247 5095 2480 5165; x_wconf 83' lang='lat' dir='ltr'><strong>graviter</strong></span> <span class='ocrx_word' id='word_1_909' title='bbox 2531 5103 2871 5151; x_wconf 89' lang='lat' dir='ltr'><strong>ornarentur.</strong></span> <span class='ocrx_word' id='word_1_910' title='bbox 2925 5097 3020 5152; x_wconf 88' lang='lat' dir='ltr'><strong>Est</strong></span> <span class='ocrx_word' id='word_1_911' title='bbox 3069 5098 3172 5153; x_wconf 88' lang='lat' dir='ltr'><strong>tale</strong></span> <span class='ocrx_word' id='word_1_912' title='bbox 3218 5097 3412 5166; x_wconf 89' lang='lat' dir='ltr'><strong>aliquid</strong></span> <span class='ocrx_word' id='word_1_913' title='bbox 3467 5097 3517 5151; x_wconf 91' lang='lat' dir='ltr'><strong>in</strong></span> 
     </span>
    </p>
   </div>
   <div class='ocr_carea' id='block_1_115' title="bbox 1941 5186 3519 5261">
    <p class='ocr_par' dir='ltr' id='par_1_115' title="bbox 1941 5186 3519 5261">
     <span class='ocr_line' id='line_1_115' title="bbox 1941 5186 3519 5261; baseline 0.001 -19"><span class='ocrx_word' id='word_1_914' title='bbox 1941 5188 2168 5257; x_wconf 87' lang='lat' dir='ltr'><strong>epistola</strong></span> <span class='ocrx_word' id='word_1_915' title='bbox 2188 5187 2476 5243; x_wconf 90' lang='lat' dir='ltr'><strong>beatissimi</strong></span> <span class='ocrx_word' id='word_1_916' title='bbox 2507 5186 2779 5259; x_wconf 88' lang='lat' dir='ltr'><strong>Cypriani,</strong></span> <span class='ocrx_word' id='word_1_917' title='bbox 2805 5190 2945 5261; x_wconf 93' lang='lat' dir='ltr'><strong>quod</strong></span> <span class='ocrx_word' id='word_1_918' title='bbox 2976 5190 3094 5246; x_wconf 90' lang='lat' dir='ltr'><strong>ideo</strong></span> <span class='ocrx_word' id='word_1_919' title='bbox 3122 5200 3251 5261; x_wconf 92' lang='lat' dir='ltr'><strong>puto</strong></span> <span class='ocrx_word' id='word_1_920' title='bbox 3270 5191 3353 5245; x_wconf 90' lang='lat' dir='ltr'><strong>vel</strong></span> <span class='ocrx_word' id='word_1_921' title='bbox 3379 5190 3519 5244; x_wconf 83' lang='lat' dir='ltr'><strong>acci-</strong></span> 
     </span>
    </p>
   </div>
   <div class='ocr_carea' id='block_1_116' title="bbox 1941 5279 3521 5351">
    <p class='ocr_par' dir='ltr' id='par_1_116' title="bbox 1941 5279 3521 5351">
     <span class='ocr_line' id='line_1_116' title="bbox 1941 5279 3521 5351; baseline 0.001 -17"><span class='ocrx_word' id='word_1_922' title='bbox 1941 5279 2087 5335; x_wconf 89' lang='lat' dir='ltr'><strong>disse</strong></span> <span class='ocrx_word' id='word_1_923' title='bbox 2106 5320 2121 5347; x_wconf 91' lang='lat'><strong>,</strong></span> <span class='ocrx_word' id='word_1_924' title='bbox 2153 5279 2240 5335; x_wconf 85' lang='lat' dir='ltr'><strong>vel</strong></span> <span class='ocrx_word' id='word_1_925' title='bbox 2269 5280 2513 5335; x_wconf 91' lang='lat' dir='ltr'><strong>consulto</strong></span> <span class='ocrx_word' id='word_1_926' title='bbox 2539 5280 2732 5335; x_wconf 87' lang='lat' dir='ltr'><strong>factum</strong></span> <span class='ocrx_word' id='word_1_927' title='bbox 2763 5297 2882 5337; x_wconf 88' lang='lat' dir='ltr'><strong>esse</strong></span> <span class='ocrx_word' id='word_1_928' title='bbox 2906 5324 2920 5350; x_wconf 93' lang='lat'><strong>,</strong></span> <span class='ocrx_word' id='word_1_929' title='bbox 2953 5290 3010 5336; x_wconf 91' lang='lat' dir='ltr'><strong>ut</strong></span> <span class='ocrx_word' id='word_1_930' title='bbox 3035 5283 3259 5337; x_wconf 86' lang='lat' dir='ltr'><strong>sciretur</strong></span> <span class='ocrx_word' id='word_1_931' title='bbox 3286 5296 3316 5335; x_wconf 89' lang='lat' dir='ltr'><strong>a</strong></span> <span class='ocrx_word' id='word_1_932' title='bbox 3344 5288 3521 5351; x_wconf 82' lang='lat' dir='ltr'><strong>poste-</strong></span> 
     </span>
    </p>
   </div>
   <div class='ocr_carea' id='block_1_117' title="bbox 1942 5371 3520 5444">
    <p class='ocr_par' dir='ltr' id='par_1_117' title="bbox 1942 5371 3520 5444">
     <span class='ocr_line' id='line_1_117' title="bbox 1942 5371 3520 5444; baseline 0.001 -18"><span class='ocrx_word' id='word_1_933' title='bbox 1942 5372 2042 5438; x_wconf 89' lang='lat' dir='ltr'><strong>ris,</strong></span> <span class='ocrx_word' id='word_1_934' title='bbox 2071 5388 2228 5442; x_wconf 86' lang='lat' dir='ltr'><strong>qnam</strong></span> <span class='ocrx_word' id='word_1_935' title='bbox 2257 5371 2490 5444; x_wconf 89' lang='lat' dir='ltr'><strong>linguam</strong></span> <span class='ocrx_word' id='word_1_936' title='bbox 2513 5373 2769 5429; x_wconf 81' lang='lat' dir='ltr'><strong>doctrina:</strong></span> <span class='ocrx_word' id='word_1_937' title='bbox 2794 5374 3098 5429; x_wconf 78' lang='lat' dir='ltr'><strong>christiana:</strong></span> <span class='ocrx_word' id='word_1_938' title='bbox 3115 5374 3314 5429; x_wconf 88' lang='lat' dir='ltr'><strong>sanitas</strong></span> <span class='ocrx_word' id='word_1_939' title='bbox 3337 5375 3403 5429; x_wconf 91' lang='lat' dir='ltr'><strong>ab</strong></span> <span class='ocrx_word' id='word_1_940' title='bbox 3423 5374 3520 5428; x_wconf 87' lang='lat' dir='ltr'><strong>ista</strong></span> 
     </span>
    </p>
   </div>
   <div class='ocr_carea' id='block_1_118' title="bbox 1940 5464 3519 5536">
    <p class='ocr_par' dir='ltr' id='par_1_118' title="bbox 1940 5464 3519 5536">
     <span class='ocr_line' id='line_1_118' title="bbox 1940 5464 3519 5536; baseline 0.001 -17"><span class='ocrx_word' id='word_1_941' title='bbox 1940 5464 2286 5519; x_wconf 87' lang='lat' dir='ltr'><strong>redundantia</strong></span> <span class='ocrx_word' id='word_1_942' title='bbox 2310 5467 2657 5532; x_wconf 86' lang='lat' dir='ltr'><strong>revocaverit,</strong></span> <span class='ocrx_word' id='word_1_943' title='bbox 2686 5476 2738 5521; x_wconf 90' lang='lat' dir='ltr'><strong>et</strong></span> <span class='ocrx_word' id='word_1_944' title='bbox 2759 5466 2825 5520; x_wconf 89' lang='lat' dir='ltr'><strong>ad</strong></span> <span class='ocrx_word' id='word_1_945' title='bbox 2854 5466 3202 5535; x_wconf 88' lang='lat' dir='ltr'><strong>eloquentiam</strong></span> <span class='ocrx_word' id='word_1_946' title='bbox 3222 5467 3519 5536; x_wconf 86' lang='lat' dir='ltr'><strong>graviorem</strong></span> 
     </span>
    </p>
   </div>
   <div class='ocr_carea' id='block_1_119' title="bbox 1942 5555 3521 5627">
    <p class='ocr_par' dir='ltr' id='par_1_119' title="bbox 1942 5555 3521 5627">
     <span class='ocr_line' id='line_1_119' title="bbox 1942 5555 3521 5627; baseline 0.001 -17"><span class='ocrx_word' id='word_1_947' title='bbox 1942 5555 2423 5627; x_wconf 89' lang='lat' dir='ltr'><strong>modestioremque</strong></span> <span class='ocrx_word' id='word_1_948' title='bbox 2464 5556 2837 5622; x_wconf 86' lang='lat' dir='ltr'><strong>restrinxerit;</strong></span> <span class='ocrx_word' id='word_1_949' title='bbox 2883 5555 3051 5625; x_wconf 86' lang='lat' dir='ltr'><strong>qualis</strong></span> <span class='ocrx_word' id='word_1_950' title='bbox 3100 5556 3153 5609; x_wconf 90' lang='lat' dir='ltr'><strong>in</strong></span> <span class='ocrx_word' id='word_1_951' title='bbox 3187 5557 3301 5627; x_wconf 82' lang='lat' dir='ltr'><strong>ejus</strong></span> <span class='ocrx_word' id='word_1_952' title='bbox 3328 5572 3521 5613; x_wconf 88' lang='lat' dir='ltr'><strong>conse-</strong></span> 
     </span>
    </p>
   </div>
   <div class='ocr_carea' id='block_1_120' title="bbox 1934 5686 3525 5810">
    <p class='ocr_par' dir='ltr' id='par_1_120' title="bbox 1934 5686 3525 5810">
     <span class='ocr_line' id='line_1_120' title="bbox 1934 5686 3525 5810; baseline 0.002 -74"><span class='ocrx_word' id='word_1_953' title='bbox 1934 5687 2115 5810; x_wconf 49' lang='lat' dir='ltr'><strong>justgie</strong></span> <span class='ocrx_word' id='word_1_954' title='bbox 2138 5695 2241 5740; x_wconf 75' lang='lat' dir='ltr'><strong>Mss.</strong></span> <span class='ocrx_word' id='word_1_955' title='bbox 2263 5686 2483 5743; x_wconf 81' lang='lat' dir='ltr'><strong>melioris</strong></span> <span class='ocrx_word' id='word_1_956' title='bbox 2504 5698 2648 5742; x_wconf 74' lang='lat' dir='ltr'><strong>none.</strong></span> <span class='ocrx_word' id='word_1_957' title='bbox 2674 5696 2727 5740; x_wconf 84' lang='lat' dir='ltr'><strong>At</strong></span> <span class='ocrx_word' id='word_1_958' title='bbox 2750 5688 2886 5749; x_wconf 85' lang='lat' dir='ltr'><strong>editi,</strong></span> <span class='ocrx_word' id='word_1_959' title='bbox 2911 5700 3024 5739; x_wconf 76' lang='lat' dir='ltr'><strong>vera</strong></span> <span class='ocrx_word' id='word_1_960' title='bbox 3043 5693 3201 5742; x_wconf 85' lang='lat' dir='ltr'><strong>tamen</strong></span> <span class='ocrx_word' id='word_1_961' title='bbox 3237 5690 3457 5743; x_wconf 83' lang='lat' dir='ltr'><strong>dicantur</strong></span> <span class='ocrx_word' id='word_1_962' title='bbox 3479 5695 3525 5740; x_wconf 82' lang='lat' dir='ltr'><strong>et</strong></span> 
     </span>
    </p>
   </div>
  </div>
