4060 6452
523 336 632 398 103

521 448 808 526 quentibus
834 441 1025 503 litteris
1064 457 1248 499 secure
1274 450 1498 507 amatur,
1538 439 1782 508 religiose
1808 435 2093 506 appetitur,

528 542 627 600 sed
667 540 979 599 difﬁcillime
1019 536 1286 606 impletur.
1337 533 1424 585 Ait
1467 544 1596 598 ergo
1645 526 1872 597 quodam
1924 525 2044 579 loco
2085 539 2102 578 :

529 634 772 689 Petamus
811 631 940 684 hanc
981 629 1147 682 sedem
1180 641 1198 679 :
1227 626 1349 678 dant
1388 636 1636 675 secessum
1682 617 1846 672 vicina
1873 625 2102 682 secreta;

526 729 612 782 ubi
639 728 760 780 dum
788 722 988 779 erratici
1024 719 1289 791 palmitum
1316 716 1488 783 lapsus
1526 710 1756 782 pendulis
1781 709 1988 763 nexibus
2014 724 2102 776 per

527 817 801 872 arundines
842 812 1038 882 bajulas
1065 816 1264 878 repunt,
1289 806 1468 859 viteam
1513 800 1759 872 porticum
1788 799 1996 868 frondea
2025 808 2102 852 te-

528 919 608 964 cta
638 913 855 981 fecerunt
898 903 1100 974 (Cypr.,
1125 899 1289 970 Epist.
1323 897 1348 951 1
1395 895 1462 948 ad
1517 891 1819 963 Donatum).
1859 891 1974 945 Non
2021 890 2103 944 di-

526 1008 722 1056 cuntur
777 998 873 1051 ista
917 995 1019 1050 nisi
1068 990 1376 1047 mirabiliter
1427 985 1823 1040 afﬂuentissima
1858 982 2100 1037 fecundi-

530 1101 636 1146 tate
675 1088 954 1151 facundiae,
981 1084 1075 1140 sed
1119 1081 1422 1152 profusione
1471 1077 1627 1132 nimia
1655 1075 1894 1147 gravitati
1920 1074 2103 1143 displi-

533 1191 675 1237 cent.
719 1181 823 1249 Qui
845 1192 970 1232 vero
1001 1178 1113 1229 haec
1138 1180 1348 1238 amant,
1380 1169 1616 1240 profecto
1653 1182 1747 1223 eos
1769 1166 1860 1236 qui
1899 1180 2002 1219 non
2033 1167 2102 1218 ita

531 1275 735 1338 dicunt,
755 1271 852 1326 sed
879 1265 1183 1335 castigatius
1206 1265 1545 1332 eloquuntur,
1571 1275 1674 1313 non
1706 1272 1862 1328 posse
1889 1258 1956 1310 ita
1985 1257 2099 1308 clo~

533 1365 622 1435 qui
644 1363 964 1424 existimant,
995 1372 1101 1410 non
1136 1355 1334 1426 judicio
1362 1353 1460 1406 ista
1487 1351 1742 1404 devitare.
1773 1350 2102 1416 Quapmpter

534 1457 634 1510 iste
661 1456 740 1508 vir
782 1462 994 1507 sanctus
1039 1458 1091 1504 et
1120 1462 1276 1518 posse
1305 1461 1362 1500 se
1388 1443 1612 1498 ostendit
1656 1443 1732 1495 sic
1756 1441 1951 1503 dicere,
1980 1438 2101 1507 quia

527 1545 664 1600 dixit
711 1540 936 1607 alicubi,
1005 1547 1060 1593 et
1102 1538 1276 1603 nolle,
1325 1534 1571 1604 quoniam
1616 1529 1951 1600 postmodum
1974 1541 2101 1581 nus-

527 1650 757 1779 Et:ng
794 1721 909 1776 XV.
949 1747 1021 1760 —
1058 1717 1297 1772 Orandus
1345 1711 1484 1766 Deus
1536 1709 1726 1765 doctori
1777 1707 2102 1763 ecclesiastico

1097 1818 1212 1862 ante
1229 1808 1538 1861 concionem.

605 1907 695 1962 3‘2.
738 1905 858 1974 Agit
886 1904 1061 1972 itaque
1090 1906 1272 1954 noster
1314 1897 1412 1951 iste
1441 1896 1714 1963 eIOquens,
1741 1905 1859 1944 cum
1886 1898 1940 1943 et
1963 1888 2102 1958 justa

532 2009 590 2054 et
611 2007 790 2054 saneta
813 2007 866 2050 et
889 1996 1026 2050 bona
1051 1992 1198 2056 dicit,
1230 2003 1402 2058 neque
1426 1988 1564 2042 enim
1591 1986 1692 2038 alia
1721 1983 1878 2037 debet
1901 1981 2098 2044 dicere;

529 2091 640 2159 agit
665 2103 789 2158 ergo
817 2093 1066 2156 quantum
1096 2091 1272 2152 potest
1296 2095 1415 2135 cum
1439 2079 1536 2132 ista
1555 2077 1700 2140 dicit,
1722 2084 1780 2128 ut
1805 2072 2102 2140 intelligen-

530 2187 634 2245 ter,
679 2187 740 2233 ut
789 2177 1034 2240 libenter,
1066 2182 1124 2228 ut
1147 2171 1458 2227 obedienter
1483 2167 1724 2221 audiatur
1754 2181 1768 2218 :
1795 2171 1851 2218 et
1891 2162 2004 2216 hanc
2046 2175 2105 2215 se

535 2285 693 2340 posse
717 2310 732 2336 ,
777 2271 821 2323 si
853 2269 1083 2337 poluerit
1105 2306 1120 2332 ,
1145 2274 1200 2320 et
1243 2265 1295 2317 in
1321 2269 1573 2332 quantum
1611 2258 1879 2329 potuerit,
1911 2255 2104 2324 pietate

532 2361 704 2430 magis
733 2361 1057 2424 orationum,
1103 2370 1259 2426 quam
1300 2362 1568 2407 oratorum
1598 2348 1843 2404 facultate
1873 2361 1977 2400 non
2003 2345 2104 2400 du-

535 2453 699 2518 bitet;
733 2463 788 2506 ut
817 2450 1019 2505 orando
1048 2464 1142 2517 pro
1170 2463 1227 2500 se
1249 2487 1262 2512 ,
1289 2461 1352 2498 ac
1380 2458 1473 2512 pro
1504 2442 1608 2496 illis
1631 2453 1762 2509 quos
1793 2447 1872 2494 est
1899 2437 2104 2491 allocu-

536 2555 714 2608 turus,
763 2545 831 2598 sit
868 2550 1048 2596 orator
1076 2549 1357 2607 antequam
1386 2536 1575 2589 dictor.
1607 2534 1721 2602 Ipsa
1744 2531 1874 2585 hora
1913 2531 2019 2600 jam
2049 2537 2106 2583 ut

531 2639 677 2692 dicat
713 2635 971 2690 accedens
993 2675 1008 2700 ,
1056 2631 1356 2700 priusquam
1385 2633 1595 2682 exserat
1623 2623 1977 2693 proferentem
2002 2621 2105 2674 Iin-

531 2743 711 2800 guom,
743 2727 808 2780 ad
837 2727 998 2780 Deum
1030 2724 1168 2776 levet
1194 2721 1423 2774 animam
1476 2719 1741 2772 sitientem
1761 2755 1776 2780 ,
1808 2723 1865 2768 ut
1902 2719 2106 2768 eructet

530 2820 679 2890 quod
702 2817 922 2882 biberit,
951 2815 1033 2870 vel
1073 2813 1211 2884 quod
1239 2810 1535 2880 impleverit
1580 2807 1780 2861 fundat.
1811 2805 1941 2860 Cum
1963 2803 2105 2858 enim

530 2913 604 2968 de
645 2923 962 2980 unaquaque
985 2921 1064 2974 re,
1093 2919 1212 2975 quae
1238 2901 1525 2958 secundum
1554 2899 1706 2953 fidem
1741 2897 2104 2952 dilectionem-

532 3017 640 3074 que
687 3003 704 3034 ¹
755 2998 1024 3055 tractanda
1069 3003 1222 3062 sunt,
1267 2993 1430 3048 multa
1475 2993 1580 3046 sint
1618 3004 1734 3059 quae
1764 2988 2021 3051 dicantur,
2051 2991 2107 3040 et

533 3093 688 3148 multi
735 3092 878 3146 modi
931 3090 1120 3158 quibus
1165 3087 1405 3141 dicantur
1433 3083 1500 3137 ab
1528 3083 1606 3137 eis
1631 3081 1718 3151 qui
1749 3080 1865 3133 haec
1894 3078 2102 3142 sciunt;

535 3186 655 3255 quis
673 3184 820 3238 novit
839 3181 963 3252 quid
991 3180 1058 3234 ad
1096 3193 1329 3249 prmsens
1354 3184 1582 3244 tempus,
1613 3173 1697 3228 vel
1728 3172 1878 3225 nobis
1907 3170 2102 3236 dicere,

534 3279 620 3334 vel
648 3291 740 3348 per
763 3290 862 3331 nos
888 3273 1130 3343 expediat
1160 3270 1363 3336 audiri,
1415 3267 1517 3322 nisi
1545 3267 1636 3335 qui
1664 3264 1823 3319 corda
1868 3263 2105 3316 omnium

533 3371 718 3427 videt?
747 3377 801 3426 et
825 3369 941 3439 quis
987 3367 1108 3420 facit
1153 3373 1209 3419 ut
1253 3363 1390 3433 quod
1421 3367 1648 3431 oportet,
1677 3368 1730 3413 et
1759 3356 2104 3427 quemadmo-

534 3463 659 3519 dum
681 3470 906 3532 Oportet,
933 3459 1138 3514 dicatur
1159 3473 1190 3511 a
1222 3456 1390 3519 nobis,
1421 3454 1519 3508 nisi
1545 3454 1594 3507 in
1625 3453 1776 3519 cujus
1804 3464 1959 3504 manu
1983 3457 2109 3504 sunt

533 3566 588 3612 et
613 3569 710 3611 nos
736 3563 788 3610 et
813 3566 1087 3609 sermones
1113 3549 1279 3604 nostri
1303 3547 1454 3620 (Sap.
1483 3561 1576 3614 vn,
1603 3544 1727 3615 16)?
1756 3545 1830 3597 Ac
1859 3557 1953 3612 per
1982 3539 2104 3608 hoc,

452 3637 465 3650 ’
501 3678 508 3688 -
534 3649 704 3704 discat
733 3645 942 3717 quidem
975 3644 1150 3697 omnia
1178 3658 1294 3712 qua:
1319 3639 1554 3694 docenda
1584 3644 1726 3701 sunt,
1758 3637 1845 3706 qui
1874 3644 1928 3689 et
1950 3647 2107 3689 nosse

534 3743 649 3798 vult
672 3751 724 3796 et
745 3740 968 3804 docere;
989 3737 1395 3804 facultatemque
1420 3732 1645 3795 dicendi,
1679 3739 1736 3784 ut
1758 3730 1911 3783 decet
1934 3728 2104 3781 virum

532 3831 969 3896 ecclesiasticum,
1001 3834 1271 3896 comparet
1303 3845 1316 3880 :
1349 3825 1412 3878 ad
1444 3826 1628 3877 horam
1659 3836 1784 3875 vero
1813 3820 1976 3888 ipsius
2023 3817 2107 3872 di-

535 3926 765 3989 ctionis,
823 3922 949 3978 illud
995 3922 1168 3992 potius
1210 3921 1362 3974 bonae
1407 3917 1569 3972 menti
1599 3916 1794 3986 cogitet
1822 3913 2106 3968 convenire

535 4016 679 4088 quod
726 4015 977 4069 Dominus
1003 4014 1106 4075 ait,
1158 4010 1329 4064 Nolite
1353 4011 1569 4080 cogitare
1606 4006 1852 4075 quomodo
1877 4013 1962 4056 aut
1987 4002 2107 4073 quid

536 4106 846 4175 loquamini;
874 4103 1072 4157 dabitur
1100 4101 1231 4156 enim
1260 4101 1393 4154 vobis
1434 4101 1486 4152 in
1524 4097 1613 4151 illa
1637 4098 1762 4161 hora
1779 4095 1901 4166 quid
1926 4095 2106 4164 loqua-

538 4201 660 4255 mini
693 4214 832 4252 :non
870 4198 1000 4250 enim
1045 4211 1130 4248 vos
1171 4195 1288 4247 estis
1318 4194 1398 4262 qui
1440 4189 1729 4259 loquimini,
1768 4187 1856 4240 scd
1883 4186 2106 4255 Spiritus

539 4291 712 4346 Patris
753 4289 899 4343 vestri
946 4288 1030 4358 qui
1074 4286 1291 4354 loquitur
1318 4286 1366 4336 in
1391 4282 1523 4335 vobis
1551 4279 1760 4350 (Matth.
1790 4294 1845 4344 Χ,
1881 4278 1966 4342 19,
1990 4275 2104 4350 20).

533 4381 594 4439 Si
639 4396 764 4451 ergo
809 4380 1040 4449 loquitur
1072 4378 1121 4429 in
1173 4378 1250 4429 cis
1281 4373 1508 4442 Spiritus
1535 4379 1773 4434 sanctus,
1802 4371 1889 4438 qui
1923 4383 2106 4437 perse-

535 4474 818 4545 quentibus
842 4469 1115 4525 traduntur
1138 4481 1232 4536 pro
1253 4465 1481 4529 Christo,
1504 4478 1598 4517 cur
1625 4477 1727 4515 non
1759 4469 1813 4516 et
1834 4461 1884 4513 in
1916 4459 1992 4513 cis
2019 4457 2106 4528 qui

543 4564 756 4618 tradunt
780 4561 1105 4616 discentibus
1131 4554 1438 4611 Christum?

537 4655 762 4712 CAPUT
799 4652 937 4707 XVI.
964 4681 1036 4692 ——
1061 4647 1282 4703 Doccndi
1303 4655 1549 4716 prwcepta
1581 4659 1678 4698 non
1705 4642 1956 4714 super/luo
1975 4641 2107 4694 dan-

687 4757 767 4801 tur
793 4745 852 4799 ab
881 4745 1109 4807 homine,
1139 4741 1331 4795 tametsi
1356 4739 1580 4792 doctores
1607 4737 1778 4806 eﬂiciat
1808 4735 1964 4788 Deus.

611 4843 700 4898 33.
741 4839 988 4909 Quisquis
1014 4847 1188 4890 autem
1217 4833 1342 4889 dicit
1367 4847 1470 4886 non
1506 4845 1622 4886 esse
1649 4828 1949 4884 hominibus
1975 4841 2110 4896 pra:-

541 4933 840 5007 cipiendum
869 4929 992 5000 quid
1011 4971 1024 4994 ,
1052 4927 1136 4981 vel
1175 4923 1616 4996 quemadmodum
1646 4921 1896 4986 doceant,
1927 4919 1969 4972 si
2008 4919 2107 4971 do-

541 5039 716 5086 ctores
771 5033 984 5080 sanctus
1034 5019 1196 5074 efficit
1241 5015 1505 5085 Spiritus,
1558 5021 1729 5083 potest
1779 5012 1954 5065 dicere
2011 5023 2110 5064 nec

539 5117 794 5175 orandum
826 5112 978 5170 nobis
1007 5126 1146 5177 esse,
1183 5108 1303 5178 quia
1325 5105 1579 5160 Dominus
1598 5105 1690 5169 ait,
1722 5102 1829 5156 Scit
1857 5111 1998 5172 pater
2023 5117 2108 5154 ve-

539 5222 637 5267 stcr
661 5209 782 5282 quid
807 5205 943 5262 vobis
965 5200 1298 5259 necessarium
1325 5197 1409 5264 sit,
1434 5196 1572 5268 prius
1607 5211 1754 5266 quant
1776 5193 1954 5264 petatis
1976 5193 2036 5245 ab
2052 5208 2109 5246 eo

542 5301 653 5372 (Id.
682 5315 734 5354 vt
751 5341 766 5366 ,
790 5297 843 5368 8)
868 5312 884 5362 ;
934 5302 1023 5349 aut
1046 5291 1342 5362 apostolum
1372 5286 1590 5342 Paulum
1613 5282 1891 5338 Timotheo
1911 5292 1964 5336 et
1991 5283 2110 5336 Tito

539 5407 650 5448 non
705 5387 953 5446 debuisse
1003 5383 1292 5454 praecipere
1335 5377 1492 5449 quid,
1535 5375 1620 5431 vel
1667 5373 2110 5444 quemadmodum

539 5481 888 5554 prmcipercnt
941 5476 1078 5530 aliis.
1122 5471 1265 5539 Quas
1321 5475 1430 5528 tres
1488 5466 1804 5535 apostolicos
1853 5463 2111 5533 Epistolas

539 5583 662 5630 ante
685 5571 868 5628 oculos
893 5569 1087 5623 habere
1110 5564 1286 5627 debet,
1319 5559 1403 5614 cui
1433 5567 1513 5614 est
1537 5559 1586 5612 in
1615 5558 1851 5612 Ecclesia
1877 5557 2111 5611 doctoris

541 5679 769 5738 persona
799 5660 1062 5730 imposita.
1095 5656 1280 5711 Nonne
1308 5651 1360 5706 in
1385 5649 1550 5721 prima
1577 5648 1642 5702 ad
1665 5646 2000 5702 Timotheum
2032 5646 2109 5700 le-

602 5778 619 5809 ⁸
643 5774 780 5835 aliti,
803 5769 1265 5832 delectationemque.
1289 5771 1396 5815 Mss.
1421 5762 1652 5826 potiores,
1677 5759 2079 5824 dilectionemque.

1401 326 1492 386 DE
1528 323 1862 384 DOCTRINA
1899 318 2323 398 CHRISTIANA,
2363 327 2422 383 S.
2463 323 2822 390 AUGUSTINI

3681 339 3786 408 tot
3805 316 3819 321 ”

2202 437 2378 506 gitur:
2403 441 2662 497 Annuntia
2685 445 2791 500 haec
2819 453 2866 499 et
2900 446 3024 502 doce
3051 445 3094 522 (l
3115 449 3246 506 Tim.
3275 465 3351 519 tv,
3381 451 3511 528 ll)?
3539 472 3658 528 qua:
3679 469 3782 515 au-

2211 535 2315 584 tem
2337 530 2462 597 sint,
2495 546 2650 602 supra
2672 534 2868 590 dictum
2895 546 2995 592 est.
3026 539 3213 596 Nonne
3239 543 3309 598 ibi
3331 555 3413 600 est
3453 565 3466 602 :
3519 548 3784 605 Seniorem

2208 635 2270 672 ne
2290 621 2640 691 increpaveris,
2663 627 2752 678 sed
2779 629 2981 682 obsecra
3005 639 3058 682 ut
3079 641 3270 700 patrem
3298 635 3404 704 (Id.
3435 654 3487 704 ν,
3518 640 3571 710 1)
3592 640 3615 694 i
3640 640 3786 697 Non-

2208 725 2274 765 ne
2305 711 2356 765 in
2385 715 2615 768 secunda
2646 717 2693 768 ei
2717 717 2908 772 dicitur
2938 737 2950 772 :
2982 719 3224 776 Formam
3247 725 3372 780 habe
3400 729 3659 784 verborum
3705 749 3786 787 sm

2207 816 2386 855 norum
2409 844 2423 869 ,
2453 820 2566 874 qua:
2611 822 2643 858 a
2667 823 2746 860 me
2783 809 2967 863 audisti
2997 810 3067 881 (ll
3093 811 3225 868 Tim.
3257 830 3307 881 ι,
3339 817 3463 887 15)?
3500 818 3687 875 Nonne
3709 821 3781 877 ibi

2208 893 2258 946 ei
2310 893 2539 948 dicitur:
2574 896 2714 952 Satis
2749 915 2868 970 age,
2921 901 3131 971 teipsum
3162 906 3466 973 probabilem
3497 911 3782 980 aperart'um

2207 984 2440 1038 exhibens
2466 985 2594 1053 Deo,
2621 1005 2722 1043 non
2754 991 3132 1061 erubescentem,
3165 997 3366 1052 verbum
3406 1003 3628 1056 raritatis
3650 1013 3782 1058 recte

2206 1080 2498 1128 tractantem
2525 1075 2633 1150 (Id.
2663 1095 2720 1144 ιι,
2755 1082 2881 1151 15)?
2906 1083 2980 1137 lbi
3008 1093 3089 1138 est
3123 1094 3176 1140 et
3213 1087 3340 1142 illud
3373 1089 3646 1146 :Prtedica
3665 1111 3780 1148 ver-

2207 1160 2343 1228 bum,
2375 1165 2506 1218 insta
2531 1180 2830 1238 opportune,
2855 1174 3176 1244 importune;
3201 1195 3358 1247 argue
3375 1221 3388 1243 ,
3421 1181 3624 1236 obsecra
3646 1225 3661 1250 ,
3696 1185 3780 1237 in-

2205 1269 2355 1344 crepa
2381 1254 2433 1307 in
2463 1259 2598 1310 omni
2623 1259 2998 1329 longanimitate
3026 1273 3071 1317 et
3111 1266 3338 1321 doctrina
3361 1269 3429 1340 (Il
3453 1268 3583 1324 Tim.
3607 1272 3777 1344 ωε).

2206 1341 2438 1412 Itemque
2467 1347 2531 1399 ad
2559 1347 2730 1401 Titum
2752 1390 2764 1414 ,
2799 1365 2974 1406 nonne
3002 1353 3129 1408 dicit
3153 1357 3458 1428 episcopum
3485 1360 3634 1429 juxta
3685 1341 3782 1417 do-

2205 1435 2427 1488 ctrinam
2450 1437 2614 1492 ﬁdelis
2643 1441 2788 1493 verbi
2831 1455 3255 1511 perseverantem
3297 1463 3418 1504 esse
3473 1451 3687 1516 debere,
3721 1462 3781 1507 ut

2207 1536 2380 1595 potens
2407 1529 2470 1580 sit
2498 1530 2551 1581 in
2577 1529 2804 1584 doctrina
2829 1549 2955 1586 sana
2991 1544 3036 1588 et
3060 1539 3454 1594 contradicentes
3481 1541 3782 1613 redarguere

2207 1615 2334 1688 (Tit.
2365 1633 2403 1683 ι,
2428 1617 2525 1688 9)?
2547 1618 2621 1673 Ibi
2651 1622 2807 1676 etiam
2827 1624 2951 1678 dicit
2976 1642 2988 1677 :
3013 1625 3088 1679 Tu
3109 1643 3221 1681 vero
3250 1630 3449 1698 loquere
3471 1648 3582 1702 qua:
3609 1634 3781 1687 decent

2206 1722 2382 1761 sanam
2407 1709 2715 1776 doctrinam,
2743 1729 2881 1766 senes
2905 1716 3095 1769 sobrios
3124 1734 3228 1771 esse
3254 1717 3362 1790 (Id.
3393 1736 3462 1786 ιι,
3489 1723 3542 1788 1,
3571 1721 3642 1795 2)
3664 1763 3681 1790 ,
3726 1733 3783 1779 et

2207 1814 2324 1868 qua:
2345 1810 2654 1870 sequuntur.
2675 1803 2748 1856 lbi
2775 1813 2828 1858 et
2853 1805 2978 1860 illud
3009 1823 3020 1858 :
3045 1807 3167 1861 Ila'c
3188 1809 3403 1880 loquere,
3433 1821 3478 1866 et
3492 1814 3778 1883 exhortare,

2208 1899 2255 1942 et
2281 1890 2483 1960 increpa
2510 1908 2624 1946 cum
2644 1896 2778 1948 omni
2807 1896 3034 1964 imperio.
3065 1897 3227 1953 Nemo
3245 1910 3290 1954 te
3311 1913 3590 1958 contemnat
3616 1904 3778 1977 (Ibid.

2209 1978 2323 2049 15).
2352 1981 2579 2036 Admone
2612 1983 2726 2037 illos
2761 1985 3066 2056 principibus
3109 1997 3154 2040 et
3192 1992 3514 2058 potestatibus
3557 1995 3782 2048 subditos

2207 2086 2311 2124 esse
2343 2069 2450 2142 (Id.
2482 2089 2559 2139 ιιι,
2589 2070 2688 2146 1),
2718 2083 2822 2129 etc.
2864 2076 2999 2144 Quid
3041 2093 3166 2146 ergo
3209 2081 3486 2149 putamus?
3515 2082 3783 2153 Numquid

2207 2171 2390 2216 contra
2437 2165 2668 2232 seipsum
2710 2166 2873 2221 sentit
2912 2169 3218 2237 Apostolus,
3243 2171 3332 2241 qui
3368 2186 3492 2228 cum
3519 2173 3659 2228 dicat
3684 2173 3782 2229 do-

2209 2262 2382 2307 ctores
2405 2256 2712 2324 Operatione
2754 2256 2870 2311 fieri
2900 2258 3127 2328 Spiritus
3152 2263 3341 2328 sancti,
3371 2263 3484 2333 ipse
3511 2265 3615 2319 illis
3640 2279 3781 2334 prae:-

2207 2343 2335 2414 cipit
2357 2345 2483 2415 quid
2523 2355 2576 2401 et
2602 2347 3047 2417 quemadmodum
3076 2350 3332 2406 doceant?
3368 2355 3450 2409 An
3481 2354 3782 2426 intelligen-

2208 2436 2333 2492 dum
2361 2447 2461 2504 est,
2489 2446 2546 2493 et
2587 2439 2860 2495 hominum
2879 2437 3050 2496 ofﬁcia
3078 2443 3193 2513 ipso
3218 2453 3400 2500 sancto
3436 2445 3633 2516 Spiritu
3674 2447 3784 2502 Iar—

2208 2527 2404 2597 giente,
2435 2530 2484 2582 in
2508 2528 2758 2585 docendis
2789 2532 2947 2586 etiam
2971 2533 3098 2602 ipsis
3119 2533 3426 2589 doctoribus
3451 2551 3556 2590 non
3585 2536 3783 2592 debere

2207 2635 2450 2688 cessare;
2483 2629 2537 2676 et
2584 2630 2759 2678 tamen
2803 2639 2975 2694 neque
3018 2625 3106 2695 qui
3151 2626 3352 2694 plantat
3396 2641 3514 2682 esse
3558 2628 3778 2698 aliquid,

2210 2726 2382 2780 neque
2420 2712 2508 2780 qui
2540 2713 2706 2782 rigat,
2736 2713 2828 2768 sed
2873 2716 3034 2768 Deum
3062 2717 3152 2785 qui
3181 2715 3562 2772 incrementum
3591 2718 3683 2772 dat
3726 2717 3776 2788 (ἰ

2207 2799 2326 2857 Cor.
2355 2818 2431 2868 ιιι,
2467 2801 2559 2875 7)?
2588 2803 2738 2860 Unde
2781 2805 2909 2875 ipsis
2933 2821 3145 2876 quoque
3173 2807 3426 2864 ministris
3450 2809 3646 2864 sanctis
3685 2809 3784 2862 ho-

2208 2893 2456 2958 minibus,
2490 2895 2570 2949 vel
2601 2896 2760 2949 etiam
2787 2897 2982 2950 sanctis
3002 2897 3216 2965 Angelis
3238 2899 3597 2967 operantibus,
3621 2913 3782 2954 nemo

2207 2993 2351 3040 recte
2401 2984 2556 3038 discit
2583 3001 2700 3055 quac
2733 2989 2997 3054 pertinent
3038 2988 3103 3042 ad
3142 2989 3420 3043 vivendum
3466 3004 3584 3044 eum
3642 2989 3777 3056 Deo,

2208 3077 2308 3132 nisi
2345 3076 2436 3130 tiat
2462 3091 2492 3130 a
2521 3077 2630 3131 Deo
2655 3077 2840 3132 docilis
2867 3079 2975 3132 Deo
3010 3079 3052 3145 ι,
3082 3079 3166 3133 cui
3202 3078 3395 3134 dicitur
3422 3079 3476 3134 in
3519 3079 3729 3134 Psalmo
3763 3096 3780 3134 :

2207 3166 2346 3222 Doce
2373 3184 2452 3221 me
2486 3171 2650 3238 facere
2685 3168 2986 3222 voluntatem
3033 3177 3188 3235 tuam,
3212 3170 3446 3238 quoniam
3489 3177 3543 3222 tu
3571 3184 3622 3222 es
3641 3166 3783 3222 Deus

2208 3273 2347 3312 meus
2379 3256 2547 3329 (Psal.
2581 3273 2741 3323 cxut,
2774 3256 2882 3330 10).
2925 3257 3074 3314 Unde
3104 3268 3158 3313 et.
3185 3259 3282 3328 ipsi
3311 3258 3592 3313 Timotheo
3635 3257 3781 3313 idem

2208 3348 2333 3402 dicit
2356 3350 2647 3418 apostolus,
2674 3349 2894 3418 loquens
2924 3349 3102 3419 utique
3127 3349 3191 3404 ad
3218 3349 3532 3420 discipulum
3555 3349 3777 3404 doctor:

2209 3435 2288 3489 Tu
2312 3449 2477 3490 autem
2504 3455 2761 3507 persevera
2803 3441 2855 3493 in
2885 3439 2945 3492 iis
2969 3455 3080 3508 qua:
3099 3439 3335 3504 didicisti,
3367 3450 3413 3494 et
3433 3441 3622 3495 credita
3661 3448 3781 3494 sunt

2209 3527 2316 3591 tibi,
2339 3529 2498 3582 sciens
2525 3547 2556 3581 a
2580 3546 2676 3599 quo
2696 3530 2930 3584 didiceris
2961 3529 3025 3599 (ll
3053 3529 3182 3583 Tim.
3212 3547 3290 3596 ιιι,
3331 3531 3444 3601 ll).
3471 3530 3777 3587 Sicutenim

2209 3621 2448 3690 corporis
2474 3621 2878 3687 medicamenta,
2911 3637 3028 3690 qua-
3053 3622 3352 3674 hominibus
3382 3621 3448 3674 ab
3478 3620 3781 3675 hominibus

2210 3713 2544 3776 adhibentur,
2570 3714 2776 3766 nonnisi
2804 3713 2880 3767 eis
2913 3721 3132 3781 prosunt
3156 3711 3344 3780 quibus
3366 3711 3502 3764 Deus
3526 3721 3780 3780 Operatur

2207 3804 2450 3867 salutem,
2481 3803 2570 3872 qui
2591 3814 2642 3858 et
2666 3805 2780 3857 sine
2803 3803 2907 3857 illis
2935 3802 3134 3857 mederi
3162 3809 3355 3871 potest,
3383 3816 3501 3855 cum
3528 3803 3640 3854 sine
3661 3802 3782 3870 ipso

2211 3898 2298 3952 illa
2337 3914 2440 3952 non
2481 3898 2715 3966 possint,
2746 3906 2800 3951 et
2832 3905 3006 3951 tamen
3037 3896 3384 3960 adhibentur;
3414 3903 3469 3948 et
3496 3894 3541 3949 si
3568 3893 3670 3947 hoc
3697 3893 3782 3948 of-

2211 3989 2391 4043 ﬁciose
2419 3990 2509 4041 ﬁat
2528 4029 2542 4054 ,
2569 3990 2704 4042 inter
2725 4002 2881 4056 opera
2907 3985 3284 4040 misericordiae
3311 3984 3396 4040 vel
3415 3981 3780 4039 beneficentia:

2209 4079 2528 4149 deputatur:
2563 4079 2630 4132 ita
2660 4086 2715 4133 et
2737 4077 3037 4146 adjumenta
3087 4077 3342 4132 doctrina:
3387 4084 3512 4131 tunc
3554 4084 3780 4144 prosunt

2209 4170 2397 4226 anima:
2427 4169 2657 4223 adhibita
2685 4185 2774 4238 per
2805 4168 3092 4235 hominem,
3116 4183 3236 4222 cum
3267 4168 3406 4222 Deus
3429 4176 3678 4236 operatur
3717 4175 3782 4221 ut

2209 4262 2444 4332 prosint,
2487 4261 2575 4330 qui
2621 4261 2790 4331 potuit
2842 4259 3181 4328 Evangelium
3211 4257 3340 4312 dare
3365 4256 3587 4322 homini,
3617 4255 3781 4310 etiam

2210 4366 2317 4406 non
2342 4351 2409 4406 ab
2438 4352 2758 4416 hominibus,
2790 4365 2963 4420 neque
2983 4365 3078 4420 per
3101 4349 3391 4404 hominem.

2209 4443 2433 4502 CAPUT
2463 4442 2622 4498 XVII.
2648 4474 2718 4484 —
2738 4443 2815 4497 Ad
2839 4443 3118 4498 docendum
3138 4439 3488 4496 delectandum
3507 4447 3555 4493 et
3572 4439 3783 4508 ﬂecten-

2488 4537 2610 4590 dum
2651 4536 2860 4606 pertinet
2888 4535 3071 4603 triplea:
3102 4533 3298 4588 dicendi
3321 4547 3496 4604 genus.

2281 4626 2369 4683 54.
2410 4625 2511 4694 Qui
2546 4641 2674 4697 ergo
2718 4625 2901 4679 nititur
2923 4624 3147 4679 dicendo
3175 4622 3495 4692 persuadere
3520 4620 3659 4691 quod
3687 4619 3786 4674 bo-

2213 4733 2336 4771 num
2358 4727 2474 4781 est,
2505 4717 2634 4771 nihil
2672 4716 2859 4771 borum
2892 4715 3051 4770 trium
3083 4727 3356 4784 spernens,
3387 4722 3444 4767 ut
3464 4712 3662 4779 scilicet
3686 4709 3782 4765 do-

2209 4819 2350 4876 ceat,
2369 4818 2426 4863 ut
2445 4809 2688 4874 delectet,
2711 4818 2767 4861 ut
2790 4807 2966 4861 flectat
2985 4825 2997 4872 ;
3019 4815 3135 4861 oret
3158 4814 3314 4874 atque
3341 4813 3481 4874 agat,
3515 4812 3570 4857 ut
3593 4815 3780 4872 quem-

2211 4900 2494 4955 admodum
2541 4915 2698 4968 supra
2771 4897 3034 4963 diximus,
3089 4896 3460 4966 intelligenter,
3534 4893 3780 4959 libenter,

2212 4991 2624 5060 obedienterque
2647 4988 2909 5043 audiatur.
2933 4987 3082 5054 Quod
3107 5003 3227 5042 cum
3249 4995 3369 5056 apte
3389 4994 3444 5040 et
3466 4983 3780 5040 convenien-

2214 5089 2294 5136 ter
2313 5081 2436 5134 facit
2455 5119 2471 5145 ,
2499 5096 2603 5133 non
2633 5079 2894 5132 immerito
2921 5078 3175 5145 eloquens
3203 5077 3302 5130 diei
3332 5083 3524 5144 potest,
3551 5073 3649 5129 etsi
3675 5085 3780 5128 non

2213 5187 2333 5227 eum
2363 5179 2613 5241 sequatur
2639 5169 2890 5223 auditoris
2915 5182 3182 5222 assensus.
3211 5168 3290 5221 Ad
3322 5167 3437 5220 hzcc
3472 5167 3613 5220 enim
3661 5164 3783 5231 tria,

2214 5265 2267 5319 id
2293 5272 2374 5320 est
2395 5271 2454 5318 ut
2479 5263 2699 5328 doceat,
2731 5270 2788 5314 ut
2808 5259 3057 5325 delectet,
3089 5270 3142 5312 ut
3161 5257 3356 5324 flectat,
3387 5257 3542 5312 etiam
3572 5257 3670 5310 tria
3697 5253 3790 5309 illa

2213 5358 2423 5412 videtur
2464 5355 2730 5426 pertinere
2771 5353 3004 5408 voluisse
3032 5352 3170 5406 idem
3211 5351 3324 5421 ipse
3351 5347 3576 5404 Romani
3604 5355 3792 5402 auctor

2213 5448 2429 5518 eloquii,
2456 5462 2575 5502 cum
2607 5446 2786 5501 itidem
2829 5443 2998 5510 dixit,
3025 5441 3083 5500 Is
3107 5444 3259 5514 igitur
3294 5441 3384 5496 erit
3411 5441 3670 5510 eloquens,
3697 5437 3790 5509 qui

2218 5541 2394 5613 poterit
2426 5557 2579 5610 parva
2598 5538 2857 5605 submissa,
2887 5537 3083 5591 modica
3111 5542 3400 5606 temperate,
3427 5548 3611 5603 magna
3629 5547 3789 5602 gran-

2279 5697 2294 5729 ί
2311 5697 2403 5810 l{lic
2424 5697 2603 5764 vulgati
2627 5697 2877 5756 omittunt,
2905 5702 3002 5744 Deo
3018 5705 3036 5755 ,'
3059 5689 3185 5756 quod
3215 5698 3320 5741 Mss.
3354 5688 3567 5750 habent,
3590 5697 3682 5736 nec
3711 5696 3794 5734 su-

2254 5771 2308 5810 er
2343 5772 2422 5808 uo.

2219 5771 2422 5823 peruuo.
