4060 6456
309 463 416 521 105

298 962 596 1025 temperate
620 977 633 1024 ;
663 971 719 1015 ut
742 962 933 1032 llectat,
964 983 1152 1040 magna
1180 973 1450 1041 granditer
1467 976 1665 1035 dicere.

290 1044 526 1106 CAPUT
583 1051 766 1109 XVIII.
805 1087 878 1098 —
914 1058 1296 1120 Ecclesiasticus
1346 1079 1516 1123 orator
1564 1070 1619 1124 in
1669 1074 1877 1127 materia

757 1151 937 1219 grandi
959 1170 1152 1225 semper
1172 1168 1413 1212 versatur.

361 1230 452 1285 35.
499 1231 625 1290 Haec
647 1245 822 1293 autem
849 1241 946 1297 tria
973 1244 1060 1299 ille
1077 1287 1093 1312 ,
1124 1246 1257 1302 sicut
1283 1248 1352 1304 ab
1376 1265 1441 1305 eo
1469 1251 1609 1307 dicta
1636 1263 1792 1324 sunt,
1817 1256 1871 1312 in

286 1321 463 1375 causis
510 1323 807 1384 forensibus
853 1342 1033 1401 posset
1056 1338 1365 1406 ostendere;
1398 1357 1501 1397 non
1527 1353 1704 1400 autem
1744 1345 1866 1415 hic,

284 1408 389 1465 hoc
415 1423 503 1468 est
531 1415 584 1470 in
619 1420 992 1479 ecclesiasticis
1020 1430 1427 1499 quaestionibus,
1458 1433 1510 1488 in
1537 1436 1728 1505 quibus
1765 1438 1866 1492 hu-

277 1498 538 1571 iusmodi,
593 1524 747 1579 quem
783 1512 1027 1572 volumus
1051 1517 1367 1589 informare,
1398 1538 1576 1580 sermo
1603 1538 1861 1585 versatur.

283 1588 337 1644 in
359 1592 467 1650 illis
495 1598 636 1652 enim
658 1615 720 1655 ea
745 1618 905 1671 parva
932 1605 1196 1676 dicuntur,
1229 1613 1317 1668 ubi
1336 1588 1403 1671 de
1431 1617 1589 1672 rebus
1616 1622 1863 1689 pecunia-

281 1684 370 1738 riis
388 1685 742 1756 judicandum
770 1705 889 1764 est;
940 1715 1001 1755 ea
1042 1717 1264 1774 magna,
1295 1707 1385 1762 ubi
1411 1708 1477 1764 de
1511 1684 1681 1767 salute
1706 1727 1768 1767 ac
1795 1712 1860 1769 de

278 1779 447 1848 capite
473 1781 752 1843 hominum
780 1807 793 1843 :
816 1805 878 1846 ea
899 1808 1026 1849 vero
1043 1795 1131 1851 ubi
1151 1796 1284 1853 nihil
1304 1798 1493 1855 horum
1513 1802 1857 1872 judicandum

276 1879 373 1937 est,
394 1870 640 1945 nihilque
658 1879 829 1949 agitur
849 1891 905 1937 ut
928 1893 1048 1955 agat
1073 1885 1188 1943 sive
1210 1888 1479 1960 decernat,
1508 1870 1601 1949 sed
1623 1902 1855 1950 tantum-

273 1963 432 2018 modo
486 1975 544 2020 ut
590 1968 882 2029 delectetur
935 1977 1163 2046 auditor,
1218 1981 1355 2038 inter
1402 1993 1681 2055 utrumque
1706 1986 1887 2077 quasi"

273 2054 437 2077 ωλι-
508 2069 545 2077 Α.
618 2061 684 2077 ..
903 2067 934 2077 ..
1052 2070 1066 2077 -
1230 2066 1233 2069 λ
1396 2074 1404 2077 -

271 2054 465 2123 media,
498 2069 553 2114 et
580 2062 649 2117 ob
668 2061 771 2119 hoc
795 2067 1021 2137 modica,
1051 2070 1151 2126 hoc
1176 2066 1259 2129 est
1286 2074 1557 2131 moderata
1583 2079 1887 2155 dixerunt”

270 2143 491 2203 Medicis
534 2153 677 2207 enim
705 2156 893 2213 modus
935 2175 1131 2217 nomen
1173 2164 1423 2235 imposuit
1453 2186 1467 2222 :
1494 2184 1618 2223 nam
1642 2171 1851 2227 modica

264 2252 359 2307 pro
384 2245 571 2309 parvis
601 2247 850 2317 abusive,
880 2267 987 2308 non
1016 2258 1229 2326 proprie
1253 2257 1496 2335 dicimus.
1528 2261 1585 2317 in
1612 2260 1728 2319 istis
1748 2278 1846 2319 au-

266 2341 368 2386 tem
398 2338 622 2407 nostris,
648 2343 1075 2414 quandoquidem
1101 2349 1277 2406 omnia
1297 2392 1314 2419 ,
1362 2353 1590 2409 maxime
1632 2370 1751 2426 quas
1778 2354 1847 2412 de

262 2422 377 2479 loco
399 2430 685 2496 superiore
708 2435 915 2504 populis
938 2436 1182 2508 dicimus,
1210 2442 1277 2496 ad
1304 2442 1575 2500 hominum
1594 2422 1840 2517 salutem,

260 2531 356 2572 nec
379 2524 787 2594 temporariam,
815 2528 911 2584 sed
934 2539 1186 2587 aeternam
1212 2534 1413 2592 referre
1451 2537 1724 2607 debemus,
1749 2539 1842 2596 ubi

256 2608 412 2663 etiam
440 2613 717 2670 cavendus
753 2627 836 2673 est
884 2628 1113 2677 aeternus
1140 2624 1383 2682 interitus
1401 2668 1415 2693 ,
1446 2630 1623 2685 omnia
1650 2646 1839 2703 magna

255 2708 375 2753 sunt
400 2717 526 2772 qua:
556 2704 814 2773 dicimus;
845 2726 1010 2781 usque
1039 2713 1174 2769 adeo
1201 2725 1255 2770 ut
1292 2732 1391 2772 nec
1418 2718 1486 2774 de
1520 2720 1650 2791 ipsis
1677 2738 1836 2792 pecu-

252 2790 436 2847 niariis
491 2794 653 2850 rebus
700 2798 785 2855 vel
826 2803 1160 2872 acquirendis
1202 2808 1285 2862 vel
1330 2790 1633 2867 amittendis
1676 2790 1834 2883 parva

253 2882 421 2937 videri
452 2884 719 2957 debeant,
747 2906 865 2961 quae
891 2893 1077 2951 doctor
1106 2899 1494 2957 ecclesiasticus
1521 2903 1677 2973 dicit,
1724 2907 1837 2963 sive

251 2972 319 3026 sit
338 2974 431 3028 illa
458 2990 674 3047 magna,
701 2981 814 3037 sive
840 2998 999 3053 parva
1032 2990 1272 3057 pecunia.
1297 2990 1479 3062 Neque
1511 2994 1654 3049 enim
1674 3011 1831 3066 parva

251 3067 574 3139 estjustitia,
593 3089 748 3143 quam
763 3077 997 3146 profecto
1011 3089 1065 3135 et
1090 3082 1141 3136 in
1157 3098 1315 3152 parva
1329 3088 1548 3155 pecunia
1565 3089 1833 3145 custodire

250 3156 510 3216 debemus
524 3204 541 3231 ,
565 3164 776 3226 dimate
796 3169 1018 3226 Domino
1039 3191 1053 3227 :
1075 3173 1172 3240 Qui
1188 3176 1239 3229 in
1260 3178 1464 3232 minimo
1476 3180 1642 3249 ﬁdelis
1663 3191 1754 3251 est,
1785 3196 1832 3238 et

250 3250 501 3324 inmagno
525 3257 694 3325 ﬁdelis
710 3270 783 3315 est
799 3261 947 3334 (Luc.
969 3281 1083 3334 xvr,
1103 3268 1215 3339 10).
1236 3270 1386 3336 Quod
1411 3288 1538 3344 ergo
1553 3250 1829 3332 minimum

251 3354 328 3399 at
348 3388 366 3412 ,
402 3348 685 3407 minimum
711 3365 833 3421 est;
862 3358 953 3413 sed
980 3360 1032 3413 in
1058 3362 1278 3418 minimo
1305 3364 1511 3421 ﬁdelem
1533 3383 1654 3425 esse
1673 3411 1687 3437 ,
1717 3387 1830 3425 ma-

249 3452 404 3506 gnun
436 3450 544 3495 est.
582 3442 708 3500 Nam
739 3448 875 3503 sicut
902 3453 1035 3507 ratio
1063 3456 1434 3526 rotunditatis,
1478 3461 1531 3515 id
1574 3473 1655 3517 est
1700 3474 1754 3517 ut
1796 3482 1826 3519 a

248 3538 443 3595 puncto
465 3534 646 3589 medio
674 3551 858 3594 omnes
885 3541 1038 3598 linea:
1077 3562 1232 3615 pares
1274 3551 1327 3603 in
1352 3561 1590 3608 extrema
1623 3554 1824 3637 ducan-

251 3628 350 3687 tur,
373 3623 569 3679 eadem
594 3630 737 3683 estin
763 3647 955 3703 magno
978 3636 1124 3692 disco
1140 3680 1154 3706 ,
1198 3657 1316 3711 qua:
1342 3642 1392 3696 in
1416 3647 1690 3702 nummulo
1716 3651 1826 3704 exi-

246 3728 380 3782 guo;
415 3716 489 3769 ita
510 3718 597 3772 ubi
626 3725 941 3794 parvajustc
961 3740 1234 3801 geruntur,
1263 3750 1370 3791 non
1393 3738 1647 3795 minuitur
1670 3744 1825 3811 justi-

247 3810 327 3865 tite
366 3817 695 3884 magnitudo.

312 3902 404 3956 56.
449 3905 525 3959 De
538 3907 754 3975 judiciis
773 3912 997 3985 denique
1032 3919 1373 3976 saecularibus
1398 3923 1613 3993 (quibus
1643 3929 1822 3999 utique

244 3991 340 4045 nisi
388 3998 754 4062 pecuniariis?
778 4002 795 4071 )
822 4019 941 4058 cum
969 4008 1275 4077 loqueretur
1301 3991 1588 4084 Apostolus
1616 4037 1630 4074 :
1656 4021 1822 4076 Audet

241 4084 504 4154 quisquam
532 4100 765 4157 vestrum,
796 4093 984 4165 inquit,
1018 4101 1256 4156 adversus
1284 4105 1500 4161 alterum
1516 4109 1701 4165 habens
1727 4129 1818 4167 ne-

236 4175 428 4241 gotium
449 4218 463 4240 ,
484 4178 715 4246 judicari
757 4183 818 4236 ab
861 4187 1075 4260 iniquis,
1104 4201 1149 4243 et
1178 4209 1279 4247 non
1304 4196 1441 4265 apud
1458 4202 1702 4255 sanctos?
1737 4203 1818 4258 An

237 4267 441 4321 nescitis
473 4270 592 4337 quia
619 4276 779 4327 sancti
813 4279 1054 4333 mundum
1074 4284 1415 4352 judicabant?
1442 4288 1508 4342 Et
1533 4292 1578 4344 si
1602 4292 1655 4345 in
1683 4296 1817 4350 vobis

230 4355 549 4423 iudicabitur
571 4364 808 4431 mundus,
840 4369 1035 4441 indigni
1058 4375 1172 4428 estis
1188 4378 1272 4447 qui
1288 4378 1350 4432 de
1376 4381 1593 4437 minimis
1609 4384 1815 4454 judice-

235 4447 333 4503 tis?
359 4449 587 4507 Nescitis
614 4459 731 4526 quia
765 4464 980 4532 Angelos
1000 4467 1363 4538 judicabimus,
1396 4475 1578 4530 nedum
1598 4447 1812 4534 saecula-

233 4540 304 4591 ria
324 4542 351 4594 ?
371 4541 660 4599 Saecularia
696 4550 850 4621 igitur
862 4555 1061 4624 judicia
1082 4560 1125 4613 si
1145 4562 1436 4631 habueritis,
1463 4582 1548 4621 eos
1574 4571 1659 4640 qui
1688 4588 1807 4625 con—

235 4633 533 4699 temptibiles
562 4650 675 4692 sunt
695 4643 748 4694 in
775 4642 1024 4714 Ecclesia,
1054 4652 1145 4705 hos
1171 4657 1455 4711 constituite
1478 4662 1547 4713 ad
1563 4662 1809 4732 judican-

234 4720 347 4775 dum
378 4726 422 4777 ⁸.
452 4727 535 4779 Ad
563 4736 885 4789 reverentiam
922 4740 1056 4794 vobis
1076 4744 1207 4797 dico.
1237 4745 1327 4801 Sic
1355 4765 1454 4803 non
1475 4762 1547 4804 est
1575 4754 1703 4807 inter
1726 4772 1810 4810 vos

232 4814 492 4882 quisquam
539 4822 738 4890 sapiens
756 4865 772 4891 ,
804 4829 887 4897 qui
911 4834 1067 4899 possit
1096 4834 1224 4889 inter
1248 4839 1455 4907 fratrem
1483 4858 1627 4896 suum
1662 4846 1809 4914 judi-

233 4909 375 4960 care?
418 4909 528 4963 Sed
554 4916 715 4984 frater
751 4935 864 4973 cum
907 4926 1064 4993 fratre
1109 4930 1389 5000 judicatur,
1440 4944 1484 4988 et
1527 4936 1621 4990 hoc
1671 4942 1835 5007 aput!

231 4998 475 5068 inﬁdeles.
502 5006 624 5061 Jam
644 5012 841 5080 quidem
869 5020 1070 5074 omnino
1093 5022 1328 5079 delictum
1357 4998 1445 5094 est,
1470 5031 1588 5099 quia
1603 4998 1806 5102 judicia

231 5093 413 5150 habetis
434 5101 707 5159 vobiscum.
730 5106 898 5172 Quare
912 5128 1009 5166 non
1029 5118 1187 5185 magis
1206 5118 1512 5189 iniquitatem
1539 5127 1806 5193 patimini?

228 5202 374 5251 quare
394 5206 497 5244 non
511 5194 678 5262 potius
699 5198 1005 5266 fraudamini
1015 5206 1041 5258 ?
1060 5206 1165 5260 Sed
1181 5224 1265 5263 vos
1288 5212 1594 5282 iniquitatem
1611 5219 1798 5287 facitis,

227 5285 267 5326 et
294 5279 568 5349 fraudatis,
601 5294 648 5337 et
681 5286 775 5341 hoc
798 5294 979 5360 fratres
997 5297 1037 5347 ³.
1069 5297 1149 5351 An
1169 5279 1503 5373 nesdtiquuia
1523 5307 1695 5377 injuin
1720 5326 1801 5363 re-

226 5382 374 5432 gnum
400 5369 497 5424 Dei
526 5389 626 5427 non
652 5377 1014 5438 ltwreditabunt
1044 5387 1095 5460 (Ι
1112 5389 1226 5443 Cor.
1246 5407 1330 5458 v1,
1367 5369 1458 5450 i-9
1476 5398 1532 5463 )?
1557 5369 1691 5464 Quid
1719 5411 1801 5457 est

226 5459 359 5523 quod
374 5463 452 5515 sic
479 5464 781 5536 indignatur
805 5477 1110 5545 Apostolus,
1143 5482 1219 5536 sic
1246 5459 1485 5555 corripit,
1508 5490 1584 5543 sic
1605 5507 1798 5561 expro-

226 5543 360 5613 brat,
389 5552 468 5607 sic
494 5554 752 5629 increpat,
782 5563 859 5618 sic
881 5566 1146 5625 minatur?
1171 5573 1294 5642 quid
1314 5585 1393 5630 est
1419 5580 1560 5647 quod
1580 5583 1658 5635 sui
1680 5584 1797 5638 ani-

283 5724 810 5823 1.”§1-:.£3“2€9_‘€a99
824 5758 984 5823 rore
1014 5762 1186 5803 οωιιθε
1204 5756 1544 5823 οωίαυηίν-αά
1565 5760 1797 5823 Mm;

222 5791 378 5881 duri":
401 5791 533 5871 quod
555 5803 702 5853 etiam

271 5855 434 5967 iunias:
452 5862 690 5926 quinque,
712 5874 759 5917 et
889 5855 1502 5945 biit?
1522 5882 1673 5936 ethoc
1690 5886 1795 5949 fra-

572 6000 797 6067 Schr.
846 6009 1120 6075 Ληουεῖ.
1151 6016 1260 6079 Ill.

1645 492 1848 553 LIBER
1884 499 2228 565 QUARTUS.

307 586 440 642 diter
478 591 641 645 dicere
664 592 879 665 (Cicero,
909 599 972 652 de
1000 598 1231 675 Oratore)
1262 621 1276 659 :
1311 614 1560 679 tanquam
1587 613 1632 666 si
1668 572 1888 672 adderet

303 678 393 732 illa
434 682 597 736 etiam
628 685 765 751 tria,
814 698 868 743 et
912 691 990 746 sic
1028 695 1315 764 explicaret
1353 715 1508 756 unam
1539 703 1886 776 eamdemque

300 774 624 829 sententiam
654 776 838 835 dicens
856 821 872 851 ,
901 782 950 836 ls
979 785 1080 839 erit
1104 788 1262 858 igitur
1286 791 1562 863 eloquens,
1593 796 1683 866 qui
1712 805 1773 853 ut
1792 774 1884 853 do-

298 871 456 929 ceat,
493 868 687 934 poterit
712 885 873 940 parva
915 875 1215 946 submisse;
1268 890 1326 938 ut
1362 882 1626 954 delectet,
1675 888 1881 946 modica

3463 540 3564 599 {06’

1995 618 2063 671 mi
2086 619 2326 675 affectum
2350 632 2455 680 tam
2473 629 2657 685 crebra
2686 639 2739 687 et
2767 642 2872 690 tam
2898 652 3086 709 aspera
3105 645 3246 701 vocis
3270 653 3561 712 mutatione

1994 711 2258 766 testatur?
2286 715 2407 785 quid
2445 729 2525 774 est
2563 733 2831 791 postremo
2859 732 2997 800 quod
3027 733 3095 791 de
3128 738 3286 795 rebus
3324 744 3560 806 minimis

1991 807 2097 855 tam
2120 805 2390 872 granditer
2407 808 2568 867 dicit?
2593 814 2886 876 Tantumne
2904 822 2971 879 de
2991 825 3078 882 illo
3098 833 3309 901 negotia
3332 805 3556 895 sarcula;

1983 886 2062 943 ria
2105 899 2440 953 meruerunt?
2478 902 2648 959 Absit.
2694 907 2798 965 Sed
2847 911 2947 968 hoc
2990 914 3117 973 facit
3153 886 3368 995 propter
3399 928 3554 999 justi-

1986 980 2129 1048 tiam,
2156 983 2486 1058 charitatem,
2515 994 2783 1067 pietatem,
2816 1016 2964 1072 quae,
2997 980 3350 1071 nulla'sobria
3379 980 3553 1079 mente

1978 1070 2289 1145 dubitante,
2320 1079 2478 1136 etiam
2522 1083 2575 1139 in
2605 1088 2765 1145 rebus
2788 1070 3076 1162 quamlibet
3104 1070 3551 1182 parmlismagna

1976 1171 2120 1217 sunt.

2047 1254 2135 1309 57.
2174 1257 2314 1317 Sane
2356 1263 2402 1318 si
2438 1280 2778 1327 moneremus
2824 1274 3066 1335 homines
3102 1287 3544 1353 quemadmodum

1974 1343 2085 1415 ipsa
2125 1354 2336 1421 negotia
2380 1360 2653 1417 saecularia
2694 1367 2772 1421 vel
2818 1385 2914 1438 pro
2950 1386 3009 1428 se
3040 1343 3136 1431 vel-
3148 1393 3244 1447 pro
3270 1383 3378 1439 suis
3396 1343 3545 1457 apud

1970 1440 2362 1503 ecclesiasticos
2396 1449 2599 1520 iudices
2636 1471 2794 1527 agere
2816 1460 3089 1536 deberent,
3122 1440 3265 1527 recte
3290 1440 3543 1534 admone-

1965 1727 2081 1767 rum
2109 1732 2286 1773 rerum
2310 1737 2430 1779 esse
2455 1726 2745 1798 doctorem,
2770 1736 2958 1804 quibus
2986 1741 3271 1801 liberamur
3295 1750 3361 1803 ab
3381 1760 3539 1810 aster-

1962 1802 2045 1856 nis
2068 1806 2241 1874 malis,
2270 1818 2428 1881 atque
2449 1815 2515 1870 ad
2541 1828 2736 1875 aeterna
2758 1829 3093 1892 pervenimus
3109 1833 3277 1901 bona;
3302 1838 3537 1896 ubicum—

1954 2167 2065 2222 sivc
2093 2169 2145 2223 in
2192 2180 2496 2234 tractatibus
2522 2182 2633 2239 sive
2657 2186 2709 2240 in
2740 2187 2906 2256 libris,
2947 2195 3059 2252 sive
3097 2198 3150 2253 in
3181 2203 3419 2272 epistolis
3444 2209 3532 2265 vel

1952 2256 2274 2329 longissimis
2317 2269 2400 2323 vel
2440 2270 2783 2343 brevissimis,
2831 2297 3019 2354 magna
3053 2299 3194 2345 sunt.
3243 2293 3353 2349 Nisi
3393 2296 3531 2355 forte

1951 2353 2198 2419 quoniam
2230 2358 2365 2414 calix
2404 2376 2553 2433 aqua:
2591 2365 2813 2439 frigidae,
2842 2353 2936 2430 res
2955 2378 3172 2437 minima
3199 2392 3357 2457 atque
3386 2389 3529 2446 vilis-

1949 2443 2079 2498 sima
2126 2458 2228 2516 est,
2274 2452 2711 2545 ideo’minimum
2761 2465 2958 2537 aliquid
3005 2485 3162 2545 atque
3210 2480 3524 2538 vilissimum
3570 2508 3575 2511 ν

1947 2532 2199 2593 Dominus
2226 2542 2319 2610 ait,
2365 2526 2502 2615 qdod
2531 2565 2652 2606 eum
2694 2556 2784 2625 qui
2822 2526 3026 2617 dederit
3066 2526 3334 2638 discipulo
3360 2574 3477 2643 ejus
3506 2617 3521 2642 ,

1943 2640 2049 2680 non
2100 2631 2285 2697 perdet
2326 2640 2627 2697 mercedem
2671 2659 2819 2702 suam
2866 2650 3094 2723 (Matth.
3136 2631 3348 2735 x,-42)
3431 2631 3525 2721 aui

1943 2732 2068 2775 vero
2095 2726 2304 2792 quando
2329 2729 2429 2785 iste
2458 2732 2644 2790 doctor
2668 2741 2723 2791 in
2749 2740 2982 2800 Ecclesia
3024 2747 3147 2804 facit
3170 2752 3293 2810 inde
3314 2771 3522 2814 sermo-

1941 2824 2083 2878 nem,
2116 2828 2333 2883 parvum
2377 2821 2573 2893 aliquid
2602 2826 2760 2884 debet
2788 2833 3092 2894 existimare
3130 2856 3191 2897 se
3222 2843 3435 2914 dicere;
3468 2860 3523 2905 et

1938 2899 2060 2957 ideo
2090 2921 2196 2960 non
2223 2916 2530 2981 temperate,
2560 2933 2668 2973 non
2692 2924 2977 2993 granditer,
3010 2932 3102 2985 sed
3129 2934 3393 2993 submisse
3420 2899 3521 2997 sibi

1936 3006 2056 3049 esse
2076 2996 2376 3088 dicenduin.
2425 3005 2609 3062 Nonne
2650 3014 2860 3080 quando
2888 3020 3080 3076 accidit
3124 3033 3179 3079 ut
3208 3026 3274 3081 de
3318 3029 3415 3084 hac
3461 3048 3521 3087 re

1935 3085 2276 3157 loqueremur
2300 3085 2366 3149 ad
2392 3101 2666 3170 populum,
2689 3114 2745 3160 et
2770 3107 2908 3164 Deus
2936 3112 3102 3169 adluit
3123 3126 3179 3171 ut
3203 3134 3308 3174 non
3334 3120 3518 3178 incon-

1933 3190 2064 3246 grue
2102 3178 2707 3260 diceremus,‘tanquam
2737 3195 2805 3251 de
2834 3198 2922 3252 illa
2964 3216 3098 3272 aqua
3138 3208 3323 3278 frigida
3367 3228 3514 3281 quae-

1933 3268 2052 3323 dam
2068 3270 2277 3329 flamma
2298 3281 2528 3335 surrexit
2544 3284 2611 3352 (ll
2631 3284 2856 3357 Maclu,
2878 3292 2993 3365 5'2),
3009 3268 3127 3365 quae
3146 3268 3304 3355 etiam
3328 3268 3515 3374 frigida

1932 3360 2203 3419 hominum
2225 3378 2458 3437 pectora,
2478 3372 2543 3426 ad
2562 3376 2934 3438 misericordiae
2955 3399 3115 3455 opera
3134 3387 3393 3460 facienda,
3417 3409 3512 3465 spe

1932 3455 2163 3511 caelestis
2204 3462 2466 3517 mercedis
2492 3468 2848 3525 accenderet?

1965 3542 2189 3602 CAPUT
2227 3548 2366 3606 XIX.
2393 3556 2622 3611 -—Alias
2642 3561 2742 3614 alio
2772 3565 3010 3620 utendum
3037 3568 3238 3626 dicendi
3263 3590 3463 3645 genere.

1998 3636 2086 3691 '58.
2128 3639 2195 3693 Et
2225 3650 2399 3698 tamen
2426 3661 2545 3701 cum
2576 3649 2761 3706 doctor
2789 3653 2887 3710 iste
2907 3656 3097 3714 debeat
3122 3636 3300 3720 rerum
3331 3667 3505 3725 dictor

1928 3739 2048 3781 esse
2087 3743 2414 3802 magnarum,
2460 3752 2564 3791 non
2592 3755 2805 3811 semper
2843 3760 2935 3801 eas
2959 3747 3117 3805 debet
3141 3754 3409 3821 granditer
3428 3758 3508 3814 di-

1927 3831 2071 3885 cere,
2103 3821 2195 3874 sed
2223 3824 2501 3893 submisse,
2531 3845 2650 3885 cum
2680 3834 2877 3905 aliquid
2903 3838 3156 3910 docetur;
3192 3854 3499 3920 temperate,

1925 3922 2047 3964 cum
2075 3912 2271 3983 aliquid
2298 3917 2620 3987 vituperatur
2642 3925 2753 3981 sive
2778 3928 3022 3987 laudatur
3048 3952 3063 3988 ε
3106 3952 3226 3993 cum
3258 3957 3382 3998 vero
3400 3944 3502 4000 ali-

1925 4001 2049 4070 quid
2074 4005 2331 4073 agendum
2361 4020 2539 4079 est,et
2567 4015 2633 4068 ad
2660 4032 2750 4073 cos
2774 4019 3055 4091 loquimur,
3085 4030 3173 4097 qui
3202 4030 3304 4088 hoc
3343 4050 3503 4106 agere

1924 4091 2137 4159 debent,
2173 4113 2271 4151 nec
2307 4106 2482 4156 tamen
2508 4106 2707 4175 volunt,
2738 4118 2863 4166 tunc
2889 4129 2949 4168 ea
2980 4133 3095 4185 qua:
3130 4137 3317 4193 magna
3354 4091 3499 4196 situt,

1922 4181 2145 4239 dicenda
2174 4200 2296 4242 sunt
2321 4193 2609 4262 granditer,
2641 4208 2693 4253 et
2716 4200 2780 4254 ad
2822 4201 3110 4263 ﬂectendos
3136 4214 3342 4269 animos
3367 4232 3499 4274 con-

1920 4284 2188 4343 gruenter.
2218 4281 2283 4334 Et
2305 4284 2584 4353 aliquando
2609 4289 2675 4345 de
2695 4308 2794 4346 una
2819 4297 3105 4369 eademque
3127 4318 3185 4357 re
3208 4320 3417 4377 magna,
3446 4320 3502 4366 et

1920 4366 2181 4423 submisse
2209 4370 2419 4441 dicitur,
2445 4378 2489 4430 si
2514 4378 2765 4449 docetur;
2797 4394 2850 4440 et
2880 4395 3187 4459 temperate,
3216 4396 3261 4450 si
3303 4399 3498 4467 praedi-

1919 4467 2100 4524 catur;
2128 4469 2181 4514 et
2219 4466 2504 4532 granditer,
2554 4471 2597 4523 si
2625 4487 2839 4531 aversus
2867 4477 2989 4533 inde
3029 4483 3236 4540 animus
3281 4498 3337 4541 ut
3364 4504 3493 4546 con-

1919 4559 2154 4605 vertatur
2194 4552 2499 4624 impellitur.
2531 4560 2666 4625 Quid
2690 4564 2829 4619 enim
2876 4568 2982 4623 Deo
3023 4570 3136 4641 ipso
3163 4577 3334 4646 majus
3371 4583 3496 4636 est?

1915 4640 2179 4712 Numquid
2206 4645 2323 4700 ideo
2353 4663 2460 4703 non
2481 4651 2699 4707 discitur
2730 4657 2746 4687 ¹
2770 4657 2791 4710 ?
2818 4660 2924 4714 Aut
2946 4664 3033 4731 qui
3046 4640 3209 4720 docet
3235 4640 3488 4729 unitatem

1917 4730 2206 4800 Trinitatis,
2234 4737 2389 4793 debet
2417 4741 2517 4795 nisi
2545 4744 2804 4801 submissa
2834 4730 3186 4821 disputatione
3222 4774 3403 4831 agere,
3434 4777 3491 4820 ut

1914 4838 2001 4879 res
2022 4825 2088 4879 ad
2117 4826 2533 4897 dignoscendum
2563 4836 2809 4904 difﬁcilis,
2842 4843 3094 4910 qua‘ntum
3118 4825 3289 4917 datur,
3323 4825 3489 4922 possit

1914 4918 2173 4989 intelligi?
2200 4921 2465 4995 Numquid
2491 4929 2573 4983 hic
2599 4945 2930 5004 ornamenta,
2955 4947 3016 5018 ‘et
3042 4956 3145 4995 non
3174 4942 3487 5004 documenta

1912 5016 2264 5081 quaeruntur?
2308 5020 2559 5088 numquid
2590 5031 2646 5075 ut
2687 5024 2883 5095 aliquid
2917 5016 3036 5099 agat
3075 5043 3157 5087 est
3192 5035 3485 5095 flectendus

1910 5101 2138 5170 auditor,
2183 5114 2367 5162 etnon
2398 5112 2569 5179 potius
2608 5122 2666 5168 ut
2703 5116 2871 5172 discat
2911 5120 3287 5182 instruendus?
3316 5131 3484 5188 Porro

1908 5208 2029 5248 cum
2058 5195 2296 5251 laudatur
2337 5200 2477 5257 Deus
2516 5204 2625 5259 sive
2660 5206 2727 5262 de
2754 5210 2949 5279 seipso,
2999 5215 3110 5270 sive
3136 5218 3201 5272 de
3231 5222 3481 5290 operibus

1909 5286 2036 5349 suis,
2082 5297 2273 5356 quanta
2317 5288 2480 5346 facies
2525 5296 2759 5363 pulchrae
2803 5315 2865 5355 ac
2902 5305 3189 5371 splendidae
3233 5286 3479 5369 dictionis

1910 5376 2147 5432 oboritur
2170 5381 2217 5433 ei
2262 5382 2349 5450 qui
2378 5395 2553 5453 potest
2581 5400 2830 5456 quantum
2861 5404 3031 5461 potest
3060 5397 3290 5467 laudare,
3319 5420 3477 5473 quem

1908 5483 2063 5523 nemo
2110 5473 2485 5529 convenienter
2530 5476 2739 5547 laudat,
2785 5497 2943 5538 nemo
2988 5491 3477 5565 quomodocumque

1906 5575 2011 5614 non
2042 5562 2253 5616 laudat!
2286 5565 2356 5619 At
2378 5566 2423 5621 si
2453 5583 2558 5623 non
2587 5572 2811 5641 colatur,
2842 5584 2933 5629 aut
2958 5591 3081 5633 cum
3100 5580 3187 5635 illo
3208 5586 3291 5639 vel
3316 5562 3473 5644 etiam
3549 5642 3569 5664 ,

1907 5668 2014 5721 pra:
2044 5652 2132 5707 illo
2157 5656 2397 5711 colantur
2419 5659 2576 5729 idola,
2604 5665 2715 5720 sive
2753 5666 3032 5739 daemonia,
3063 5674 3177 5730 sive
3203 5694 3471 5748 quaecum—

1904 5759 2006 5813 que
2031 5754 2309 5816 creatura;
2341 5760 2596 5819 quantum
2640 5756 2739 5811 hoc
2777 5760 2972 5817 malum
3015 5766 3103 5833 sit,
3131 5777 3286 5840 atque
3313 5781 3368 5826 ut
3406 5774 3472 5827 ab

1967 5946 1984 5978 ⁸
2008 5945 2143 6010 ωω,
2168 5946 2361 6001 dicitur.
2388 5954 2476 6003 Sed
2501 5958 2778 6011 concinnius
2798 5969 2924 6024 Mss,
2951 5964 3167 6019 discitur.

2872 6049 3197 6131 (φαίητε-2
