4060 6460
618 491 713 543 l0?

616 604 713 655 lmc
742 600 886 657 maio
904 606 1212 656 avertantur
1232 598 1495 663 uestinos,
1514 597 1685 654 debet
1707 594 2185 668 utiquegranditer

612 699 733 752 diei.

680 787 903 845 eam
940 786 1132 845 ιιι-
1158 786 1403 858 tam
1427 802 1490 841 es:
1512 785 1670 841 sacris
1689 784 1907 852 ιιιιαιιε,
1932 786 2179 857 primum,

679 882 911 938 dictionis
958 882 1257 947 sabariam;
1291 881 1472 935 deinde
1523 887 1808 951 temperata!
1822 896 1843 944 ;
1886 889 2138 951 postremo
2160 922 2177 949 ,

678 973 885 1045 grandis
912 990 932 1029 :
950 974 1062 1029 'htec
1090 973 1190 1028 tria
1209 987 1274 1027 ea:
1302 971 1543 1042 Epistolis
1566 968 1743 1026 Pauli.

672 1064 763 1121 39.
805 1064 1094 1122 Submissae
1118 1064 1362 1119 dictionis
1386 1064 1687 1134 exemplum
1707 1072 1791 1120 est
1810 1064 1947 1135 apud
1966 1074 2180 1134 aposto-

605 1159 715 1213 lum
744 1158 986 1224 Paulum,
1033 1167 1090 1212 ut
1136 1156 1341 1226 planius
1382 1157 1576 1227 aliquid
1606 1171 2040 1221 commemorem,
2089 1157 2177 1212 ubi

602 1254 678 1309 ait
706 1273 716 1307 :
750 1232 912 1308 Dicite
926 1253 1067 1317 mihi,
1082 1252 1174 1307 sub
1194 1250 1322 1325 Lege
1332 1253 1549 1308 volentes
1563 1269 1685 1317 esse,
1710 1252 1890 1323 Legem
1905 1268 2005 1306 non
2025 1252 2175 1305 audi-

600 1345 734 1400 stis?
763 1344 1019 1414 Scriptum
1058 1352 1130 1397 est
1156 1344 1306 1409 enim,
1335 1344 1467 1415 quod
1492 1345 1747 1399 Abraham
1772 1346 1900 1397 duos
1912 1344 2056 1413 ﬁlios
2084 1344 2176 1396 ha-

600 1438 722 1505 buit,
762 1451 916 1491 unum
957 1436 1020 1490 de
1044 1437 1252 1505 ancilla,
1280 1446 1325 1492 et
1352 1452 1509 1493 unum
1553 1438 1616 1491 de
1639 1436 1794 1492 libera
1822 1453 1839 1491 :
1862 1438 1949 1491 s’ed
1974 1437 2063 1490 ille
2091 1435 2175 1505 qui

597 1532 660 1585 de
685 1530 890 1598 ancilla,
934 1531 1203 1586 secundum
1246 1548 1445 1586 carnem
1470 1538 1617 1584 natus
1649 1537 1760 1597 est;
1801 1531 1887 1599 qui
1910 1536 2082 1583 autem
2109 1530 2174 1582 de

597 1624 771 1693 libera,
798 1643 888 1698 per
914 1627 1347 1697 repromissionem
1372 1642 1391 1679 :
1412 1640 1526 1697 qua!
1542 1633 1658 1679 sunt
1676 1626 1729 1678 in
1749 1625 2010 1694 allegoria.
2047 1620 2172 1677 Haec

594 1719 725 1773 enim
744 1727 859 1773 sunt
884 1719 983 1773 duo
1006 1717 1318 1773 Testamenta
1349 1733 1367 1771 :
1391 1732 1550 1771 unum
1569 1715 1770 1785 quidem
1793 1733 1824 1768 a
1849 1722 2016 1768 monte
2042 1713 2172 1769 Sina

591 1809 645 1863 in
675 1809 953 1864 servitutem
983 1825 1241 1881 generous,
1279 1823 1390 1878 quae
1415 1817 1487 1863 est
1512 1808 1664 1878 Agar.
1715 1806 1841 1861 Sina
1871 1806 2001 1859 enim
2026 1821 2171 1861 mons

591 1911 663 1959 est
703 1901 756 1958 in
798 1902 1002 1966 Arabia,
1045 1903 1128 1973 qui
1169 1901 1464 1971 conjunctus
1490 1902 1507 1931 ¹
1533 1909 1605 1954 est
1643 1899 1759 1953 huic
1785 1914 1899 1969 qua:
1934 1910 2068 1951 nunc
2096 1906 2169 1952 est

588 1992 889 2061 Jerusalem,
920 2004 966 2048 et
994 1994 1140 2050 servit
1164 2004 1277 2048 cum
1310 1992 1430 2071 ﬁliis
1454 1991 1580 2047 suis.
1615 1992 1741 2058 Quae
1777 1999 1941 2043 autem
1967 2004 2167 2043 sursum

588 2096 660 2139 est
683 2086 986 2153 Jerusalem,
1018 2084 1171 2139 libera
1193 2094 1285 2149 est,
1330 2099 1442 2156 qua:
1466 2093 1538 2137 est
1565 2092 1722 2137 mater
1748 2090 1920 2135 nostra
1966 2078 2161 2153 (Galat.

586 2176 895 2248 ιν,21-26),
938 2185 1040 2234 etc.
1091 2175 1327 2246 itemque
1371 2176 1461 2229 ubi
1486 2175 1853 2239 ratiocinatur,
1902 2184 1957 2228 et
1984 2172 2159 2227 dicit:

588 2264 813 2332 Fratres,
854 2266 1123 2321 secundum
1153 2267 1402 2320 hominem
1432 2265 1563 2331 dico,
1610 2274 1774 2319 tamen
1802 2263 2016 2318 hominis
2044 2278 2164 2317 con-

584 2357 838 2427 ﬁrmatum
883 2366 1225 2411 testamentum
1272 2357 1639 2410 nemo‘irritum
1667 2357 1815 2429 facit,
1846 2364 1935 2410 aut
1979 2371 2161 2426 super-

581 2449 801 2503 ordinat.
823 2447 1041 2503 Abrahte
1063 2448 1209 2503 dieue
1236 2459 1348 2502 sunt
1379 2450 1731 2517 promissiones
1756 2456 1805 2502 et
1829 2449 2004 2503 semini
2033 2450 2158 2518 ejus.

581 2537 704 2594 Non
727 2539 867 2605 dicit,
888 2538 953 2594 Et
973 2540 1259 2605 seminibus,
1280 2550 1515 2611 tanquam
1534 2542 1586 2593 in
1611 2541 1802 2606 multis,
1820 2540 1907 2595 sed
1924 2549 2160 2611 tanquam

578 2629 631 2683 in
657 2644 780 2698 uno,
826 2628 897 2684 Et
924 2632 1100 2685 semini
1143 2639 1247 2699 tuo,
1295 2631 1429 2702 quod
1451 2642 1525 2685 est
1552 2631 1797 2686 Christus.
1840 2631 1964 2685 'lloc
1994 2641 2160 2685 autem

577 2722 709 2790 dico,
736 2728 1101 2779 testamentum
1144 2725 1497 2792 conﬁrmatum
1522 2741 1554 2777 a
1582 2723 1710 2790 Deo,
1753 2740 1865 2793 quin
1893 2734 2002 2794 post
2027 2741 2154 2794 qua-

575 2815 864 2888 dringentos
888 2826 935 2871 et
964 2818 1165 2888 triginta
1194 2834 1353 2871 annos
1396 2822 1529 2889 facta
1556 2826 1627 2872 est
1651 2816 1777 2883 Lex,
1802 2833 1906 2870 non
1931 2818 2156 2883 inﬁrmat

573 2909 642 2961 ad
667 2908 980 2962 evacuandas
1000 2909 1370 2977 promissiones.
1402 2908 1462 2963 Si
1483 2910 1613 2962 enim
1638 2914 1699 2961 eis
1719 2907 1849 2978 Lege
1868 2909 2150 2973 hcet-editas,

572 2999 678 3070 iam
705 3016 805 3055 non
833 3015 893 3054 ea;
918 3001 1261 3069 promissione.
1312 2999 1529 3053 Abrahte
1565 3009 1728 3052 autem
1744 3015 1861 3065 _per
1884 3000 2153 3067 repromis-

570 3105 762 3145 ssonem
786 3092 987 3145 donavit
1020 3090 1170 3145 Deus.
1203 3091 1269 3146 Et
1294 3092 1413 3161 quia
1460 3105 1738 3146 occurrere
1765 3100 1968 3160 poterat
1997 3090 2147 3145 audi-

571 3184 709 3239 entis
729 3183 1052 3256 cogitationi,
1083 3184 1275 3256 thuid
1308 3200 1434 3255 ergo
1477 3184 1586 3241 Lex
1617 3185 1737 3239 data
1761 3192 1861 3251 est,
1894 3184 1936 3238 si
1968 3200 2033 3238 ex
2059 3184 2149 3239 illa

570 3288 675 3329 non
706 3284 788 3331 est
827 3275 1149 3331 haereditas?
1188 3278 1299 3346 ipse
1344 3276 1443 3330 sibi
1491 3276 1590 3331 hoc
1618 3276 1835 3346 obiecit,
1879 3284 2036 3347 atque
2076 3277 2150 3331 ait

568 3366 715 3421 velut
734 3366 1062 3434 interrogans
1097 3385 1110 3421 :
1145 3365 1281 3431 Quid
1308 3382 1424 3437 ergo
1450 3365 1553 3420 Lex
1567 3365 1819 3422 ?-Deinde
1837 3366 2143 3436 reSpondit:

565 3454 998 3528 Transgressionis
1017 3459 1179 3529 gratia
1204 3458 1459 3527 proposita
1480 3467 1571 3525 est,
1596 3458 1753 3513 donec
1771 3459 1956 3513 veniret
1982 3473 2148 3512 semen

564 3536 648 3602 cui
676 3548 973 3618 promissum
997 3557 1088 3614 est,
1116 3549 1357 3620 disposita
1380 3551 1402 3581 ’
1429 3566 1517 3620 per
1544 3549 1761 3622 Angelos
1786 3551 1840 3604 in
1867 3566 2018 3604 manu
2039 3566 2146 3605 me-

564 3638 795 3692 diatoris.
830 3637 1081 3693 Mediator
1106 3649 1272 3693 autem
1298 3641 1446 3695 unius
1473 3657 1571 3695 non
1597 3651 1685 3707 est,
1725 3641 1865 3695 Deus
1882 3657 1997 3696 vero
2015 3657 2144 3697 unus

564 3738 661 3811 est1
688 3728 757 3783 Et
787 3730 870 3785 hic
899 3731 1230 3798 occurrebat,
1262 3732 1401 3802 quod
1432 3732 1529 3787 sibi
1560 3734 1672 3802 ipse
1699 3734 1991 3803 proposuit,
2038 3735 2145 3790 Lea:

562 3836 682 3892 ergo
700 3821 938 3876 adversus
964 3824 1209 3893 promissa
1235 3821 1330 3877 Dei
1348 3826 1374 3879 γ
1401 3824 1463 3878 Et
1483 3825 1779 3895 respondit,
1810 3829 1946 3882 Absit
1973 3844 1991 3882 :
2017 3829 2141 3884 red-

564 3909 801 3982 diditque
821 3911 1102 3980 rationem,
1131 3913 1332 3979 dicens,
1365 3913 1427 3969 Si
1456 3916 1584 3969 enim
1608 3916 1728 3969 data
1749 3928 1873 3971 esset
1896 3917 2007 3973 erc
2030 3934 2143 3989 quia

564 4011 729 4072 posset
774 4004 1040 4073 vivi/icore,
1086 4006 1287 4060 omnino
1331 4022 1392 4060 ea:
1437 4004 1568 4077 Lege
1602 4018 1725 4062 esset
1762 4009 1982 4077 justitia.
2034 4009 2141 4064 Sed

561 4092 803 4147 conclusit
833 4092 1097 4163 Scriptura
1121 4094 1290 4148 omnia
1322 4095 1414 4149 sub
1442 4104 1659 4165 peccato,
1706 4107 1763 4151 ut
1786 4100 2049 4167 promissio
2078 4114 2140 4154 ea:

561 4182 665 4254 ﬁde
690 4182 815 4239 Iesu
854 4184 1037 4239 Christi
1074 4186 1277 4239 daretur
1316 4187 1644 4255 credentibus,
1672 4197 1775 4244 etc.
1823 4189 2012 4259 (Galat.
2043 4205 2133 4257 ιιι,

562 4277 791 4354 15-22);
821 4280 904 4334 vel
949 4279 995 4335 si
1022 4281 1146 4351 quid
1190 4280 1447 4351 ejusmodi
1486 4291 1584 4337 est.
1634 4283 1869 4338 Pertinet
1904 4299 2030 4353 ergo
2067 4283 2134 4338 ad

559 4369 785 4427 docendi
815 4386 995 4427 curam
1028 4387 1132 4428 non
1178 4374 1347 4428 solum
1388 4373 1595 4443 aperire
1636 4376 1835 4438 clausa,
1885 4383 1938 4428 et
1964 4373 2135 4430 nodos

559 4463 770 4518 solvere
802 4463 1184 4534 quaestionum;
1214 4464 1306 4520 sed
1333 4466 1488 4522 etiam
1516 4465 1638 4521 dum
1668 4466 1770 4521 hoc
1793 4466 1983 4535 agitur,
2014 4465 2132 4522 aliis

557 4553 957 4624 quaestionibus,
1005 4570 1123 4627 qua:
1168 4552 1403 4612 fortassis
1450 4556 1745 4622 inciderint,
1791 4570 1862 4613 ne
1898 4557 1951 4612 id
1991 4558 2130 4627 quod

557 4642 783 4700 dicimus
803 4640 1131 4716 improbetur
1151 4662 1245 4717 per
1260 4648 1374 4703 illas
1395 4657 1485 4702 aut
1501 4647 1792 4715 refellatur,
1820 4661 2127 4704 occurrere:

558 4734 604 4790 si
634 4743 812 4792 tamen
838 4744 894 4792 et
945 4737 1057 4809 ipsa
1102 4752 1283 4795 earum
1328 4742 1519 4796 solutio
1562 4739 1761 4810 pariter
1798 4742 2127 4809 occurrerit,

556 4842 626 4883 ne
651 4841 961 4899 moveamus
984 4829 1125 4902 quod
1151 4831 1361 4889 auferre
1386 4848 1489 4887 non
1520 4844 1821 4903 possumus.
1852 4832 1939 4888 Fit
1951 4843 2129 4892 autem

554 4925 615 4974 ut
639 4933 760 4973 eum
789 4914 1075 4976 incidentes
1101 4923 1376 4993 quaestioni
1404 4923 1519 4977 alim
1545 4924 1884 4993 qum-stiones,
1929 4934 1982 4981 et
2010 4926 2129 4981 alia;
2149 4937 2193 4980 ο

552 4998 737 5066 rursus
791 5010 1141 5070 incidentibus
1185 5014 1477 5070 incidentes
1526 5024 1921 5085 pertractantur
1969 5026 2127 5089 atque

552 5103 848 5173 solvuntur,
872 5106 925 5162 in
950 5120 1067 5163 eam
1097 5090 1473 5179 longitudinem
1496 5109 1914 5166 ratiocinationis
1934 5104 2126 5167 exten-

551 5185 708 5243 datur
726 5188 967 5257 intentio,
997 5200 1053 5246 ut
1072 5193 1173 5247 nisi
1198 5194 1449 5248 memoria
1473 5193 1757 5263 plurimum
1778 5196 1947 5252 valeat
1967 5205 2125 5267 atque

551 5277 743 5350 vigeat,
771 5281 835 5335 ad
861 5290 1019 5351 caput
1053 5281 1194 5338 unde
1226 5283 1477 5354 agebatur
1500 5284 1793 5354 disputator
1812 5287 1989 5343 redire
2017 5305 2122 5345 non

551 5373 737 5438 possit.
764 5369 930 5427 Valde
955 5372 1353 5428 autem'bonum
1372 5384 1454 5429 est
1475 5385 1534 5430 ut
1552 5376 1804 5448 quidquid
1829 5380 2121 5436 contradici

550 5470 746 5531 potest,
776 5458 820 5518 si
849 5456 1158 5531 occurrerit,
1190 5465 1480 5533 refutetur;
1513 5483 1580 5523 ne
1627 5468 1696 5525 ibi
1725 5483 1989 5540 occurrat,
2028 5474 2119 5529 ubi

549 5568 658 5610 non
685 5550 787 5611 erit
811 5557 902 5628 qui
944 5544 1295 5628 respondeat;
1340 5571 1430 5617 aut
1470 5565 1716 5633 praesenti
1750 5566 1983 5635 quidem,
2025 5568 2121 5625 sed

549 5647 743 5701 taeenti
769 5657 1031 5714 occurrat,
1059 5658 1111 5705 et
1134 5652 1307 5707 minus
1336 5662 1549 5709 sanatus
1568 5654 1835 5712 abscedat.

618 5736 707 5791 40.
748 5736 805 5791 In
834 5737 941 5793 illis
980 5749 1155 5798 autem
1184 5745 1481 5813 apostolicis
1509 5746 1684 5802 verbis
1721 5746 1885 5806 dictio
1911 5758 2116 5823 tempe-

1505 484 1592 540 DE
1633 480 1967 539 DOCTRINA
2003 479 2435 553 CERISTIANA,
2466 486 2532 545 ὃ.
2573 488 2935 550 AUGUSTINI

3756 502 3866 573 ω

2295 574 2429 653 rat!
2431 608 2512 663 est
2542 618 2557 656 :
2590 601 2849 667 Seniorem
2875 622 2939 660 ne
2963 606 3314 678 increpaveris,
3346 609 3434 665 sed
3460 609 3660 683 obsecra
3686 622 3745 668 ut
3754 632 3864 689 pa-

2286 698 2434 760 trem,
2450 693 2681 763 juniores
2703 707 2759 752 ut
2778 700 2979 767 fratres,
3005 716 3136 755 anus
3159 707 3214 754 ut
3232 710 3436 769 matres,
3458 702 3858 781 adolescentulus

2286 788 2559 877 utsorores
2589 784 2642 858 (l
2663 786 2797 843 Tim.
2822 803 2877 856 v,
2900 790 2961 856 Δ,
2992 788 3081 861 2).
3108 790 3179 861 ,Ει
3199 792 3252 857 in
3278 792 3381 851 illis
3408 810 3420 846 :
3454 792 3670 867 Obsecro
3688 808 3861 877 autem

2246 892 2254 900 ·
2284 887 2389 940 eos,
2414 875 2618 945 fratres,
2646 894 2735 948 per
2744 879 3119 949 migrationem
3140 881 3256 948 Dei,
3284 892 3337 939 ut
3355 884 3627 969 eahibeatis
3646 875 3862 969 corpotza

2283 972 2443 1059 uestra
2471 967 2682 1035 hostiam
2722 970 2902 1041 viuum,
2928 981 3175 1043 sanctam,
3207 952 3655 1051 .DeOplacentem.1

2285 1057 2509 1155 tus-lere
2533 1060 2713 1130 ipsius
2725 1063 3119 1129 exhortationis
3147 1066 3295 1131 locus
3321 1075 3672 1149 temptantum

2282 1148 2592 1206 elocutionis
2618 1168 2785 1222 genus
2816 1171 2829 1210 :
2864 1156 2950 1213 ubi
2977 1157 3067 1213 illa
3086 1158 3394 1227 pulchriora
3415 1148 3559 1228 sunt,
3585 1162 3640 1221 in
3664 1148 3855 1233 quibus

2270 1243 2491 1311 propria
2517 1247 2745 1315 propriis
2773 1255 3021 1320 tanquam
3048 1250 3854 1335 debitaredditadeeentenex-

2274 1343 2515 1399 currunt,
2559 1336 2710 1393 sicuti
2749 1347 2851 1404 est,
2880 1338 3141 1405 Habentes
3168 1341 3305 1397 dona
3342 1342 3537 1421 diversa
3577 1346 3853 1419 secundum

2278 1426 2492 1495 gratiam
2510 1444 2625 1499 qua:
2644 1430 2764 1485 data
2800 1439 2874 1495 est
2896 1432 3077 1498 nobis;
3104 1434 3207 1488 sive
3223 1435 3557 1511 prophetiam,
3578 1438 3851 1511 segnitiam

2275 1521 2501 1591 regulam
2528 1522 2691 1590 ﬁdei;
2734 1524 2836 1580 sive
2858 1582 2863 1589 _
2874 1526 3224 1595 ministerium,
3264 1527 3318 1599 in
3355 1529 3721 1597 ministrando;
3748 1512 3851 1601 sine

2274 1615 2361 1683 qui
2382 1615 2547 1683 docet,
2568 1616 2629 1671 in
2652 1617 2917 1683 doctrina;
2943 1619 3044 1683 sive
3076 1620 3166 1691 qui
3185 1620 3495 1684 exhortatur.
3524 1622 3580 1677 in
3608 1622 3849 1679 exhorta-

2274 1705 2408 1760 tione
2429 1722 2449 1771 ;
2470 1708 2557 1778 qui
2590 1708 2780 1773 tribuit,
2822 1710 2875 1764 in
2897 1711 3255 1783 simplicitate;
3276 1712 3595 1789 guipragest,
3623 1715 3849 1785 inlsolli-

2268 1799 2492 1856 citudine
2510 1819 2530 1867 ;
2550 1803 2638 1872 qui
2663 1803 2942 1870 miseretur,
2967 1804 3309 1871 in.hilaritate.
3340 1804 3553 1875 Dilectio
3572 1802 3850 1877 sine‘s'imua

2268 1891 2491 1958 latione;
2518 1894 2892 1957 odiojtabentes
2909 1896 3113 1961 malum,
3145 1897 3454 1973 adherentes
3480 1899 3609 1969 bona
3626 1915 3657 1967 _:
3679 1901 3848 1973 chari-

2270 1994 2372 2038 tate
2397 1987 2723 2055 fraternitatis
2755 1987 2963 2051 invicem
2991 1990 3272 2060 diligentes,
3299 1990 3490 2057 honore
3510 2001 3683 2046 mutuo
3708 1972 3846 2067 prte-

2269 2077 2535 2142 senientes,
2573 2079 2740 2137 studio
2775 2096 2876 2139 non
2913 2082 3065 2153 pigri,
3086 2083 3287 2155 spiritu
3326 2087 3585 2156 feruentes,
3628 2083 3846 2141 Domino

2266 2168 2562 2234 seruientes,
2604 2185 2693 2239 spe
2724 2172 3042 2241 gaudentes,
3094 2173 3146 2227 in
3192 2172 3514 2239 tribulatione
3554 2176 3804 2246 patientes
3825 2218 3842 2244 ,

2266 2260 2481 2315 orationi
2520 2262 2784 2331 iustam,
2833 2265 3205 2333 necessitatibus
3238 2276 3524 2341 sanctorqu
3563 2270 3843 2341 communi-

2265 2362 2454 2419 cantes,
2480 2352 2873 2419 hospitalitatem
2897 2366 3156 2423 sectantes.
3186 2356 3474 2427 Benedicite
3500 2360 3842 2435 persequenti-

2254 2444 2354 2509 ,ιω
2393 2461 2480 2498 vos
2498 2462 2517 2509 ;
2540 2444 2829 2513 benedicite,
2860 2455 2906 2511 et
2949 2448 3701 2523 nolitebntaledicerenGaudere
3727 2466 3844 2527 cum

2246 2534 2764 2604 .gtmdentibus,,ﬂere
2795 2553 2907 2611 cum
2933 2538 3213 2607 flentibus:
3237 2530 3695 2617 idips‘uitnfinvicem
3720 2558 3841 2617 sen-

2248 2629 2433 2683 tientes
2464 2626 2656 2699 .(Jiom.
2698 2645 2788 2692 xu,
2837 2630 2888 2696 l,
2932 2629 3113 2700 ili-lli).
3171 2631 3238 2685 Et
3278 2646 3436 2701 quam
3468 2632 3839 2709 ,puleltreista

2260 2718 2436 2775 omnia
2452 2718 2531 2773 sic
2550 2716 2736 2782 etl‘u::a,
2769 2718 3044 2775 bimembri
3069 2721 3291 2776 circuitu
3318 2723 3688 2795 terminantur,
3718 2708 3840 2781 Non

2257 2808 2362 2863 alta
2382 2810 2649 2879 sapientes,
2668 2808 2757 2871 sed
2776 2810 3044 2879 humilibus
3063 2815 3420 2889 consentientes
3433 2815 3454 2869 .'
3480 2815 3548 2873 Et
3567 2804 3837 2899 aliquanto

2258 2910 2378 2967 post
2409 2917 2421 2951 :
2454 2898 2640 2959 Inhoc
2666 2904 2793 2972 ipso,
2829 2904 3017 2973 inquit,
3051 2915 3431 2981 perseverantes,
3461 2908 3652 2975 reddite
3675 2898 3838 2963 omni-

2257 2991 2348 3044 bus
2374 2991 2542 3051 debila
2566 3009 2585 3047 :
2611 2995 2695 3051 sui
2729 2996 2987 3061 tributum,
3016 2997 3292 3077 tributum;
3316 3000 3401 3067 cui
3426 2999 3654 3075 vectigal,
3680 3002 3836 3081 vecti-

2254 3086 2376 3153 gat;
2408 3087 2492 3139 cui
2533 3088 2779 3163 timorem,
2830 3090 3096 3157 timorem;
3142 3091 3223 3145 cui
3268 3080 3527 3160 honorem,
3570 3080 3829 3169 honorem.

2254 3175 2384 3243 Quae
2408 3178 2740 3235 membratim
2769 3179 2880 3235 fusa
2906 3181 3220 3251 clauduntur
3248 3182 3405 3257 etiam
3449 3184 3567 3261 ipsa
3588 3185 3832 3261 circuitu,

2252 3283 2409 3338 quem
2434 3269 2544 3325 duo
2580 3271 2815 3327 membra
2840 3281 3129 3343 contexunt
3159 3291 3173 3326 :
3210 3254 3415 3349 Nemini
3444 3254 3718 3351 quidquam
3743 3256 3837 3345 de-

2253 3360 2429 3427 beatis,
2452 3361 2550 3427 nisi
2577 3371 2631 3415 ut
2654 3362 2863 3417 invicem
2876 3362 3120 3435 diligatis.
3154 3363 3351 3441 Etpost
3365 3364 3631 3447 paululum
3663 3384 3676 3419 :
3706 3352 3836 3445 ea:

2252 3452 2527 3520 pracessit,
2574 3453 2760 3524 inquit,
2787 3454 2893 3508 dies
2921 3464 3087 3523 autem
3124 3455 3560 3531 appr0pinquavit.
3609 3446 3833 3542 Abjicia-

2249 3557 2363 3596 mus
2386 3543 2554 3615 itaque
2578 3560 2733 3614 opera
2757 3546 3089 3613 tenebrarum,
3122 3556 3168 3605 et
3190 3547 3458 3619 induantus
3482 3563 3626 3615 arma
3660 3547 3789 3619 lucis
3807 3564 3831 3603 :

2247 3628 2376 3690 sicut
2410 3636 2582 3701 inidie
2607 3640 2809 3693 honeste
2841 3639 3191 3706 ambulemus;
3220 3656 3320 3694 non
3362 3642 3413 3692 in
3441 3634 3826 3711 comessationi-

2248 3726 2339 3782 bus
2362 3739 2409 3783 et
2430 3722 2762 3797 ebrietatibus,
2802 3748 2901 3801 non
2927 3732 2978 3785 in
3002 3731 3245 3785 cubilibus
3273 3740 3337 3811 et‘
3356 3731 3698 3802 impudicitiis,
3722 3750 3827 3788 non

2246 3820 2301 3873 in
2344 3823 2658 3874 contentione
2701 3830 2747 3875 et
2788 3824 3144 3886 rentulatione;
3188 3823 3274 3875 sed
3318 3821 3510 3875 induite
3549 3822 3829 3879 Dominum

2244 3909 2420 3967 Jesum
2458 3908 2729 3977 Christum,
2761 3920 2809 3965 et
2835 3912 2999 3966 carnis
3028 3911 3392 3979 providentiam
3430 3929 3490 3966 ne
3530 3911 3744 3984 feceritis
3768 3915 3827 3969 in

2245 4003 2657 4074 concupiscentiis
2694 4002 2805 4073 (Id.
2849 4019 2963 4070 xm,
2998 4003 3116 4069 6-8,
3159 4003 3366 4075 12-14).
3414 4003 3564 4070 Quod
3590 4004 3634 4060 si
3675 4006 3829 4083 quis-

2243 4107 2401 4163 quam
2435 4093 2505 4147 ita
2544 4094 2764 4159 diceret,
2799 4094 2864 4148 Et
2890 4095 3062 4167 carnis
3090 4095 3471 4165 providentiam
3497 4111 3565 4151 ne
3603 4097 3655 4151 in
3683 4112 3821 4152 eon-

2242 4187 2580 4256 cupiscentiis
2641 4188 2912 4255 feceritis;
2977 4189 3094 4265 sine
3153 4188 3315 4259 dubio
3370 4205 3524 4245 aures
3580 4190 3823 4271 clausula

2241 4281 2606 4345 numerosiore
2640 4281 2943 4351 mulceret:
2975 4278 3068 4336 sed
3116 4282 3326 4359 gravior
3365 4282 3820 4365 interpresetiam

2238 4369 2479 4447 ordinem
2520 4372 2705 4426 maluit
2746 4379 2926 4427 tenere
2969 4372 3273 4428 verborum.
3312 4371 3586 4441 Quomodo
3629 4383 3812 4435 autem

2239 4459 2343 4519 hoc
2369 4460 2422 4516 in
2449 4475 2625 4533 graeco
2651 4462 2861 4535 eloquio
2898 4471 3070 4527 sonet,
3108 4479 3212 4539 quo
3239 4473 3319 4537 est
3350 4464 3553 4520 locutus
3584 4464 3820 4534 Aposto-

2235 4550 2353 4619 lus,
2372 4552 2601 4623 viderint
2641 4553 2757 4623 ejus
2802 4553 2999 4625 eloquii
3043 4569 3209 4631 usque
3250 4554 3317 4631 ad
3365 4553 3462 4611 ista
3502 4554 3813 4627 doctiores:

2235 4644 2367 4703 mihi
2412 4655 2596 4713 tamen
2636 4645 2784 4717 quod
2840 4646 2993 4721 npbis
3044 4646 3231 4702 eodem
3274 4630 3572 4702 verborum
3624 4636 3816 4703 ordine

2235 4734 2636 4808 interpretatum
2684 4745 2786 4805 est,
2840 4752 2940 4794 nec
2986 4736 3057 4807 ibi
3102 4736 3311 4793 videtur
3353 4751 3567 4819 currere
3615 4753 3814 4821 nume-

2231 4841 2374 4891 ιόιθ.

2302 4921 2391 4987 Μ,
2429 4920 2568 4979 Sane
2593 4921 2736 4989 hunc
2758 4920 3069 4979 elocutionis
3092 4930 3359 4986 ornatum,
3389 4920 3489 5003 qui:
3508 4923 3812 4979 numerosis

2233 5013 2292 5069 lit
2315 5012 2587 5083 clausulis,
2617 5014 2805 5069 deesse
2840 5012 3107 5093 latendum
3133 5023 3215 5087 est
3236 5002 3537 5093 auctoribus
3579 5016 3805 5091 nostris.

2229 5106 2379 5175 Quod
2424 5116 2597 5162 utrum
2645 5122 2740 5177 per
2790 5107 3102 5179 interpretes
3151 5105 3343 5187 factum
3391 5106 3477 5167 sit,
3524 5121 3590 5189 an
3623 5106 3810 5183 (quod

2227 5199 2394 5269 magis
2433 5195 2696 5273 arbitror)
2726 5196 2966 5273 consulto
3013 5196 3087 5249 illi
3119 5197 3229 5279 hcce
3259 5180 3550 5289 plausibilia
3595 5180 3807 5252 devita-

2228 5291 2431 5357 verint,
2475 5270 2745 5363 afﬁrmare
2784 5270 2897 5344 non
2948 5270 3447 5371 audeo,‘qu'oniam
3494 5305 3578 5343 me
3632 5287 3810 5377 fateor

2226 5384 2487 5454 ignorare.
2520 5380 2652 5436 illud
2695 5390 2871 5455 tamen
2902 5379 3033 5446 scio,
3080 5380 3219 5451 quod
3250 5380 3294 5435 si
3323 5381 3598 5452 quisquam
3644 5380 3809 5450 hujus

2222 5456 2616 5530 numerositatis
2663 5472 2864 5542 peritus
2914 5471 3120 5545 illorum
3178 5470 3801 5557 clausulasteorumdem

2222 5579 2563 5621 numerorum
2589 5564 2705 5634 lege
2726 5571 3031 5645 componat,
3050 5561 3200 5645 quod
3226 5562 3471 5641 facillime
3501 5563 3559 5637 lit
3584 5567 3808 5637 mutatis

2223 5658 2536 5730 quibusdam
2558 5638 2767 5723 verbis,
2787 5671 2911 5727 quae.
2934 5638 3260 5710 tantumdem
3283 5638 3680 5725 significatione
3705 5671 3806 5710 va-

2222 5751 2352 5817 lent,
2393 5749 2477 5809 vel
2502 5757 2706 5815 mutato
2726 5763 2918 5818 eorum
2963 5747 3367 5821 qpminvenerit
3407 5747 3631 5831 ordine;
3658 5749 3805 5807 nihl."

2220 5843 2426 5917 illorum
2466 5857 2584 5915 quae
2610 5843 2755 5897 velut
2795 5853 2984 5913 magna
3010 5840 3063 5894 in
3104 5840 3303 5896 scholis
3327 5841 3799 5912 grammaticorum

2222 5946 2311 5993 aut
2335 5937 2605 5994 rhetorum
2632 5933 2832 6002 didicit,
2860 5931 2961 5988 illis
2984 5930 3176 5988 divinis
3192 5930 3323 5989 viris‘
3332 5922 3575 5990 ’det‘uisse
3595 5946 3801 6019 cogno-
