4060 6450
323 439 430 495 109

318 562 435 607 seet
465 565 481 603 :
509 558 563 606 et
577 551 740 606 multa
759 552 987 622 reperiet
1006 551 1288 609 locutionis
1308 566 1498 625 genera
1522 553 1649 609 tanti
1668 554 1896 623 decoris,

317 656 436 711 qua:
476 628 690 713 quidem
716 651 776 698 et
804 643 857 697 in
882 652 1080 709 nostra,
1124 642 1475 699 sed‘maxime
1502 643 1551 699 in
1597 660 1689 700 sua
1721 645 1896 715 lingua

316 720 704 799 decora‘Sunt,
750 726 976 804 quorum
1023 735 1223 789 nullum
1262 735 1313 790 in
1339 736 1436 791 eis.
1482 728 1670 807 quibus
1699 737 1784 791 isti
1814 736 1895 791 in-

310 821 535 891 ﬂantur,
552 814 770 881 ilitteris
795 825 1075 881 invenitur.
1109 823 1214 882 Sed
1241 827 1530 881 cavendum
1558 838 1639 883 est
1666 843 1734 883 ne
1761 828 1895 882 divi-

310 916 415 972 nis"
438 916 799 989 gravibusque
840 909 1136 985 sententiis,
1181 918 1306 974 dum
1345 916 1554 973 additur
1592 934 1843 974 numerus
1874 961 1889 986 ,

307 996 535 1082 pondus
570 1010 899 1089 detrahatur.
948 1000 1077 1089 Nam
1115 1013 1201 1067 illa
1248 1013 1447 1087 musica
1477 1004 1774 1083 disciplina,
1804 1013 1892 1068 ubi

307 1121 569 1160 numerus
610 1105 711 1161 iste
762 1088 1067 1178 plenissime
1112 1090 1351 1171 discitur,
1384 1106 1563 1177 'us‘que
1605 1105 1736 1160 adeo
1784 1120 1889 1160 non

304 1196 478 1252 defuit
503 1197 784 1268 Pmphetis
809 1198 1023 1262 nostris,
1053 1205 1112 1253 ut
1134 1197 1215 1252 vir
1250 1197 1587 1253 doctissimus
1628 1198 1887 1269 llieron'y-

303 1304 428 1344 mus
448 1280 803 1360 quorumdani
820 1290 975 1345 etiam
996 1299 1163 1345 metra
1183 1298 1581 1355 commemoret,
1604 1276 1655 1343 in
1678 1289 1888 1345 bebreea

300 1377 573 1434 duntaxat
592 1379 764 1452 lingua
794 1376 1029 1451 (Hieron.
1058 1380 1110 1433 in
1136 1380 1342 1451 prologo
1369 1396 1521 1451 super
1544 1379 1665 1452 Job)
1699 1398 1711 1434 :
1739 1379 1887 1447 Cujus

304 1478 362 1524 ut.
376 1471 663 1527 veritatem
685 1456 920 1526 servaret
945 1471 996 1524 in
1024 1470 1219 1537 verbis,
1244 1470 1358 1525 haec
1386 1471 1508 1526 inde
1528 1462 1639 1525 non‘
1658 1478 1887 1524 transtu-

302 1560 380 1615 lit.
412 1561 528 1631 Ego
546 1572 723 1616 autem
747 1569 804 1615 ut
826 1560 893 1615 de
909 1574 1066 1615 sensu
1088 1556 1206 1614 meo
1232 1558 1432 1629 loquar,
1463 1561 1548 1631 qui
1573 1559 1699 1614 mihi
1725 1562 1883 1630 quam

305 1653 423 1706 aliis
451 1659 507 1706 et
545 1666 705 1722 quam
729 1648 1067 1706 aliorum‘eSt
1089 1650 1271 1720 utique
1300 1651 1490 1717 notior,
1522 1651 1656 1705 sicut
1682 1649 1735 1705 in
1766 1666 1883 1707 meo

276 1742 539 1813 eloquio,
591 1748 843 1813 quantum
892 1741 1130 1796 modeste
1174 1742 1284 1796 lieri
1316 1740 1563 1807 arbitror,
1597 1756 1701 1796 non
1749 1757 1882 1813 prae-

303 1818 542 1890 termitto
562 1832 699 1891 istos
714 1836 965 1890 numeros
990 1834 1338 1891 clausularum
1364 1850 1379 1901 ;
1409 1834 1478 1889 ita
1506 1836 1555 1889 in
1580 1836 1881 1892 auctoribus

306 1928 504 1984 nostris
532 1928 637 1985 hoc
678 1927 809 1984 mihi
846 1928 965 1999 plus
993 1929 1182 2000 placet,
1229 1928 1368 2001 quod
1396 1929 1465 1984 ibi
1492 1945 1584 1985 eos
1614 1930 1880 1986 rarissime

300 2020 533 2077 invenio.
656 2016 659 2025 ’

367 2111 691 2168 42.6rande
716 2121 893 2168 autem
919 2109 1125 2167 dicendi
1153 2126 1317 2182 genus
1348 2112 1448 2167 hoc
1474 2112 1699 2167 maxime
1719 2112 1878 2169 distat

297 2204 363 2258 ab
393 2203 499 2259 isto
537 2218 733 2274 genere
769 2211 1094 2274 temperato,
1139 2203 1278 2275 quod
1310 2220 1415 2258 non
1457 2213 1561 2258 tam
1591 2204 1877 2259 verborum

294 2294 572 2350 ornatibus
611 2304 881 2365 comptum
920 2286 1029 2360 esi,
1059 2311 1214 2367 quam
1242 2294 1529 2351 violentum
1558 2297 1718 2350 animi
1749 2296 1874 2353 aﬂ'e-

292 2385 486 2441 ctibus.
516 2386 652 2441 Nam
680 2388 820 2457 capit
844 2389 1002 2443 etiam
1040 2387 1130 2443 illa
1160 2394 1465 2443 ornamenta
1494 2403 1629 2458 pene
1653 2386 1830 2442 omnia
1855 2405 1871 2457 ;

292 2477 386 2533 sed
422 2492 490 2533 ea
538 2474 587 2532 si
630 2493 732 2534 non
772 2477 1034 2545 habuerit,
1066 2495 1168 2534 non
1196 2480 1434 2550 requirit.
1466 2474 1657 2534 Fertur
1681 2480 1873 2551 quippe

291 2568 492 2641 impetu
519 2580 639 2635 suo‘,
672 2576 725 2625 et
752 2568 1060 2631 elocutionis
1098 2566 1562 2640 pulchritudinem,
1595 2570 1638 2624 si
1680 2582 1869 2625 occur-

288 2661 440 2727 rerit,
468 2659 523 2714 vi
557 2675 739 2716 rerum
763 2661 918 2729 rapit,
948 2676 1053 2716 non
1079 2676 1201 2717 cura
1222 2660 1432 2716 decoris
1469 2662 1708 2716 assumit.
1732 2662 1869 2718 Satis

290 2750 431 2806 enim
476 2759 562 2806 est
596 2751 647 2806 ei
692 2761 903 2821 propter
927 2750 1277 2823 Quod‘agitur,
1313 2759 1367 2806 ut
1391 2750 1551 2807 verba
1578 2765 1869 2823 congruen-

288 2843 379 2907 tia,
402 2856 512 2898 non
544 2842 655 2898 oris
678 2836 935 2915 eligantur
961 2844 1240 2912 industria,
1272 2845 1366 2900 sed
1390 2846 1615 2915 pectoris
1642 2861 1868 2916 sequan-

286 2939 375 2988 tur
417 2932 846 2989 ardorem.Nam
891 2935 933 2989 si
960 2946 1144 2989 aurato
1192 2945 1563 3006 gemmatoque
1608 2936 1746 2991 ferro
1787 2936 1869 2991 vir

291 3022 447 3081 fortis
472 3034 730 3091 armetur,
754 3025 1134 3083 intentissimus
1155 3044 1361 3099 pugnae,
1390 3030 1495 3099 agit
1525 3029 1736 3099 quidem
1760 3029 1866 3084 illis

283 3118 449 3173 armis
482 3119 628 3189 quod
662 3117 790 3190 agit,
836 3118 940 3174 bon
984 3120 1105 3189 quia
1151 3124 1400 3190 pretiosa,
1443 3122 1535 3176 sed
1566 3122 1685 3192 quia
1718 3137 1862 3176 arma

278 3218 405 3265 sunt
433 3228 447 3264 :
471 3208 613 3266 idem
644 3206 761 3282 ipSe
789 3218 871 3266 est
902 3219 1098 3276 tamen,
1126 3206 1178 3267 et
1204 3212 1345 3267 valet
1373 3208 1677 3283 plurimum,
1702 3214 1860 3269 etiam

272 3314 401 3358 cum
424 3302 643 3359 rimanti
672 3304 832 3360 telum
873 3306 949 3359 ira
979 3304 1105 3360 facit
1126 3304 1163 3358 ¹.
1184 3306 1315 3377 ‘Agit
1346 3307 1650 3377 Apostolus,
1683 3316 1739 3362 ut
1768 3323 1861 3377 pro

280 3396 589 3468 evangeliea
615 3397 906 3453 ministerio
932 3400 1189 3469 patienter
1217 3402 1353 3455 mala
1390 3401 1543 3472 hujus
1584 3403 1856 3472 temporis,

278 3505 399 3545 cum
428 3490 626 3546 solatio
652 3491 909 3546 donorum
956 3492 1081 3560 Dei,
1127 3494 1319 3547 omnia“
1341 3494 1647 3549 tolerentn'r.
1677 3494 1855 3565 Magna

276 3596 362 3636 res
388 3588 499 3648 est,
526 3590 579 3636 et
595 3582 863 3652 granditer
889 3582 1079 3656 agitur,
1110 3597 1207 3639 nec
1227 3584 1417 3640 desunt
1447 3588 1752 3641 ornamenta
1774 3586 1852 3642 di-

276 3674 435 3730 cendi
465 3693 478 3728 :
512 3672 675 3742 Ecce,
730 3675 928 3744 inquit,
979 3691 1109 3729 nunc
1153 3684 1345 3745 tempus
1386 3677 1714 3749 acceptabile,
1746 3695 1856 3734 ecce

266 3762 412 3823 nunc
439 3770 548 3824 dies
571 3766 770 3825 salutis.
807 3769 1020 3825 Nullam
1047 3771 1101 3824 in
1125 3758 1379 3842 quoquam
1398 3770 1574 3825 dantes
1612 3771 1853 3840 o/fensio—

275 3878 411 3928 nem,
446 3871 499 3915 ut
528 3879 627 3916 non
664 3863 1058 3933 reprehendatur
1086 3863 1412 3916 ministerium
1445 3864 1665 3918 nostrum
1702 3882 1720 3919 :
1766 3868 1854 3920 sed

271 3956 327 4008 in
350 3944 584 4009 omnibus
605 3954 1009 4009 commendantes
1033 3955 1359 4026 nosmetipsos
1384 3956 1437 4009 ut
1464 3955 1557 4009 Dei
1577 3957 1846 4022 ministras,

276 4045 330 4099 in
358 4044 522 4099 multa
546 4047 806 4118 patientia,
837 4047 890 4100 in
916 4046 1334 4121 tribulationibus,
1361 4046 1414 4101 in
1439 4048 1807 4104 necessitatibus
1830 4091 1843 4117 ,

268 4136 328 4191 in
355 4138 625 4208 angustiis,
658 4138 710 4192 in
736 4138 919 4209 plagis,
947 4140 999 4192 in
1022 4137 1318 4201 carceribus,
1348 4138 1400 4192 in
1418 4139 1768 4205 seditionibus,
1796 4141 1848 4195 in

270 4224 551 4294 laboribus,
574 4230 627 4283 in
649 4228 848 4300 vigiliis,
869 4230 921 4283 in
937 4228 1170 4300 jejuniis,
1194 4230 1246 4283 in
1270 4231 1514 4296 castitate,
1542 4231 1593 4284 in
1620 4232 1843 4299 scicntia,

267 4317 321 4373 in
349 4316 750 4390 longanimitate,
788 4321 844 4374 in
887 4320 1185 4392 benignitate
1208 4362 1223 4387 ,
1270 4320 1325 4375 in
1355 4320 1548 4391 Spiritu
1566 4332 1756 4387 sancto,
1792 4323 1844 4378 in

266 4408 515 4466 charitatc
535 4426 634 4467 non
657 4414 793 4482 ﬁcta,
814 4414 868 4467 in
884 4412 1026 4467 verbo
1056 4410 1293 4478 veritatis,
1308 4412 1359 4466 in
1378 4414 1559 4467 “virtute
1584 4410 1682 4467 Dei
1711 4430 1729 4468 :
1759 4432 1846 4484 per

270 4492 419 4558 arma
450 4506 669 4575 justitite
693 4523 727 4560 a
753 4506 939 4561 dextris
966 4515 1014 4559 et
1040 4504 1075 4559 ti
1099 4504 1313 4559 sinistris
1341 4506 1395 4573 ',
1438 4522 1525 4577 per
1560 4506 1772 4578 gloriam
1792 4508 1846 4561 ~et

270 4596 654 4669 ignobilitatem,
686 4614 774 4668 per
808 4592 1074 4671 infamiam
1110 4607 1155 4651 et
1200 4595 1379 4651 bonam
1423 4597 1641 4667 faniam;
1678 4609 1731 4651 ut
1766 4616 1844 4653 se-

270 4686 536 4754 ductores,
578 4684 626 4741 et
665 4688 915 4751 veraces,“
942 4697 998 4741 ut
1032 4686 1119 4759 qui
1152 4686 1467 4758 ignoramur,
1506 4695 1554 4741 et
1580 4689 1839 4758 cognosci-

269 4793 418 4843 mur;
442 4777 589 4850 quasi
612 4776 896 4846 morientes,
928 4787 974 4834 et
1011 4776 1119 4833 ecce
1147 4778 1353 4833 vivimus
1385 4794 1407 4832 :
1439 4786 1495 4832 ut
1521 4780 1751 4846 coerciti,
1797 4789 1842 4835 et

266 4868 370 4925 non
418 4870 740 4939 mortiﬁcati;
782 4877 835 4923 ut
881 4870 1043 4925 tristes
1065 4911 1079 4935 ,
1112 4886 1305 4939 semper
1333 4876 1497 4924 autent
1522 4866 1839 4941 gaudentes";

266 4963 397 5017 sicut
426 4958 591 5035 egeni,
618 4962 800 5016 multas
822 4960 985 5015 autem
1029 4958 1275 5027 ditantes;
1306 4967 1541 5031 tanquam
1585 4962 1713 5017 nihil
1730 4962 1837 5016 'ha-

242 5046 473 5118 'be‘rites",‘
492 5052 551 5107 'e't
592 5040 764 5107 omnia
810 5053 1139 5125 possidentes.
1168 5048 1501 5110 Vide'adhuc
1525 5036 1798 5110 ardentem
1821 5098 1834 5121 ,

242 5136 339 5201 ὀι
364 5154 596 5199 nostrum
608 5141 757 5213 ‘ptz'tet
778 5144 845 5198 a‘d
870 5160 976 5209 vos,
1007 5156 1038 5198 ο
1065 5130 1339 5212 Corinlhii;
1361 5158 1448 5199 cor
1468 5128 1689 5202 noslrum
1708 5140 1840 5203 dila-

240 5224 431 5291 'iatum‘
454 5234 527 5291 est
552 5232 627 5309 (ll'
651 5234 863 5305 σον-λη’,
892 5224 1079 5311 2-H);
1096 5242 1151 5294 et
1172 5220 1362 5293 cauom
1384 5282 1400 5307 ,
1441 5255 1556 5312 quae
1592 5232 1835 5317 persequi

194 5378 203 5389 ,
262 5324 480 5398 longum
505 5334 621 5382 est.‘
864 5328 881 5341 ”
930 5328 973 5341 "
1160 5318 1231 5343 ”“³
1288 5330 1296 5340 ”
1748 5336 1755 5342 '

270 5420 277 5429 ”
324 5439 343 5471 ¹
368 5446 502 5503 Lov.,
751 5439 843 5505 telo
856 5440 982 5505 mira
1005 5441 1139 5505 facit.
1172 5440 1264 5492 Sed
1284 5442 1448 5505 verius
1468 5442 1574 5493 alia:
1599 5444 1837 5497 editiones

265 5500 1150 5589 gﬁy'mntebmba'facﬂ.
1173 5500 1305 5563 Quod
1333 5512 1615 5569 usurpatum
1659 5514 1735 5558 est
1770 5518 1834 5559 ex

266 5561 840 5627 Virﬂ'lio;&naid.ttt.
1140 5561 1259 5623 ιιιξη,
1302 5594 1339 5621 ιη
1638 5598 1649 5609 ι

582 5687 631 5700 ..
794 5689 861 5700 γ...
938 5628 1612 5700 ιξεοιοτνθξινωξιιιεοδιιςιο,

383 5687 1060 5763 εηγωίρηορὶεε
1086 5686 1214 5753 quod
1234 5691 1409 5752 cuique
1432 5686 1680 5753 repertum

358 5750 849 5880 Nummium
870 5750 996 5809 facit.
1104 5750 1118 5753 ⁷
1290 5750 1345 5822 Γ
1384 5816 1430 5825 η
1492 5750 1505 5753 _
1804 5818 1814 5829 .

267 5813 475 5928 “£58.
604 5821 689 5864 uot
708 5822 900 5875 optume
934 5820 1058 5913 noue
1074 5848 1089 5872 ,
1271 5821 1474 5915 Justma:
1496 5813 1667 5909 dextra
1697 5822 1744 5868 et
1769 5833 1833 5869 st-

1635 442 1833 497 LIBER
1872 431 2213 510 QUARTUS.

1930 5431 2049 5490 ’Ψλο
2073 5418 2338 5488 elmluium
2367 5415 2574 5475 fervere
2599 5417 2909 5473 sentimug,-:
2940 5432 2967 5449 ι.
3018 5422 3043 5447 ἰ

3477 472 3576 527 ΗΟ

2075 559 2432 657 limitemque
2478 567 2542 622 ad
2590 568 2855 627 Romanos
2896 573 3033 646 agit,
3078 584 3135 632 ut
3172 584 3570 649 persecutiones

2005 647 2160 718 hujus
2184 647 2381 709 'mundi
2406 656 2659 715 charitate
2700 662 2996 732 vincantur,
3024 681 3117 738 spe
3147 647 3289 726 certa
3333 674 3385 727 in
3420 676 3571 746 adju-

2004 744 2277 838 torio'Dei.
2305 748 2427 838 Agit
2444 760 2624 833 autem
2643 763 2695 809 et
2711 757 2981 838 granditer
2999 752 3055 816 et
3074 774 3259 820 ornate
3288 780 3303 818 :
3339 744 3564 838 scimus,

2000 829 2187 927 inquit,
2224 832 2455 904 quaniam
2479 830 2793 914 diligentibus
2832 836 2992 902 Deum
3018 844 3194 906 'omnia
3234 829 3567 927 coeperantur

1998 920 2052 974 in
2080 922 2280 990 bonum,
2318 928 2380 982 iis
2405 932 2489 996 qui
2514 934 2783 989 secundum
2812 941 3122 1009 propositum
3162 920 3335 1000 vocati.
3367 946 3483 1004 sunt
3525 954 3566 1005 ⁸.

2001 1010 2251 1076 Quoniam
2274 1034 2398 1088 quos
2424 1022 2539 1075 ante
2566 1027 2830 1092 praesciuit,
2878 1030 2933 1083 et
2965 1033 3330 1101 praedestinavit
3358 1046 3563 1112 confer-

1996 1119 2101 1196 mes
2127 1106 2357 1181 imaginis
2379 1111 2506 1167 Filii
2523 1116 2619 1183 sui,
2652 1126 2706 1170 ut
2728 1120 2790 1173 sit
2808 1120 2916 1191 ipse
2932 1118 3290 1196 primogenitus
3314 1131 3366 1185 in
3396 1106 3566 1189 multis

1993 1193 2254 1264 fratribus.
2288 1200 2425 1266 Quos
2450 1215 2612 1290 autem
2635 1212 3021 1281 praedestinavit,
3048 1193 3239 1273 illos'et
3258 1225 3445 1277 vocavit
3516 1237 3562 1280 et

1992 1301 2116 1384 quos
2143 1293 2345 1359 vocavit,
2370 1286 2511 1366 ipsos
2524 1306 2571 1352 et
2587 1302 2907 1370 justi/icavit;
2929 1321 3050 1371 quos
3067 1304 3232 1363 autem
3246 1286 3560 1384 iustiﬁcavit,

1990 1376 2108 1433 illos
2137 1388 2183 1435 et
2210 1384 2525 1455 gloriﬁcavit.
2554 1388 2686 1455 Quid
2700 1409 2814 1463 ergo
2835 1394 3054 1451 dicemus
3070 1399 3138 1451 ad
3163 1376 3268 1455 [uec
3288 1405 3314 1457 ?
3340 1376 3402 1459 Si
3422 1376 3560 1462 Deili

1991 1485 2081 1537 pro
2115 1472 2283 1566 nobis,
2329 1477 2438 1546 quis
2465 1476 2637 1534 contra
2663 1483 2795 1537 nos?
2825 1482 2924 1550 Qui
2952 1491 3158 1558 proprio
3184 1490 3322 1566 Filio
3344 1494 3443 1549 non
3470 1514 3559 1566 pe-

1975 1556 2282 1658 :percit,gsed
2312 1585 2402 1637 pro
2428 1570 2569 1658 nobis
2594 1574 2821 1629 omnibus
2863 1556 3069 1634 tradidit
3102 1564 3267 1652 illum,
3309 1556 3559 1658 quomodo

1974 1648 2087 1708 'iton
2117 1656 2265 1711 etiam
2288 1677 2399 1713 cum
2416 1652 2505 1715 illo
2536 1663 2675 1719 nobis
2702 1669 2869 1723 omnia
2892 1670 3131 1727 donavit?
3158 1676 3283 1740 Quis
3306 1648 3557 1737 accusabit

1986 1745 2222 1843 adversus
2260 1751 2434 1806 electos
2478 1754 2604 1809 Dei?
2638 1756 2770 1813 Deus
2800 1761 2887 1829 qui
2912 1764 3202 1834 justi/icat.’
3231 1768 3355 1835 Quis
3379 1781 3450 1825 est
3473 1776 3558 1843 qui

1984 1839 2313 1896 condemnet?
2340 1842 2564 1901 Christus
2583 1847 2616 1899 J
2619 1863 2731 1902 esus
2752 1852 2837 1917 qui
2859 1863 3084 1909 mortuus
3105 1866 3195 1923 est,
3216 1862 3373 1931 magis
3393 1839 3556 1918 autem

1983 1932 2069 2000 qui
2081 1935 2368 1999 resurrexit,
2390 1937 2474 2006 qui
2492 1949 2562 1992 est
2584 1941 2634 1993 in
2652 1940 2854 1996 dextera
2871 1942 2983 2009 Dei,
3003 1948 3087 2016 qui
3102 1957 3148 2001 et
3164 1948 3445 2021 interpellat
3465 1972 3554 2026 pro

1980 2024 2123 2078 nobis
2136 2025 2163 2079 Ρ
2180 2024 2302 2091 Quis
2322 2046 2410 2083 nos
2427 2042 2603 2093 separa
2620 2032 2721 2087 bita
2744 2034 2987 2091 cbaritate
2998 2037 3223 2095 Christi?
3244 2024 3519 2101 Tribulatio
3532 2049 3557 2101 ?

1981 2131 2047 2168 an
2070 2118 2301 2187 angustia
2317 2121 2343 2174 .9
2356 2137 2420 2173 an
2438 2126 2711 2192 persecutio
2724 2125 2748 2179 ?
2763 2144 2828 2180 an
2843 2131 3001 2199 fames
3014 2129 3040 2183 .’
3053 2147 3120 2185 an
3137 2132 3375 2189 auditas?
3389 2154 3455 2190 an
3477 2156 3554 2208 pe-

1978 2204 2195 2261 riculum
2206 2210 2233 2263 ?
2241 2227 2305 2263 an
2322 2212 2521 2283 gladius
2532 2216 2559 2269 7
2570 2214 2713 2270 Sicut
2728 2218 2968 2287 scriptum
2980 2229 3069 2289 est,
3088 2212 3337 2289 Quoniam
3352 2204 3555 2298 propter

1980 2307 2027 2354 te
2052 2302 2410 2371 mortiﬁcamur
2431 2315 2532 2360 tota
2557 2307 2655 2373 die,
2679 2311 2913 2366 mstimati
2941 2328 3118 2368 sumus
3139 2324 3195 2370 ut
3212 2332 3325 2373 oves
3338 2321 3550 2374 occisio-

1978 2390 2056 2444 nis
2085 2390 2254 2462 (Psal.
2278 2409 2437 2463 XLIlI,
2459 2394 2573 2467 22).
2597 2398 2702 2453 Sed
2721 2401 2771 2454 in
2793 2400 2872 2456 his
2896 2405 3123 2459 omnibus
3161 2410 3553 2479 supervincimus

1977 2497 2065 2550 per
2089 2498 2201 2535 eum
2225 2485 2310 2554 qui
2346 2486 2523 2541 dilexit
2562 2504 2669 2542 nos.
2717 2488 2893 2545 Certus
2930 2509 3043 2548 sum
3067 2496 3199 2551 enim
3241 2500 3359 2567 quia
3397 2492 3552 2571 neque

1974 2586 2129 2637 mors,
2158 2589 2315 2645 neque
2339 2578 2460 2643 vita,
2486 2595 2639 2649 neque
2653 2578 2850 2650 Angeli,
2865 2598 3021 2655 neque
3035 2577 3368 2657 principatus,
3390 2608 3544 2661 neque

1973 2663 2257 2730 pnesentin,
2288 2683 2444 2736 neque
2462 2669 2657 2739 futura,
2677 2672 3018 2741 nequevirtus,
3037 2692 3194 2746 neque
3207 2676 3547 2748 altitudo,'ue-
3624 2676 3631 2685 ’

1972 2767 2069 2821 que
2086 2756 2419 2824 profundum,
2443 2775 2595 2828 neque
2620 2770 2847 2814 creatura
2871 2763 2974 2816 alia
3000 2767 3182 2835 poterit
3209 2784 3299 2823 nos
3312 2785 3548 2840 separare

1970 2864 2005 2902 a
2041 2851 2282 2905 citaritate
2307 2852 2420 2919 Dei,
2446 2870 2557 2926 qua:
2580 2865 2652 2910 est
2678 2857 2731 2911 in
2756 2852 2952 2914 Christo
2971 2859 3096 2915 Jesu
3115 2860 3334 2919 Domino
3368 2872 3547 2923 nostra

1966 2936 2144 3013 (licet.
2178 2959 2267 2997 vm
2288 2985 2304 3011 ,
2333 2944 2421 3000 ‘28-
2436 2945 2548 3015 39).
3250 2962 3271 2971 ··

2038 3032 2127 3088 44.
2156 3033 2235 3087 Λᾶ
2261 3032 2690 3092 Galatas‘autem
2734 3040 2971 3109 quamvis
3002 3049 3109 3097 tota
3153 3045 3264 3115 ipsa
3307 3047 3541 3120 Epistola

1969 3124 2231 3180 submisso
2270 3124 2479 3181 dicendi
2511 3136 2705 3197 genere
2729 3129 2921 3202 scripta
2947 3132 3048 3201 sit,
3077 3135 3174 3189 nisi
3207 3136 3259 3191 in
3291 3142 3559 3197 extremis.

1958 3214 2200 3283 partibus
2225 3215 2315 3271 ubi
2336 3225 2423 3273 est
2446 3219 2711 3290 eloquium
2744 3224 3127 3295 temperatum;
3172 3236 3347 3286 tamen
3380 3233 3540 3289 inter-

1962 3305 2111 3374 ponit
2134 3308 2417 3376 quemdam
2460 3310 2633 3366 locum
2673 3324 2737 3369 eo
2766 3323 2913 3370 motu
2955 3317 3146 3384 animi,
3181 3326 3245 3373 ut
3275 3322 3389 3376 sine
3420 3324 3538 3381 ullis

1963 3396 2175 3467 quidem
2221 3400 2413 3457 talibus
2448 3405 2812 3472 ornamentis,
2856 3407 3029 3477 qualia
3075 3419 3205 3464 sunt
3234 3400 3293 3467 in
3317 3413 3381 3469 iis
3419 3432 3537 3485 quae

1932 3487 2123 3543 modo
2138 3491 2431 3560 posuimus;
2457 3508 2561 3548 non
2590 3500 2772 3565 pesset
2798 3506 2973 3553 tamen
3000 3499 3097 3554 nisi
3121 3504 3390 3571 granditer
3408 3505 3531 3562 dici.

1959 3577 2101 3648 Dies,
2118 3581 2303 3651 inquit,
2329 3583 2616 3653 observatis,
2639 3594 2687 3641 et
2711 3604 2920 3656 menses,
2943 3598 2991 3644 et
3015 3608 3191 3658 annos,
3218 3604 3263 3647 et
3283 3598 3525 3667 letnpora.

1942 3670 2131 3728 “Timeo
2159 3682 2273 3743 vos,
2312 3686 2377 3731 ne
2407 3679 2536 3749 forte
2571 3680 2681 3735 sine
2717 3697 2870 3735 causa
2904 3682 3231 3741 laboraverim
3273 3686 3328 3740 in
3359 3703 3442 3743 vos
3487 3692 3527 3745 ’.

1958 3765 2131 3822 Estote
2155 3768 2355 3823 sicut'et
2382 3770 2490 3841 ego,
2536 3775 2770 3842 quoniam
2800 3782 2845 3828 et
2872 3792 2961 3846 ego
2988 3779 3117 3832 sicut
3153 3795 3237 3834 vos
3261 3796 3279 3834 .'
3309 3784 3489 3850 fratres
3509 3825 3526 3850 ,

1956 3875 2131 3929 precor
2153 3877 2276 3928 vos;
2304 3863 2437 3916 nihil
2462 3881 2538 3917 me
2556 3865 2774 3921 iwsistis.
2810 3868 2959 3922 Scitis
2993 3869 3110 3934 quia
3141 3888 3228 3941 per
3253 3874 3526 3942 inﬁrmita-

1957 3960 2053 4007 tem
2084 3956 2249 4008 carnis
2278 3955 2586 4025 iampridem
2620 3959 2949 4029 evangelimvi
2978 3962 3139 4028 vobis,
3170 3973 3215 4016 et
3232 3954 3528 4022 ‘leutaliones

1955 4055 2140 4099 vestras
2168 4046 2188 4077 ³
2215 4046 2268 4099 in
2296 4063 2449 4100 carne
2474 4064 2582 4101 mea
2608 4065 2707 4102 non
2736 4052 3007 4121 sprevistls,
3037 4050 3190 4126 neque
3229 4059 3486 4126 respuis'tis
3502 4079 3523 4127 ;

1951 4137 2043 4190 sed
2064 4137 2190 4190 sicut
2219 4138 2455 4208 angelum
2483 4138 2577 4192 Dei
2603 4142 2861 4211 excepistis
2881 4154 2975 4209 me,
3000 4144 3127 4198 sicut
3159 4144 3407 4202 Christum
3435 4150 3525 4205 Je-

1951 4228 2095 4284 sum.~
2114 4227 2240 4293 Qua:
2264 4244 2380 4301 ergo
2411 4230 2504 4300 fuit
2531 4232 2781 4286 beatitudo
2800 4235 3365 4294 vestra?Testimonium
3387 4242 3525 4298 vobis

1949 4319 2202 4389 perhibeo,
2234 4310 2471 4391 quoniam
2500 4322 2549 4374 si
2582 4322 2694 4391 ﬁeri
2718 4332 2916 4393 posset,
2948 4327 3119 4380 oculos
3147 4338 3333 4382 vestros
3356 4332 3519 4384 eruis-

1948 4411 2069 4465 setis
2098 4416 2147 4465 et
2174 4412 2432 4467 dedissetis
2456 4413 2597 4466 mihi.
2634 4414 2767 4485 Ergo
2792 4416 3024 4469 inimicus
3051 4418 3215 4487 factus
3243 4428 3354 4473 sum
3384 4423 3520 4477 vobis

1930 4506 2117 4557 rerum
2143 4504 2459 4574 prendimus?
2480 4504 2814 4560 ﬁmulantur
2830 4523 2913 4561 vos
2930 4502 3033 4562 non'
3053 4508 3203 4575 bene;
3223 4511 3315 4564 sed
3338 4514 3514 4566 exclu-

1946 4598 2065 4651 dere
2098 4613 2181 4651 vos
2228 4584 2424 4663 volunt,
2456 4605 2510 4651 ut
2532 4610 2633 4652 eos
2672 4599 2994 4654 temulemin'i.
3024 4601 3221 4655 Bonum
3245 4613 3318 4657 est
3352 4613 3515 4659 autem

1930 4689 1996 4742 -in
2021 4687 2150 4742 bono
2174 4688 2403 4741 aemulari
2438 4693 2633 4759 semper
2654 4731 2668 4756 ,
2716 4699 2763 4743 et
2805 4704 2906 4744 non
2945 4691 3105 4745 solum
3132 4709 3256 4747 'cum
3301 4694 3519 4765 prtésetts

1944 4796 2055 4833 sum
2082 4778 2223 4850 apud
2246 4795 2344 4834 vos.
2379 4778 2555 4834 Filioli
2580 4780 2712 4848 mei,
2744 4788 2867 4852 quos
2898 4782 3079 4837 iterum
3108 4784 3333 4853 parturio
3352 4792 3517 4840 'aonec

1944 4869 2189 4940 formetur
2214 4868 2440 4924 Christus
2467 4869 2519 4923 in‘
2550 4871 2701 4925 vobis.
2746 4870 2933 4926 Vellem
2971 4882 3138 4929 autem
3158 4884 3304 4930 nunc
3330 4875 3516 4932 adesse

1943 4961 2083 5032 apud
2108 4976 2212 5025 vos,
2244 4968 2293 5014 et
2318 4968 2521 5015 mutare
2544 4958 2909 5017 vacem‘mea‘m
2928 4965 3108 5035 ,"quia
3150 4960 3513 5039 confundor‘tu

1941 5052 2077 5106 vobis
2102 5049 2246 5123 (Gal.
2268 5067 2341 5119 tv,
2361 5050 2572 5124 10-20).
2589 5052 2852 5122 Numquid
2882 5053 2966 5110 hic
2984 5063 3073 5109 aut
3096 5056 3358 5111 contraria
3378 5066 3513 5112 eon-

1939 5143 2119 5199 trariis
2142 5134 2303 5198 verba
2332 5146 2456 5197 sunt
2490 5140 2714 5211 reddita,
2753 5144 3042 5215 aut‘aiiqua
3068 5142 3376 5218 gradatione
3398 5146 3510 5203 sibi

1941 5237 2177 5291 Bubnexa
2206 5241 2349 5301 sunt,
2394 5238 2483 5288 aut
2517 5238 2654 5289 cassa
2692 5242 2746 5289 et
2774 5231 3384 5292 ~m‘embra‘circuitttsve
3408 5234 3512 5293 ’ἔνθα

1939 5327 2203 5383 nuerunt?
2244 5333 2300 5382 et
2340 5330 2659 5380 tamettnnn
2697 5325 2817 5382 ideo
2845 5328 3011 5397 tepuit
3032 5326 3507 5399 grandisatfectus,

3235 5428 3259 5447 ‘r

1946 5522 1971 5549 ξ’
2002 5574 2020 5606 ι
2040 5534 2179 5630 imm,
2201 5567 2356 5641 vocati
2373 5572 2483 5641 siqu
2502 5568 2672 5621 stmcti.
2769 5566 3069 5641 βρῶμα,
3090 5571 3354 5641 conformes
3379 5569 3506 5641 ﬁeri.

1937 5643 1994 5687 At
2016 5643 2118 5684 Mss.
2144 5628 2313 5682 carent
2333 5632 2547 5691 vocibus,
2569 5631 2721 5681 sancti
2744 5628 2795 5680 et
2814 5628 2960 5694 ﬁeri;
2981 5628 3090 5693 quin
3114 5628 3417 5695 praetermitti
3436 5647 3509 5684 so-

1938 5698 2043 5749 lent
2059 5698 2121 5759 ab
2140 5695 2425 5759 Augustino,
2445 5700 2495 5741 et
2516 5706 2545 5743 a
2567 5706 2725 5757 gmw
2748 5700 2888 5759 textu
2908 5695 3099 5759 absunt.

2000 5744 2293 5819 {natuita
2323 5744 2466 5808 vobis.
2510 5744 2742 5815 At”Mss.,
2764 5753 2815 5804 in
2849 5766 2929 5805 vos
2954 5755 3131 5819 :juxta
3165 5744 3419 5819 gratemur,“
3440 5754 3510 5809 eis

2172 5882 2391 5945 plerique
2412 5881 2609 5940 habent,
2634 5884 2680 5929 et
2697 5876 2993 5931 lavationem
3014 5884 3215 5931 eestrwn
3242 5884 3245 5889 ‘
