4056 6470
547 426 639 480 111
1471 413 1557 466 DE
1597 405 1939 464 DOCTRINA
1978 398 2414 466 CllRlSTlANA,
2452 399 2509 455 S.
2550 399 2912 456 AUGUSTINI

543 533 765 592 CAPUT
793 531 930 589 XXI.
957 561 1028 572 —
1056 529 1303 599 Exempla
1329 526 1537 596 triplicis
1562 523 1712 594 hujus
1726 519 1919 592 generis
1939 517 2117 570 dictio-

617 628 696 681 nis
732 641 793 681 ex
828 622 1110 679 doctoribus
1149 618 1545 683 ecclesiasticis,
1569 628 1744 685 nempe
1783 609 2040 682 Cypriano
2070 615 2118 660 et

619 716 878 771 Ambrosio
909 715 1252 770 desumuntur.

613 809 701 865 ιδ.
727 807 832 864 Sed
857 804 1146 876 apostolica
1168 805 1265 857 ista
1292 801 1368 856 sic
1391 799 1533 854 clara
1556 803 1698 861 sunt,
1717 802 1774 850 ut
1786 801 1841 850 et
1855 791 2114 864 profunda

542 901 681 966 sint;
713 907 871 970 atque
909 898 978 952 ita
1020 895 1317 963 conscripta
1351 890 1722 959 memoriaeque
1762 886 2027 950 mandata,
2060 891 2117 938 ut

545 1010 651 1050 non
695 993 868 1049 solum
912 991 1112 1047 lectore
1139 987 1222 1042 vel
1253 985 1510 1050 auditore,
1551 999 1734 1039 verum
1767 981 1922 1035 etiam
1953 993 2118 1047 expo-

542 1087 704 1142 sitore
738 1100 872 1156 Opus
924 1081 1188 1146 habeant,
1242 1079 1287 1133 si
1331 1077 1450 1149 quis
1497 1077 1551 1130 in
1578 1075 1655 1130 eis
1685 1089 1788 1128 non
1829 1070 2116 1141 superﬁcie

539 1187 818 1236 contentus
862 1173 1188 1231 altitudinem
1218 1178 1438 1240 quaerat.
1489 1169 1817 1238 Quapropter
1843 1164 2116 1218 videamus

540 1270 637 1326 ista
654 1282 848 1340 genera
883 1262 1093 1320 dicendi
1129 1262 1182 1316 in
1211 1261 1287 1316 eis
1322 1260 1408 1330 qui
1435 1261 1655 1315 istorum
1679 1256 1905 1311 lectione
1932 1253 1997 1308 ad
2028 1267 2115 1308 re-

502 1359 504 1362 ’
541 1378 658 1418 rum
699 1360 996 1416 divinarum
1040 1364 1195 1426 atque
1231 1354 1523 1408 salubrium
1573 1349 1846 1406 scientiam
1876 1348 2114 1417 profece-

539 1461 679 1519 runt,
699 1465 920 1516 eamque
938 1447 1188 1502 Ecclesiae
1213 1445 1595 1499 ministrarunt.
1615 1442 1807 1496 Beatus
1823 1438 2116 1509 Cyprianus

538 1543 802 1597 submisso
840 1537 1050 1593 dicendi
1086 1551 1280 1608 genere
1325 1536 1488 1590 utitur
1523 1535 1576 1588 in
1618 1547 1683 1588 eo
1729 1530 1867 1585 libro
1921 1529 2010 1582 ubi
2048 1527 2116 1583 de

537 1633 880 1690 Sacramento
907 1631 1086 1685 calicis
1113 1628 1363 1698 disputat.
1395 1625 1624 1682 Solvitur
1647 1622 1841 1693 quippe
1869 1619 1940 1674 ibi
1967 1633 2114 1689 quaa-

536 1727 640 1784 stio
663 1768 677 1793 ,
716 1725 771 1780 in
807 1739 908 1796 qua
947 1723 1200 1794 quaeritur
1225 1729 1398 1775 utrum
1425 1719 1560 1773 calix
1589 1714 1888 1772 dominicus
1926 1726 2114 1782 aquam

535 1821 738 1885 solam,
791 1833 857 1872 an
907 1832 1024 1872 eam
1080 1815 1204 1868 vino
1257 1813 1474 1867 mixtam
1519 1808 1710 1865 debeat
1745 1807 1962 1862 habere.
2007 1803 2115 1860 Sed

540 1910 768 1981 exempli
795 1909 956 1980 gratia
988 1905 1184 1977 aliquid
1218 1904 1340 1959 inde
1363 1902 1666 1975 ponendum
1692 1908 1795 1956 est.
1826 1899 1952 1953 Post
1975 1897 2118 1966 prin-

536 2003 728 2073 cipium
746 2015 870 2071 ergo
885 1999 1144 2070 epistola),
1158 1996 1269 2067 jam
1285 1997 1495 2050 solvere
1517 1993 1773 2062 incipiens
1794 1988 2115 2060 propositam

535 2094 881 2164 quaestionem
909 2109 922 2146 :
953 2090 1248 2144 Admonitos
1273 2098 1440 2142 autem
1462 2104 1553 2142 nos
1579 2086 1730 2150 scias,
1757 2085 1947 2154 inquit,
1983 2091 2035 2134 ut
2063 2083 2116 2136 in

535 2184 690 2239 calice
710 2183 965 2252 offerendo
984 2183 1234 2237 dominica
1260 2181 1460 2234 traditio
1483 2187 1701 2234 servetur
1729 2221 1742 2240 ,
1797 2193 1950 2245 neque
1975 2176 2117 2230 aliud

535 2275 625 2344 ﬁat
671 2292 703 2328 a
745 2273 886 2328 nobis
917 2313 934 2340 ,
981 2289 1130 2342 quam
1161 2271 1294 2342 quod
1347 2288 1437 2340 pro
1489 2269 1628 2324 nobis
1677 2267 1923 2322 Dominus
1979 2267 2118 2335 prior

536 2369 670 2438 fecit,
709 2377 766 2420 ut
813 2367 947 2420 calix
973 2366 1056 2434 qui
1094 2366 1146 2418 in
1185 2364 1704 2418 commemorationem
1727 2363 1836 2432 ejus
1866 2359 2075 2427 offertur
2096 2401 2111 2426 ,

535 2459 648 2513 vino
677 2459 862 2514 mixtus
891 2456 1148 2524 offeratur.
1185 2454 1323 2510 Nam
1349 2472 1462 2509 cum
1489 2455 1623 2508 dicat
1649 2453 1876 2508 Christus
1900 2494 1913 2518 ,
1953 2471 1970 2503 ι
2006 2451 2115 2522 Ego

534 2565 646 2602 sum
673 2549 785 2603 vitis
809 2564 925 2602 vera
949 2566 968 2600 ι
988 2548 1163 2615 (Joan.
1181 2562 1272 2614 xv,
1295 2546 1371 2617 5);
1393 2546 1598 2618 sanguis
1627 2544 1831 2604 Christi,
1863 2562 1961 2598 non
1985 2560 2118 2614 aqua

537 2652 610 2697 est
645 2643 815 2711 utique
836 2684 852 2710 ,
898 2642 986 2698 sed
1014 2643 1216 2708 vinum;
1242 2658 1332 2696 nec
1361 2651 1519 2713 potest
1547 2642 1703 2696 videri
1729 2642 1933 2712 sanguis
1976 2644 2082 2712 ejus
2099 2683 2113 2706 ,

533 2750 631 2803 quo
656 2732 898 2804 redempti
923 2739 969 2786 et
997 2733 1231 2802 viviﬁcati
1259 2749 1450 2799 sumus,
1497 2748 1601 2786 esse
1627 2733 1682 2786 in
1707 2731 1881 2797 calice,
1913 2733 2115 2804 quando

534 2825 704 2877 vinum
727 2824 854 2878 desit
881 2822 1057 2888 calici,
1089 2840 1186 2891 quo
1226 2822 1413 2876 Christi
1447 2823 1654 2894 sanguis
1689 2824 2000 2887 ostenditur;
2033 2824 2118 2893 qui

537 2913 917 2984 Scripturarum
961 2915 1184 2967 omnium
1229 2921 1540 2967 sacramento
1567 2929 1627 2967 ac
1656 2914 1937 2967 testimonio
1982 2929 2116 2983 pra:-

536 3005 751 3058 dicatur.
794 3002 1084 3058 Invenimus
1120 3004 1253 3058 enim
1287 3003 1342 3057 in
1383 3000 1564 3058 Genesi
1588 3005 1724 3057 circa
1749 3015 2117 3059 sacramentum

541 3096 654 3150 Noe
679 3096 772 3150 hoc
799 3096 932 3150 idem
957 3097 1356 3163 prwcucurrisse,
1387 3104 1435 3148 et
1458 3097 1675 3166 ﬁguram
1703 3096 1968 3152 dominica:
1993 3116 2115 3168 pas-

544 3187 699 3241 sionis
723 3187 830 3242 illic
854 3187 1098 3241 exstitisse
1118 3227 1132 3252 ,
1163 3187 1297 3254 quod
1324 3187 1489 3241 vinum
1521 3188 1659 3254 bibit,
1687 3188 1822 3258 quod
1846 3189 2118 3245 inebriatus

537 3289 629 3346 est,
657 3279 790 3350 quod
821 3281 876 3333 in
901 3278 1049 3348 domo
1084 3296 1178 3334 sua
1215 3280 1434 3334 nudatus
1459 3291 1556 3346 est,
1584 3281 1718 3351 quod
1747 3283 1844 3352 fuit
1878 3283 2118 3340 recubans

538 3372 686 3425 nudis
715 3379 762 3424 et
791 3371 1072 3440 patentibus
1099 3359 1404 3440 [emo-ribus;
1431 3371 1566 3442 quod
1596 3373 1796 3427 auditas
1837 3374 1928 3428 illa
1958 3377 2118 3444 patris

538 3479 570 3515 a
595 3462 756 3516 medio
787 3462 893 3526 ﬁlio
916 3462 1151 3516 denotata
1170 3471 1278 3530 est;
1307 3479 1338 3517 a
1369 3464 1561 3534 majore
1585 3480 1699 3518 vero
1723 3474 1770 3522 et
1792 3465 1982 3520 minore
2000 3483 2120 3521 con-

542 3565 669 3610 tecta
695 3553 846 3629 (Gen.
883 3572 958 3622 ix,
998 3555 1210 3625 20-25),
1253 3566 1300 3610 et
1361 3566 1542 3612 cwtera
1582 3573 1695 3629 quae
1759 3575 1958 3614 necesse
2019 3576 2120 3614 non

541 3657 611 3703 est
637 3649 859 3719 exsequi,
892 3665 1007 3703 cum
1027 3649 1148 3704 satis
1171 3651 1233 3702 sit
1255 3649 1347 3704 hoc
1367 3651 1531 3704 solum
1546 3653 1828 3722 complecti,
1848 3655 1984 3724 quod
2006 3653 2121 3709 Noe

543 3750 716 3810 typum
746 3743 930 3810 futurae
955 3741 1177 3794 veritatis
1201 3741 1480 3805 ostendens,
1506 3758 1606 3796 non
1631 3759 1813 3814 aquam
1840 3745 1926 3798 sed
1952 3746 2121 3798 vinum

543 3833 752 3898 biberit;
777 3843 823 3886 et
851 3834 921 3886 sic
948 3833 1217 3901 imaginem
1239 3833 1504 3888 dominica:
1532 3835 1778 3904 passionis
1804 3839 2117 3906 expresserit.

543 3923 676 3978 Item
703 3925 755 3978 in
776 3924 1032 3980 sacerdote
1063 3923 1432 3979 Melchisedech
1468 3926 1774 3982 dominicum
1813 3928 2120 3984 Sacramen-

545 4027 651 4070 tum
676 4018 1054 4088 prwﬁguratum
1079 4017 1299 4071 videmus
1329 4019 1369 4084 ³,
1397 4019 1667 4072 secundum
1691 4021 1824 4089 quod
1851 4022 2121 4092 Scriptura

545 4108 716 4161 divina
745 4116 970 4173 testatur,
1012 4116 1059 4162 et
1096 4107 1259 4162 dicit:
1284 4127 1302 4159 ι
1339 4107 1406 4161 Ει
1432 4108 1798 4165 Melchisedech
1826 4129 1915 4167 rex
1944 4112 2120 4168 Salem

545 4196 752 4268 protulit
773 4214 954 4268 panem
977 4207 1024 4251 et
1042 4199 1231 4252 vinum.
1265 4197 1386 4252 Fuit
1412 4209 1575 4254 autem
1602 4203 1835 4258 sacerdos
1859 4202 1957 4257 Dei
1983 4221 2120 4259 sum-

545 4288 636 4353 mi,
664 4295 709 4342 et
737 4286 982 4341 benedixit
1006 4287 1260 4341 Abraham
1283 4307 1302 4340 s
1328 4287 1449 4361 (Id.
1482 4305 1594 4357 xxv,
1638 4292 1749 4362 18).
1783 4293 1930 4359 Quod
1952 4304 2119 4348 autem

548 4378 915 4434 Melchisedech
938 4387 1111 4450 typum
1138 4378 1325 4433 Christi
1354 4391 1588 4451 portaret,
1620 4384 1843 4438 declarat
1869 4387 1922 4439 in
1964 4386 2118 4441 Psal-

545 4472 641 4526 mis
673 4471 899 4543 Spiritus
939 4482 1162 4536 sanctus,
1193 4488 1255 4526 ex
1279 4489 1492 4543 persona
1518 4473 1690 4530 Patris
1717 4477 1784 4529 ad
1807 4475 2000 4531 Filium
2039 4481 2120 4533 di-

545 4579 660 4618 cens
695 4578 717 4617 :
754 4581 774 4615 ‹
810 4563 940 4617 Ante
971 4561 1261 4634 Luciferum
1305 4565 1454 4635 genui
1501 4576 1564 4621 te.
1605 4565 1683 4620 Tu
1721 4583 1772 4621 es
1808 4570 2040 4624 sacerdos
2067 4572 2121 4625 in

544 4664 786 4710 externum
810 4656 1083 4712 secundum
1111 4657 1336 4712 ordinem
1362 4657 1729 4713 Melchisedech
1761 4679 1779 4712 ›
1811 4661 1978 4734 (Psal.
2009 4678 2116 4732 CIX,

544 4744 623 4818 4).
649 4745 776 4802 Haec
799 4755 854 4802 et
877 4747 978 4801 alia
1013 4763 1131 4818 quae
1167 4759 1456 4818 sequuntur
1488 4749 1646 4819 hujus
1675 4753 1912 4822 epistola)
1937 4754 2119 4824 (Cypr.

546 4836 717 4908 Epist.
745 4837 834 4904 6'5,
862 4837 928 4890 ad
954 4837 1211 4893 Ctecilium
1231 4880 1248 4906 ,
1279 4840 1342 4894 de
1386 4839 1713 4895 Sacramenta
1742 4843 1957 4916 calicis),
1990 4846 2118 4899 sub-

546 4930 727 4985 missae
749 4929 994 4985 dictionis
1019 4931 1234 4986 modum
1249 4933 1636 5004 servant,quod
1653 4932 1807 4990 facile
1827 4945 1908 4990 est
1935 4937 2119 5006 explo-

545 5036 668 5078 rare
691 5021 1003 5093 legentibus.

616 5112 706 5168 ιϐ.
736 5109 958 5169 Sanctus
982 5127 1194 5184 quoque
1234 5114 1544 5170 Ambrosius
1577 5129 1696 5170 cum
1722 5126 1842 5188 agat
1865 5133 1978 5172 rem
2004 5133 2119 5172 ma-

547 5219 702 5276 gnam
733 5203 803 5260 de
825 5203 1024 5274 Spiritu
1063 5213 1268 5273 sancto,
1316 5215 1373 5260 ut
1407 5222 1528 5262 eum
1568 5208 1708 5262 Patri
1752 5218 1807 5264 et
1852 5211 1986 5265 Filio
2029 5211 2123 5268 de-

547 5302 810 5350 monstret
849 5295 1139 5366 mquelem,
1187 5296 1451 5352 submisso
1491 5307 1662 5354 tamen
1699 5301 1906 5356 dicendi
1927 5318 2122 5373 genere

547 5388 749 5457 utitur;
776 5389 1025 5459 quoniam
1063 5404 1152 5444 res
1180 5400 1422 5460 suscepta
1453 5407 1557 5447 non
1581 5406 1887 5450 ornamenta
1929 5397 2122 5453 verbo-

549 5495 689 5546 rum,
717 5487 807 5535 aut
829 5480 1207 5538 ad‘ﬂectendos
1231 5482 1437 5538 animos
1461 5487 1829 5542 commotionis
1855 5489 2120 5558 aﬂ‘ectum,

550 5571 647 5628 sed
673 5587 852 5628 rerum
878 5572 1193 5630 documenta
1222 5573 1507 5631 desiderat.
1547 5576 1689 5648 Ergo
1717 5579 1855 5636 inter
1883 5591 2072 5637 caetera
2103 5623 2119 5649 ,

616 5727 809 5812 Ἑεὲ
818 5731 1421 5812 ἚέὲἐημιὲἯέἒίιίῆ
1437 5732 1976 5812 “erm
2000 5751 2125 5812 ρναξ·

1249 5793 1260 5804 ι

548 5785 812 5863 ﬁgitrqtsurt
1377 5785 1507 5860 Kpud
1527 5785 1806 5860 Cyprianum
1818 5785 2124 5863 taedai

461 5850 1286 5930 ,ηεξέάαηίηίσιεαενωηέηιωη
1411 5850 1428 5860 ³
1559 5850 1604 5860 “
1751 5877 1754 5880 η

3697 401 3800 458 HI

2227 515 2279 568 in
2309 515 2566 586 principio
2609 515 2764 585 hujus
2803 513 2977 584 operis
3001 513 3074 568 ait
3100 528 3114 566 :
3146 512 3430 568 Commotus
3458 515 3662 569 oraculo
3687 515 3790 571 Ge-

2224 609 2370 674 deon,
2397 626 2511 663 cum
2547 609 2766 664 audisset
2803 607 2938 678 quod
2976 607 3313 677 deﬁcientibus
3349 608 3461 662 licet
3487 609 3785 678 papulorum

2222 698 2464 767 millibus,
2492 700 2545 754 in
2565 716 2666 753 uno
2693 699 2796 753 viro
2822 698 3069 754 Dominus
3097 699 3285 769 plebem
3311 715 3456 753 suam
3477 697 3538 752 ab
3570 699 3791 755 hostibus

2221 788 2483 858 liberaret,
2528 791 2705 845 obtulit
2740 792 2941 846 haedum
2969 808 3256 862 caprarum,
3301 792 3448 862 cujus
3477 807 3680 846 carnem
3705 808 3795 847 se-

2219 879 2441 934 cundum
2485 891 2788 952 praeceptum
2833 883 3032 952 angeli,
3081 891 3129 937 et
3183 899 3362 954 azyma
3406 900 3561 954 supra
3599 895 3791 956 petram

2222 971 2406 1040 posuit,
2433 979 2480 1026 et
2505 989 2564 1028 ea
2591 975 2712 1044 jure
2755 974 2974 1046 perfudit
3004 989 3022 1028 :
3049 988 3162 1044 qua:
3197 973 3350 1028 simul
3388 983 3438 1028 ut
3468 976 3621 1047 virgea
3646 992 3793 1031 σαρκο

2221 1063 2373 1130 mine,
2401 1081 2551 1132 quam
2575 1064 2793 1135 gerebat,
2823 1065 3030 1136 angelus
3049 1063 3146 1119 Dei
3169 1066 3390 1136 contigit,
3418 1066 3480 1120 de
3501 1078 3642 1138 petra
3666 1069 3796 1139 ignis

2221 1157 2404 1228 erupit,
2428 1167 2576 1228 atque
2595 1160 2666 1212 ita
2689 1159 2991 1227 sacriﬁcium
3016 1157 3150 1227 quod
3167 1157 3468 1226 offerebatur
3481 1160 3802 1230 absumptum

2221 1255 2291 1302 est
2321 1246 2473 1317 (Iud.
2516 1265 2588 1315 v1,
2628 1250 2832 1319 11-21).
2879 1248 2990 1313 Quo
3025 1248 3210 1303 indicio
3238 1248 3544 1304 declaratum
3570 1251 3795 1320 videtur,

2219 1337 2353 1408 quod
2392 1348 2533 1408 petra
2575 1339 2664 1393 illa
2703 1347 2877 1410 typum
2914 1340 3140 1393 habuerit
3181 1341 3404 1412 corporis
3431 1339 3652 1406 Christi;
3679 1344 3798 1412 quia

2219 1429 2459 1500 scriptum
2493 1441 2592 1495 est,
2631 1448 2649 1481 ι
2694 1429 2934 1483 Bibebant
2977 1431 3040 1484 de
3085 1432 3396 1502 consequenti
3440 1440 3600 1503 petra,
3658 1441 3798 1504 petra

2219 1528 2386 1574 autem
2407 1529 2512 1575 erat
2537 1521 2764 1576 Christus
2800 1539 2819 1572 ι
2852 1521 2896 1592 (l
2919 1520 3037 1576 Cor.
3063 1522 3212 1592 ΧΑ).
3243 1521 3391 1587 Quod
3417 1523 3580 1594 utique
3601 1539 3699 1577 non
3730 1524 3797 1575 ad

2219 1610 2526 1667 divinitatem
2556 1614 2692 1682 ejus,
2720 1614 2807 1668 sed
2831 1614 2899 1668 ad
2924 1631 3126 1669 carnem
3145 1614 3360 1668 relatum
3381 1624 3472 1681 est,
3493 1631 3607 1686 quae
3619 1616 3794 1670 sitien-

2221 1707 2346 1758 tium
2373 1707 2527 1760 corda
2553 1706 2856 1778 populorum
2880 1708 3088 1779 perenni
3111 1708 3219 1762 rivo
3257 1708 3337 1762 sui
3361 1709 3620 1780 sanguinis
3641 1710 3794 1764 inun-

2220 1796 2374 1850 davit.
2401 1796 2522 1851 Jam
2560 1808 2676 1853 tunc
2709 1800 2862 1870 igitur
2900 1801 2952 1853 in
2982 1801 3215 1872 mysterio
3239 1798 3548 1854 declaratum
3571 1811 3662 1868 est,
3679 1802 3797 1872 quia

2219 1887 2468 1944 Dominus
2489 1889 2637 1945 Jesus
2671 1893 2724 1945 in
2753 1909 2902 1946 carne
2921 1910 3030 1959 sua,
3063 1893 3214 1947 totius
3247 1893 3422 1947 mundi
3453 1905 3652 1964 peccata
3678 1911 3794 1948 cru-

2217 1983 2401 2052 ciﬁxus
2428 1983 2661 2051 aboleret,
2699 2003 2788 2040 nec
2816 1986 2980 2040 solum
3003 1986 3185 2041 delicta
3223 1992 3493 2059 factorum,
3531 1990 3617 2043 sed
3645 1991 3796 2042 etiam

2219 2075 2516 2142 cupiditates
2539 2077 2838 2130 animorum.
2865 2076 2996 2131 Caro
3025 2079 3156 2132 enim
3184 2078 3317 2133 htedi
3349 2079 3416 2132 ad
3439 2081 3643 2150 culpam
3671 2081 3794 2152 facti

2218 2170 2471 2238 refertur;
2501 2169 2589 2239 jus
2623 2169 2689 2222 ad
2712 2169 2969 2225 illecebras
2996 2170 3358 2239 cupiditatum,
3389 2172 3518 2225 sicut
3555 2173 3797 2243 scriptum

2219 2267 2310 2322 est,
2344 2277 2362 2310 ι
2401 2259 2533 2324 Quia
2561 2263 2838 2331 concupivit
2860 2262 3076 2332 populus
3095 2263 3418 2333 cupiditatem
3440 2264 3726 2335 pessimam,
3749 2276 3797 2318 et

2221 2350 2470 2417 dixerunt,
2506 2351 2630 2416 Quis
2653 2369 2744 2408 nos
2776 2353 3122 2407 cibabitcarne
3156 2372 3176 2406 ι
3208 2353 3393 2425 (Num.
3417 2371 3490 2421 xx,
3509 2354 3606 2426 4)?
3643 2355 3795 2421 Quod

2219 2445 2373 2515 igitur
2399 2445 2618 2500 extendit
2643 2448 2852 2516 angelus
2875 2447 3084 2518 virgam,
3112 2455 3160 2500 et
3185 2448 3344 2518 tetigit
3371 2457 3583 2516 petram,
3611 2449 3673 2502 de
3695 2466 3797 2520 qua

2219 2537 2350 2606 ignis
2375 2538 2513 2604 exiit,
2553 2537 2767 2592 ostendit
2808 2539 2942 2607 quod
2982 2555 3099 2594 caro
3135 2539 3341 2594 Domini
3369 2541 3569 2612 Spiritu
3603 2543 3796 2612 repleta

2221 2629 2409 2696 divino,
2435 2639 2634 2700 peccata
2649 2631 2817 2685 omnia
2828 2632 3060 2686 humana:
3074 2633 3375 2688 conditionis
3386 2643 3630 2689 exureret.
3653 2634 3800 2690 Unde

2221 2729 2266 2773 et
2291 2719 2536 2775 Dominus
2559 2721 2650 2788 ait,
2685 2741 2705 2773 ί
2734 2720 2912 2793 Ignem
2938 2723 3047 2776 veni
3074 2723 3268 2778 mittere
3288 2724 3344 2777 in
3383 2731 3567 2778 terram
3596 2745 3615 2778 ι
3647 2723 3796 2798 (Luc.

2221 2827 2314 2875 χιι,
2361 2808 2482 2884 49);
2532 2822 2586 2866 et
2625 2820 2818 2867 caetera
2841 2853 2856 2879 ,
2901 2813 2953 2867 in
2982 2814 3172 2884 quibus
3206 2814 3284 2869 rei
3305 2813 3561 2872 docenda:
3585 2831 3648 2870 ac
3675 2831 3800 2886 pro-

2221 2901 2408 2956 bandae
2437 2903 2666 2969 maxime
2696 2903 2949 2959 incumbit
2982 2903 3235 2976 (Ambros.
3283 2903 3372 2960 lib.
3416 2907 3444 2962 l
3495 2905 3558 2960 de
3600 2906 3802 2978 Spiritu

2221 3004 2413 3059 sancto,
2441 2995 2494 3047 in
2518 2993 2772 3068 prologo).

2291 3086 2380 3140 47.
2424 3085 2498 3140 De
2530 3102 2724 3157 genere
2755 3095 3044 3158 temperato
3075 3098 3156 3146 est
3184 3091 3322 3163 apud
3351 3092 3669 3164 Cyprianum
3695 3096 3804 3151 vir-

2221 3176 2454 3246 ginitatis
2488 3177 2576 3231 illa
2617 3178 2847 3233 laudatio
2881 3197 2892 3233 :
2924 3180 3077 3236 Nunc
3105 3183 3244 3238 nobis
3285 3185 3352 3238 ad
3390 3187 3604 3257 virgines
3637 3204 3801 3243 sermo

2222 3279 2313 3335 est,
2342 3286 2555 3338 quarum
2572 3287 2670 3341 quo
2688 3270 2948 3328 sublimior
2965 3276 3128 3346 gloria
3146 3286 3239 3343 est,
3263 3279 3426 3350 major
3444 3289 3490 3332 et
3509 3296 3652 3333 cura.
3674 3279 3803 3336 Flos

2223 3369 2294 3415 est
2328 3361 2415 3415 ille
2452 3363 2768 3417 ecclesiastici
2808 3367 3043 3436 germinis
3063 3409 3077 3434 ,
3110 3367 3260 3422 decus
3285 3378 3432 3440 atque
3456 3372 3805 3427 ornamentum

2223 3453 2399 3522 gratim
2430 3453 2707 3525 spiritualis
2725 3496 2740 3522 ,
2773 3455 2888 3509 laeta
2924 3456 3116 3512 indoles
3147 3459 3312 3513 laudis
3339 3469 3384 3514 et
3413 3462 3614 3516 honoris
3633 3504 3649 3530 ,
3677 3480 3805 3534 opus

2222 3543 2472 3614 integrum
2500 3553 2646 3617 atque
2673 3547 3047 3617 incorruptum,
3080 3548 3173 3603 Dei
3209 3552 3376 3623 imago
3405 3556 3708 3624 respondens
3737 3556 3806 3609 ad

2224 3637 2607 3690 sanctimoniam
2643 3636 2881 3703 Domini,
2924 3641 3169 3695 illustrior
3207 3645 3368 3711 portio
3405 3647 3568 3716 gregis
3595 3646 3800 3701 Christi.

2227 3727 2420 3782 Gaudet
2444 3745 2531 3800 per
2553 3731 2688 3800 ipsas
2707 3771 2721 3796 ,
2765 3740 2913 3800 atque
2948 3732 3001 3785 in
3033 3733 3134 3786 illis
3161 3733 3366 3804 largiter
3395 3736 3541 3804 floret
3566 3736 3806 3794 Ecclesia

2225 3821 2399 3872 matris
2427 3820 2644 3890 gloriosa
2689 3823 2970 3893 fecunditas
3011 3837 3029 3876 :
3063 3834 3345 3897 quantoque
3386 3826 3499 3896 plus
3541 3829 3765 3898 gloriosa
3786 3831 3802 3862 ί

2225 3913 2482 3982 virginitas
2513 3928 2718 3966 numero
2756 3930 2846 3966 suo
2880 3913 3054 3979 addit,
3096 3923 3233 3969 tanto
3271 3918 3384 3986 plus
3412 3918 3653 3989 gaudium
3690 3938 3803 3975 ma-

2227 4003 2316 4056 tris
2343 4003 2580 4073 augescit.
2611 4003 2674 4056 Et
2710 4003 2814 4057 alio
2854 4003 2971 4056 loco
3010 4005 3062 4057 in
3099 4006 3201 4059 line
3225 4006 3463 4075 epistola:
3496 4028 3508 4062 :
3543 4010 3802 4075 Quomodo

2228 4097 2562 4165 portavimus,
2612 4095 2814 4167 inquit,
2856 4097 3123 4166 imaginem
3159 4099 3268 4169 ejus
3309 4102 3396 4168 qui
3434 4101 3496 4155 de
3543 4101 3664 4158 limo
3707 4113 3800 4172 est,

2226 4189 2297 4241 sic
2329 4198 2578 4258 portemus
2603 4198 2649 4242 et
2671 4189 2941 4260 imaginem
2977 4191 3084 4260 ejus
3120 4191 3206 4262 qui
3243 4192 3305 4246 de
3340 4194 3462 4248 ctelo
3497 4204 3568 4249 est
3603 4195 3656 4266 (l
3680 4195 3798 4252 Cor.

2225 4295 2316 4346 xv,
2339 4279 2450 4350 49).
2478 4279 2629 4334 lianc
2663 4281 2929 4351 imaginem
2962 4282 3220 4352 virginitas
3249 4293 3443 4355 portat,
3478 4297 3644 4358 portat
3671 4289 3802 4344 inte-

2225 4372 2402 4443 gritas,
2427 4372 2665 4426 sanctitas
2691 4382 2856 4442 portat
2881 4382 2927 4426 et
2950 4374 3164 4440 veritas;
3187 4384 3387 4446 portant
3409 4378 3688 4449 disciplima
3707 4379 3802 4434 Dei

2225 4479 2467 4517 memores
2487 4503 2500 4528 ,
2522 4464 2775 4532 justitiam
2800 4480 2913 4518 cum
2940 4464 3178 4536 religione
3206 4468 3462 4523 retinentes
3482 4509 3496 4533 ,
3526 4471 3724 4525 stabiles
3749 4471 3801 4524 in

2225 4553 2355 4622 ﬁde,
2387 4553 2598 4608 humiles
2634 4554 2687 4608 in
2727 4556 2937 4624 timore,
2968 4558 3036 4609 ad
3065 4574 3260 4612 omnem
3287 4560 3599 4615 tolerantiam
3625 4563 3796 4631 fortes,

2224 4644 2292 4696 ad
2314 4645 2630 4700 sustinendus
2660 4645 2875 4717 injurias
2899 4649 3073 4714 mites,
3105 4648 3173 4701 ad
3208 4651 3489 4720 faciendam
3524 4654 3801 4707 misericor-

2225 4736 2363 4789 diam
2391 4737 2597 4807 faciles,
2629 4737 2854 4807 fraterna
2893 4756 3016 4810 pace
3051 4741 3308 4795 unanimes
3337 4752 3482 4812 atque
3510 4745 3798 4800 concordes.

2230 4825 2357 4891 Qum
2381 4844 2467 4882 vos
2491 4828 2718 4899 singula,
2751 4846 2780 4883 ο
2814 4832 2955 4884 bona:
2981 4831 3192 4901 virgines
3209 4871 3224 4897 ,
3257 4833 3545 4902 observare,
3574 4835 3803 4906 diligere,

2225 4918 2436 4988 implere
2459 4919 2644 4974 debetis
2664 4962 2679 4984 ,
2703 4936 2816 4991 qua:
2837 4919 2945 4975 Deo
2970 4931 3015 4975 et
3043 4920 3238 4976 Christo
3263 4934 3514 4991 vacantes,
3537 4927 3604 4978 ad
3626 4926 3802 4982 Domi-

2228 5026 2349 5063 num
2369 5011 2452 5063 cui
2473 5026 2557 5064 vos
2582 5011 2806 5077 dicastis,
2829 5012 3020 5081 majore
3044 5021 3090 5066 et
3116 5013 3318 5067 meliore
3341 5025 3482 5086 parte
3500 5015 3800 5086 prwceditis.

2228 5099 2489 5156 Provecta?
2509 5104 2677 5167 annis,
2699 5103 2986 5172 junioribus
3013 5105 3161 5173 facite
3187 5109 3563 5177 magisterium;
3589 5111 3804 5165 minores

2228 5201 2350 5246 natu
2368 5235 2383 5259 ,
2411 5195 2625 5263 prwbete
2649 5195 2921 5264 majoribus
2946 5197 3304 5266 ministerium,
3332 5201 3647 5271 comparibus
3673 5204 3804 5258 inci-

2230 5295 2536 5350 tamentam;
2563 5287 2884 5341 hortamentis
2920 5303 3004 5341 vos
3049 5290 3231 5342 mutuis
3256 5293 3482 5361 excitate,
3508 5297 3702 5351 tantulis
3741 5297 3805 5350 de

2228 5380 2409 5434 virtute
2433 5380 2740 5436 documentis
2769 5382 2837 5436 ad
2850 5383 3065 5453 gloriam
3085 5397 3373 5455 provocate;
3390 5388 3566 5442 durate
3583 5391 3800 5456 fortiter,

2229 5473 2560 5543 spiritualiter
2589 5475 2792 5546 pergite,
2825 5478 3070 5545 pervenite
3097 5479 3338 5550 feliciter;
3366 5489 3562 5534 tantum
3586 5497 3803 5536 menteu-

2230 5573 2330 5619 tote
2353 5574 2469 5618 tunc
2492 5565 2680 5646 nostri,
2695 5581 2811 5620 cum
2831 5567 3035 5638 incipiet
3056 5569 3109 5623 in
3135 5571 3268 5625 vobis
3291 5572 3544 5642 virginitas
3568 5572 3804 5626 honorari

2231 5656 2408 5729 (Cypr.
2433 5655 2604 5711 Tract.
2632 5659 2696 5713 de
2721 5659 2990 5732 disciplina
3013 5671 3059 5716 et
3085 5662 3255 5717 habitu
3286 5662 3590 5737 Virginum).

2301 5749 2390 5805 48.
2431 5750 2743 5808 Ambrosius
2780 5753 2937 5807 etiam
2973 5769 3165 5824 genere
3193 5755 3400 5811 dicendi
3431 5765 3726 5828 temperato
3753 5764 3805 5817 et

2294 5864 2312 5896 ί
2339 5862 2472 5928 Apud
2485 5866 2781 5930 Cyprianum,
2802 5863 3024 5930 copiosa;
3045 5866 3096 5916 in
3112 5864 3392 5919 Floriacensi
3408 5871 3512 5933 Ms,
3528 5879 3772 5934 generosa.
