4056 6502
295 422 405 479 HS

290 547 485 598 ornato
511 538 781 611 professis
829 538 1117 611 virginibus
1157 538 1433 610 proponit,
1483 544 1730 609 tanquam
1779 536 1877 592 sub

292 633 530 704 exempli
568 633 771 698 forma,
815 636 955 704 quod
998 633 1230 688 moribus
1276 633 1575 700 imitentur,
1618 640 1671 686 et
1712 631 1875 687 dicit:

302 727 461 799 Virgo
490 736 623 794 erat,
656 742 756 780 non
786 728 947 781 solum
977 742 1217 796 corpore,
1258 726 1343 779 sed
1373 726 1519 779 etiam
1552 732 1738 791 mente,
1768 740 1878 794 qua:

292 820 439 873 nullo
466 819 572 873 doli
600 818 789 872 ambitu
813 819 1059 872 sincerum
1086 816 1391 871 adulteraret
1421 815 1656 882 affectum
1685 830 1702 868 :
1732 814 1881 868 corde

292 913 521 979 humilis,
550 914 708 967 verbis
734 912 918 982 gravis,
947 910 1105 963 animi
1130 909 1369 980 prudens,
1400 908 1633 980 loquendi
1658 907 1875 977 parcior,

293 1007 496 1076 legendi
538 1006 843 1069 studiosior;
881 1022 981 1058 non
1023 1005 1075 1057 in
1117 1004 1303 1057 incerto
1347 1001 1664 1063 divitiarum,
1703 998 1792 1053 sed
1825 1000 1878 1052 in

292 1115 441 1169 prece
468 1100 704 1169 pauperis
732 1114 869 1167 spem
897 1111 1176 1168 reponens;
1202 1096 1390 1148 intenta
1420 1092 1576 1164 Operi,
1604 1090 1878 1145 verecunda

291 1190 552 1253 sermoni;
573 1188 813 1241 arbitrum
837 1188 1012 1241 mentis
1032 1188 1178 1240 solita
1200 1202 1296 1238 non
1318 1184 1586 1248 hominem,
1610 1181 1696 1235 sed
1717 1181 1879 1235 Deum

290 1294 518 1344 quterere
533 1295 553 1343 ;
581 1276 776 1331 nullum
808 1276 1004 1340 laedere,
1037 1275 1159 1328 bene
1184 1274 1307 1327 velle
1333 1272 1596 1338 omnibus;
1620 1286 1880 1341 assurgere

291 1371 572 1439 majoribus
598 1377 747 1434 natu,
775 1367 1045 1435 aequalibus
1074 1384 1172 1420 non
1202 1366 1454 1431 invidere;
1487 1368 1655 1436 fugere
1672 1366 1877 1435 jactan-

294 1463 415 1513 tiam
433 1503 451 1525 ,
484 1462 731 1515 rationem
759 1460 928 1530 sequi,
961 1475 1131 1513 amare
1158 1459 1405 1511 virtutem.
1442 1457 1653 1522 Quando
1681 1457 1777 1509 ista
1801 1456 1879 1510 vel

294 1554 431 1606 vultu
483 1553 611 1607 la'sit
656 1553 923 1621 parentes?
970 1550 1167 1622 quando
1210 1550 1438 1604 dissensit
1478 1566 1509 1602 a
1548 1548 1878 1619 prapinquis?

293 1644 498 1712 quando
525 1643 765 1713 fustidivit
792 1640 1070 1695 humilem?
1097 1640 1296 1710 quando
1318 1640 1425 1693 risit
1451 1639 1698 1692 debilem?
1720 1655 1878 1709 quan-

294 1734 355 1786 do
382 1736 553 1786 ritauit
581 1734 817 1803 inopem?
851 1732 949 1785 Eos
982 1733 1114 1785 solos
1149 1731 1299 1785 solita
1327 1740 1478 1784 coetus
1507 1731 1725 1783 virorum
1750 1730 1879 1783 invi-

294 1842 417 1887 sere,
445 1842 569 1892 quos
597 1825 934 1878 misericordia
956 1840 1055 1877 non
1081 1823 1396 1887 erubesceret,
1430 1840 1583 1892 neque
1608 1824 1877 1893 praeteriret

294 1917 615 1981 verecundia.
649 1916 798 1969 Nihil
824 1926 1015 1970 torvum
1042 1917 1095 1969 in
1122 1916 1298 1981 oculis,
1340 1916 1468 1969 nihil
1494 1919 1543 1968 in
1570 1915 1725 1970 verbis
1754 1933 1877 1986 pro-

294 2024 415 2073 cax,
462 2008 591 2060 nihil
630 2010 680 2061 in
718 2018 831 2061 actu
874 2008 1292 2075 inverecundum;
1322 2026 1422 2061 non
1454 2018 1618 2079 gestus
1647 2010 1872 2080 fractior,

294 2117 389 2154 non
421 2102 648 2155 incessus
675 2102 914 2165 solutior,
944 2118 1041 2154 non
1070 2117 1168 2155 vos:
1190 2103 1512 2171 petulantior,
1544 2110 1599 2154 ut
1627 2105 1738 2173 ipsa
1764 2117 1878 2156 cor-

294 2194 429 2262 poris
460 2196 648 2262 species
675 2195 996 2248 simulacrum
1025 2196 1174 2269 fuerit
1199 2196 1410 2261 mentis,
1438 2204 1485 2249 et
1516 2196 1678 2266 ﬁgura
1704 2196 1874 2266 probi-

295 2284 427 2337 tatis.
452 2283 601 2337 Bona
625 2286 809 2355 quippe
834 2287 1010 2339 domus
1031 2286 1084 2339 in
1102 2287 1210 2355 ipso
1232 2286 1468 2340 vestibulo
1489 2286 1629 2341 debet
1649 2288 1873 2357 agnosci,

292 2390 348 2427 ac
376 2375 546 2442 primo
579 2378 853 2446 praetendat
890 2378 1115 2447 ingressu
1144 2376 1271 2430 nihil
1296 2376 1429 2430 intus
1464 2377 1617 2430 latere
1644 2378 1873 2431 tenebra-

290 2481 437 2530 rum,
482 2476 723 2534 tanquam
765 2468 981 2521 lucerna:
1008 2468 1098 2521 tua:
1133 2467 1266 2521 intus
1305 2468 1497 2537 posita,
1530 2468 1653 2539 foris
1692 2468 1869 2524 luceat.

292 2556 428 2622 Quid
472 2575 565 2629 ego
614 2575 852 2629 exsequar
898 2559 1118 2614 ciborum
1161 2561 1517 2629 parcimoniam
1538 2602 1551 2627 ,
1602 2563 1873 2633 officiorum

289 2648 718 2713 redundantiam;
748 2652 957 2704 alterum
997 2650 1132 2705 ultra
1167 2660 1401 2705 naturam
1424 2654 1763 2723 superfuisse,
1789 2655 1869 2708 al-

290 2750 449 2791 terum
482 2740 584 2803 ipsi
622 2751 815 2794 natura:
846 2758 969 2812 pene
1000 2743 1255 2813 defuisse?
1279 2742 1396 2795 Illic
1421 2744 1565 2796 nulla
1592 2744 1872 2798 intermissa

290 2839 547 2901 tempora,
580 2833 658 2885 hic
687 2835 1019 2904 congeminati
1038 2835 1236 2904 jejunio
1263 2835 1404 2900 dies;
1432 2844 1477 2888 et
1499 2835 1543 2888 si
1567 2836 1767 2905 quando
1794 2850 1885 2897 ree

289 2922 492 2989 ﬁciendi
512 2925 829 2978 successisset
851 2926 1096 2989 voluntas,
1122 2924 1257 2977 cibus
1286 2923 1573 2994 plerumque
1598 2925 1765 2981 obvius
1786 2928 1872 2998 qui

289 3022 499 3066 mortem
538 3022 764 3081 arceret,
810 3032 911 3068 non
953 3014 1157 3069 delicias
1199 3016 1497 3068 ministraret
1533 3015 1778 3087 (Ambros.
1810 3018 1873 3072 de

302 3103 588 3175 Virginibus
606 3148 620 3173 ,
651 3105 737 3159 lib.
759 3107 795 3160 2
813 3150 827 3169 ,
865 3108 917 3161 in
944 3106 1189 3177 princip.)
1208 3146 1224 3173 ,
1254 3116 1357 3162 etc.
1393 3107 1516 3162 Haec
1544 3116 1717 3162 autem
1746 3124 1864 3177 pro-

288 3206 467 3267 pterea
498 3201 548 3252 in
574 3200 817 3268 exemplo
839 3199 992 3268 hujus
1020 3200 1291 3268 temperati
1317 3201 1526 3269 generis
1553 3200 1721 3269 posui,
1745 3201 1866 3271 quia

288 3303 389 3341 non
417 3288 506 3343 hic
531 3290 639 3358 agit
668 3299 724 3344 ut
750 3292 1097 3360 virginitatem
1124 3300 1349 3346 voveant
1373 3308 1489 3363 qua:
1514 3292 1747 3347 nondum
1777 3308 1870 3348 vo-

288 3389 511 3445 verunt;
546 3381 637 3435 sed
669 3382 851 3450 quales
877 3397 994 3436 esse
1020 3382 1247 3436 debeant
1270 3394 1389 3452 qua:
1417 3384 1523 3452 jam
1555 3391 1688 3439 vota:
1724 3392 1864 3439 sunt.

288 3470 417 3525 Nam
451 3481 513 3526 ut
541 3474 871 3543 aggrediatur
899 3473 1107 3527 animus
1144 3482 1341 3527 tantum
1383 3489 1446 3529 ac
1482 3474 1584 3530 tale
1627 3476 1866 3544 proposi-

288 3572 397 3618 tum
418 3606 434 3631 ,
469 3564 662 3634 grandi
684 3565 862 3634 utique
888 3565 1095 3619 dicendi
1133 3580 1328 3635 genere
1367 3565 1523 3620 debet
1558 3566 1776 3621 excitari
1815 3574 1870 3621 et

287 3654 528 3709 accendi.
547 3654 651 3710 Sed
668 3666 866 3727 martyr
876 3656 1164 3728 Cyprianus
1180 3656 1247 3711 de
1266 3657 1442 3711 habitu
1460 3658 1743 3727 virginum,
1763 3672 1868 3712 non

288 3745 351 3798 de
373 3746 713 3815 suscipiendo
738 3746 1050 3817 virginitatis
1074 3748 1341 3817 proposito
1361 3748 1589 3816 scripsit.
1619 3749 1721 3803 Iste
1742 3765 1867 3804 vero

288 3836 573 3906 episcopus
600 3837 758 3891 etiam
785 3837 852 3890 ad
883 3836 984 3892 hoc
1012 3852 1102 3891 eas
1141 3853 1329 3907 magno
1368 3838 1607 3892 accendit
1634 3839 1861 3909 eloquio.

356 3926 449 3981 49.
496 3926 688 3981 Verum
731 3942 797 3982 ex
841 3942 906 3981 eo
952 3927 1091 3997 quod
1133 3928 1288 3982 ambo
1332 3938 1583 3999 egerunt,
1623 3930 1867 3984 dictionis

286 4017 504 4086 grandis
548 4017 786 4086 exempla
836 4019 1162 4073 memorabo.
1211 4018 1382 4073 Ambo
1431 4020 1623 4089 quippe
1676 4020 1866 4074 invecti

287 4118 410 4161 sunt
449 4108 498 4161 in
529 4123 620 4162 eas
644 4124 761 4177 quze
798 4107 1022 4162 formam
1052 4109 1333 4177 pigmentis
1361 4109 1631 4173 colorant,
1661 4111 1745 4164 vel
1774 4125 1868 4178 poa

288 4198 391 4252 tius
416 4197 769 4253 decolorant:
802 4214 1023 4269 quorum
1054 4200 1195 4268 prior
1234 4181 1323 4265 (ille
1365 4215 1485 4255 cum
1525 4200 1623 4254 hoc
1663 4210 1862 4271 ageret,

284 4291 355 4342 ait
381 4290 523 4343 inter
549 4298 740 4343 cetera
773 4310 785 4343 :
819 4288 877 4345 Si
906 4291 1015 4361 quis
1043 4291 1277 4360 pingendi
1313 4292 1494 4361 artifex
1534 4292 1723 4345 vultum
1764 4292 1863 4345 ali-

283 4387 431 4454 cujus
460 4394 506 4437 et
532 4386 745 4455 speciem
766 4427 780 4453 ,
823 4395 869 4439 et
906 4387 1127 4457 corporis
1166 4385 1456 4456 qualitatem
1483 4386 1664 4439 aemulo
1700 4386 1866 4440 colore

282 4474 565 4544 signasset;
615 4486 661 4528 et
700 4476 897 4546 signato
933 4478 1046 4548 jam
1092 4484 1527 4546 consummatoque
1573 4476 1860 4545 simulacro,

282 4584 463 4620 manus
490 4568 621 4621 alius
657 4568 892 4637 inferret,
923 4577 977 4621 ut
997 4568 1110 4638 jam
1149 4570 1399 4637 formata,
1421 4568 1533 4638 jam
1564 4566 1696 4637 picta
1721 4567 1865 4632 quasi

283 4661 491 4726 peritior
537 4663 863 4731 reformaret,
906 4662 1070 4731 gravis
1115 4661 1295 4731 prioris
1335 4660 1545 4728 artificis
1591 4660 1781 4729 injuria
1819 4669 1864 4714 et

282 4752 417 4804 iusta
448 4752 727 4823 indignatio
756 4753 1021 4807 videretur.
1056 4751 1131 4805 Tu
1158 4762 1204 4805 te
1227 4752 1478 4805 existimas
1503 4752 1703 4820 impune
1731 4751 1862 4804 latu-

282 4862 389 4897 ram
433 4855 540 4897 tam
579 4845 819 4916 improba
860 4846 1149 4899 temeritatis
1188 4845 1484 4907 audaciam,
1516 4842 1612 4896 Dei
1654 4843 1862 4911 artiﬁcis

282 4939 571 5005 offensam?
604 4938 672 4994 Ut
700 4940 830 4993 enim
857 4939 1110 5008 impudica
1139 4939 1272 4991 circa
1296 4936 1518 4990 homines
1540 4977 1555 5001 ,
1596 4944 1641 4988 et
1675 4935 1862 4989 incesta

287 5034 407 5085 'ucis
452 5031 848 5085 lenocinantibus
878 5024 975 5084 non
1011 5030 1106 5094 sis,
1148 5029 1395 5099 corruptis
1421 5027 1712 5096 violatisque
1748 5043 1860 5096 qua?

282 5124 372 5177 Dei
397 5134 538 5191 sunt,
566 5126 707 5195 pejor
732 5123 963 5177 adultera
983 5122 1233 5175 detineris.
1263 5120 1411 5185 Quod
1434 5122 1602 5175 ornari
1625 5130 1672 5173 te
1692 5129 1856 5189 putas,

280 5218 411 5285 quod
437 5226 586 5286 putas
610 5218 757 5278 comi,
782 5216 1095 5287 impugnatio
1119 5225 1188 5269 est
1213 5216 1308 5268 ista
1336 5215 1489 5268 divini
1515 5216 1697 5284 aperis,
1725 5229 1858 5284 prte-

279 5308 517 5361 varicatio
547 5317 617 5361 est
642 5308 880 5363 veritatis.
914 5307 1165 5361 Morientis
1188 5306 1417 5376 Apostoli
1441 5321 1535 5359 vox
1560 5314 1629 5359 est
1658 5322 1668 5357 :
1706 5323 1725 5355 ‹
1750 5304 1857 5358 Ea:-

278 5411 491 5471 purgate
517 5412 654 5454 vetus
682 5405 1000 5472 fermentum,
1031 5409 1085 5453 ut
1110 5400 1218 5453 sitis
1253 5415 1380 5454 nava
1404 5398 1707 5466 conspersio,
1730 5398 1860 5452 sicut

278 5493 392 5543 estis
414 5492 600 5561 azymi.
624 5490 825 5545 Etenim
846 5489 1047 5545 Pascha
1071 5499 1294 5544 nostrum
1314 5489 1600 5543 immolatus
1621 5497 1692 5541 est
1711 5486 1857 5543 Chri—

278 5590 400 5635 stus.
432 5581 616 5652 Itaque
654 5583 779 5652 festa
821 5582 1148 5645 celebremus,
1185 5599 1282 5635 non
1320 5583 1373 5634 in
1411 5582 1649 5651 fermento
1685 5580 1852 5646 veteri,

280 5689 429 5743 neque
455 5676 509 5726 in
539 5678 781 5744 fermento
809 5674 1015 5727 malitia:
1052 5682 1098 5726 et
1133 5673 1397 5742 nequitiaz,
1444 5673 1530 5725 sed
1580 5672 1632 5723 in
1669 5671 1855 5741 azymis

280 5767 575 5820 sinceritatis
602 5776 648 5819 et
678 5767 895 5821 veritatis
918 5785 937 5818 ι
974 5766 1013 5835 (Ι
1037 5766 1152 5821 Cor.
1177 5783 1229 5833 v,
1253 5766 1306 5833 7,
1333 5765 1410 5837 8).
1437 5764 1576 5817 Num
1600 5765 1855 5819 sinceritas

282 5866 557 5926 perseverat
584 5866 633 5911 et
659 5858 859 5925 veritas,
891 5856 1093 5927 quando
1119 5850 1231 5925 quae
1255 5856 1448 5911 sincera
1472 5864 1587 5910 sunt
1612 5856 1852 5925 polluun-

1643 418 1839 476 LIBEli
1879 418 2215 486 QUARTUS.

1988 544 2097 593 tur.
2130 546 2175 589 et
2204 536 2423 591 colorum
2450 538 2710 593 adulteriis
2731 580 2743 604 ,
2786 547 2834 594 et
2875 540 3255 595 medicaminum
3286 542 3300 573 ¹
3347 543 3475 614 fucis
3504 546 3555 599 in

1983 627 2295 680 mendacium
2324 644 2439 682 vera
2466 630 2758 683 mutantur?
2784 629 3029 685 Dominus
3055 640 3168 685 tuus
3196 632 3349 700 dicit,
3384 652 3403 686 ι
3433 632 3552 690 Non

1986 728 2121 788 potes
2150 724 2312 791 facere
2336 720 2577 792 capillum
2600 738 2751 775 unum
2768 722 2936 776 album
2961 734 3048 776 aut
3072 726 3268 795 nigrum
3291 745 3309 777 s
3342 725 3552 797 (Matth.

1984 826 2036 875 ν,
2061 810 2150 882 56)
2172 828 2184 877 ;
2216 819 2263 865 et
2286 821 2339 865 tu
2362 813 2429 866 ad
2451 813 2741 867 vincendum
2769 813 2971 868 Domini
3001 816 3070 869 tui
3099 834 3263 871 vocem
3288 819 3360 874 vis
3386 829 3433 873 te
3453 836 3551 875 esst

1985 902 2246 969 potiorem.
2276 901 2473 956 Audaci
2508 912 2688 957 conatu
2716 916 2761 958 et
2797 906 3037 977 sacrilego
3075 918 3358 980 contemptu
3394 912 3551 965 crines

1984 1002 2093 1046 tuos
2121 994 2321 1062 inﬁcis;
2350 996 2481 1049 malo
2511 998 2754 1068 praesagio
2786 1000 3065 1068 futurorum
3100 1000 3310 1068 capillos
3328 1002 3441 1067 jam
3468 1001 3549 1054 tibi

1983 1085 2239 1153 flammeos
2265 1088 2541 1157 auspicaris
2573 1087 2747 1159 (Cypr.
2783 1088 2950 1143 Tract.
2982 1090 3043 1143 de
3077 1074 3344 1160 disciplina
3378 1104 3425 1147 et
3458 1095 3549 1147 ha-

1983 1175 2086 1229 bitu
2120 1173 2427 1251 Virginum).
2454 1178 2693 1249 Longum
2731 1188 2813 1237 est
2850 1181 3083 1237 inserere
3118 1184 3291 1239 omnia
3322 1199 3437 1254 quas
3466 1200 3544 1241 se-

1981 1275 2233 1336 quuntur.

2052 1358 2141 1415 50.
2176 1358 2265 1415 Ille
2291 1375 2417 1415 vero
2438 1363 2697 1433 posterior
2718 1371 2774 1417 ut
2798 1364 2851 1418 in
2871 1363 3004 1419 tales
3025 1364 3226 1421 diceret
3249 1386 3260 1420 :
3288 1367 3422 1422 Hinc
3440 1368 3551 1437 illa,

1981 1449 2167 1521 inquit,
2200 1464 2472 1507 nascuntur
2498 1455 2743 1509 incentiva
2770 1457 3020 1521 vitiorum,
3048 1468 3101 1512 ut
3125 1462 3342 1529 quwsitis
3369 1462 3551 1517 colori-

1981 1540 2073 1595 bus
2098 1560 2187 1596 ora
2212 1544 2502 1617 depingunt,
2530 1546 2651 1600 dum
2676 1549 2793 1602 viris
2816 1549 3077 1620 displicere
3099 1551 3393 1620 formidant,
3424 1564 3468 1607 et
3491 1555 3551 1610 de

1980 1635 2227 1690 adulterio
2248 1638 2413 1692 vultus
2434 1639 2728 1693 meditentur
2751 1642 3048 1695 adulterium
3071 1640 3329 1699 castitatis.
3356 1645 3553 1710 Quanta

1981 1726 2087 1781 hate
2106 1730 2342 1796 amentia,
2363 1730 2566 1802 efﬁgiem
2588 1741 2780 1785 mutare
2798 1740 3009 1799 naturw,
3034 1735 3278 1803 picturam
3300 1752 3550 1806 quaerere,

1981 1826 2024 1870 et
2068 1818 2184 1870 dum
2212 1830 2438 1873 verentur
2475 1821 2708 1875 maritale
2738 1822 3023 1891 judicium,
3074 1827 3282 1892 prodere
3309 1828 3329 1857 ²
3361 1829 3554 1882 suum?

1981 1905 2135 1960 Prior
2162 1910 2291 1962 enim
2330 1908 2393 1963 de
2428 1927 2482 1965 se
2521 1913 2841 1979 pronuntiat,
2887 1927 3000 1981 qua!
3026 1915 3162 1983 cupit
3197 1926 3388 1968 mutare
3420 1917 3554 1985 quod

1980 2008 2100 2052 nata
2130 2010 2246 2054 est:
2286 2002 2356 2053 ita
2400 2002 2519 2054 dum
2556 2002 2643 2055 alii
2686 2004 2850 2056 studet
2894 2004 3120 2074 placere,
3165 2008 3303 2075 prius
3330 2008 3439 2077 ipsa
3463 2008 3555 2061 sibi

1981 2090 2227 2161 displicet.
2264 2091 2420 2158 Quem
2448 2093 2663 2159 iudicem
2683 2137 2697 2161 ,
2730 2095 2940 2162 mulier,
2978 2097 3218 2152 veriorem
3253 2099 3554 2168 requiremus

1980 2182 2310 2253 deformitatis
2335 2194 2434 2240 tua:
2453 2228 2465 2249 ,
2506 2203 2657 2259 quam
2692 2189 2929 2257 teipsam,
2960 2206 3071 2259 qua
3095 2191 3251 2245 videri
3290 2193 3469 2248 times?
3495 2194 3556 2249 Si

1980 2277 2193 2345 pulchra
2219 2295 2292 2342 es,
2321 2294 2410 2332 cur
2435 2278 2788 2334 absconderis?
2822 2282 2865 2334 si
2890 2284 3146 2353 deformis,
3181 2300 3270 2337 cur
3294 2294 3342 2339 te
3360 2288 3551 2357 formo-

1977 2384 2086 2421 sam
2115 2384 2220 2423 esse
2248 2371 2471 2425 mentiris
2491 2413 2504 2436 ,
2538 2388 2625 2425 nec
2651 2381 2748 2427 tute
2770 2375 3081 2430 conscientiae
3099 2417 3113 2443 ,
3145 2393 3234 2429 nec
3261 2376 3413 2431 alieni
3435 2360 3555 2449 gra-

1979 2460 2101 2513 tiam
2124 2462 2305 2515 erroris
2328 2462 2561 2517 habitura
2576 2466 2601 2518 ?
2630 2464 2727 2518 Ille
2745 2467 2874 2518 enim
2897 2468 3103 2520 alteram
3129 2469 3313 2539 diligit,
3336 2477 3389 2523 tu
3410 2470 3555 2524 alteri

1976 2551 2050 2605 vis
2073 2551 2268 2621 placere
2292 2569 2310 2607 :
2335 2562 2382 2607 et
2408 2555 2635 2609 irasceris
2664 2557 2706 2609 si
2731 2568 2860 2609 amet
2889 2558 3126 2624 alteram,
3158 2560 3243 2629 qui
3271 2559 3553 2613 adulterare

1975 2646 2029 2695 in
2052 2651 2098 2697 te
2122 2644 2342 2699 docetur.
2372 2643 2515 2701 Mala
2544 2649 2779 2718 magistra
2808 2667 2858 2702 es
2886 2650 3088 2720 injuria:
3114 2662 3228 2705 tute.
3256 2652 3554 2708 Lenocinari

1976 2737 2106 2791 enim
2130 2738 2334 2808 refugit,
2363 2740 2510 2793 etiam
2535 2742 2647 2811 qua:
2671 2751 2740 2794 est
2762 2759 2912 2811 passa
2937 2744 3196 2806 lenonem;
3223 2761 3282 2797 ac
3306 2745 3416 2797 licet
3441 2746 3552 2800 vilis

1975 2826 2175 2893 mulier,
2209 2844 2308 2881 non
2339 2828 2487 2883 alteri
2514 2838 2698 2896 tamen,
2732 2833 2818 2884 sed
2843 2832 2937 2885 sibi
2964 2843 3149 2903 peccat.
3187 2833 3552 2889 Tolerabiliora

1977 2921 2337 2992 propemodum
2365 2924 2418 2977 in
2447 2924 2693 2978 adulterio
2724 2927 2935 2980 crimina
2961 2938 3075 2982 sunt
3103 2945 3121 2981 :
3144 2929 3211 2982 ibi
3240 2930 3369 2984 enim
3399 2931 3549 3000 pudi-

1973 3012 2122 3079 citia,
2158 3015 2239 3067 hic
2277 3023 2459 3068 natura
2497 3014 2809 3071 adulteretur
2850 3015 3101 3088 (Ambros.
3144 3019 3205 3073 de
3241 3018 3546 3093 Virginibus,

1974 3106 2064 3159 lib.
2093 3105 2169 3175 l).
2200 3105 2337 3160 Satis
2357 3148 2370 3171 ,
2402 3115 2461 3161 ut
2487 3108 2762 3174 existimo,
2796 3119 3014 3179 apparet
3053 3108 3277 3167 feminas
3305 3128 3373 3169 ne
3400 3128 3547 3167 suam

1974 3197 2106 3252 fucis
2132 3198 2431 3254 adulterent
2473 3198 2695 3254 formam
2714 3240 2731 3267 ,
2761 3208 2816 3254 et
2839 3201 2904 3255 ad
2934 3202 3187 3271 pudorem
3213 3212 3268 3260 et
3293 3202 3361 3258 ad
3388 3204 3549 3259 timo-

1972 3304 2083 3345 rem
2115 3290 2212 3344 hac
2238 3289 2479 3345 facundia
2508 3292 2849 3348 vehementer
2875 3295 3091 3364 impelli.
3124 3294 3351 3352 Proinde
3374 3311 3547 3367 neque

1972 3379 2294 3435 submissum
2338 3397 2511 3451 neque
2554 3392 2932 3453 temperatum,
2973 3386 3064 3440 sed
3106 3386 3306 3456 grande
3333 3388 3549 3443 omnino

1971 3486 2137 3540 genus
2180 3472 2280 3525 hoc
2322 3473 2633 3527 elocutionis
2675 3476 3024 3545 agnoscimus.
3068 3478 3132 3531 Et
3170 3479 3223 3534 in
3259 3478 3341 3534 his
3371 3488 3547 3536 autem

1972 3578 2107 3632 quos
2134 3563 2265 3618 duos
2310 3580 2375 3620 ex
2419 3567 2665 3623 omnibus
2706 3583 3004 3639 pr0ponere
3040 3571 3209 3637 volui’,
3255 3578 3310 3627 et
3349 3572 3401 3626 iu
3429 3574 3547 3629 aliis

1972 3655 2341 3710 ecclesiasticis
2370 3657 2498 3711 viris
2524 3666 2577 3712 et
2601 3657 2767 3726 bona,
2799 3668 2853 3714 et
2879 3659 3015 3715 bene
3033 3702 3049 3727 ,
3087 3661 3139 3715 id
3177 3669 3259 3717 est
3296 3663 3433 3718 sicut
3461 3679 3547 3719 res

1972 3745 2222 3813 postulat,
2256 3755 2437 3814 acute,
2470 3757 2682 3814 ornate,
2713 3749 3061 3820 ardenterque
3090 3750 3385 3807 dicentibus
3406 3794 3420 3821 ,
3452 3768 3547 3823 per

1971 3838 2134 3892 multa
2154 3855 2337 3893 eorum
2361 3841 2555 3910 scripta
2579 3842 2659 3897 vel
2686 3841 2821 3897 dicta
2849 3851 3069 3913 possunt
3091 3842 3206 3900 haec
3231 3846 3329 3900 tria
3350 3858 3545 3917 genera

1970 3932 2225 4001 reperiri,
2260 3942 2312 3987 et
2349 3934 2557 3988 assidua
2603 3935 2830 3991 lectione
2864 3938 2946 3992 vel
2982 3939 3285 4009 auditione,
3314 3939 3545 3996 admixta

1969 4024 2125 4077 etiam
2158 4026 2551 4091 exercitatione,
2584 4027 2913 4082 studentibus
2948 4030 3259 4087 inolescere.

1968 4113 2191 4170 CAPUT
2218 4115 2381 4169 XXII.
2412 4148 2470 4155 —
2489 4118 2729 4173 Omnibus
2743 4120 3003 4190 generibus
3022 4122 3172 4177 dictio
3192 4125 3433 4181 varianda
3451 4136 3542 4182 est.

2039 4206 2126 4259 51.
2157 4205 2265 4260 Nec
2287 4208 2561 4277 quisquam
2586 4218 2778 4278 praeter
2797 4211 3123 4280 disciplinam
3145 4228 3266 4271 esse
3283 4217 3545 4275 existimet

1968 4295 2065 4349 ista
2090 4297 2315 4350 miscere
2340 4315 2353 4351 :
2376 4298 2480 4351 imo
2501 4308 2752 4369 quantum
2774 4315 3005 4371 congrue
3028 4303 3137 4358 ﬁeri
3160 4313 3354 4376 potest,
3376 4310 3545 4365 omni-

1967 4384 2065 4439 bus
2083 4387 2363 4456 generibus
2388 4388 2549 4443 dictio
2569 4390 2814 4445 varianda
2835 4402 2933 4446 est.
2962 4392 3091 4447 Nam
3112 4395 3322 4464 quando
3341 4398 3543 4466 prolixa

1966 4484 2048 4531 est
2067 4478 2119 4531 in
2142 4494 2246 4531 uno
2266 4494 2477 4547 genere,
2505 4480 2681 4534 minus
2706 4480 2907 4535 detinet
2924 4483 3237 4539 auditorem.
3265 4486 3393 4541 Cum
3413 4503 3542 4543 vero

1966 4566 2026 4621 ﬁt
2053 4568 2107 4621 in
2134 4568 2272 4622 aliud
2302 4569 2369 4622 ab
2398 4570 2501 4623 alio
2531 4571 2813 4636 transitus,
2843 4572 3049 4627 etiamsi
3081 4573 3287 4645 longius
3311 4585 3415 4643 eat,
3444 4577 3544 4634 'de-

1967 4659 2171 4713 centius
2210 4659 2447 4727 procedit
2488 4660 2657 4714 oratio
2690 4678 2701 4712 :
2735 4662 2973 4731 quamvis
3001 4662 3231 4721 habeant
3256 4676 3309 4722 et
3337 4667 3542 4740 singula

1964 4764 2157 4819 genera
2184 4750 2464 4804 varietates
2492 4765 2615 4805 suas
2652 4752 2703 4805 in
2731 4768 2977 4810 sermone
3000 4755 3388 4828 eloquentium,
3419 4764 3543 4832 qui-

1966 4840 2063 4895 bus
2087 4856 2195 4895 non
2220 4841 2464 4896 sinuntur
2488 4843 2540 4896 in
2567 4857 2751 4897 eorum
2775 4845 2864 4915 qui
2889 4845 3129 4914 audiunt,
3153 4850 3438 4920 frigescere
3458 4854 3541 4909 vel

1966 4939 2236 5001 tepescere
2264 4933 2523 4987 sensibus.
2568 4934 2938 4991 Verumtamen
2979 4936 3181 4994 facilius
3220 4942 3541 5000 submissum

1963 5022 2171 5089 solum,
2204 5038 2361 5092 quam
2390 5025 2560 5078 solum
2605 5026 2801 5094 grande
2843 5027 3037 5083 diutius
3084 5031 3294 5087 tolerari
3344 5042 3536 5103 potest.

1963 5112 2260 5168 Commotio
2288 5114 2479 5182 quippe
2504 5115 2667 5169 animi
2703 5124 2901 5187 quanto
2938 5121 3106 5191 magis
3133 5124 3407 5178 excitanda
3436 5133 3539 5194 est,

1962 5217 2018 5262 ut
2048 5208 2200 5261 nobis
2230 5208 2547 5262 assentiatur
2574 5209 2811 5275 auditor,
2852 5219 2994 5265 tanto
3033 5215 3209 5269 minus
3250 5216 3301 5269 in
3345 5230 3406 5270 ea
3450 5217 3538 5276 diu

1962 5298 2128 5353 teneri
2157 5306 2363 5366 potest,
2392 5315 2510 5353 cum
2538 5298 2699 5354 fuerit
2732 5312 2987 5371 quantum
3012 5305 3152 5359 satis
3180 5314 3262 5359 est
3289 5309 3537 5367 excitata.

1961 5392 2029 5446 Et
2054 5392 2171 5447 ideo
2196 5392 2487 5447 cavendum
2515 5402 2616 5460 est,
2646 5410 2711 5448 ne
2736 5394 2863 5449 dum
2888 5396 3133 5451 volumus
3155 5398 3310 5454 altius
3337 5402 3539 5474 erigere

1960 5483 2101 5553 quod
2127 5492 2361 5538 erectum
2386 5493 2485 5549 est,
2519 5485 2679 5539 etiam
2707 5485 2829 5542 inde
2857 5486 3083 5554 decidat,
3112 5504 3215 5557 quo
3243 5490 3414 5549 fuerat
3441 5511 3537 5551 ex-

2023 5615 2040 5648 ι
2063 5615 2183 5679 aditi
2208 5623 2259 5679 et
2293 5622 2396 5665 Mss.
2420 5616 2546 5678 apud
2568 5619 2909 5679 Augustinum,
2932 5624 2978 5668 et
3012 5619 3225 5671 colorum
3252 5623 3538 5678 adulterinis

2388 5674 2678 5743 Castigamtfs
2716 5693 2779 5729 ex
2810 5674 3021 5743 Cypriani
3056 5680 3207 5742 libro,
3245 5674 3293 5735 et
3324 5674 3536 5737 colorum

1957 5738 2208 5789 adulteriis
2222 5774 2235 5798 ,
2275 5745 2319 5789 et
2350 5738 2734 5790 medicandum.

2020 5802 2040 5831 ⁸
2064 5808 2129 5850 Ita
2150 5802 2274 5864 apud
2298 5803 2608 5864 Ambrosium.
2639 5810 2693 5850 At
2722 5805 2773 5864 in
2795 5805 3147 5864 Augustinianis
3167 5808 3410 5859 codicibus
3445 5809 3533 5859 ali-

1958 5869 2076 5925 quot
2093 5900 2105 5922 ,
2132 5863 2350 5923 perdere.
2374 5870 2425 5911 tn
2446 5863 2568 5921 aliis,
2592 5863 2976 5926 perdiderc,aut,
3000 5868 3325 5927 perdiderunt.
