4056 6452
463 417 472 450 t

443 456 562 513 “5.

445 538 696 624 citatione
723 557 1050 631 perductum.
1087 527 1410 617 Interpositis
1452 554 1581 594 vero
1625 549 1740 604 qua:
1777 539 1901 585 sunt
1937 527 2019 582 di—

447 653 620 714 cenda
646 627 993 709 submissius,
1039 644 1176 697 bene
1216 637 1415 693 reditur
1443 631 1507 686 ad
1534 644 1593 683 ea
1622 641 1739 697 qua:
1777 636 1907 692 opus
1943 627 2024 674 est

449 737 717 823 granditer
741 743 842 798 dici
864 784 878 807 ,
910 751 965 793 ut
990 734 1231 810 dictionis
1259 732 1484 798 impetus
1511 723 1648 778 sicut
1671 717 1832 773 maris
1865 722 2024 823 aestus

451 807 699 898 alternet.
733 836 809 890 Ex
840 846 943 904 quo
973 829 1032 883 Iit
1059 807 1116 882 ut
1151 823 1350 896 grande
1376 816 1580 873 dicendi
1611 826 1803 883 genus,
1836 809 1879 904 si
1905 807 2022 904 diu-

453 934 557 988 tius
583 939 664 985 est
691 907 1000 987 dicendum,
1034 934 1137 974 non
1164 915 1353 970 debeat
1387 924 1503 964 esse
1534 907 1703 961 solum
1726 946 1739 968 ,
1771 899 1862 956 sed
1892 899 2023 952 alio-

455 1038 572 1078 rum
589 1033 840 1090 generum
865 1008 1259 1081 interpositione
1284 1003 1510 1058 varietur
1534 1018 1546 1054 :
1571 998 1619 1053 ei
1642 1007 1814 1050 tamen
1834 1005 2026 1062 genere

456 1089 617 1170 dictio
649 1121 752 1164 tota
779 1107 1040 1168 tribuitur,
1072 1097 1221 1168 cujus
1250 1096 1398 1174 cepia
1424 1089 1778 1173 prmvaluerit.
1889 1155 1896 1168 Ι

455 1189 680 1261 CAPUT
723 1183 911 1256 XXIII.
944 1225 1012 1234 —
1052 1188 1311 1256 Quomodo
1359 1181 1741 1240 iutermiscenda
1791 1177 2024 1232 dictionis

1146 1297 1346 1352 genera.
1727 1343 1730 1348 Ι

538 1365 624 1440 32.
665 1365 888 1437 Interest
917 1357 1057 1430 enim
1089 1365 1226 1443 quod
1257 1385 1422 1440 genus
1456 1366 1540 1422 cui
1577 1365 1752 1435 generi
1792 1361 2029 1429 interpo-

464 1457 640 1540 natur,
664 1474 746 1526 vel
776 1455 1108 1533 adhibeatur,
1133 1465 1290 1519 certis
1321 1475 1375 1518 ct
1401 1459 1709 1516 necessariis
1730 1455 1876 1510 locis.
1900 1453 2028 1507 Nam

465 1543 516 1624 et
545 1569 596 1621 in
627 1563 811 1638 grandi
840 1577 1033 1632 genere
1065 1574 1276 1625 semper
1305 1565 1394 1608 aut
1425 1567 1557 1623 pene
1587 1566 1795 1618 semper
1826 1557 2027 1617 tempe-

473 1644 580 1713 rata
609 1657 761 1710 decet
783 1668 898 1707 esse
926 1650 1195 1723 principia.
1220 1647 1284 1702 Et
1311 1648 1361 1699 in
1391 1653 1648 1714 potestate
1673 1653 1753 1696 est
1780 1644 2031 1710 eloquen-

464 1735 526 1805 tis
553 1730 608 1802 ut
633 1745 872 1802 dicantur
896 1742 1147 1797 nonnulla
1180 1739 1457 1818 sulisiiisse,
1488 1738 1643 1791 etiam
1674 1751 1789 1804 qum
1815 1742 2032 1803 possent

465 1839 736 1914 granditer
763 1838 900 1902 diei;
930 1846 984 1889 ut
1012 1851 1070 1914 ea
1099 1849 1213 1904 qua:
1242 1833 1484 1885 dicuntur
1504 1828 1790 1898 granditer,
1818 1841 1882 1879 ex
1914 1824 2030 1877 illo-

466 1949 584 1988 rum
616 1931 740 1983 ﬁant
771 1921 1160 1995 ct‘unparatione
1182 1921 1478 1992 grandiora,
1505 1927 1758 1972 eteorum
1790 1925 2034 1984 tauquam

469 2020 666 2077 umbris
705 2017 1049 2074 luminOsiora
1089 2013 1393 2067 reddantur.
1423 2011 1476 2064 In
1506 2022 1834 2080 quocumque
1860 2013 2035 2059 autem

469 2103 661 2196 genere
681 2113 854 2182 aliqua
877 2111 1223 2180 qua‘stionum
1248 2105 1452 2159 vincula
1481 2101 1727 2157 solvenda
1753 2110 1891 2164 sunt,
1915 2115 2038 2153 acu-

471 2183 611 2259 ininc
642 2218 772 2274 Opus
803 2211 918 2267 est,
957 2198 1092 2267 quod
1135 2197 1231 2250 sibi
1273 2195 1591 2249 submissum
1629 2183 1795 2262 genus
1829 2190 2040 2260 proprie

473 2281 720 2353 vindicat.
750 2296 826 2348 Ac
867 2309 958 2363 per
1000 2292 1099 2344 hoc
1140 2305 1202 2343 eo
1244 2301 1436 2359 genere
1477 2283 1726 2338 utendum
1771 2291 1854 2336 est
1894 2290 1947 2336 et
1989 2279 2039 2332 in

473 2370 590 2444 aliis
619 2385 822 2441 duobus
851 2373 1152 2454 generibus,
1181 2377 1390 2449 quando
1419 2376 1494 2430 eis
1526 2377 1623 2429 ista
1653 2372 2041 2428 inciduntzsic-

476 2489 533 2534 ut
574 2463 890 2533 laudandum
947 2472 1141 2543 aliquid
1192 2471 1272 2525 vel
1319 2466 1752 2536 vituperandum,
1797 2465 1882 2518 ubi
1948 2477 2045 2517 nec

479 2557 763 2626 damnatio.
789 2559 1094 2636 eujusquam
1129 2578 1223 2616 nec
1263 2560 1535 2625 liberatio,
1564 2573 1661 2612 nec
1690 2557 1753 2609 ad
1783 2545 2043 2608 actionem

478 2649 766 2734 quamlibet
798 2657 1033 2714 assensio
1063 2657 1369 2726 requiritur,
1396 2655 1444 2708 in
1473 2667 1802 2723 quocumque
1826 2650 1930 2704 alio
1956 2665 2047 2718 ge-

479 2770 606 2809 nere
633 2751 943 2818 occurrerit,
968 2763 1133 2819 genus
1155 2745 1506 2812 adhibendum
1529 2754 1580 2798 et
1607 2739 2044 2810 interponendum

481 2857 557 2903 est
586 2823 956 2914 temperatum.
988 2843 1040 2895 In
1070 2840 1255 2910 grandi
1286 2854 1410 2908 ergo
1440 2853 1631 2907 genere
1661 2836 1934 2890 inveniunt
1964 2831 2046 2886 lo-

483 2953 570 2994 cos
599 2952 719 2992 suo.»
749 2935 852 2989 duo
877 2943 1064 2988 ecetera
1090 2975 1103 2998 ,
1136 2915 1191 3006 et.
1218 2931 1270 2984 in
1309 2929 1568 2983 submisso
1595 2919 1856 2982 similiter.
1885 2924 2048 2978 Tem-

485 3011 732 3104 peratutn
753 3035 926 3080 autem
951 3039 1115 3095 genus
1141 3037 1246 3076 non
1273 3019 1481 3090 quidem
1509 3032 1739 3088 semper,
1763 3015 1854 3070 sed
1876 3025 2050 3068 tamen

487 3106 767 3190 aliquando
796 3117 1056 3184 sulnnisso
1090 3111 1305 3181 indiget,
1330 3111 1395 3178 si,
1425 3119 1481 3163 ut
1504 3107 1632 3173 dixi,
1657 3107 1876 3177 quzestio
1902 3106 2051 3173 cujus

490 3210 658 3266 nodus
699 3218 780 3263 est
814 3203 1096 3261 Solvendus
1117 3245 1130 3267 ,
1172 3187 1432 3266 incurrat;
1461 3199 1538 3253 vel
1567 3197 1774 3269 quando
1804 3196 2053 3251 nonnulla

491 3317 607 3374 quae
635 3283 808 3354 ornari
837 3283 1070 3368 possent,
1102 3281 1218 3348 ideo
1247 3309 1348 3345 non
1379 3301 1651 3354 ornantur,
1676 3289 1768 3344 sed
1793 3289 2054 3342 submisso

489 3408 734 3447 sermone
778 3381 1042 3453 dicuntur,
1086 3395 1140 3441 ut
1185 3385 1494 3454 quibusdam
1537 3383 1684 3452 quasi
1731 3382 1856 3436 toris
1901 3369 2055 3434 orna-

492 3493 785 3558 mentorum
839 3467 1106 3551 praebeant
1151 3477 1551 3531 eminentiorem
1604 3476 1796 3528 locum.
1846 3461 2056 3528 Grande

490 3571 663 3633 autem
708 3555 878 3644 genus
915 3557 1198 3641 temperata
1230 3567 1389 3621 dictio
1435 3555 1536 3620 non
1578 3565 1831 3636 requirit:
1863 3563 1927 3618 ad
1962 3563 2055 3618 de.

494 3655 766 3724 lectandos
814 3653 1007 3734 quippe
1055 3661 1292 3725 animos,
1338 3647 1441 3713 non
1490 3657 1555 3711 ad
1605 3656 1890 3711 movendos
1946 3643 2058 3725 ipSa

494 3751 794 3826 suscipitur.

500 3817 719 3903 CAPUT
752 3832 938 3901 XXIV.
963 3874 1034 3884 —
1063 3842 1285 3898 Sublimc
1314 3824 1512 3893 dicendi
1537 3856 1689 3911 genus
1718 3837 1836 3907 quid
1865 3817 2057 3910 efﬁciat.

569 3928 654 3995 53.
673 3925 789 3992 Nan
812 3929 937 3989 sane
958 3936 1000 3990 si
1023 3933 1216 3989 dicenti
1257 3931 1492 3987 crebrius
1518 3940 1569 3985 et
1593 3929 1956 3985 vehementius
1978 3948 2063 3985 ac-

498 4034 782 4094 elametur,
817 4027 933 4083 ideo
970 4026 1237 4098 granditer
1285 4023 1543 4094 putandus
1590 4031 1669 4078 est
1716 4024 1889 4077 dicere
1921 4042 1933 4077 :
1965 4021 2066 4077 hoc

501 4117 640 4177 enim
671 4127 724 4174 ct
753 4111 992 4172 acumina
1037 4105 1281 4171 submissi
1313 4113 1538 4184 generis,
1568 4125 1620 4168 et
1649 4122 1956 4167 ornamenta
1985 4111 2063 4165 fa—

499 4216 644 4268 ci'uat
671 4203 962 4280 temperati.
988 4205 1196 4264 Grande
1219 4213 1391 4260 autem
1414 4221 1580 4275 genus
1608 4205 1911 4274 plerumque
1932 4218 2064 4272 pou-

502 4307 627 4361 dere
658 4300 752 4359 suo
780 4317 935 4356 voces
956 4301 1178 4371 premit,
1213 4299 1304 4354 sed
1336 4300 1591 4368 lac-rvinas
1617 4297 1876 4366 exprimit.
1909 4293 2065 4348 Deni-

503 4403 604 4466 q'ue
635 4407 751 4448 cum
788 4383 925 4462 apud
957 4393 1251 4446 Caesaream
1281 4389 1602 4443 Mauritanite
1641 4387 1831 4457 populo
1862 4387 2068 4439 dissua-

504 4483 686 4556 deretn
716 4475 940 4555 pugnaui
967 4479 1193 4545 civilem,
1219 4480 1301 4535 vel
1325 4481 1501 4550 potius
1525 4480 1638 4548 plus
1660 4494 1814 4548 quam
1839 4477 2067 4542 Civilem,

506 4570 662 4649 quam
693 4567 949 4631 Caici-vam
983 4561 1274 4639 vocabant;
1304 4589 1476 4643 neque
1512 4573 1649 4625 enim
1676 4572 1818 4625 cives
1841 4578 2070 4623 tantum-

508 4665 684 4737 modo,
709 4685 890 4724 vcrum
917 4661 1072 4723 etiam
1103 4667 1380 4738 propinqui
1399 4709 1414 4732 ,
1453 4667 1659 4729 fratres,
1682 4675 1946 4733 postremo
1975 4678 2072 4733 pa-

508 4757 687 4818 rentes
715 4778 777 4816 ac
803 4757 892 4815 lilii
923 4749 1178 4830 lapidibus
1207 4761 1341 4812 inter
1368 4775 1424 4812 se
1451 4757 1500 4810 in
1531 4743 1663 4810 duas
1694 4749 1868 4825 partes
1897 4755 2070 4818 divisi,

511 4867 604 4924 per
630 4855 825 4923 aliquot
852 4852 962 4905 dies
986 4839 1294 4912 continuos,
1333 4859 1479 4902 certo
1513 4856 1746 4914 tempore
1787 4847 1910 4898 anni
1938 4845 2076 4900 sole-

516 4941 1052 5008 mnitcrdimicabant,
1070 4951 1121 4994 et
1142 4941 1360 5009 quisque
1379 4948 1433 4991 ut
1455 4952 1713 5006 quen'ique
1728 4936 2078 5004 poteratoeei-

513 5037 668 5091 debat
699 5054 710 5090 :
743 5035 822 5104 egi
854 5026 1061 5104 quidem
1093 5031 1380 5102 granditer,
1408 5039 1659 5098 quantum
1688 5027 1852 5092 valui,
1888 5015 1942 5080 ut
1973 5037 2076 5078 tam

515 5129 729 5185 crudele
758 5137 913 5195 atque
941 5127 1286 5179 inveteratum
1318 5121 1508 5173 malum
1537 5119 1602 5172 de
1630 5118 1876 5172 cordibus
1897 5126 1950 5171 et
1970 5134 2082 5170 mo-

519 5221 660 5275 ribus
701 5233 882 5274 eorum
926 5215 1241 5277 avellcrcm,
1284 5212 1640 5282 pellerentque
1686 5207 1943 5273 dicendo;
1977 5225 2081 5262 non

519 5323 696 5368 tamen
740 5311 910 5381 egisse
949 5305 1143 5378 aliquid
1187 5322 1268 5360 me
1309 5303 1514 5374 putavi,
1557 5319 1674 5356 cum
1715 5317 1807 5356 eos
1849 5301 2082 5354 audirem

522 5397 893 5469 acclamantes,
919 5397 1013 5455 sed
1037 5416 1153 5452 cum
1187 5397 1372 5449 (lentes
1399 5394 1650 5447 viderem.
1678 5391 2084 5446 Acclamationi-

526 5500 622 5549 bus
643 5497 834 5564 quippe
857 5487 912 5548 se
934 5487 1112 5546 deceri
1130 5477 1466 5552 etdelectari,
1491 5481 1627 5540 (lecti
1647 5493 1819 5539 autem
1841 5467 2087 5554 laerymis

530 5587 850 5642 imlieabant.
873 5587 1016 5651 Quas
1043 5584 1130 5636 ubi
1159 5581 1362 5650 aspexi,
1391 5580 1672 5632 immanem
1703 5577 1842 5630 illam
1863 5589 2086 5630 consue-

529 5679 764 5732 tudinem
808 5692 836 5729 a
881 5676 1115 5744 patribus
1161 5680 1212 5726 et
1257 5671 1399 5738 avis,
1449 5670 1708 5737 longeque
1742 5684 1769 5719 a
1809 5667 2092 5734 n'iajoribus

529 5770 806 5832 traditam,
848 5781 966 5834 qua:
1011 5772 1219 5833 pectora
1257 5777 1442 5815 eorum
1488 5759 1748 5812 hostiliter
1785 5757 2090 5823 obsidebat,

532 5861 614 5915 vel
640 5859 834 5929 potius,
857 5853 1176 5927 possidebat,
1209 5855 1487 5918 devictam,
1518 5859 1798 5919 antequam
1830 5865 1886 5904 re
1914 5848 2024 5917 ipsa
2045 5847 2097 5903 id

1329 431 1418 487 DE
1458 420 1791 482 DOC'l‘lthA
1829 387 2249 479 CllltlS’l‘lANA,
2290 413 2343 466 s.
2386 409 2746 466 aucusrnu

3605 371 3632 446 ἱ
3645 371 3702 438 is

2131 525 2490 587 ostenderent,
2514 520 2732 575 credidi.
2757 518 2982 588 Moxque
3004 503 3248 572 sermone
3273 501 3422 568 ﬁnito
3448 513 3510 564 ad
3544 528 3620 576 ag.
3648 533 3672 560 ιι
3696 539 3702 544 -

2127 614 2222 669 das
2247 615 2352 668 beo
2374 614 2570 683 gratias
2589 611 2749 665 corda
2768 620 2926 679 atque
2952 623 3045 663 ora
3069 605 3327 661 converti.
3360 603 3424 658 Et
3454 613 3580 657 ecce
3598 599 3704 669 jam

2130 705 2297 761 ferme
2325 713 2444 760 octo
2478 705 2559 759 vel
2603 702 2827 772 amplius
2863 701 2986 755 anni
3026 709 3181 767 sunt,
3211 698 3438 767 propitio
3465 695 3700 760 Christo,

2131 813 2194 853 ex
2234 789 2337 866 quo
2378 797 2486 850 illic
2514 795 2640 849 nihil
2690 794 2790 847 tale
2833 799 3086 846 tentatum
3117 797 3197 845 est
3228 787 3324 859 (α).
3353 788 3487 840 Snn‘t
3516 773 3569 840 et
3599 786 3698 839 alia

2133 883 2296 943 multa
2325 886 2683 956 experimenta
2711 883 2899 953 quibus
2927 882 3236 946 didicimus,
3272 871 3555 944 homines,
3575 873 3700 947 quid

2135 983 2187 1036 in
2228 982 2302 1035 eis
2343 979 2528 1034 fecerit
2567 977 2819 1047 sapientis
2848 969 3117 1046 granditas
3157 973 3418 1038 dictionis,
3453 987 3557 1024 non
3599 971 3704 1023 cla-

2132 1089 2279 1126 more
2305 1071 2480 1140 potius
2504 1085 2660 1139 quam
2689 1068 2906 1138 gemitu,
2939 1065 3218 1136 aliquando
3247 1065 3403 1119 etiam
3432 1061 3704 1133 lacrymis,

2133 1155 2403 1235 postremo
2429 1162 2548 1216 vitae
2574 1160 2862 1215 mutatione
2887 1166 3228 1211 monstrasse.

2207 1255 2294 1308 54.
2336 1253 2611 1308 Submisso
2639 1253 2797 1306 etiam
2830 1249 3035 1304 dicendi
3066 1243 3259 1318 genere
3297 1253 3420 1300 sunt
3465 1239 3710 1313 plerique

2136 1343 2323 1397 mutati
2351 1360 2362 1394 :
2394 1342 2487 1397 sed
2517 1351 2576 1395 ut
2602 1340 2740 1409 quod
2765 1339 3088 1402 nesciebant,
3112 1335 3323 1400 scirent,
3354 1344 3443 1388 aut
3471 1334 3609 1404 quod
3632 1334 3709 1387 eis

2137 1433 2415 1487 videbatur
2447 1430 2784 1496 incredibile,
2819 1429 3128 1492 crederent;
3158 1441 3260 1479 non
3291 1435 3462 1479 autem
3500 1423 3554 1477 ut
3583 1440 3708 1492 age-

2136 1534 2254 1580 rent
2280 1522 2419 1593 quod
2451 1522 2707 1592 agendum
2735 1521 2842 1589 jam
2871 1529 3145 1585 noverant,
3177 1528 3229 1571 et
3257 1533 3414 1587 agere
3438 1517 3706 1569 nolebant.

2141 1616 2222 1671 Ad
2271 1613 2572 1685 bujusmodi
2619 1605 2845 1683 namque
2887 1612 3131 1668 duritiam
3180 1610 3511 1674 ilectemlam,
3554 1609 3710 1663 debet

2138 1707 2544 1777 granditerdici.
2563 1705 2695 1760 Nam
2719 1715 2773 1759 et
2794 1705 2974 1759 laudes
3003 1713 3055 1758 et
3075 1703 3480 1774 vituperationes
3500 1701 3709 1770 quando
3737 1723 3752 1743 ο

2138 1797 2446 1867 eloquenter
2485 1797 2752 1860 dicuntur,
2785 1809 2907 1849 cum
2950 1794 3056 1848 sint
3087 1793 3136 1846 in
3168 1807 3360 1860 genere
3399 1799 3711 1860 temperato,

2141 1888 2220 1942 sic
2265 1887 2499 1941 afﬁciunt
2538 1886 2792 1956 quosdam
2817 1927 2831 1952 ,
2875 1894 2930 1938 ut
2969 1900 3073 1938 non
3117 1884 3284 1937 solum
3317 1882 3366 1935 in
3399 1879 3636 1935 laudibus
3662 1891 3713 1936 et

2139 1979 2616 2048 vituperationibus
2637 1977 2933 2046 el0quentia
2957 1975 3308 2040 delectentur,
3331 1988 3510 2029 verum
3534 1984 3587 2027 et
3614 1974 3712 2042 ipsi

2145 2070 2481 2124 laudabiliter
2521 2075 2804 2138 appetant,
2847 2067 3148 2137 fugiantque
3182 2063 3600 2133 vituperabiliter
3633 2065 3713 2117 vi—

2143 2160 2406 2216 vere.Sed
2430 2159 2683 2229 numquid
2703 2173 2885 2239 omnes
2907 2159 2994 2227 qui
3018 2157 3369 2220 delectantur,
3393 2163 3658 2208 mutantur
3675 2156 3714 2221 ¹,

2145 2243 2279 2308 sicut
2311 2254 2363 2306 in
2405 2253 2587 2322 grandi
2623 2265 2815 2322 genere
2853 2266 3036 2304 omnes
3067 2249 3153 2319 qui
3183 2248 3482 2313 ﬂectuntur,
3518 2245 3713 2317 agunt;

2149 2352 2203 2399 et
2250 2346 2303 2397 in
2346 2342 2610 2398 submisso
2645 2355 2838 2413 genere
2869 2355 3053 2394 omnes
3081 2340 3170 2409 qui
3210 2339 3482 2404 docentur,
3514 2339 3711 2405 sciunt,

2147 2445 2237 2491 aut
2260 2435 2480 2490 credunt
2507 2445 2690 2488 verum
2719 2445 2836 2488 esse
2863 2430 3001 2502 q‘nod
3029 2430 3307 2484 nesciunt?
3387 2484 3400 2488 _

2223 2527 2445 2583 CAPUT
2475 2525 2641 2580 XXV.
2665 2555 2733 2564 —-
2759 2523 3112 2594 Temper-alam
3150 2519 3348 2576 dicendi
3382 2535 3537 2593 genus
3575 2533 3720 2589 quem

2627 2619 2678 2671 in
2706 2619 2855 2686 ﬁnem
2882 2616 3054 2685 referri
3085 2613 3240 2667 decet.

2226 2713 2312 2766 55.
2357 2710 2508 2765 Unde
2549 2709 2812 2778 colligitur
2855 2707 2938 2759 illa
2977 2706 3081 2758 duo
3117 2718 3310 2774 genera
3339 2701 3477 2775 quod
3512 2702 3721 2758 efﬁcere

2153 2802 2453 2865 intendunt,
2489 2801 2588 2854 hoc
2616 2798 2695 2854 eis
2720 2812 2836 2853 esse
2863 2795 3090 2850 niaxime
3117 2795 3496 2860 necessarium,
3520 2793 3606 2865 qui
3639 2809 3724 2848 sa-

2156 2893 2366 2964 pienter
2407 2902 2460 2945 et
2497 2893 2804 2960 eloquenter
2830 2888 3011 2942 volunt
3042 2887 3240 2942 dicere.
3272 2884 3404 2940 Illud
3432 2901 3558 2942 vero
3583 2885 3722 2957 quod

2155 2985 2327 3054 agitur
2345 2998 2538 3053 genere
2562 2987 2873 3050 temperato,
2897 2979 2948 3033 id
2976 2986 3074 3046 est,
3097 2987 3154 3033 ut
3175 2977 3473 3048 eloqdentia
3500 2970 3608 3048 ipSa
3630 2978 3724 3034 de-

2163 3076 2319 3130 lectet
2338 3117 2354 3140 ,
2387 3089 2490 3127 non
2519 3081 2600 3127 est
2627 3079 2842 3141 propter
2871 3071 3099 3139 seipsum
3131 3069 3520 3138 usurpandum;
3549 3069 3645 3125 sed
3669 3077 3726 3123 ut

2158 3167 2319 3223 rebus
2340 3181 2457 3235 quae
2479 3165 2676 3219 utiliter
2697 3164 3022 3231 honesteque
3043 3161 3304 3225 dicuntur,
3325 3161 3370 3218 si
3386 3177 3484 3217 nec
3502 3161 3726 3217 docente

2159 3259 2393 3328 indigent
2416 3256 2626 3326 eloquio
2651 3270 2750 3310 nec
2780 3262 3042 3317 movente,
3073 3253 3193 3322 quia
3223 3263 3275 3307 et
3301 3251 3530 3308 scientes
3559 3261 3613 3308 et
3643 3250 3720 3306 fa-

2159 3360 2346 3405 ventes
2372 3348 2639 3403 auditores
2667 3346 2894 3410 habent,
2928 3346 3193 3416 aliquanto
3220 3344 3511 3415 promptius
3535 3360 3600 3400 ex
3629 3344 3729 3400 de-

2163 3442 2446 3498 lectatiOne
2495 3441 2606 3509 ipsa
2649 3437 2992 3503 elocutionis,
3021 3435 3237 3491 accedat
3261 3435 3342 3490 vel
3370 3436 3606 3490 tenacius
3634 3433 3731 3488 ad-

2164 3533 2422 3586 liasrescat
2465 3544 2732 3584 assensus.
2757 3527 2888 3582 Nam
2915 3541 3034 3581 cum
3061 3525 3374 3595 eloquentia:
3413 3526 3480 3580 sit
3515 3525 3732 3580 univer-

2166 3627 2276 3680 sale
2301 3625 2556 3689 oi‘ﬁcinm,
2586 3622 2636 3675 in
2665 3631 2997 3690 quocumque
3022 3619 3243 3673 istorum
3274 3618 3428 3673 trium
3456 3633 3731 3688 generum,

2165 3719 2343 3772 dicere
2369 3724 2489 3783 apte
2517 3713 2581 3766 ad
2615 3712 3048 3781 persuasionem;
3081 3709 3198 3763 Iinis
3244 3719 3420 3764 autem
3441 3751 3458 3776 ,
3501 3707 3551 3762 id
3590 3707 3733 3779 quod

2169 3806 2479 3869 intenderis,
2515 3801 2834 3871 persuadere
2863 3799 3084 3853 dicendo
3114 3816 3127 3852 :
3158 3799 3208 3852 in
3240 3813 3572 3868 quocumque
3602 3799 3735 3852 isto-

2167 3911 2283 3951 rum
2328 3895 2484 3948 trium
2521 3907 2770 3963 generum
2812 3890 2938 3944 dicit
2975 3888 3186 3958 quidem
3227 3887 3478 3958 eloquens
3517 3898 3637 3958 apte
3670 3889 3736 3942 ad

2169 3986 2583 4059 persuasionem,
2608 3983 2700 4035 sed
2726 3979 2825 4034 nisi
2850 3981 3184 4050 persuadeat,
3208 3979 3274 4034 ad
3303 3980 3459 4034 linem
3491 3993 3598 4033 non
3621 3994 3741 4049 pcr-

2171 4082 2319 4135 vcnit
2345 4076 2680 4148 eloquentiae.
2714 4073 3000 4128 Persuadet
3042 4084 3217 4128 autem
3261 4074 3314 4128 in
3353 4069 3618 4128 submisso
3642 4088 3739 4143 ge—

2173 4187 2300 4227 nere
2331 4185 2455 4224 vera
2501 4183 2620 4223 esse
2661 4181 2776 4235 qua:
2818 4166 2974 4231 dicit;
3015 4165 3297 4235 persuadet
3340 4165 3394 4219 in
3436 4159 3649 4236 grandi,
3684 4173 3743 4218 ut

2174 4271 2393 4329 agantur
2419 4275 2534 4329 qum
2561 4257 2760 4326 agenda
2789 4271 2906 4310 esse
2934 4256 3039 4323 jam
3069 4256 3328 4322 sciuntur,
3357 4271 3456 4310 nec
3480 4262 3739 4324 aguntur;

2173 4351 2454 4422 persuadet
2480 4352 2530 4403 in
2556 4362 2748 4418 genere
2775 4352 3086 4415 temperato,
3117 4345 3333 4414 pulchre
3362 4354 3648 4413 ornateque
3680 4359 3738 4397 se

2177 4445 2352 4498 dicere
2377 4460 2392 4497 :
2416 4457 2520 4511 quo
2559 4442 2662 4494 line
2702 4439 2852 4493 nobis
2880 4439 3002 4508 quid
3039 4453 3171 4507 opus
3196 4437 3310 4511 est?
3337 4437 3597 4506 Appetant
3622 4451 3742 4488 eum

2177 4535 2265 4605 qui
2301 4534 2475 4602 lingua
2501 4531 2809 4601 gloriantur,
2843 4535 2892 4582 et
2933 4545 2989 4582 se
3018 4528 3069 4582 in
3096 4508 3422 4598 panegyricis
3451 4525 3744 4595 talibusque

2179 4624 2496 4679 dictionibus
2522 4622 2740 4690 iactant,
2771 4619 2859 4673 ubi
2891 4634 2984 4672 nec
3013 4618 3300 4682 docendus,
3329 4633 3425 4671 nec
3451 4616 3516 4670 ad
3546 4615 3744 4685 aliquid

2179 4715 2439 4786 agendum
2463 4713 2773 4776 movendus,
2801 4709 2892 4763 sed
2923 4709 3286 4763 tantummodo
3310 4715 3389 4762 est
3408 4706 3747 4762 delectandus

2181 4802 2409 4864 auditor.
2442 4797 2550 4862 Nos
2582 4819 2706 4859 vero
2736 4805 2892 4858 istum
2922 4806 3077 4856 linem
3115 4803 3401 4856 referamus
3429 4800 3495 4855 ad
3524 4799 3746 4854 altermn

2183 4903 2363 4966 tinem,
2391 4907 2447 4953 ut
2474 4899 2676 4953 scilicet
2703 4897 2841 4966 quod
2866 4895 3076 4950 efﬁcere
3105 4894 3368 4960 volumus,
3395 4907 3512 4948 cum
3538 4891 3751 4962 grandi-

2184 5002 2265 5046 ter
2283 4992 2536 5049 dicimus,
2570 4989 2671 5042 hoc
2697 4989 2852 5042 etiam
2891 4987 2993 5041 isto
3025 4987 3275 5049 velimus,
3305 4985 3354 5038 id
3386 4992 3499 5048 est,
3529 4984 3586 5037 ut
3615 4984 3755 5039 bona

2185 5097 2390 5137 morum
2436 5082 2740 5149 diligantur,
2783 5079 2865 5130 vel
2911 5077 3212 5130 devitentur
3255 5077 3424 5140 mala;
3466 5077 3508 5130 si
3551 5076 3616 5130 ab
3658 5076 3756 5130 hac

2187 5176 2392 5230 actione
2414 5187 2516 5225 non
2547 5173 2623 5225 sic
2645 5169 2799 5224 alieni
2826 5178 2947 5222 sunt
2968 5169 3231 5235 homines,
3256 5179 3310 5222 ut
3338 5169 3403 5222 ad
3430 5184 3542 5223 eam
3571 5168 3756 5238 grandi

2187 5279 2382 5335 genere
2423 5261 2670 5316 dictionis
2712 5259 2927 5329 urgendi
2969 5259 3244 5311 videantur
3269 5276 3282 5312 :
3307 5265 3431 5322 aut,
3471 5259 3516 5312 si
3557 5259 3664 5328 jam‘
3706 5259 3758 5313 id

2193 5365 2369 5427 agunt,
2399 5363 2453 5408 ut
2476 5361 2632 5423 agant
2655 5350 2962 5416 studiosius,
2991 5360 3149 5420 atque
3173 5351 3225 5405 in
3247 5364 3311 5405 eo
3333 5351 3554 5406 ﬁrmiter
3578 5366 3732 5421 pcrsc

2258 5491 2274 5520 ί
2299 5471 2405 5537 diss.
2429 5495 2654 5550 quatuor_,_
2669 5477 2931 5550 iniit-untur.
3053 5545 3072 5550 _
3105 5547 3114 5550 Α
3237 5544 3250 5550 _
3525 5491 3552 5550 ς

2257 5550 2328 5613 (u)
2350 5543 3018 5620 inditaqueliberpert'ectus
3049 5545 3139 5594 fuit
3177 5544 3268 5595 sub
3305 5557 3478 5620 annum
3512 5543 3617 5616 429.
3653 5555 3767 5620 uani

2199 5608 2512 5679 Augustini
2531 5608 2847 5679 Mauritaniam
2847 5608 3460 5679 atlazsteensenrproteetio
3480 5609 3690 5668 pertinet
3707 5609 3768 5658 ad

2199 5670 2370 5721 annum
2396 5672 2503 5728 tibi,
2530 5685 2589 5718 ex
2618 5670 2756 5730 epist.
2787 5670 2890 5724 liii),
2917 5677 2966 5717 et
3003 5671 3104 5728 tas,
3131 5682 3176 5715 n.
3208 5670 3248 5715 l.
3287 5675 3436 5729 Atque
3467 5670 3588 5730 apud
3620 5677 3769 5718 Gesa-

2199 5687 2370 5721 annum
2396 5684 2503 5728 -Ηδ,
2530 5685 2589 5718 CX
2618 5684 2756 5730 t‘l‘dSl.
2787 5684 2890 5724 1U”,
2917 5684 2966 5717 el
3003 5684 3104 5728 127.),
3131 5684 3176 5715 ll.
3208 5684 3248 5715 '1.
3287 5684 3436 5729 Atque
3467 5684 3493 5716 a
3517 5684 3588 5715 luu
3620 5684 3769 5718 (ID511-

2199 5747 2350 5789 reazn,
2377 5733 2455 5779 uid
2481 5745 2534 5779 se
2553 5735 2831 5779 etmeionem
2855 5729 2981 5778 illam
3009 5738 3120 5777 ante
3145 5735 3251 5776 octo
3283 5735 3363 5777 aut
3385 5684 3588 5790 ampiius
3617 5743 3769 5779 annos

2200 5795 2950 5864 habuisse.tiuaniorat,agebat}.
2972 5798 3136 5864 uector
3155 5804 3326 5864 mense
3344 5793 3606 5853 septembri
3639 5793 3771 5854 ejus-

2202 5857 2316 5905 dem
2339 5856 2446 5902 anni
2469 5855 2575 5913 418,
2600 5868 2658 5899 ex
2684 5852 2766 5900 lini
2798 5852 2859 5902 de
2884 5853 3035 5900 Gestis
3054 5864 3161 5900 cum
3180 5854 3398 5902 umet-ito.
