4056 6502
300 329 399 385 H7

298 455 502 502 verem.
526 445 603 500 Ita
630 444 690 500 ﬁt
712 454 770 500 ut
788 446 949 501 etiam
975 442 1254 514 temperati
1283 440 1495 513 generis
1523 449 1735 498 ornatu.
1758 456 1863 494 non

297 537 577 606 iactanter,
614 536 707 595 sed
737 536 1028 607 prudenter
1051 544 1263 589 utamur
1290 552 1303 588 :
1333 548 1439 587 non
1465 532 1577 601 ejus
1606 533 1710 585 line
1736 546 1866 585 con-

299 628 463 693 tenti,
500 618 611 696 quo
637 627 1002 682 tantummodo
1042 626 1334 683 delectatur
1363 623 1595 687 auditor;
1634 622 1729 677 sed
1774 622 1873 675 hoc

299 720 474 791 potius
500 710 741 793 agentes,
765 731 820 773 ut
841 704 1001 773 etiam
1025 719 1139 788 ipso
1168 717 1233 772 ad
1263 717 1457 771 bonum
1485 714 1623 785 quod
1652 727 1871 783 persua—

302 813 431 867 dere
458 796 721 893 yolumus,
747 810 1043 881 adjuvetur.

300 890 524 959 CAPUT
562 890 748 957 XXVI.
781 932 848 941 —-
880 900 945 955 In
989 916 1285 971 unoquoque
1329 898 1526 952 dicendi
1574 912 1749 967 genere
1791 896 1872 950 in-

373 994 577 1047 tendere
625 992 763 1045 dt'bCl
814 1004 1015 1059 orator,
1062 1000 1116 1045 ut
1169 990 1520 1060 iutelligenter,
1574 986 1778 1042 libenter
1830 994 1879 1041 et

371 1082 657 1159 obedienter
686 1085 941 1138 audiatur.

371 1177 460 1233 56.
507 1180 594 1232 Illa
629 1179 802 1248 itaque
834 1178 951 1243 tria,
983 1192 1099 1247 qua)
1130 1190 1287 1245 supra
1322 1173 1608 1243 posuimus,
1641 1188 1760 1229 cum
1790 1171 1879 1242 qui

300 1266 571 1341 sapienter
605 1268 765 1331 dicit,
807 1270 850 1323 si
896 1269 1052 1322 etiam
1083 1266 1392 1336 eloquenter
1426 1267 1537 1319 vult
1576 1265 1787 1330 dicere,
1827 1262 1878 1316 id

301 1380 460 1434 agere
481 1362 695 1428 debere,
719 1371 774 1415 ut
800 1361 1169 1429 intelligentcr,
1201 1369 1257 1412 ut
1280 1359 1519 1421 libenter,
1545 1365 1602 1410 ut
1626 1354 1879 1410 obedien-

301 1462 382 1508 ter
408 1453 671 1519 audiatur,
706 1468 807 1506 non
836 1452 911 1505 sic
937 1450 1239 1519 accipienda
1268 1457 1388 1503 sunt
1411 1457 1657 1518 tanquam
1681 1447 1882 1515 singula

303 1545 403 1597 illis
444 1538 616 1597 tribus
662 1542 868 1597 dicendi
907 1542 1189 1611 generibus
1235 1538 1304 1594 ita
1353 1534 1667 1601 tribuantur,
1712 1546 1768 1590 ut
1816 1536 1882 1590 ad

301 1635 627 1690 submissum
659 1634 1033 1703 intelligentcr,
1061 1632 1126 1685 ad
1153 1641 1500 1699 temperatum
1533 1630 1780 1695 libenter,
1813 1628 1880 1682 ad

303 1725 508 1795 grande
539 1726 800 1794 pertineat
826 1724 1134 1779 obedienter
1160 1722 1365 1787 audiri;
1396 1720 1597 1775 sed'sic
1626 1722 1797 1789 potius
1825 1728 1882 1774 ut

302 1818 417 1871 hare
466 1818 564 1871 tria
605 1833 817 1886 semper
865 1815 1131 1881 intendat,
1159 1824 1212 1869 et
1240 1824 1491 1884 quantum
1519 1820 1693 1881 potest
1727 1820 1879 1881 agat,

302 1909 461 1963 etiam
493 1924 615 1962 cum
638 1909 691 1979 in
722 1907 931 1961 illorum
962 1906 1169 1976 singulo
1196 1922 1406 1977 quoque
1428 1914 1686 1959 versatur.
1714 1902 1882 1957 Nolu-

302 2016 419 2054 mus
442 1999 586 2054 enim
616 1996 834 2052 fastidiri
859 2041 873 2065 ,
902 1998 1059 2052 etiam
1086 1997 1226 2067 quod
1252 1996 1511 2050 submisse
1537 1995 1791 2058 dicimus;
1824 2008 1887 2047 ac

304 2107 402 2162 per
422 2090 527 2145 hoc
547 2088 791 2144 volumus
812 2106 916 2143 non
938 2089 1110 2143 solum
1134 2089 1505 2158 intelligenter,
1525 2103 1706 2141 vcrmn
1724 2086 1883 2141 etiam

303 2176 535 2239 libenter
558 2183 745 2237 audiri.
775 2182 909 2249 Quid
951 2191 1123 2237 autem
1162 2183 1393 2251 agimus,
1419 2181 1611 2235 divinis
1640 2180 1880 2235 testimo-

302 2272 404 2331 niis
430 2275 674 2332 docendo
701 2276 840 2345 quod
868 2275 1123 2342 dicimus,
1154 2276 1252 2329 nisi
1283 2282 1341 2327 ut
1375 2274 1682 2327 obcdienter
1706 2272 1885 2325 audia-

304 2385 444 2429 mur,
472 2367 523 2421 id
556 2377 638 2421 est
666 2376 725 2437 ut
752 2367 999 2421 credatur
1023 2368 1120 2432 eis,
1145 2368 1433 2434 epitulante
1466 2366 1555 2419 illo
1578 2365 1660 2419 cui
1685 2365 1882 2418 dictum

304 2468 403 2523 est,
433 2452 744 2511 Testimouiu
785 2468 872 2511 tua
914 2458 1101 2511 credita
1126 2460 1139 2487 ¹
1169 2462 1307 2527 facta
1349 2468 1462 2529 sunt
1510 2456 1653 2509 valde
1692 2455 1709 2525 (
1742 2455 1880 2508 Psal.

305 2565 429 2612 acu,
460 2547 557 2619 5)?
580 2548 717 2615 Quid
744 2549 901 2602 etiam
930 2549 1074 2616 curiit
1096 2547 1195 2602 nisi
1217 2548 1380 2612 credi,
1406 2546 1493 2616 qui
1526 2546 1736 2615 aliquid,
1764 2546 1885 2599 licet

305 2641 569 2695 submisso
614 2640 847 2711 eloquio,
895 2640 1219 2694 discentibus
1268 2639 1483 2692 narrat?
1513 2650 1565 2692 et
1604 2639 1720 2707 quis
1763 2654 1881 2691 eum

304 2732 427 2785 velit
457 2732 667 2797 audire,
702 2732 800 2784 nisi
829 2731 1122 2785 auditorem
1155 2730 1405 2785 nonnulla
1434 2731 1591 2785 etiam
1631 2731 1885 2784 suavitate

309 2821 578 2876 detineat?
603 2820 734 2875 Nam
766 2821 809 2875 si
839 2837 941 2875 non
975 2822 1315 2891 inlclligatut‘,
1345 2818 1460 2891 quis
1487 2818 1686 2874 nesciat
1706 2836 1803 2874 nec
1826 2820 1883 2872 li—

310 2913 495 2969 benter
527 2930 649 2969 eum
678 2924 851 2984 posse,
881 2931 977 2968 nec
1008 2915 1316 2969 obcdienter
1341 2910 1543 2968 audiri?
1572 2914 1887 2983 Plerumque

313 3017 483 3061 autem
513 3007 676 3061 dictio
706 3008 815 3075 ipsa
844 3006 1135 3072 submissa,
1170 3007 1293 3059 dum
1324 3005 1485 3060 Solvit
1507 3008 1525 3036 ²
1548 3005 1886 3059 difﬁcillimas

310 3098 630 3166 qtlLBSllUIIL‘S
649 3137 664 3162 ,
698 3105 752 3151 et
782 3096 1047 3165 inopinata
1078 3094 1502 3150 nmnifcstatione
1527 3095 1883 3159 demonstrat;

309 3188 432 3241 dum
480 3187 771 3243 sententias
816 3187 1146 3242 acutiSsimas
1185 3186 1250 3241 de
1292 3186 1469 3241 nescio
1506 3186 1696 3255 quibus
1735 3186 1883 3256 quasi

308 3279 579 3345 cavernis,
626 3277 764 3333 unde
808 3295 910 3332 non
954 3278 1283 3348 sperabatur,
1318 3279 1474 3337 eruit.
1514 3288 1565 3331 et
1615 3278 1882 3343 ostendit;

309 3370 434 3423 dum
478 3371 765 3425 adversarii
800 3370 1064 3443 convincit
1090 3352 1364 3436 errorem,
1404 3379 1457 3423 et
1500 3369 1655 3425 docet
1698 3368 1885 3422 falsum

307 3466 427 3517 esse
473 3458 615 3532 quod
657 3461 721 3514 ab
766 3462 854 3515 illo
895 3458 996 3515 dici
1030 3454 1303 3515 videbatur
1343 3456 1626 3524 invictum;
1660 3460 1887 3513 maxime

313 3548 527 3625 quando
553 3553 703 3609 adest
732 3554 779 3610 ei
817 3552 1081 3624 quoddam
1108 3553 1268 3607 decus
1294 3567 1399 3607 non
1438 3553 1761 3622 appetitum,
1792 3549 1885 3605 sed

314 3646 707 3718 quodammodo
735 3647 996 3711 naturale,
1024 3656 1077 3702 et
1104 3646 1375 3711 nonnulla,
1402 3659 1504 3697 non
1528 3643 1883 3714 jactanticula,

313 3738 404 3792 sed
435 3738 587 3808 quasi
619 3736 937 3802 neCessaria,
967 3746 1145 3807 atque,
1173 3746 1229 3791 ut
1259 3737 1330 3790 ita
1356 3737 1548 3801 dicam,
1579 3736 1703 3805 ipsis
1732 3735 1887 3791 rebus

313 3832 519 3884 extorta
548 3826 939 3884 3numerositas
985 3830 1371 3893 clausularum;
1416 3837 1586 3882 tantas
1628 3827 1884 3881 acclama-

314 3922 490 3977 tiones
518 3925 711 3977 exeitat
731 3963 744 3985 ,
776 3932 835 3976 ut;
855 3923 939 3975 vix
970 3922 1295 3992 intelligatur
1322 3936 1440 3976 esse
1470 3920 1751 3975 submissa.
1776 3918 1885 3974 Non

316 4015 461 4069 enim
489 4013 613 4084 quia
653 4029 825 4083 neque
861 4012 1060 4069 incedit
1098 4021 1301 4078 ornata,
1336 4027 1505 4081 neque
1531 4020 1765 4077 armata,
1794 4012 1888 4065 sed

316 4114 570 4175 tanquam
621 4104 760 4159 nuda
808 4103 1167 4174 congreditur,
1210 4103 1330 4159 ideo
1374 4119 1480 4156 non
1528 4102 1885 4157 adversarium

317 4196 498 4251 nervis
524 4194 842 4263 lacertisque
867 4193 1101 4259 collidit;
1134 4203 1186 4248 et
1213 4193 1553 4247 obsistentem
1587 4193 1792 4245 subruit
1830 4208 1889 4247 ac

317 4284 543 4340 destruit
573 4282 826 4345 membris
862 4282 1167 4339 fortissimis
1213 4282 1509 4338 falsitatem.
1534 4278 1685 4338 Unde
1714 4294 1888 4337 autem

318 4378 507 4432 crebro
536 4387 588 4432 et
607 4377 826 4432 multum
851 4376 1169 4430 acclamatur
1196 4375 1265 4429 ita
1294 4374 1613 4440 dicentibus,
1642 4374 1741 4428 nisi
1772 4375 1889 4444 quia

318 4470 515 4523 veritas
557 4468 635 4523 sic
674 4469 1031 4523 demonstrata
1050 4508 1065 4535 ,
1098 4464 1176 4521 sic
1201 4465 1446 4533 defensa,
1474 4466 1550 4520 sic
1576 4465 1768 4519 invicta
1795 4465 1889 4519 de-

319 4559 517 4615 lectat?
546 4560 612 4614 Et
648 4560 701 4614 in
743 4558 863 4614 boc'
886 4559 1042 4629 igitur
1069 4554 1260 4627 genere
1287 4558 1549 4612 submisso
1590 4558 1685 4611 iste
1713 4569 1893 4611 noster

319 4652 507 4707 doctor
533 4650 586 4707 et
610 4650 781 4707 dictor
806 4653 857 4706 id
882 4656 1043 4721 agere
1064 4646 1249 4716 debet,
1282 4659 1337 4704 ut
1367 4665 1469 4704 non
1505 4650 1672 4703 solum
1704 4650 1894 4703 intelli-

320 4746 536 4813 genter,
563 4746 746 4799 verum
774 4746 930 4798 etiam
963 4732 1185 4797 libenter
1211 4748 1264 4797 et
1292 4742 1597 4796 obedienter
1632 4741 1890 4796 audiatur.

391 4836 482 4890 57.
526 4836 616 4889 llla
656 4836 866 4906 queque
894 4828 1191 4904 eloquentia
1216 4834 1422 4903 generis
1454 4834 1726 4900 temperati
1758 4833 1892 4901 apud

324 4920 666 4997 eloquentem
697 4928 1134 4993 ecclesiasticum,
1168 4941 1266 4980 nec
1296 4926 1533 4978 inornata
1566 4922 1893 4993 relinquitur,

324 5034 422 5072 nec
452 5012 761 5073 indecenter
784 5027 1001 5071 ornatur
1030 5035 1041 5069 :
1071 5026 1166 5070 nec
1197 5016 1361 5070 solum
1395 5008 1495 5068 hoc
1521 5016 1720 5084 appetit
1742 5025 1795 5069 ut
1815 5014 1898 5071 dc-

326 5109 501 5174 lectet,
528 5110 667 5179 quod
691 5111 861 5163 solum
887 5108 1022 5179 apud
1051 5109 1179 5161 alios
1201 5108 1504 5177 proﬁtetur;
1535 5123 1717 5161 verum
1739 5110 1896 5162 etiam

328 5203 377 5256 in
409 5203 473 5255 iis
500 5219 619 5273 qua:
645 5202 853 5268 laudat,
884 5203 993 5255 sive
1021 5202 1306 5269 vitt‘tperat,
1341 5200 1453 5252 istis
1484 5200 1791 5267 appetendis
1819 5203 1896 5255 vel

329 5292 529 5348 ﬁrmius
566 5292 836 5360 tenendis,
872 5294 972 5347 illis
1001 5302 1176 5347 autem
1211 5291 1505 5347 devitandis
1531 5292 1613 5345 vel
1644 5294 1898 5359 respuen-

392 5428 405 5457 ί
435 5426 580 5501 editi,
604 5425 874 5501 credibilia.
901 5434 1111 5501 ΑῑηΜξίδἼ
1136 5424 1335 5501 credite.
1356 5424 1647 5501 ‘s‘ieﬂpassim
1682 5426 1901 5485 Augusti-

331 5502 437 5547 nus,
455 5484 593 5553 juxta
616 5484 822 5557 graecam
846 5484 1117 5535 versionem
1140 5493 1265 5543 LXX,
1290 5484 1614 5596 ρἐτιόιῆριςηη.
1760 5484 1763 5485 ⁷

392 5553 410 5581 ι
435 5557 484 5598 tn
504 5548 728 5609 vulgatis,
754 5547 964 5599 dissolvit
984 5562 995 5596 :
1014 5560 1071 5597 ac
1091 5546 1231 5609 paulo
1254 5552 1302 5597 in
1377 5582 1391 5606 ,
1409 5553 1455 5609 et
1477 5548 1665 5609 (mando
1682 5545 1906 5596 nonnulla

330 5582 1273 5674 non
1296 5582 1503 5674 qugiiido:
1522 5610 1660 5674 abest

332 5667 451 5734 sani?
466 5667 731 5733 redundat,
756 5672 797 5721 si
832 5667 1055 5734 superius
1085 5670 1275 5734 legatur
1293 5667 1451 5733 {dum
1472 5667 1630 5731 Solvit,
1656 5672 1722 5719 uti
1749 5672 1905 5734 reipsa

335 5732 493 5784 fcrth
513 5740 622 5783 MSS.
644 5747 835 5784 omnes.

215 5800 229 5814 ·
293 5820 315 5846 ι
396 5798 414 5828 ³
434 5804 541 5847 uss.
561 5796 747 5860 plures,
769 5802 953 5846 exorta.

1600 327 1817 383 LIBER
1843 324 2185 393 QUARTUS:

3452 328 3569 389 “8‘

1978 438 2079 503 dis,
2105 437 2215 492 vult
2243 438 2424 509 utique
2443 436 2750 493 obedienter
2778 439 2967 493 audiri.
2990 439 3044 495 Si
3071 450 3245 497 autem
3273 455 3377 499 non
3398 441 3547 497 audi-

1979 539 2064 583 tur
2112 530 2483 599 intelligenter,
2531 544 2629 585 nec
2675 529 2899 585 libenter
2945 540 3136 601 potest.
3184 530 3412 586 Proinde
3462 532 3547 587 illa

1980 621 2100 687 tria,
2125 630 2179 674 ut
2204 620 2496 692 intelligant
2514 621 2601 691 qui
2623 621 2859 687 audiunt,
2886 632 2944 676 ut
2966 622 3310 689 delectentur,
3339 631 3397 677 ut
3417 623 3550 678 obe-

1982 713 2159 779 diant,
2204 714 2364 769 etiam
2405 714 2458 767 in
2498 714 2599 769 hoc
2629 729 2826 785 genere
2852 714 3112 786 agendum
3148 723 3257 779 est,
3289 714 3380 771 ubi
3408 721 3553 770 tenet

1983 803 2267 861 delectatio
2292 806 2659 875 principatum.

2053 897 2141 952 58.
2182 896 2297 952 Jam
2329 912 2457 952 vero
2482 898 2573 951 ubi
2595 912 2806 952 movere
2834 906 2889 953 et
2905 896 3121 952 ﬂectere
3139 896 3325 968 grandi
3351 911 3549 969 genere

1984 1003 2121 1058 Opus
2143 996 2225 1044 est
2250 988 2543 1044 auditorem
2573 990 2736 1060 (quod
2764 997 2889 1044 tunc
2941 998 3022 1045 est
3061 1003 3213 1059 opus,
3258 989 3468 1058 quando
3505 998 3559 1044 et

1984 1081 2246 1136 veraciter
2270 1081 2373 1135 dici
2417 1090 2469 1135 et
2506 1082 2739 1136 suaviter
2776 1082 3075 1145 conﬁtetur,
3127 1088 3181 1135 et
3225 1090 3397 1135 tamen
3448 1096 3551 1135 non

1985 1176 2096 1230 vult
2122 1176 2293 1229 facere
2318 1175 2457 1244 quod
2479 1173 2714 1246 dicitur),
2742 1174 3020 1230 dicendum
3062 1184 3143 1229 est
3171 1175 3355 1243 procul
3394 1173 3554 1229 dubio

1985 1268 2271 1338 granditer.
2299 1265 2403 1322 Sed
2424 1266 2541 1337 quis
2567 1274 2836 1332 movetur,
2881 1267 2927 1320 si
2957 1267 3124 1321 nescit
3162 1265 3301 1335 quod
3329 1265 3556 1319 dicitur?

1989 1368 2080 1414 aut
2107 1360 2226 1429 quis
2249 1367 2458 1413 tenetur
2486 1367 2543 1411 ut
2567 1358 2763 1422 audiat,
2793 1358 2833 1411 si
2865 1373 2967 1411 non
2990 1357 3310 1412 delectatur?
3336 1356 3483 1410 Unde
3506 1365 3556 1410 et

1988 1453 2041 1503 in
2064 1450 2167 1504 isto
2191 1465 2381 1517 genere
2401 1489 2417 1517 ,
2446 1449 2532 1503 ubi
2561 1448 2625 1503 ad
2655 1448 3008 1503 obedientiam
3029 1464 3121 1503 cor
3145 1449 3333 1501 durum
3363 1446 3551 1501 dictio-

1988 1541 2071 1595 nis
2098 1540 2394 1610 granditate
2417 1538 2735 1596 ﬁectcndum
2758 1547 2857 1604 est,
2886 1538 2985 1593 nisi
3030 1548 3083 1594 et
3122 1539 3472 1607 intelligenter
3501 1546 3555 1592 et

1990 1632 2215 1685 libenter
2243 1630 2329 1702 qui
2355 1632 2481 1689 dicit
2504 1632 2774 1698 audiatur,
2804 1647 2910 1686 non
2938 1640 3109 1700 potest
3127 1630 3436 1684 obedientcr
3458 1644 3553 1682 au-

1990 1723 2109 1777 diri.

1988 1815 2212 1871 CAPUT
2250 1815 2460 1871 XXVII.
2502 1845 2570 1855 —
2612 1815 2930 1869 Obedientius
2960 1815 3124 1867 audiri
3153 1815 3294 1884 cujus
3333 1815 3433 1865 vita
3470 1813 3553 1866 di-

2531 1909 2684 1963 ctioni
2713 1906 2996 1975 respondet.
3046 1952 3049 1959 ,

2060 1997 2147 2053 59.
2192 1998 2357 2053 [labet
2386 2008 2559 2054 autem
2599 2006 2657 2052 ut
2686 1998 2991 2052 obedienter
3029 1997 3291 2063 audiatur,
3337 2006 3557 2066 quanta-

1988 2106 2218 2160 cumque
2244 2091 2537 2161 granditatc
2559 2090 2803 2145 dictionis
2826 2090 2995 2160 majus
3023 2089 3227 2158 pondus
3254 2090 3357 2142 vita
3378 2088 3527 2142 dicen
3545 2118 3558 2127 -

1990 2182 2076 2234 tis.
2100 2181 2230 2235 Nam
2260 2182 2345 2250 qui
2370 2182 2633 2247 sapienter
2654 2189 2701 2234 et
2730 2181 3042 2248 eloquenter
3061 2178 3209 2245 dicit,
3231 2178 3359 2234 vivit
3384 2190 3557 2231 autem

1990 2273 2250 2343 nequiter,
2296 2274 2469 2327 erudit
2494 2273 2702 2342 quidem
2745 2273 2936 2325 multos
2985 2270 3220 2326 discendi
3274 2270 3556 2333 studiosos,

1990 2367 2227 2437 quamvis
2263 2368 2443 2420 anima:
2481 2382 2586 2419 sua:
2627 2366 2691 2419 sit
2728 2364 2918 2418 inutilis
2956 2363 3140 2435 (Ecclt'.
3192 2378 3399 2425 xxxvii,
3446 2361 3558 2430 2‘2),

1990 2461 2125 2515 sicut
2142 2460 2393 2528 scriptum
2418 2468 2498 2513 est
2523 2460 2564 2513 ¹.
2595 2456 2744 2513 Unde
2771 2459 2842 2511 ait
2866 2470 2915 2511 ct
2945 2456 3227 2525 Apostolus
3251 2473 3262 2508 :
3289 2456 3405 2509 Sive
3420 2472 3557 2509 acerb

1989 2555 2147 2617 sione,
2181 2553 2279 2606 sive
2322 2553 2542 2617 ueritate,
2584 2551 2813 2605 Christus
2857 2550 3176 2603 annuntictur
3211 2549 3468 2620 (Philipp.
3524 2564 3559 2613 ι,

1991 2646 2101 2713 18).
2133 2642 2372 2699 Christus
2400 2657 2573 2698 autem
2594 2645 2787 2699 veritas
2815 2653 2895 2697 est
2914 2684 2929 2709 ,
2958 2651 3011 2698 et
3034 2652 3207 2697 tamen
3251 2642 3408 2696 etiam
3454 2656 3558 2693 non

1990 2739 2212 2791 veritate
2237 2736 2536 2790 annuntiari
2566 2736 2759 2789 veritas
2793 2744 2992 2804 potest;
3022 2735 3073 2789 id
3104 2746 3201 2802 est,
3238 2744 3293 2788 ut
3320 2748 3480 2803 pravo
3508 2744 3559 2787 ct

1991 2827 2166 2883 fallaci
2193 2828 2381 2891 corde,
2418 2843 2533 2897 quae
2571 2836 2709 2881 recta
2752 2836 2801 2883 et
2846 2844 2969 2881 vera
3003 2837 3156 2895 sunt,
3188 2826 3556 2896 praedicentur.

1992 2922 2079 2975 Sic
2104 2922 2298 2992 quippe
2328 2922 2669 2975 annuntiatur
2693 2920 2843 2975 Jesus
2868 2918 3111 2974 Christus
3152 2920 3217 2973 ab
3251 2920 3328 2973 eis
3355 2919 3440 2987 qui
3470 2933 3561 2973 sua

1993 3021 2250 3081 (μίξει-ωλι,
2277 3030 2379 3067 non
2410 3028 2524 3082 qua:
2557 3012 2681 3066 Jesu
2728 3012 2940 3069 Christi.
2989 3010 3091 3066 Sed
3142 3009 3387 3080 quoniam
3438 3009 3561 3063 boni

1993 3103 2181 3158 ﬁdeles
2202 3118 2305 3163 non
2328 3103 2614 3172 quemlibet
2640 3101 2932 3164 hominum,
2962 3100 3053 3154 sed
3080 3101 3250 3170 ipsum
3282 3100 3562 3154 Dominum

1994 3196 2301 3249 obedienter
2330 3195 2570 3259 audiunt,
2598 3194 2685 3263 qui
2715 3192 2807 3259 ait,
2844 3192 2969 3255 Quae
2998 3193 3188 3255 dicunt,
3236 3192 3415 3261 facile;
3454 3208 3561 3259 qua:

1994 3301 2158 3342 autem
2178 3290 2387 3355 feriunt,
2416 3292 2577 3356 facere
2600 3287 2749 3340 nolite
2770 3286 2971 3339 :dicuut
2994 3285 3141 3349 enim,
3166 3293 3325 3337 etnon
3343 3284 3561 3351 faciunt,"

1994 3379 2114 3433 ideo
2139 3378 2421 3432 audiuntur
2445 3376 2660 3443 utiliter,
2698 3377 2783 3445 qui
2819 3377 2977 3429 etiam
3004 3376 3199 3428 utiliter
3236 3390 3338 3427 non
3382 3384 3561 3443 agunt.

1992 3469 2096 3524 Sua
2126 3472 2264 3525 enim
2292 3485 2527 3539 quatrere
2555 3469 2793 3533 student,
2827 3468 2920 3521 sed
2956 3482 3047 3520 sua
3090 3466 3280 3521 docere
3321 3480 3427 3520 non
3469 3482 3562 3519 au-

1994 3561 2138 3625 dent,
2197 3562 2263 3613 de
2308 3561 2424 3614 loco
2456 3560 2653 3613 scilicet
2691 3559 2963 3627 superiore,
3002 3557 3142 3613 sedis
3175 3557 3559 3615 ecclesiasticae,

1995 3669 2149 3723 quam
2179 3670 2302 3708 sana
2330 3654 2567 3707 doctrina
2592 3652 2879 3707 constituit.
2912 3651 3132 3721 Propter
3158 3649 3295 3719 quod
3323 3650 3433 3717 ipse
3460 3649 3564 3703 Βο-

1995 3747 2169 3801 minus
2210 3746 2512 3816 priusquam
2564 3744 2631 3799 de
2680 3745 2887 3807 talibus,
2939 3743 3078 3814 quod
3131 3742 3563 3809 commemoravi,

1994 3836 2213 3902 diceret,
2261 3837 2550 3904 prazmisit,
2595 3834 2761 3905 Super
2799 3835 3089 3891 cathedram
3134 3833 3299 3905 Moysi
3334 3832 3565 3888 sederunt

1996 3925 2205 3999 (Matth.
2239 3942 2402 3991 XXIII,
2428 3926 2480 3989 2,
2512 3912 2587 3995 3).
2634 3926 2720 3979 Illa
2763 3941 2888 3995 ergo
2928 3925 3196 3988 cathedra,
3238 3940 3340 3979 non
3380 3939 3563 3980 eorum

1994 4018 2089 4073 sed
2114 4016 2298 4088 Moysi,
2331 4017 2551 4085 cogehat
2579 4032 2668 4069 eos
2690 4016 2825 4079 bona
2852 4016 3027 4069 dicere
3048 4056 3061 4081 ,
3099 4016 3255 4069 etiam
3292 4030 3395 4070 non
3426 4014 3563 4069 bona

1995 4108 2265 4160 facientes.
2293 4107 2530 4175 Agebant
2558 4122 2682 4173 ergo
2708 4122 2798 4159 sua
2828 4107 2878 4159 in
2900 4105 2999 4157 vita
3024 4121 3148 4171 sua;
3172 4104 3363 4162 docere
3388 4115 3562 4161 autem

1994 4212 2087 4252 sua
2106 4239 2118 4262 ,
2150 4196 2399 4250 cathedra
2426 4198 2542 4249 illos
2570 4214 2668 4249 non
2696 4178 3031 4267 permittebat
3060 4196 3248 4249 aliena.

2068 4288 2154 4343 60.
2196 4287 2369 4343 Multis
2397 4289 2572 4357 itaque
2598 4296 2819 4357 prosunt
2839 4287 3060 4341 dicendo
3077 4303 3190 4357 quae
3213 4303 3316 4341 non
3335 4286 3565 4351 faciunt;

1997 4382 2087 4436 sed
2116 4382 2271 4451 longe
2308 4381 2544 4452 pluribus
2571 4380 2881 4448 prodessent
2920 4378 3156 4433 faciendo
3199 4394 3315 4448 quae
3364 4380 3563 4434 dicunt.

1997 4472 2283 4527 Abundaut
2306 4472 2444 4526 enim
2487 4471 2572 4540 qui
2613 4471 2764 4524 malae
2797 4471 2916 4523 vitae
2956 4484 3065 4523 sure
3104 4469 3462 4524 defensionem
3503 4486 3584 4524 ex

1998 4565 2127 4633 ipsis
2154 4564 2262 4617 suis
2291 4562 2584 4631 praepositis
2624 4570 2678 4614 et
2705 4559 3009 4615 doctoribus
3047 4568 3305 4631 quierant,
3351 4568 3567 4629 respon-

2001 4655 2191 4711 dentes
2220 4654 2378 4709 corde
2403 4668 2519 4717 suo,
2549 4660 2640 4704 aut
2666 4651 2822 4705 etiam
2848 4651 2890 4705 si
2912 4648 2977 4704 ad
3008 4650 3108 4705 hoc
3136 4659 3452 4720 erumpunt,
3480 4668 3571 4711 ore

2003 4763 2119 4813 suo,
2150 4746 2305 4814 atque
2334 4742 2571 4797 dicentes
2602 4760 2614 4795 ι
2649 4738 2803 4809 Quod
2845 4742 2971 4795 milii
3024 4742 3282 4812 principis,
3322 4758 3417 4797 cur
3461 4746 3571 4813 ipse

2004 4853 2107 4893 neu
2132 4833 2291 4890 laets?
2315 4834 2390 4889 lta
2419 4828 2476 4887 ﬁt
2503 4846 2558 4886 ut
2583 4849 2701 4887 eum
2732 4850 2833 4886 non
2865 4834 3179 4887 obedienler
3205 4834 3450 4899 audiant,
3484 4838 3571 4905 qui

2003 4944 2062 4984 se
2090 4930 2203 4997 ipse
2221 4942 2327 4981 non
2349 4925 2513 4989 audit,
2545 4933 2598 4979 et
2613 4925 2707 4979 Dei
2733 4925 2951 4979 verbum
2973 4926 3110 4995 quod
3137 4926 3213 4980 eis
3232 4926 3569 4999 pt'tedicatut‘,

2069 5125 2085 5156 ι
2111 5123 2229 5171 Editi
2252 5134 2263 5183 ;
2291 5120 2415 5183 sicut
2440 5118 2668 5183 scriptum
2689 5126 2755 5183 est
2773 5154 2787 5181 ,
2821 5119 2996 5183 scriqu
3018 5127 3062 5183 et
3092 5119 3318 5183 I’Itariswi
3341 5121 3390 5172 in
3413 5124 3574 5174 cathe-

2006 5185 2099 5251 dra
2116 5182 2519 5251 ttioytsiscdcrym.
2537 5178 2666 5251 'Qme
2678 5178 2858 5251 (flabit,
2883 5178 3053 5251 [(chte;
3069 5182 3185 5251 duae,
3197 5180 3353 5251 autem
3363 5185 3572 5251 faciunt,

2006 5248 2163 5356 gerere
2186 5242 2325 5293 nolite
2354 5256 2370 5292 :
2396 5242 2559 5292 dicunt
2588 5242 2740 5301 enim,
2767 5248 2810 5293 et
2830 5256 2923 5292 non
2944 5242 3138 5305 facium.
3166 5244 3309 5295 Abest
3338 5242 3399 5294 ai)
3420 5242 3573 5297 orn-ni;

2040 5321 2097 5356 us
2118 5314 2222 5354 Mss.
2250 5307 2352 5353 llth
2373 5306 2621 5356 scrirturte
2652 5304 2923 5356 sententia,
2958 5305 3083 5353 hunc
3118 5305 3165 5352 in
3197 5304 3378 5356 locum.
3419 5310 3573 5356 onina-

2040 5321 2097 5356 us
2118 5314 2227 5370 Mss.
2250 5307 2352 5370 haec
2373 5306 2621 5366 scriyturte
2652 5304 2925 5370 sententia,
2958 5305 3083 5370 hunc
3118 5305 3165 5352 in
3195 5304 3378 5370 locum,
3419 5310 3576 5370 opina-

2006 5378 2194 5432 nanrur,
2218 5367 2425 5432 immissa
2452 5360 2644 5432 propter
2666 5360 2940 5432 clausultnn‘,
2969 5364 3090 5432 sicut
3108 5360 3337 5432 scriptum
3360 5360 3577 5432 esu-qua:

2006 5428 2264 5492 referenda
2281 5427 2436 5479 fuerat
2457 5428 2514 5492 ad
2538 5426 2865 5492 praecedentia
2880 5428 3028 5478 verba
3051 5440 3111 5477 ex
3134 5426 3273 5492 Ecdi.
3298 5426 3576 5492 XXIam-22,

2007 5492 2089 5539 ubi
2114 5489 2323 5553 legitur,
2350 5495 2425 5537 list
2460 5487 2733 5553 virastutus
2768 5487 3021 5553 multorum
3054 5488 3295 5550 eruditor,
3331 5498 3377 5542 et
3405 5487 3578 5545 (ιηὶηιιέ

2008 5564 2109 5601 sua?
2143 5547 2471 5615 inutilisrst:
2507 5551 2554 5615 in
2591 5550 2783 5611 antiqua
2825 5547 3033 5615 lection‘e
3072 5564 3255 5615 grieca,
3282 5547 3408 5615 quae
3452 5568 3579 5605 nunc

2013 5611 2439 5677 exstat,achréstos
2462 5610 2598 5677 estut,
2613 5610 2814 5677 proque
2833 5610 2991 5677 latinae
3014 5610 3249 5677 versionis
3268 5610 3475 5677 vulgata":
3499 5638 3558 5675 au

2009 5683 2112 5725 ctor
2134 5671 2349 5739 legebat,
2376 5671 2581 5741 cln'éstos
2601 5671 2625 5721 ί
2640 5671 3266 5741 quandoquidqm“reddidit
3279 5716 3293 5741 ,
3313 5671 3468 5733 ,ςιᾷιυέδ
3488 5671 3559 5735 es}

2012 5723 2121 5803 qua:
2138 5723 2232 5784 una
2257 5723 2357 5783 erat
2380 5734 2525 5803 lectio
2542 5736 2588 5803 in
2608 5723 2709 5781 tias.
2732 5723 2905 5803 nostris
2924 5732 3099 5795 Bibliis,
3124 5723 3214 5789 ubi
3233 5723 3578 5801 5'a’iﬁ'iB'Fini:

2015 5801 2082 5848 sis
2101 5806 2309 5860 utraque
2329 5799 2611 5860 cuminctim
2634 5799 2891 5854 reperitur.
