4056 6464
464 323 568 381 H9

462 437 617 493 simul
664 449 784 490 cum
833 434 949 506 ipso
999 434 1342 504 praedicatum
1389 436 1750 487 contemnant.
1802 425 2037 497 Denique

461 527 750 600 Apostolus
799 527 1036 582 scribens
1087 527 1151 582 ad
1201 525 1571 591 Timotheum,
1619 535 1739 578 cum
1789 518 2032 583 dixisset,

462 622 628 676 Nemo
672 621 1058 676 adolescentiam
1096 629 1234 674 tuam
1275 624 1590 681 contemnat;
1629 611 1852 684 subjecit
1892 611 2033 666 unde

460 731 566 771 non
594 723 1023 770 contemneretur
1045 755 1061 781 ,
1092 723 1249 785 atque
1273 713 1344 766 ait
1376 728 1388 766 :
1424 709 1530 765 Sed
1574 711 1750 780 forma,
1776 715 1878 761 esto
1908 706 2035 774 ﬁde-

459 810 585 864 lium
610 811 664 863 in
682 824 930 874 sermone,
953 808 1004 860 in
1023 806 1410 868 conversatione,
1438 803 1491 856 in
1520 801 1800 863 dilectione,
1830 799 1883 852 in
1910 796 2030 867 ﬁde,

458 911 512 949 in
541 894 771 948 castitate
799 891 841 966 (Ι
872 892 1001 945 Tim.
1033 909 1104 958 tv,
1133 890 1242 962 η).

456 985 682 1042 CAPUT
722 984 960 1040 XXVIII.
999 1013 1070 1024 —-
1115 981 1324 1037 Veritati
1359 981 1521 1050 potius
1560 994 1709 1050 quam
1735 975 1894 1030 verbis
1919 981 2032 1028 stu-

739 1077 976 1131 dendum.
1011 1074 1182 1128 Verbis
1206 1071 1502 1126 contendere
1518 1070 1639 1142 quid
1659 1069 1741 1123 sit.
1839 1103 1844 1106 -

526 1169 616 1226 6i.
657 1169 799 1224 Talis
826 1169 1010 1223 doctor
1039 1176 1095 1220 ut
1129 1166 1438 1220 obedienter
1475 1163 1738 1228 audiatur,
1780 1174 1888 1216 non
1926 1159 2030 1214 im-

454 1263 715 1332 pudenter
752 1279 855 1318 non
886 1262 1054 1316 solum
1091 1259 1351 1314 submisse
1389 1272 1453 1314 ac
1484 1263 1777 1327 temperate
1800 1296 1815 1320 ,
1845 1268 2028 1308 verum

456 1356 616 1411 etiam
648 1355 918 1426 granditer
943 1354 1085 1415 dicit.
1115 1353 1234 1423 quia
1264 1367 1366 1406 non
1397 1349 1866 1420 contemptibiliter
1880 1347 2026 1401 vivit.

455 1449 543 1503 Sic
564 1462 790 1517 namque
811 1447 956 1516 eligit
983 1446 1173 1500 bonam
1196 1445 1355 1498 vitam
1379 1485 1393 1508 ,
1428 1452 1482 1496 ut
1516 1442 1673 1496 etiam
1703 1441 1894 1496 bonam
1923 1453 2025 1492 non

454 1543 678 1610 negligat
710 1540 923 1606 famam,
953 1539 1042 1593 sed
1070 1539 1344 1609 provideat
1363 1539 1498 1592 bona
1522 1549 1701 1591 coram
1724 1534 1836 1589 Deo
1861 1541 1913 1588 et
1933 1532 2028 1586 ho-

453 1635 679 1687 minibus
706 1632 774 1703 (II
797 1632 912 1687 Cor.
945 1649 1036 1686 Vlll
1059 1675 1072 1698 ,
1104 1633 1195 1700 2i)
1224 1673 1238 1698 ,
1269 1639 1520 1701 quantum
1545 1636 1756 1698 potest,
1786 1627 1931 1681 illum
1965 1627 2026 1680 ti-

449 1725 662 1790 mendo,
696 1726 776 1778 his
801 1723 1144 1779 consulendo.
1167 1721 1223 1777 In
1250 1723 1365 1793 ipso
1396 1723 1555 1776 etiam
1594 1733 1842 1775 sermone
1881 1718 2029 1772 malit

449 1817 608 1871 rebus
638 1817 849 1886 placere
878 1831 1033 1885 quam
1064 1816 1241 1870 verbis
1265 1831 1278 1879 ;
1309 1831 1407 1870 nec
1430 1814 1658 1868 aestimet
1685 1811 1788 1868 dici
1813 1812 2022 1877 melius,

448 1910 549 1964 nisi
593 1910 731 1980 quod
758 1908 955 1963 dicitur
984 1908 1194 1972 verius;
1239 1921 1336 1961 nec
1365 1906 1550 1960 doctor
1585 1904 1763 1960 verbis
1789 1903 1985 1959 serviat
2009 1944 2024 1968 ,

448 2004 541 2058 sed
571 2004 728 2058 verba
755 2003 979 2057 doctori.
1011 2001 1121 2056 Hoc
1149 2010 1232 2055 est
1259 2002 1396 2055 enim
1423 1999 1564 2070 quod
1594 1998 1880 2069 Apostolus
1908 1997 1982 2050 ait
2011 2013 2023 2048 :

451 2095 570 2148 Non
599 2097 649 2148 in
670 2095 916 2166 sapientia
935 2095 1089 2156 verbi,
1120 2111 1181 2147 ne
1201 2102 1463 2148 evacuetur
1482 2109 1608 2146 crus:
1626 2090 1812 2146 Christi
1837 2089 1878 2160 (I
1905 2087 2022 2144 Cor.

446 2203 485 2253 ι,
514 2187 624 2256 I7).
657 2186 736 2240 Ad
777 2186 880 2242 hoc
899 2187 1041 2240 valet
1073 2187 1231 2240 etiam
1257 2185 1396 2255 quod
1428 2184 1501 2238 ait
1529 2182 1595 2237 ad
1639 2180 1976 2237 Timotheum
2007 2197 2020 2234 :

447 2276 576 2331 Noli
591 2276 748 2330 verbis
774 2277 1104 2341 contendere;
1125 2275 1193 2328 ad
1227 2275 1355 2328 nihil
1373 2275 1503 2327 enim
1531 2273 1653 2327 utile
1695 2279 1787 2340 est,
1817 2272 1912 2326 nisi
1957 2271 2026 2325 ad

445 2369 815 2423 subversionem
839 2367 1150 2422 audientium
1174 2366 1243 2436 (II
1262 2365 1401 2444 ‘Tim.
1433 2381 1470 2420 ιι
1489 2407 1504 2431 ,
1535 2362 1645 2438 II).
1675 2364 1854 2434 Neque
1881 2364 2022 2416 enim

443 2462 546 2516 hoc
567 2462 686 2516 ideo
715 2463 910 2517 dictum
932 2469 1034 2528 est,
1061 2470 1119 2515 ut
1144 2459 1460 2516 adversariis
1484 2457 1903 2529 oppugnantibus
1925 2472 2018 2512 ve-

444 2556 679 2622 ritatem,
711 2554 841 2609 nihil
871 2569 968 2609 nos
1003 2570 1099 2624 pro
1126 2554 1349 2608 veritate
1378 2553 1634 2606 dicamus.
1685 2552 1752 2605 Et
1795 2552 1880 2605 ubi
1921 2551 2024 2605 erit

441 2645 582 2715 quod
608 2661 728 2699 cum
749 2645 1056 2700 ostenderet
1075 2645 1242 2714 qualis
1272 2658 1392 2698 esse
1416 2643 1696 2712 episcopus
1714 2641 1924 2704 debeat,
1952 2641 2026 2695 ait

442 2738 584 2792 inter
604 2743 797 2792 caetera
831 2755 845 2792 :
882 2735 948 2791 Ut
975 2745 1149 2808 potens
1173 2736 1236 2790 sit
1251 2737 1306 2790 in
1327 2735 1556 2789 doctrina
1579 2751 1704 2788 sana
1742 2744 1788 2786 et
1823 2742 2021 2786 contra-

441 2831 661 2886 dicentes
680 2831 983 2902 redarguere
1004 2829 1131 2902 (Tit.
1154 2847 1193 2895 1,
1207 2829 1290 2902 9)?
1307 2828 1496 2884 Verbis
1515 2828 1655 2884 enim
1673 2826 2017 2892 contendere,

443 2932 529 2979 est
552 2938 661 2978 non
685 2937 872 2978 curare
897 2923 1163 2994 quomodo
1187 2937 1339 2977 error
1367 2921 1588 2976 veritate
1622 2920 1861 2974 vincatur
1878 2959 1895 2985 ,
1927 2917 2020 2973 sed

441 3013 708 3084 quomodo
732 3022 818 3069 tua
847 3014 1006 3069 dictio
1031 3013 1246 3069 dictioni
1267 3012 1577 3083 praeferatur
1590 3010 1828 3066 alterius.
1854 3009 2022 3063 Porro

441 3109 530 3179 qui
561 3122 669 3162 non
698 3107 874 3162 verbis
898 3106 1189 3170 contendit,
1221 3106 1333 3160 sive
1356 3105 1616 3159 submisse
1637 3146 1651 3171 ,
1675 3103 1787 3160 sive
1815 3111 2019 3172 tempe-

440 3208 577 3268 rate,
607 3200 719 3255 sive
743 3198 1014 3270 grauditer
1037 3196 1196 3262 dicat,
1212 3197 1262 3251 id
1291 3197 1400 3267 agit
1421 3196 1595 3250 verbis
1620 3205 1679 3250 ut
1702 3195 1896 3249 veritas
1922 3208 2019 3263 pa-

439 3301 570 3358 teat,
612 3292 805 3348 veritas
833 3292 1066 3362 placeat,
1097 3290 1290 3346 veritas
1331 3295 1575 3352 moveat;
1626 3286 1874 3357 quoniam
1924 3299 2022 3339 nec

438 3385 573 3455 ipsa,
607 3399 723 3455 qute
748 3385 998 3456 praecepti
1017 3385 1138 3437 linis
1152 3391 1205 3438 et
1225 3382 1495 3453 plenitudo
1516 3381 1670 3451 Legis
1685 3389 1767 3435 est
1790 3379 2020 3434 Charitas

439 3477 483 3550 (Ι
506 3477 636 3532 Tim.
671 3495 706 3543 ι,
730 3478 797 3544 5;
825 3489 870 3532 et
888 3478 1036 3533 Rom.
1069 3493 1184 3542 xm,
1215 3475 1340 3548 I0),
1370 3475 1477 3530 ullo
1519 3474 1678 3530 modo
1715 3483 1862 3529 recta
1901 3487 2020 3528 esse

436 3581 632 3642 potest,
664 3573 709 3628 si
739 3587 800 3628 ea
827 3588 942 3644 qua:
968 3571 1273 3643 diliguntur,
1303 3585 1405 3623 non
1429 3583 1572 3634 vera,
1605 3567 1699 3624 sed
1722 3566 1850 3622 falsa
1873 3576 2016 3622 sunt.

436 3663 584 3720 Sicut
609 3674 785 3719 autem
815 3665 965 3736 cujus
1003 3662 1278 3734 pulchrum
1306 3675 1500 3732 corpus
1543 3670 1597 3718 et
1643 3660 1897 3715 deformis
1937 3667 2020 3714 est

437 3758 670 3826 animus,
693 3759 859 3828 magis
884 3756 1143 3812 dolendus
1167 3762 1269 3822 est,
1294 3769 1450 3826 quam
1475 3753 1522 3808 si
1546 3752 1782 3808 deforme
1799 3751 2020 3806 haberet

435 3855 493 3903 et
514 3861 740 3918 corpus;
769 3848 840 3902 ita
862 3848 952 3917 qui
969 3847 1277 3918 eloquenter
1296 3861 1357 3901 ea
1377 3859 1496 3916 quae
1517 3842 1647 3898 falsa
1672 3849 1795 3898 sunt
1813 3841 2014 3906 dicunt,

438 3940 607 4010 magis
635 3938 918 3994 miserandi
948 3946 1103 4006 sunt,
1131 3953 1287 4009 quam
1313 3937 1359 3993 si
1383 3935 1506 3991 talia
1536 3933 1846 3989 deformiter
1873 3933 2018 3987 dice-

439 4039 577 4088 rent.
602 4031 738 4100 Quid
778 4038 860 4085 est
901 4046 1026 4101 ergo
1076 4046 1187 4087 non
1229 4029 1400 4088 solum
1446 4028 1774 4098 eloquenter,
1831 4042 2013 4083 verum

435 4123 594 4178 etiam
618 4122 888 4192 sapienter
907 4121 1102 4188 dicere,
1129 4122 1232 4176 nisi
1258 4120 1415 4176 verba
1445 4120 1500 4173 iu
1526 4119 1792 4174 submisso
1820 4133 2016 4189 genere

433 4215 766 4279 sufﬁcientia,
799 4216 848 4270 in
875 4224 1168 4284 temperato
1198 4213 1550 4284 splendentia,
1575 4213 1627 4266 in
1647 4212 1834 4282 grandi
1854 4211 2016 4266 vehe-

432 4313 665 4376 mentia,
717 4309 857 4366 veris
906 4319 1078 4364 tamen
1117 4307 1297 4372 rebus,
1356 4320 1486 4376 quas
1530 4304 1701 4360 audiri
1748 4311 2009 4374 oporteat,

433 4401 721 4458 adhibere?
748 4401 852 4458 Sed
879 4401 966 4472 qui
993 4408 1272 4470 utrumque
1301 4413 1408 4453 non
1438 4405 1627 4470 potest,
1652 4397 1791 4452 dicat
1811 4397 2017 4466 sapien-

431 4504 514 4550 ter
538 4496 679 4566 quod
704 4510 808 4550 non
837 4495 963 4550 dicit
987 4495 1319 4564 eloquenter,
1354 4493 1528 4564 potius
1552 4506 1708 4563 quam
1737 4492 1876 4546 dicat
1901 4492 2011 4547 elo-

429 4597 653 4659 quenter
677 4586 814 4658 quod
841 4587 969 4641 dicit
993 4586 1323 4656 insipienter.

427 4678 654 4737 CAPUT
688 4677 962 4734 XXIX.——
1008 4676 1130 4732 Non
1159 4676 1443 4746 culpandus
1479 4676 1810 4742 ecclesiastes,
1854 4677 1941 4748 qui
1979 4695 2009 4730 a

386 4783 388 4785 ’
497 4769 734 4844 peritiore
761 4770 912 4823 sumit
937 4769 1275 4840 conscriptum
1301 4767 1569 4837 eloquium,
1598 4767 1732 4839 quod
1760 4767 1828 4821 ad
1853 4783 2006 4837 popu-

498 4863 604 4919 lum
625 4866 868 4935 proferat.

495 4953 553 5012 Si
575 4962 752 5010 autem
779 4969 848 5009 ne
895 4953 994 5008 hoc
1035 4951 1249 5024 quidem
1291 4958 1485 5022 potest,
1537 4953 1604 5006 ita
1640 4960 2002 5017 conversetur,

424 5053 486 5101 ut
509 5061 617 5101 non
661 5045 833 5100 solum
875 5044 972 5098 sibi
1023 5042 1299 5114 praemium
1354 5051 1645 5113 comparet,
1697 5042 1792 5098 sed
1844 5042 2004 5098 etiam

425 5137 662 5210 praebeat
679 5136 797 5192 aliis
823 5134 1149 5206 exemplum,
1176 5143 1230 5190 et
1255 5135 1324 5191 sit
1340 5135 1457 5206 ejus
1477 5135 1623 5206 quasi
1643 5135 1794 5204 copia
1819 5133 2006 5190 dicen-

423 5228 476 5283 di
501 5227 669 5284 forma
692 5225 924 5282 vivendi.

494 5320 584 5376 62.
627 5321 763 5375 Sunt
787 5333 916 5375 sane
951 5319 1161 5390 quidam
1198 5319 1290 5390 qui
1320 5319 1454 5374 bene
1495 5320 1834 5389 pronuntiare
1876 5334 1971 5391 pos

423 5423 569 5480 sunt,
601 5411 726 5483 quid
739 5421 912 5467 autem
932 5412 1292 5482 pronuntient,
1311 5412 1614 5482 excogitare
1631 5427 1734 5465 non
1753 5420 1996 5481 possunt.

423 5502 577 5571 Quod
603 5504 646 5559 si
667 5505 734 5559 ab
759 5504 876 5558 aliis
901 5512 1111 5558 sumant
1128 5503 1437 5572 eloquenter
1469 5503 1838 5573 sapienterque
1869 5518 1969 5559 con

421 5596 697 5665 scriptum,
729 5597 1103 5666 memorimque
1129 5593 1523 5658 commendent,
1551 5600 1709 5664 atque
1736 5593 1802 5648 ad
1828 5609 1995 5664 popu-

421 5691 530 5745 lum
560 5689 864 5760 proferant;
891 5691 933 5745 si
961 5705 1075 5746 eam
1099 5704 1376 5761 personam
1399 5696 1608 5758 gerunt,
1627 5703 1732 5744 non
1754 5687 1993 5758 improbe

421 5785 637 5842 faciunt.
697 5784 786 5841 Sic
835 5785 997 5851 enim,
1040 5780 1181 5852 quod
1232 5778 1469 5851 profecto
1517 5779 1641 5836 utile
1686 5788 1787 5844 est,-
1842 5780 1991 5836 multi

1036 316 1123 373 DE
1160 314 1496 374 DOC'I‘RINA
1535 309 1968 380 CHRIS’I‘IANA,
2010 311 2068 366 S.
2102 311 2464 371 AUGIISTINI
2504 316 2700 373 LIBER
2738 317 3076 389 QUARTUS.

3619 329 3720 388 I90

2145 428 2518 500 praedicatores
2542 435 2777 490 veritatis
2807 435 2956 502 ﬁunt,
3007 452 3103 493 nec
3152 439 3301 495 multi
3349 443 3608 514 magistri,
3665 449 3710 502 si

2145 521 2300 577 unius
2324 524 2434 578 veri
2464 527 2696 597 magistri
2743 528 2969 599 idipsum
3017 529 3198 585 dicant
3243 549 3449 601 omnes,
3499 545 3555 591 et
3608 553 3713 594 non

2144 617 2249 671 sint
2278 619 2328 672 in
2358 619 2436 673 eis
2465 620 2748 676 schismata
2775 623 2793 693 (
2819 621 2974 679 lCor.
3005 640 3051 691 ι,
3086 625 3154 681 I0
3181 625 3220 698 ).
3263 626 3370 683 Nec
3411 627 3716 688 deterrendi

2142 721 2265 765 sunt
2301 711 2388 766 isti
2416 727 2546 768 voce
2593 714 2834 770 Jeremise
2885 717 3175 787 prophetae,
3230 735 3326 789 per
3367 737 3524 792 quem
3573 723 3712 779 Deus

2141 805 2310 874 arguit
2334 820 2426 860 eos
2450 807 2537 875 qui
2561 811 2796 878 furantur
2815 809 2959 862 verba
2979 812 3105 878 ejus,
3133 814 3467 882 unusquisque
3487 833 3519 868 a
3538 819 3712 888 proxi-

2140 911 2222 948 mo
2247 912 2338 949 suo
2367 896 2574 966 (Jerem.
2603 915 2754 965 χχιιι,
2776 898 2888 971 50).
2911 901 3008 969 Qui
3031 904 3171 957 enim
3199 904 3454 972 furantur,
3483 907 3712 964 alienum

2139 988 2412 1055 auferunt;
2442 992 2658 1046 verbum
2687 1001 2863 1048 autem
2895 996 2985 1051 Dei
3009 1012 3112 1051 non
3146 1008 3226 1052 est
3249 999 3318 1053 ab
3347 1000 3424 1056 eis
3448 1000 3708 1070 alienum,

2138 1083 2226 1153 qui
2253 1083 2621 1154 obtemperant
2645 1086 2693 1140 ei
2723 1104 2736 1140 :
2767 1087 3042 1159 potiusque
3083 1090 3169 1146 ille
3216 1091 3345 1146 dicit
3389 1092 3581 1161 aliena,
3623 1095 3712 1165 qui
3749 1129 3766 1154 .

2136 1187 2256 1228 cum
2283 1173 2421 1230 dicat
2445 1175 2597 1241 bene,
2628 1176 2756 1232 vivit
2782 1180 2942 1234 male.
2981 1180 3335 1252 Quaecumque
3384 1184 3526 1238 enim
3571 1183 3712 1241 bona

2137 1265 2284 1330 dicit,
2314 1266 2428 1336 ejus
2447 1269 2730 1339 excogitari
2772 1271 3017 1326 videntur
3058 1273 3292 1343 ingenio,
3341 1274 3435 1328 sed
3483 1277 3552 1331 ab
3597 1275 3712 1346 ejus

2135 1360 2370 1416 moribus
2393 1361 2564 1416 aliena
2584 1371 2725 1417 sunt.
2760 1364 2864 1420 Eos
2887 1364 3064 1434 itaque
3084 1365 3215 1418 dixit
3230 1366 3374 1420 Deus
3401 1365 3561 1421 furari
3586 1383 3709 1422 ver-

2135 1451 2199 1506 ba
2233 1467 2347 1518 sua,
2379 1455 2467 1524 qui
2497 1453 2621 1508 boni
2665 1457 2850 1510 volunt
2901 1457 3087 1522 videri,
3144 1455 3406 1527 loquendo
3450 1473 3568 1528 qua:
3615 1457 3710 1514 Dei

2136 1551 2290 1608 sunt;
2322 1559 2441 1597 cum
2472 1545 2594 1598 mali
2624 1545 2748 1611 sint,
2780 1545 3020 1600 faciendo
3041 1562 3156 1616 quae
3183 1562 3274 1602 sua
3293 1556 3434 1602 sunt.
3459 1548 3568 1604 Nec
3583 1564 3710 1604 sane

2135 1636 2235 1705 ipsi
2262 1636 2443 1691 dicunt
2486 1637 2620 1692 bona
2661 1655 2776 1708 quae
2805 1639 3006 1704 dicunt,
3045 1641 3087 1693 si
3124 1639 3401 1710 diligenter
3447 1641 3706 1696 attendas.

2134 1728 2410 1795 Quomodo
2438 1729 2578 1782 enim
2629 1729 2807 1784 dicunt
2853 1730 3047 1794 verbis,
3092 1730 3233 1800 quod
3284 1739 3479 1801 negant
3518 1732 3708 1786 factis?

2133 1819 2245 1873 Non
2273 1821 2412 1874 enim
2439 1819 2630 1874 frustra
2659 1820 2726 1876 de
2756 1822 2946 1877 talibus
2987 1823 3057 1876 ait
3100 1822 3385 1893 Apostolus
3411 1838 3426 1875 :
3455 1823 3710 1893 Conﬁten-

2133 1918 2215 1964 tur
2239 1927 2292 1966 se
2333 1929 2478 1966 nosse
2512 1912 2694 1980 Deum,
2739 1915 2885 1983 factis
2932 1923 3097 1967 autem
3148 1923 3327 1984 negant
3373 1913 3500 1986 (Tit.
3528 1932 3566 1983 ι,
3593 1915 3706 1988 I6).

2133 2001 2287 2056 Modo
2308 2017 2434 2074 ergo
2459 2003 2686 2073 quodam
2713 2004 2813 2074 ipsi
2841 2005 3048 2068 dicunt,
3087 2013 3140 2058 et
3184 2020 3370 2060 rursus
3412 2006 3517 2060 alio
3550 2006 3709 2062 modo

2132 2108 2238 2147 non
2270 2093 2371 2162 ipsi
2395 2094 2596 2158 dicunt,
2640 2095 2888 2165 quoniam
2929 2104 3208 2166 utrumque
3241 2112 3422 2151 verum
3454 2106 3536 2155 est
3568 2099 3709 2168 quod

2131 2184 2340 2239 Veritas
2363 2187 2455 2240 ait.
2493 2187 2570 2243 De
2612 2187 2803 2242 talibus
2853 2189 2992 2242 enim
3042 2188 3283 2260 loquens,
3337 2189 3464 2255 Quae
3509 2192 3704 2258 dicunt,

2132 2277 2319 2349 inquit,
2348 2280 2532 2348 facite;
2557 2293 2670 2349 quia
2707 2289 2870 2333 autem
2903 2281 3112 2350 faciunt,
3153 2284 3319 2352 facere
3359 2280 3558 2348 nolite;
3607 2281 3710 2336 hoc

2131 2371 2407 2438 esI,Quod
2452 2388 2516 2425 ex
2569 2387 2662 2427 ore
2706 2372 2916 2426 illorum
2964 2373 3174 2436 auditis,
3227 2373 3416 2440 facite;
3472 2375 3613 2446 quod
3656 2376 3708 2432 in

2131 2478 2296 2531 opere.
2317 2462 2535 2526 videtis,
2569 2462 2742 2518 facere
2775 2463 2939 2519 nolite
2972 2483 2982 2515 :
3026 2465 3201 2518 dicunt
3239 2466 3394 2531 enim,
3428 2467 3619 2537 inquit,
3664 2477 3711 2522 et

2130 2569 2231 2606 non
2261 2554 2452 2624 faciunt
2484 2553 2692 2625 (Matth.
2725 2571 2873 2619 mn,
2901 2555 2979 2626 ὅ).
3015 2557 3151 2627 Ergo
3185 2559 3426 2627 quamvis
3477 2574 3585 2614 non
3627 2559 3710 2615 fa-

2129 2643 2291 2708 ciant,
2341 2643 2522 2697 dicunt
2559 2653 2756 2699 tamen.
2789 2645 2892 2700 Sed
2935 2646 3038 2701 alio
3092 2648 3210 2702 loco
3265 2649 3705 2721 talesarguens:

2133 2734 2451 2806 Hypocritw,
2483 2738 2670 2808 inquit,
2701 2741 2948 2809 quomodo
2975 2744 3176 2811 potestis
3207 2743 3335 2798 bona
3384 2745 3540 2816 loqui,
3593 2762 3708 2801 cum

2128 2829 2236 2882 sitis
2265 2829 2387 2883 mali
2409 2829 2517 2901 (Id.
2547 2847 2640 2896 xu,
2673 2830 2801 2904 34)?
2826 2833 2903 2887 Ac
2929 2849 3023 2902 per
3045 2835 3144 2888 hoc
3163 2844 3217 2889 et
3245 2850 3308 2891 ea
3341 2851 3458 2906 quae
3493 2837 3704 2905 dicunt,

2129 2920 2343 2990 quando
2372 2921 2508 2975 bona
2535 2920 2734 2991 dicunt,
2761 2938 2864 2978 non
2897 2925 2993 2994 ipsi
3023 2925 3236 2993 dicunt,
3264 2926 3536 2984 voluntate
3565 2928 3708 2984 scili-

2128 3019 2216 3066 cet
2237 3020 2395 3082 atque
2419 3029 2578 3082 opere
2599 3014 2840 3085 negando
2865 3015 3006 3086 quod
3031 3015 3232 3071 dicunt.
3263 3017 3414 3096 Unde
3450 3021 3707 3091 contingit

2129 3110 2187 3158 ut
2215 3103 2375 3158 homo
2401 3105 2632 3159 disertus
2678 3115 2732 3160 et
2764 3107 2957 3174 malus,
3008 3123 3308 3165 sermonem
3359 3126 3465 3181 quo
3510 3113 3707 3168 veritas

2063 3195 2066 3210 ⁵
2126 3195 2477 3267 praedicetur,
2507 3196 2786 3268 dicendum
2824 3198 2888 3253 ab
2922 3199 3025 3252 alio
3047 3214 3152 3254 non
3179 3200 3376 3256 diserto
3401 3202 3493 3257 sed
3526 3202 3664 3257 bono
3689 3245 3706 3271 ,

2126 3287 2241 3358 ipse
2261 3297 2576 3357 componat;
2619 3288 2760 3358 quod
2791 3303 2908 3343 cum
2954 3290 3029 3354 fit,
3087 3290 3200 3360 ipse
3249 3307 3278 3345 a
3324 3292 3502 3362 seipso
3548 3292 3707 3352 tradit

2125 3379 2378 3447 alienum,
2406 3379 2490 3434 ille
2514 3379 2582 3435 ab
2605 3381 2778 3435 alieno
2805 3382 2996 3454 accipit
3027 3397 3204 3437 suum.
3233 3382 3369 3438 Cum
3409 3400 3536 3441 vero
3573 3385 3702 3442 boni

2126 3470 2307 3526 fideles
2328 3471 2484 3526 bonis
2505 3469 2747 3526 fidelibus
2769 3471 2907 3527 hanc
2932 3488 3148 3544 Operam
3169 3475 3506 3531 commodant
3527 3518 3541 3543 ,
3576 3478 3705 3532 utri-

2126 3579 2229 3636 que
2253 3580 2349 3619 sua
2372 3564 2554 3620 dicunt
2584 3580 2598 3616 :
2625 3566 2745 3637 quia
2775 3573 2830 3622 et
2853 3566 2994 3622 Deus
3019 3568 3254 3638 ipsorum
3285 3578 3386 3638 est,
3411 3571 3560 3640 cujus
3579 3581 3704 3626 sunt

2127 3657 2216 3710 illa
2246 3672 2364 3726 qum
2385 3655 2596 3722 dicunt;
2620 3665 2751 3712 etea
2772 3673 2866 3713 sua
2883 3658 3101 3726 faciunt,
3133 3674 3250 3729 quae
3279 3675 3386 3715 non
3414 3661 3513 3731 ipsi
3550 3677 3700 3718 com-

2124 3763 2325 3817 ponere
2390 3757 2714 3820 potuerunt,
2771 3751 2859 3820 qui
2923 3750 3212 3807 secundum
3269 3751 3360 3807 illa
3409 3754 3703 3824 composite

2120 3839 2322 3894 vivunt.

2121 3981 2350 4041 CAPUT
2388 3983 2562 4041 XXX.
2583 4014 2658 4029 —
2693 3985 3028 4042 Concionator
3051 3987 3325 4058 iit-amittat
3343 3987 3616 4044 orationem
3631 3991 3701 4044 ad

2817 4075 2997 4136 Deum.

2191 4212 2280 4268 65.
2323 4212 2448 4268 Sive
2472 4220 2650 4268 autem
2695 4214 2834 4284 apud
2862 4215 3112 4285 populum
3136 4215 3221 4270 vel
3245 4214 3388 4287 apud
3429 4216 3698 4287 quoslibet

2113 4303 2440 4374 jamjamque
2471 4303 2729 4370 dicturus,
2760 4305 2871 4360 sive
2901 4306 3039 4375 quod
3071 4306 3210 4377 apud
3239 4307 3490 4378 populum
3512 4308 3696 4364 dicen-

2118 4395 2243 4450 dum
2271 4395 2356 4452 vel
2383 4395 2450 4450 ab
2478 4396 2556 4451 eis
2577 4396 2668 4466 qui
2695 4396 2958 4451 voluerint
2979 4406 3067 4451 aut
3097 4399 3367 4466 potuerint
3389 4399 3692 4472 legendum,

2117 4497 2199 4543 est
2222 4488 2548 4554 dictaturas;
2573 4496 2690 4542 oret
2715 4496 2771 4541 ut
2796 4489 2934 4542 Deus
2961 4502 3262 4545 sermonem
3294 4490 3492 4546 bonum
3517 4491 3610 4548 det
3637 4492 3692 4548 In

2116 4595 2177 4635 os
2201 4580 2334 4650 ejus.
2367 4579 2424 4634 Si
2454 4580 2594 4633 enim
2626 4579 2805 4651 regina
2825 4579 2995 4635 oravit
3019 4580 3230 4648 Esther,
3260 4597 3356 4652 pro
3384 4597 3495 4639 suae
3519 4583 3692 4655 gentis

2116 4670 2435 4742 temporaria
2461 4671 2631 4727 salute
2664 4671 2904 4727 locutura
2929 4672 3068 4743 apud
3095 4688 3272 4744 regem
3293 4715 3308 4739 ,
3337 4675 3471 4730 utin
3498 4689 3556 4730 os
3575 4674 3693 4746 ejus

2116 4765 2257 4820 Deus
2276 4778 2572 4834 congruum
2607 4777 2910 4819 sermonem
2943 4764 3098 4821 daret
3129 4763 3363 4838 (Esther.
3395 4783 3521 4836 xrv,
3545 4766 3687 4842 I5);

2064 4928 2066 4932 τ
2112 4865 2308 4927 quanto
2338 4858 2506 4926 magis
2543 4871 2698 4912 orare
2737 4855 2917 4924 debet,
2950 4865 3008 4911 ut
3046 4856 3149 4912 tale
3195 4872 3388 4912 munus
3442 4859 3686 4931 accipiat,

2109 4951 2198 5020 qui
2228 4964 2325 5018 pro
2353 4957 2551 5004 aeterna
2582 4948 2852 5004 hominum
2891 4949 3062 5005 salute
3101 4950 3152 5003 in
3179 4949 3342 5004 verbo
3368 4957 3423 5007 et
3445 4951 3687 5009 doctrina
3776 4968 3780 4972 '

2109 5042 2452 5098 Iaborat‘LIlIi
2488 5056 2614 5096 vero
2647 5042 2735 5112 qui
2773 5056 2835 5096 ea
2877 5041 3064 5095 dicturi
3119 5050 3241 5095 sunt
3285 5057 3404 5113 quae
3451 5042 3518 5099 ab
3569 5044 3688 5102 aliis

2110 5141 2448 5204 acceperunt,
2491 5140 2546 5187 et
2577 5140 2860 5202 antequam
2894 5132 3171 5202 accipiant,
3207 5142 3362 5190 orent
3399 5149 3500 5208 pro
3531 5137 3610 5192 eis
3653 5151 3684 5191 a

2108 5227 2301 5299 quibus
2319 5226 2606 5296 accipiunt,
2637 5234 2697 5280 ut
2723 5225 2802 5281 eis
2827 5224 2981 5280 detur
3008 5226 3147 5296 quod
3178 5241 3273 5297 per
3307 5243 3403 5284 eos
3442 5229 3684 5300 accipere

2105 5319 2322 5386 volunt;
2349 5326 2540 5373 etcum
2561 5317 2880 5387 acceperint,
2907 5325 3060 5372 orent
3097 5327 3154 5372 ut
3180 5318 3314 5374 bene
3341 5329 3395 5374 et
3420 5321 3518 5391 ipsi
3553 5336 3681 5390 pro-

2106 5414 2296 5477 ferant,
2325 5419 2380 5467 et
2404 5410 2479 5464 illi
2500 5409 2565 5463 ad
2589 5423 2725 5480 quos
2750 5408 3024 5480 proferunt
3041 5421 3280 5479 sumant;
3303 5413 3435 5470 etde
3460 5429 3681 5485 prospe-

2107 5519 2166 5559 ro
2193 5503 2338 5558 exitu
2369 5499 2616 5556 dictionis
2643 5499 2813 5555 eidem
2861 5502 3060 5572 gratias
3101 5512 3276 5572 agant,
3314 5520 3341 5557 a
3392 5519 3497 5575 quo
3525 5505 3577 5560 id
3620 5519 3679 5560 se

2103 5596 2372 5666 accepisse
2397 5608 2500 5650 non
2529 5591 2772 5648 dubitant
2803 5610 2815 5646 :
2846 5600 2903 5648 ut
2939 5595 3025 5666 qui
3050 5595 3306 5666 gloriatur
3325 5638 3339 5663 ,
3372 5597 3423 5650 in
3451 5596 3541 5652 illo
3564 5597 3680 5668 glo-

2102 5688 2266 5743 rietur
2284 5725 2300 5753 ,
2332 5687 2383 5740 in
2409 5687 2561 5755 cujus
2589 5699 2748 5742 manu
2775 5693 2899 5742 sunt
2924 5694 2980 5741 et
2999 5675 3104 5742 nos
3127 5694 3181 5742 et
3202 5701 3478 5757 sermones
3505 5689 3673 5744 nostri

2101 5779 2258 5850 (Sap.
2286 5794 2387 5847 vn,
2419 5777 2532 5850 I6).
