4056 6464
286 375 384 434 121
1056 381 1144 438 DE
1180 380 1364 438 VERA
1405 380 1789 447 RELIGIONE,
1831 381 1887 440 S.
1931 383 2288 442 AUGUSTINI
2327 386 2528 445 LIBER
2566 388 2765 446 UNUS.

392 491 620 548 CAPUT
657 490 830 546 XXXI
868 523 938 532 —
977 492 1202 548 Excusat
1227 496 1563 564 prolixitatem
1585 496 1738 549 libri.
1973 499 2086 567 Ego
2122 508 2292 552 tamen
2322 499 2428 554 Deo
2453 510 2633 554 nostro
2661 501 2853 571 gratias
2882 515 3011 571 ago,
3040 502 3179 572 quod
3211 503 3261 557 in
3295 502 3375 556 his
3401 519 3534 573 qua-

364 586 455 642 64.
496 586 729 656 Longior
747 587 913 641 evasit
941 587 1074 642 liber
1103 587 1189 642 hic
1208 604 1363 658 quam
1386 590 1652 654 volebam,
1677 605 1862 659 quam-
1972 597 2090 642 tuor
2110 588 2258 642 libris
2291 604 2394 643 non
2435 592 2602 660 qualis
2641 606 2738 661 ego
2767 606 2960 655 essem,
3001 593 3086 645 cui
3125 593 3283 647 multa
3326 593 3536 659 desunt,

283 693 389 748 que
421 686 754 746 putaveram.
786 677 890 732 Sed
919 677 1114 748 legenti
1141 679 1223 733 vel
1261 680 1490 733 audienti
1519 723 1531 746 ,
1559 681 1640 734 cui
1687 691 1866 748 gratus
1971 678 2062 733 sed
2089 680 2256 748 qualis
2279 695 2394 735 esse
2416 681 2622 746 debeat,
2656 682 2743 751 qui
2789 683 2840 735 in
2870 681 3106 736 doctrina
3159 699 3304 747 sana,
3356 685 3408 738 id
3455 694 3538 740 est

285 780 392 834 est,
417 769 606 838 longus
636 785 740 823 non
767 780 849 824 est
878 768 898 822 ε’
923 771 1005 824 cui
1034 780 1209 824 autem
1239 771 1423 839 longus
1445 781 1545 837 est,
1570 788 1663 842 per
1691 781 1866 840 partes
1901 810 1907 815 -
1970 769 2277 836 christiana,
2308 786 2410 825 non
2441 773 2609 826 solum
2637 771 2758 840 sibi,
2803 772 2893 827 sed
2941 774 3098 827 etiam
3129 775 3245 828 aliis
3296 775 3536 830 laborare

283 875 405 913 eum
434 859 592 927 legat,
623 859 711 928 qui
741 857 938 914 habere
967 861 1080 915 vult
1107 862 1402 932 cognitum;
1431 878 1586 932 quem
1616 879 1742 916 vero
1771 877 1862 916 co-
1969 865 2164 930 studet,
2188 866 2664 937 quantulacumque
2689 867 2832 936 potui
2858 865 3104 922 facultate
3126 867 3371 959 disserui.

283 949 544 1020 gnitionis
573 948 688 1018 ejus
725 950 886 1020 piget,
938 949 1004 1005 de
1058 950 1384 1020 longitudine
1436 968 1539 1005 non
1593 962 1862 1022 queratur.

1422 1110 2431 1314 ᾹῊΜΟΝΙΤΙΟ

1095 1389 1186 1445 DE
1223 1389 1584 1459 SEQUENTE
1625 1391 1825 1446 LIBRO
1865 1390 1951 1444 DE
1991 1391 2170 1446 VERA
2213 1391 2576 1448 RELIGIONE
2614 1391 2711 1466 (a).

342 1503 490 1558 inter
509 1504 764 1574 opuscula
789 1521 906 1576 qua:
924 1505 981 1562 S.
1011 1507 1332 1577 Augustinus
1348 1507 1580 1562 nondum
1602 1506 1874 1578 presbyter
1894 1505 2070 1579 (quam
2091 1505 2397 1576 dignitatem
2414 1521 2553 1568 anno
2574 1506 2670 1561 ’591
2696 1505 2916 1575 adeptus
2943 1505 3044 1577 est)
3069 1505 3246 1560 emisit
3260 1505 3310 1560 in
3333 1507 3526 1573 lucem,

275 1606 599 1668 postremum
624 1599 676 1652 in
699 1598 1176 1655 Retractationibus
1195 1601 1368 1654 locum
1384 1601 1616 1670 assignat
1641 1599 1776 1654 libro
1801 1599 1867 1654 de
1884 1614 2004 1655 vera
2029 1597 2331 1668 Religione;
2357 1613 2512 1669 quem
2531 1598 2725 1652 idcirco
2753 1597 2818 1652 ad
2842 1613 3038 1652 annum
3064 1597 3170 1654 590
3191 1597 3522 1653 referendum

271 1704 572 1742 censemus.
590 1687 705 1743 Jam
729 1699 849 1743 ante
871 1706 1037 1745 annos
1055 1691 1252 1760 aliquot
1276 1691 1431 1760 hujus
1451 1692 1744 1760 argumenti
1775 1691 2139 1747 tractationem
2159 1690 2487 1744 Romaniano
2513 1690 2612 1744 civi
2635 1705 2731 1745 suo
2749 1700 2799 1744 et
2821 1691 3086 1746 Maecenati
3114 1690 3374 1760 pollicitus
3389 1702 3524 1759 erat,

274 1781 344 1833 uti
371 1781 617 1834 meminit
640 1782 810 1851 capite
837 1783 1082 1852 septimo,
1111 1799 1329 1839 numero
1355 1783 1690 1839 duodecimo.
1723 1782 1778 1838 Id
1807 1798 1932 1838 vero
1953 1783 2003 1837 in
2032 1797 2088 1836 se
2109 1792 2382 1852 receperat
2405 1782 2642 1838 scribens
2660 1797 2798 1837 anno
2823 1783 2926 1838 586
2945 1791 3128 1837 contra
3162 1783 3524 1850 Academicos,

270 1872 403 1926 libro
433 1875 693 1938 secundo,
721 1875 892 1945 capite
921 1876 1097 1940 tertio,
1124 1890 1343 1930 numero
1371 1883 1584 1930 octavo.
1612 1875 1777 1928 Porro
1799 1875 1850 1928 in
1872 1875 2093 1945 epistola
2119 1873 2322 1928 decima
2350 1873 2550 1944 quinta,
2573 1873 2638 1928 ad
2665 1875 3068 1941 Romanianum,
3098 1889 3316 1929 numero
3337 1876 3526 1944 primo,

269 1964 567 2018 confectum
592 1981 622 2018 a
647 1981 706 2020 se
736 1979 868 2036 Opus
891 1975 1168 2030 memorat,
1202 1967 1300 2037 ipsi
1328 1967 1636 2037 propediem
1660 1965 2144 2020 transmittendum.

336 2055 597 2108 Evodium
626 2065 806 2126 postea
836 2057 902 2111 dc
923 2057 1200 2112 existentia
1223 2057 1316 2112 Dei
1341 2057 1497 2112 dubia
1527 2057 1762 2127 qutedam
1804 2069 2186 2128 proponentem
2216 2055 2282 2110 ad
2314 2055 2515 2110 huncce
2542 2055 2731 2110 librum
2758 2056 2980 2110 remittit
3011 2057 3060 2110 in
3102 2057 3318 2126 epistola
3351 2067 3530 2111 cente-

267 2150 397 2202 sima
424 2149 754 2218 sexagesima
780 2149 1032 2216 secunda,
1061 2164 1282 2204 numero
1306 2149 1576 2214 secundo;
1611 2158 1857 2218 patetque
1885 2163 1951 2203 ex
1977 2148 2194 2217 epistola
2221 2147 2468 2216 vigesima
2497 2147 2738 2216 septima,
2770 2161 2988 2202 numero
3017 2156 3225 2216 quarto,
3257 2148 3320 2201 ad
3351 2148 3526 2201 Pauli-

269 2255 412 2301 num,
441 2239 692 2294 eumdem
729 2240 922 2295 librum
948 2256 1108 2294 unum
1135 2255 1254 2296 esse
1287 2256 1350 2296 ex
1379 2240 1611 2310 quinque
1656 2239 1777 2303 illis,
1815 2254 1947 2309 quos
1976 2237 2374 2294 Peutateuchum
2421 2248 2593 2292 contra
2639 2237 2947 2292 Manichazos
2989 2241 3219 2312 appellat
3251 2239 3521 2305 Paulinus,

266 2333 348 2402 qui
370 2347 468 2386 eos
488 2333 558 2386 ab
584 2333 771 2404 Alypio
797 2333 935 2388 dono
964 2342 1256 2402 acceperat,
1291 2342 1344 2387 et
1372 2348 1599 2402 quorum
1627 2332 1905 2386 occasione
1930 2331 1983 2386 in
2017 2331 2225 2386 laudem
2256 2331 2528 2401 Augustini
2558 2331 2633 2385 sic
2667 2331 2931 2386 exclamat
2952 2332 3003 2385 in
3025 2331 3246 2401 epistola
3275 2334 3528 2403 vigesima

267 2428 463 2496 quinta,
491 2440 716 2480 numero
735 2427 908 2496 primo
933 2444 945 2479 :
982 2425 1026 2480 0
1054 2443 1165 2480 vere
1193 2426 1269 2479 sal
1289 2435 1453 2492 terrai,
1481 2441 1580 2495 quo
1611 2424 1890 2494 praecordia
1907 2433 2096 2488 nostra,
2121 2439 2182 2476 ne
2207 2424 2394 2492 possint
2420 2423 2592 2476 seaculi
2619 2438 2878 2476 vanescere
2901 2439 3086 2490 errore,
3116 2424 3448 2478 condiuntur!
3483 2425 3528 2478 0

268 2525 468 2577 lucerna
489 2525 642 2593 digne
661 2540 816 2592 supra
844 2523 1194 2576 candelabrum
1224 2520 1462 2576 Ecclesia
1483 2521 1665 2591 posita,
1687 2535 1798 2590 quis
1823 2518 1921 2572 late
1946 2519 2205 2572 catholicis
2228 2516 2428 2570 urbibus
2461 2517 2523 2570 de
2554 2517 2834 2586 septiformi
2861 2517 3042 2586 lychno
3079 2525 3278 2586 pastum
3298 2518 3407 2571 oleo
3435 2519 3528 2571 lc-

267 2618 383 2669 titiae
409 2617 583 2669 lumen
607 2615 888 2682 e/fundens,
920 2615 1101 2668 densas
1130 2615 1240 2668 licet
1268 2614 1610 2670 haereticorum
1628 2613 1865 2682 caligines
1889 2612 2114 2675 discutis,
2147 2620 2192 2664 et
2218 2613 2376 2664 lucem
2397 2610 2614 2663 veritatis
2639 2626 2669 2662 a
2688 2610 2978 2680 confusione
3003 2612 3332 2678 tenebrarum,
3355 2611 3531 2681 splen-

267 2708 623 2775 dore-clariﬁci
638 2707 882 2761 sermonis
917 2705 1172 2760 enubilas!
1196 2715 1299 2760 etc.
1340 2706 1494 2759 Certe
1529 2705 1666 2758 liber
1691 2703 1757 2757 de
1784 2717 1905 2756 vera
1937 2701 2231 2770 Religioue,
2259 2701 2301 2753 si
2327 2699 2444 2768 quis
2468 2700 2619 2763 alius,
2651 2700 2748 2753 hoc
2771 2699 3000 2768 elogium
3029 2703 3319 2770 Augustino
3345 2703 3525 2756 deme,

267 2801 498 2856 rebatur.
527 2799 643 2853 Etsi
664 2799 805 2854 enim
828 2814 1013 2855 recens
1038 2808 1170 2865 tum,
1199 2813 1316 2852 cum
1345 2812 1466 2852 eum
1497 2795 1728 2865 scripsit,
1759 2797 1810 2850 in
1833 2809 1968 2849 verte
1989 2793 2259 2862 religionis
2284 2801 2460 2861 partes
2480 2793 2766 2863 perductus
2786 2803 2946 2859 esset,
2971 2809 3068 2848 nec
3093 2795 3196 2849 alio
3223 2810 3380 2866 quam
3397 2795 3530 2850 chri-

268 2893 418 2947 stiani
444 2892 694 2947 catholici
727 2893 939 2947 nomine
966 2891 1248 2961 prmditus;
1279 2905 1344 2945 eo
1371 2898 1545 2944 tamen
1572 2889 1784 2942 sublimi
1825 2887 1980 2941 modo
2008 2885 2310 2941 Christianae
2347 2886 2618 2954 religionis
2652 2897 2979 2941 sacramenta
3001 2887 3235 2956 exponit,
3257 2889 3528 2958 Opposito-

268 2998 489 3052 rumque
519 2983 822 3052 dogmatum
851 2983 902 3036 in
924 2982 1106 3051 primis
1137 2980 1545 3036 Manichaeorum
1572 2979 1780 3034 revellit
1809 2977 2169 3044 futidamenta,
2201 2985 2260 3032 ut
2282 2977 2390 3046 jam
2420 2985 2528 3031 tum
2547 2976 2922 3032 absolutissimi
2947 2979 3176 3034 doctoris
3195 2988 3248 3034 et
3271 2980 3528 3034 strenuis-

269 3076 383 3128 simi
411 3076 652 3146 episcopi
672 3075 816 3130 vices
846 3073 1161 3142 impleverit.

354 3164 512 3226 Vide
542 3163 651 3225 lib.
689 3165 748 3237 1,
783 3183 919 3243 cap.
952 3163 1062 3237 13,
1116 3161 1685 3231 Retractationnm,
1745 3161 1862 3222 col.
1894 3160 2033 3235 602,
2067 3179 2106 3220 a
2145 3157 2378 3229 verbis,
2410 3161 2591 3222 Tunc
2618 3161 2808 3223 etiam
2853 3161 2930 3223 de
2967 3163 3135 3225 Vera
3175 3163 3526 3244 Religione,

268 3281 328 3323 n.
361 3264 421 3337 1,
451 3282 646 3343 usque
692 3263 773 3324 ad
798 3264 915 3324 col.
946 3261 1085 3336 605,
1118 3280 1183 3322 η.
1219 3263 1280 3334 9,
1318 3260 1556 3337 verbis,
1583 3261 1744 3322 Vitae
1778 3262 1959 3322 boum
1993 3275 2069 3321 ac
2097 3262 2296 3320 beatae
2332 3259 2460 3321 via.
2704 3261 2792 3322 M.

325 3386 397 3447 (a)
434 3391 484 3434 lu
501 3391 572 3446 8.,
597 3384 777 3434 librum
796 3385 860 3434 de
881 3385 1086 3434 Moribus
1103 3383 1462 3447 Manichaeorum
1485 3384 1703 3446 sequitur
1726 3381 1851 3431 liber
1871 3381 1936 3431 de
1955 3389 2075 3430 vera
2099 3379 2361 3443 Religioue.
2386 3378 2554 3430 Melius
2567 3381 2645 3431 hic
2660 3381 2871 3444 adepturi
2893 3381 3100 3444 videtur,
3122 3389 3290 3446 utpote
3310 3383 3530 3436 neutrale

266 3446 460 3496 libride
482 3448 706 3496 Docti-im
727 3447 988 3496 Christiana
1009 3446 1433 3510 complementum.
1501 3453 1554 3492 tu.

3435 377 3538 452 ηε

1627 1068 1941 1076 ___—.——

1471 1070 1476 1072 _
1513 1069 1526 1076 _
1563 1068 1941 1076 _______._—
1979 1067 2003 1074 ο-
2022 1067 2180 1075 -ς-

329 1103 3206 1117 ῌ--ᾙ--ὼ-ψ-ᾙῌ
3261 1116 3264 1117 ,
3371 1069 3507 1117 Ξ

1303 3561 1412 3566 __-__.
1421 3560 1437 3565 ρ
1446 3558 1770 3567 ρ--η

798 3563 958 3820 s.
1049 3558 1867 3820 Αυῇἓῖὴ
1935 3556 3025 3816 AUGUSTINI

1255 3910 2014 3994 HIPPONENSIS
2049 3910 2576 3995 EPISCOPI

659 4093 980 4250 DE
1095 4088 1726 4250 VERA
1840 4087 3146 4260 RELIGIONE

1554 4331 1829 4423 “ﬁber
1877 4348 2095 4423 unus
2157 4330 2272 4414 (α).

320 4481 572 4532 Pretium
609 4491 776 4531 veram
805 4479 1097 4540 religionem
1129 4476 1454 4540 nongreperiri
1491 4475 1615 4540 apud
1637 4483 2057 4540 paganosneque
2091 4476 2142 4540 in
2172 4481 2307 4540 secta
2342 4473 2458 4540 ulla,
2483 4481 2803 4540 prasterquam
2823 4476 2873 4526 tu
2909 4475 3138 4540 catholica
3159 4477 3390 4539 Ecclesia;
3413 4493 3525 4533 mox

262 4543 439 4593 divine
462 4543 742 4592 moonomia:
767 4553 884 4604 erga
903 4536 1157 4604 humanam
1180 4536 1386 4587 salutem
1408 4536 1604 4604 historia
1628 4536 1776 4604 (quod
1800 4536 1996 4604 quidem
2018 4537 2287 4604 christianze
2309 4536 2560 4598 religionis
2588 4550 2658 4598 ea;
2677 4536 2729 4585 iu
2751 4550 2806 4586 ac
2829 4539 3186 4604 tundamentum
3209 4542 3306 4604 est)
3328 4536 3398 4592 sic
3433 4556 3525 4593 ex-

262 4604 482 4666 plicatur,
507 4612 562 4654 ut
583 4598 952 4666 Manichaeorum,
966 4603 1030 4651 de
1052 4601 1238 4666 duabus
1260 4601 1528 4666 praesertim
1551 4598 1733 4666 naturis
1749 4598 1838 4648 seu
1861 4598 2058 4666 de_mal_i
2083 4599 2270 4660 origine
2297 4606 2346 4647 et
2369 4607 2753 4666 na_tm~a__errores
2787 4601 3105 4666 revincautur.
3144 4598 3303 4666 Agitur
3339 4605 3404 4654 de
3435 4605 3524 4654 (lu-

263 4657 369 4727 plici
398 4657 479 4734 via
501 4677 597 4728 qua
617 4672 751 4734 Deus
767 4665 1036 4734 hominibus
1054 4657 1279 4734 consulit,
1305 4662 1589 4734 auctoritate
1611 4660 1871 4732 credentes
1893 4660 1949 4734 ad
1974 4657 2180 4708 salutem
2204 4657 2756 4734 voeansniutelligentes
2777 4657 3388 4734 ratione._Quippevratioue
3410 4669 3526 4716 sub-

262 4720 406 4790 nixus
426 4720 574 4777 horno
597 4740 659 4776 ex
682 4727 833 4790 rebus
854 4726 1160 4790 inferioribus
1193 4723 1252 4771 ad
1275 4731 1432 4790 Deum
1451 4722 1672 4790 evehitur
1693 4735 1704 4770 :
1733 4723 1827 4790 imo
1849 4722 1906 4769 ad
1932 4723 2086 4790 ipsum]
2100 4720 2500 4790 prosequendum
2517 4720 2806 4790 admouetur
2820 4735 2882 4790 ex
2917 4723 3030 4784 ipsis
3044 4720 3202 4790 vitiis,
3226 4725 3290 4774 de
3319 4733 3522 4790 quorum

264 4788 434 4862 triplici
457 4801 650 4852 genere
672 4787 910 4862 prolixum
933 4786 1010 4862 hic
1026 4785 1530 4862 sermonempiustituit
1552 4784 1977 4862 itugpstinusiqui
2001 4783 2212 4862 deliiQue
2237 4796 2385 4830 unum
2408 4795 2577 4832 verum
2599 4789 2769 4842 Deum,
2795 4783 2840 4832 id
2865 4783 2958 4844 est,
2983 4787 3278 4847 Trinitatem,
3312 4783 3519 4850 Patrem,

266 4855 315 4898 et
325 4843 526 4910 'l'ilim‘ii,
549 4857 604 4900 et
622 4843 842 4912 Spiritum
863 4855 1077 4898 sanctum
1100 4860 1215 4897 vera
1237 4845 1477 4909 religione
1498 4843 1752 4894 colendum
1779 4843 1891 4894 esSe
1913 4843 2166 4893 concludit.

1568 4957 1708 5004 (Θξοο-ἓέ
1727 4953 1872 5007 stac
1884 4960 1925 5000 ς
1937 4953 2200 5006 φωνῆεν

264 5054 484 5112 CAPUT
506 5053 786 5110 PRIMUM.
816 5083 887 5094 ——
908 5052 1204 5122 Philosophi
1238 5051 1300 5105 de
1334 5050 1572 5120 religione
1605 5049 1746 5102 aliud
1785 5050 1838 5102 in
1944 5051 2010 5104 sit
2035 5050 2338 5113 constituta,
2360 5064 2460 5120 qua
2492 5065 2627 5104 unus
2655 5051 2792 5105 Deus
2829 5052 3039 5122 colitur,
3076 5061 3129 5110 et
3155 5055 3518 5126 purgatissima

368 5149 553 5202 scholis
578 5147 840 5211 docebant,
871 5145 1009 5198 aliud
1036 5145 1086 5198 in
1117 5144 1312 5211 templis
1341 5143 1719 5214 proﬁtebantur.
1944 5143 2139 5212 pietate
2169 5142 2500 5211 cognoscitur
2522 5142 2833 5212 principium
2863 5154 3165 5200 naturarum
3195 5147 3449 5211 omnium,
3493 5165 3518 5200 a

335 5236 1009 5295 1.Cumomuisvit:ebon:e
1025 5234 1354 5290 acbeataevia
1375 5235 1425 5288 in
1439 5249 1561 5288 vera
1588 5233 1835 5303 religione
1943 5249 2049 5302 quo
2080 5232 2393 5288 universitas
2421 5244 2472 5287 et
2494 5233 2767 5287 inchoatur
2797 5244 2850 5290 ct
2871 5237 3140 5306 perﬁcitur
3177 5247 3231 5293 et
3273 5237 3514 5292 contine-

288 3557 3519 3611 ﬂ

1474 5365 1729 5401 Αυκοπιτιο
1761 5368 1832 5402 PP.
1865 5365 2285 5403 ωηισιτποιισκ.

322 5446 369 5488 In
391 5439 538 5501 hujus
571 5437 683 5486 libri
720 5435 1011 5501 recensione
1034 5432 1362 5501 oonsuluimus
1399 5439 1502 5482 Mss.
1545 5433 1842 5494 'rhuancum,
1878 5435 2093 5496 Regium,
2134 5435 2454 5501 Navarricum,
2489 5435 2829 5501 _Sorbouicum,
2864 5439 3168 5501 Victorinum,
3217 5438 3521 5491 Casaleusem

265 5495 623 5570 rerbeiehsem,
645 5499 1098 5568 Gemmeticensem,
1119 5497 1499 5570 Audoenenscm,
1516 5502 1835 5570 .Becee‘nsem,
1857 5495 2296 5570 Germauensem,‘e
2314 5495 2610 5570 bibliotheca
2627 5501 2873 5570 Bernensis
2892 5499 3125 5570 ecclesiae
3149 5495 3294 5570 unum
3307 5517 3332 5570 ;_
3349 5502 3520 5570 lectio-

267 5574 350 5671 ἕξις
372 5563 429 5670 ag!
454 5575 543 5669 [1:38
561 5556 734 5670 misfa:
758 5559 1235 5669 axz-ISE'Cisterciensis,
1261 5556 1572 5616 Arnul‘eusis,
1605 5558 1826 5617 \aticaui,
1863 5565 1914 5608 et
1940 5559 2175 5609 lectiones
2196 5557 2492 5621 Belgicorum
2508 5561 2721 5624 quinque
2751 5561 2875 5624 apud
2892 5567 3022 5624 Lov.;
3049 5562 3287 5614 editiones
3304 5556 3518 5627 denique

356 5659 368 5670 .
417 5638 461 5671 l‘.
505 5636 597 5672 ων.
622 5635 652 5671 e
729 5635 786 5670 rn
836 5635 898 5668 (ΑΙ.

339 5684 848 5764 Comparauimus
865 5690 1165 5762 prasterea
1193 5701 1288 5742 eas
1327 5700 1528 5742 omnes
1555 5681 1855 5743 editiones
1887 5683 2076 5746 initio
2118 5684 2289 5745 Retr.
2310 5683 2697 5760 etConfess.,
2718 5692 2763 5747 ε.
2797 5684 2856 5759 1,
2885 5697 3264 5752 memoratas.
3348 5689 3435 5752 Μ.

2541 5777 2578 5798 ν

325 5785 396 5847 (α)
415 5787 627 5848 Scriptus
645 5785 838 5837 circiter
859 5795 938 5833 an.
959 5783 1127 5833 clmsu
1147 5782 1255 5832 590.
