4056 6462
504 351 606 404 125

503 472 586 516 tur
616 479 629 517 :
668 464 792 520 hinc
816 464 1110 521 evidentius
1136 477 1285 520 error
1328 460 1737 531 deprehenditur
1771 473 1951 513 eorum
1983 470 2075 524 po-

502 559 763 630 pulorum,
794 560 883 628 qui
908 559 1100 613 multos
1115 557 1244 612 deos
1266 557 1457 617 colere,
1490 567 1646 622 quam
1688 566 1850 606 unum
1896 564 2078 602 verum

505 649 672 703 Deum
698 658 751 703 et
776 649 1054 703 Dominum
1082 648 1318 702 omnium
1357 644 1674 706 maluerunt,
1713 640 1854 710 quod
1894 654 2076 693 eorum

504 741 790 811 sapientes,
817 756 951 811 quos
976 739 1315 810 philosophos
1337 747 1544 802 vocant,
1567 734 1773 789 scholas
1817 733 2079 787 habebant

505 832 877 896 dissentientes
902 843 959 888 et
984 833 1174 902 templa
1202 829 1516 886 communia.
1549 829 1662 883 Non
1691 828 1828 882 enim
1868 828 1948 881 vel
1979 841 2074 895 po-

503 924 661 993 pulos
677 908 761 979 vel
779 924 1080 979 sacerdotes
1096 923 1310 988 latebat,
1327 921 1391 975 de
1417 921 1647 988 ipsorum
1663 920 1876 973 deorum
1893 928 2075 971 natura

503 1033 662 1088 quam
679 1018 886 1072 diversa
907 1018 1320 1080 seutirent,._cum
1352 1029 1496 1068 suam
1526 1013 1745 1082 quisque
1771 1011 2072 1080 opinionem

501 1112 710 1180 publice
754 1111 986 1180 proﬁteri
1029 1124 1130 1164 non
1166 1108 1505 1173 formidaret,
1553 1117 1708 1175 atque
1733 1100 1998 1169 omnibus,
2031 1102 2075 1156 si

501 1195 697 1272 posset,
733 1206 1050 1274 persuadere
1075 1202 1381 1263 moliretur;
1413 1215 1596 1254 omnes
1624 1201 1798 1268 tamen
1828 1212 1946 1250 cum
1990 1210 2076 1250 se-

505 1297 790 1351 ctatoribus
816 1297 923 1349 suis
951 1295 1157 1349 diversa
1183 1305 1236 1349 et
1264 1294 1482 1347 adversa
1509 1292 1872 1351 sentientibus,
1905 1287 1970 1344 ad
1992 1306 2076 1344 sa-

499 1402 586 1442 cra
616 1389 910 1443 couununia
941 1386 1083 1441 nullo
1120 1385 1432 1454 prohibente
1467 1384 1764 1438 veniebant.
1796 1381 1910 1436 Non
1939 1396 2076 1435 nunc

503 1481 691 1549 agitur,
729 1480 844 1548 quis
869 1495 1050 1533 eorum
1101 1480 1277 1532 verius
1328 1479 1579 1541 senserit;
1630 1476 1720 1530 sed
1766 1483 1908 1529 certe
1945 1473 2076 1527 illud

501 1571 647 1636 satis,
672 1580 924 1640 quantum
955 1571 1080 1624 mihi
1101 1561 1588 1637 videtur,.apparct,
1618 1566 1758 1620 aliud
1788 1581 1880 1620 eos
1904 1566 1956 1619 in
1984 1582 2072 1620 re-

501 1662 696 1730 ligione
723 1664 1020 1732 suscepisse
1065 1679 1185 1718 cum
1231 1662 1440 1731 populo,
1470 1669 1522 1713 et
1551 1659 1694 1714 aliud
1730 1659 1918 1715 eodem
1961 1658 2076 1728 ipso

496 1754 698 1822 popqu
723 1755 969 1810 audiente
993 1754 1294 1809 defendisse
1319 1753 1584 1823 privatim.

501 1846 723 1902 CAPUT
760 1845 913 1902 ll.—
935 1846 1014 1902 De
1037 1848 1133 1902 diis
1161 1849 1281 1918 quid
1327 1847 1560 1901 Socrates
1600 1845 1822 1901 senserit.
1851 1844 2074 1899 Mundus

992 1941 1071 1992 hic
1108 1957 1198 2010 pro
1233 1939 1336 1992 Deo
1365 1940 1580 1993 habitus.

567 2031 622 2085 2.
654 2032 900 2086 Socrates
925 2041 1100 2088 tamen
1115 2032 1365 2086 audacior
1379 2030 1583 2085 caeteris
1597 2029 1755 2084 fuisse
1769 2028 2074 2098 perhibetur

495 2120 724 2190 juraudo
746 2139 838 2190 per
849 2138 1028 2176 canem
1043 2123 1346 2192 quemlibet,
1361 2130 1412 2175 et
1433 2121 1656 2188 lapidem
1682 2120 1987 2193 quemlibet,
2019 2128 2072 2173 et

497 2214 750 2282 quidquid
767 2215 1006 2283 juraturo
1030 2224 1170 2270 esset
1193 2216 1244 2269 in
1266 2223 1526 2283 promptu,
1544 2226 1590 2267 et
1608 2215 1754 2282 quasi
1774 2213 1836 2265 ad
1857 2228 2066 2266 manum

499 2308 839 2362 occurrisset.
887 2306 1057 2362 Credo
1077 2349 1089 2369 ,
1120 2307 1443 2374 intelligebat
1471 2307 1868 2374 qualiacumque
1912 2320 2068 2373 opera

502 2407 724 2460 natura,
741 2415 855 2467 quae
865 2398 1264 2453 administrante
1280 2398 1449 2452 divina
1465 2397 1787 2466 providentia
1805 2398 2073 2464 gigneren-

499 2494 603 2552 tur,
629 2489 795 2542 multo
807 2505 962 2558 quam
976 2489 1245 2542 hominum
1259 2498 1310 2543 et
1327 2488 1678 2558 quorumlibet
1693 2489 1936 2555 opiﬁcum
1953 2504 2070 2544 esse

501 2578 746 2642 meliora,
774 2587 827 2633 et
847 2579 964 2633 ideo
989 2580 1177 2634 divinis
1205 2579 1494 2633 honoribus
1534 2579 1792 2646 digniora,
1820 2594 1976 2647 quam
2006 2595 2067 2635 ea

496 2685 612 2737 quae
644 2670 695 2724 in
728 2671 935 2739 templis
962 2671 1287 2726 colebantur.
1337 2670 1449 2726 Non
1489 2670 1628 2739 quod
1677 2685 1800 2723 vere
1849 2671 1979 2738 lapis
2015 2681 2068 2724 et

496 2763 644 2818 canis
668 2773 844 2818 essent
865 2764 1081 2818 colenda
1107 2764 1452 2833 sapientibus,
1481 2763 1572 2818 sed
1601 2771 1658 2816 ut
1683 2764 1783 2818 hoc
1807 2762 1966 2820 modo
1989 2763 2069 2818 in-

495 2856 788 2925 telligerent
814 2858 900 2925 qui
943 2867 1177 2926 possent,
1229 2865 1371 2911 tanta
1397 2856 1770 2925 superstitione
1795 2855 2066 2910 demersos

493 2960 611 3000 esse
652 2945 913 3013 homines,
942 2959 997 3000 ut
1025 2947 1413 3017 emergentibus
1457 2946 1540 2999 hic
1579 2957 1718 3000 esset
1763 2955 1868 2998 tam
1901 2946 2066 3015 turpis

492 3037 931 3095 demonstrandus
950 3040 1234 3108 gradus,ad
1267 3056 1418 3108 quem
1446 3039 1622 3093 venire
1649 3040 1690 3091 si
1722 3039 1957 3107 puderet,
1989 3039 2064 3091 vi-

489 3129 677 3184 derent
699 3140 896 3201 quanto
923 3133 1088 3200 magis
1115 3131 1418 3202 pudendum
1437 3140 1578 3185 esset
1606 3131 1657 3183 in
1691 3132 1920 3199 turpiore
1938 3146 2060 3184 con-

487 3223 699 3278 sistere.
733 3224 896 3278 Simul
935 3234 988 3277 ct
1026 3224 1140 3278 illos
1167 3223 1249 3292 qui
1295 3223 1547 3277 mundum
1587 3223 1741 3276 istum
1781 3222 2058 3290 visibilem,

488 3329 752 3369 summum
790 3317 950 3370 Deum
990 3330 1108 3369 esse
1152 3314 1519 3383 opinabantur,
1553 3314 1867 3367 admonebat
1900 3315 2060 3383 turpi-

487 3403 685 3461 tudinis
712 3422 839 3472 su:e,
881 3406 1076 3461 docens
1101 3422 1218 3460 esse
1243 3421 1572 3474 consequens
1598 3414 1653 3458 ut
1680 3405 1897 3474 quilibet
1932 3407 2062 3474 lapis

486 3508 732 3570 tanquam
769 3499 958 3555 summi
985 3500 1076 3554 Dei
1103 3498 1358 3568 particula
1382 3499 1501 3568 jure
1530 3498 1811 3552 coleretur.
1839 3497 1991 3564 Quod
2016 3498 2062 3552 si

484 3582 902 3656 exsecrarentur,
945 3600 1208 3647 mutarent
1246 3591 1583 3654 sententiam,
1620 3598 1671 3644 et
1708 3606 1866 3644 Ulllltll
1894 3590 2059 3644 Deum

483 3694 777 3752 quarrerent
809 3685 848 3749 ¹,
880 3700 1036 3753 quem
1067 3684 1237 3738 solum
1271 3699 1425 3756 supra
1456 3692 1660 3738 utentes
1685 3692 1892 3735 nostras
1919 3696 2054 3748 esse,

484 3782 537 3827 et
559 3789 586 3826 a
608 3787 711 3842 quo
730 3789 942 3829 omnem
970 3769 1202 3828 animam
1230 3785 1282 3828 et
1309 3777 1471 3826 totum
1505 3774 1660 3826 istum
1705 3771 1954 3824 mundum
1989 3771 2062 3824 fac

484 3863 741 3918 hricatum
771 3880 890 3920 esse
913 3874 1198 3920 constaret.
1231 3866 1417 3918 Postea
1442 3864 1652 3918 suavius
1673 3863 1735 3918 ad
1757 3863 2056 3932 legendum,

485 3974 638 4025 quam
670 3961 936 4027 potentius
963 3959 1028 4013 ad
1062 3957 1481 4028 persuadendum
1515 3957 1724 4026 scripsit
1747 3957 1911 4010 l’lato.
1945 3955 2060 4011 Non

485 4047 623 4101 enim
654 4047 730 4103 sic
756 4049 840 4103 isti
867 4051 974 4104 nati
1001 4057 1172 4113 erant,
1199 4057 1254 4101 ut
1279 4047 1590 4116 pepulerunt
1622 4062 1835 4101 suorum
1859 4048 2061 4116 opinio-

486 4154 604 4191 nem
632 4138 695 4192 ad
722 4155 905 4196 verum
953 4140 1149 4204 cultum
1182 4138 1293 4192 veri
1341 4137 1453 4200 Dei,
1482 4155 1511 4190 a
1540 4129 1938 4192 siinulacrm‘um
1967 4153 2059 4194 su-

483 4229 791 4299 perstitione
837 4240 991 4300 atque
1028 4231 1093 4284 ab
1133 4229 1288 4297 hujus
1319 4228 1497 4281 mundi
1524 4229 1754 4283 vanitate
1787 4239 2081 4284 converte--

485 4330 619 4376 rent.
665 4321 842 4392 Itaque
870 4331 924 4376 et
947 4322 1058 4391 ipse
1094 4320 1340 4376 Socrates
1377 4336 1496 4374 cum
1541 4322 1733 4390 pepulo
1778 4322 2060 4378 simulacra

483 4414 865 4480 venerabatur,
896 4421 949 4468 et
983 4423 1098 4483 post
1129 4412 1242 4482 ejus
1276 4412 1669 4466 damnationem
1708 4424 2056 4484 mortemque,

486 4489 644 4558 nemo
663 4521 824 4559 ausus
843 4513 925 4560 est
942 4503 1121 4573 jnrare
1139 4519 1235 4573 per
1255 4493 1458 4567 canem,
1485 4519 1583 4557 nec
1603 4504 1867 4572 appellare
1884 4521 2062 4575 quem-

484 4612 710 4667 cumque
738 4597 960 4666 lapidem
991 4595 1194 4659 Jovem,
1227 4595 1318 4649 sed
1346 4595 1459 4649 htec
1485 4596 1842 4650 tantummodo
1869 4612 2064 4652 memo-

485 4690 577 4744 riae
602 4689 899 4758 litterisque
927 4688 1196 4742 mandare.
1226 4687 1376 4754 Quod
1402 4699 1571 4742 utrum
1600 4690 1790 4744 timore
1809 4690 2063 4745 severita-

485 4785 552 4835 tis
575 4784 615 4846 ³,
634 4797 700 4836 an
718 4781 890 4850 aliqua
913 4780 1213 4851 cognitione
1240 4790 1532 4851 temporum
1555 4779 1796 4851 fecerint,
1823 4783 2061 4853 judicare

487 4888 590 4926 11011
620 4882 703 4925 051.
745 4887 942 4924 meum.

489 4962 715 5019 CAPUT
737 4962 823 5017 111.
853 4992 923 5001 —
952 4960 1081 5015 Vera
1122 4964 1294 5035 religio
1313 4964 1616 5031 christiana,
1645 4981 1758 5034 qua:
1782 4965 2061 5020 hominibus

515 5053 780 5123 persuasit,
795 5052 934 5123 quod
941 5053 1040 5106 illis
1059 5054 1342 5122 persuaderi
1361 5071 1504 5125 posse
1520 5052 1670 5109 Plato
1689 5072 1786 5109 non
1803 5057 2029 5110 credidit.

561 5146 612 5198 5.
642 5144 770 5198 Illud
815 5151 989 5198 tamen
1035 5143 1375 5199 ﬁdentissime
1418 5146 1660 5211 dixerim,
1703 5161 1831 5215 pace
1875 5147 2060 5201 horum

491 5237 744 5299 ninnium,
773 5237 859 5305 qui
888 5250 1069 5289 eorum
1098 5235 1258 5290 libros
1279 5237 1619 5306 pervicaciter
1652 5237 1891 5307 diligunt,
1917 5239 2061 5292 chri—

492 5326 672 5380 stianis
697 5325 1018 5395 temporibus
1043 5342 1281 5396 qurenam
1306 5329 1487 5398 religio
1515 5330 1846 5397 potissimum
1879 5342 2063 5385 tenen-

491 5417 558 5470 da
585 5417 671 5483 sit,
699 5426 752 5471 et
770 5433 887 5486 qua:
908 5419 975 5473 ad
1003 5418 1277 5473 veritatem
1299 5434 1360 5473 ac
1383 5420 1685 5475 beatitatem
1719 5423 1801 5476 via
1822 5431 1920 5486 est,
1959 5439 2061 5477 non

494 5521 610 5562 esse
630 5507 990 5566 dubitandum.
1016 5509 1071 5564 Si
1102 5509 1241 5564 enim
1263 5509 1412 5564 Plato
1432 5511 1543 5581 ipse
1567 5511 1786 5580 viveret,
1811 5523 1864 5567 et
1884 5529 1966 5568 me
1987 5515 2064 5568 in-

559 5666 708 5736 fuss.
733 5665 1078 5736 semesum
1099 5675 1244 5718 man
1271 5672 1423 5736 bene
1439 5656 1724 5736 (timemu-

555 5729 575 5759 ³
729 5742 904 5777 novem
926 5731 1164 5791 omittunt,
1182 5729 1478 5791 Δεᾳυιινίιαιίἣ
1498 5741 1527 5778 e
1549 5729 1725 5791 quibus
1746 5735 1977 5779 Gemmet.
2000 5732 2065 5780 ita

493 5791 814 5854 prosequitur,
854 5803 919 5840 an
937 5789 1034 5840 alia
1056 5787 1313 5854 cognitione
1329 5821 1345 5850 ,
1368 5787 1464 5840 etc.

1507 343 1592 399 DE
1631 341 1818 397 VERA
1858 337 2240 408 RELIGIONE,
2281 342 2336 395 S.
2378 337 2746 398 AUGUSTINI

3653 352 3758 410 124

2188 464 2536 525 terrogantem
2560 472 2662 510 non
2683 467 3073 527 aspernaretur,
3099 458 3180 515 vei
3206 461 3399 531 potius,
3430 464 3474 519 si
3503 466 3621 536 quis
3641 473 3755 538 ejus

2182 547 2469 616 discipulus
2498 564 2560 602 eo
2583 549 2698 618 ipso
2723 558 2959 618 tempore
2981 566 3086 620 quo
3114 553 3342 621 vivebat,
3373 537 3494 612 cuin
3525 537 3752 614 interro-

2181 649 2348 708 garet,
2397 654 2516 693 cum
2556 641 2652 694 sibi
2680 640 2746 694 ab
2775 640 2866 695 illo
2897 643 3318 712 persuaderetur,
3350 663 3456 704 non
3484 654 3755 720 corporeis

2181 731 2368 794 oculis,
2396 731 2487 787 sed
2534 749 2664 803 pura
2711 746 2888 789 mente
2932 737 3208 791 veritatem
3253 739 3453 807 videri;
3494 744 3577 798 cui
3605 761 3751 815 qua:-

2181 838 2409 892 cumque
2457 825 2629 878 anima
2666 825 2994 892 inhzesisset,
3036 845 3152 883 eam
3198 830 3406 888 beatam
3443 833 3556 888 ﬁeri
3598 847 3753 907 atque

2181 914 2464 986 perfectam
2493 933 2505 969 :
2535 916 2600 970 ad
2627 933 2784 986 quam
2811 918 3200 987 percipiendam
3227 923 3354 977 nihil
3393 927 3558 996 magis
3584 927 3750 997 impe-

2180 1004 2314 1071 dire,
2337 1021 2491 1074 quam
2518 1006 2675 1060 vitam
2715 1008 3018 1063 libidinibus
3046 1009 3277 1065 deditam
3299 1023 3352 1068 et
3377 1013 3537 1070 falsas
3572 1017 3726 1089 imagi

2181 1112 2277 1151 nes
2302 1112 2477 1150 rerum
2511 1098 2854 1164 sensibilium,
2906 1116 3022 1170 quae
3069 1102 3220 1155 nobis
3261 1102 3328 1157 ab
3372 1104 3474 1161 hoc
3519 1108 3766 1165 sensibili

2181 1186 2379 1264 mundo
2409 1203 2503 1256 per
2525 1203 2715 1257 corpus
2742 1191 3027 1259 impressm,
3049 1194 3217 1247 varias
3237 1197 3511 1264 opiniones
3526 1216 3751 1257 errores-

2179 1287 2282 1346 que
2307 1287 2650 1347 generarent;
2681 1274 3019 1348 quamobrem
3049 1285 3337 1339 sanandum
3364 1303 3484 1341 esse
3520 1291 3748 1346 animum

2179 1368 2245 1422 ad
2271 1369 2571 1423 intuendam
2603 1372 3085 1428 incommutabilem
3110 1391 3284 1430 rerum
3317 1377 3558 1442 formam,
3583 1390 3634 1434 et
3663 1396 3750 1434 eo-

2179 1458 2298 1512 dem
2345 1460 2505 1514 modo
2547 1476 2756 1530 semper
2793 1478 2851 1518 se
2889 1463 3170 1521 habentem
3219 1477 3375 1536 atque
3415 1470 3642 1539 undique
3671 1487 3749 1526 sm

2179 1551 2404 1606 similem
2455 1553 2933 1623 pulchritudinem,
2982 1573 3078 1611 nec
3115 1559 3397 1614 distentam
3446 1563 3606 1626 locis,
3653 1580 3750 1620 nec

2178 1652 2416 1713 tempore
2463 1647 2738 1712 variatam,
2779 1649 2870 1704 sed
2921 1665 3084 1704 unum
3126 1661 3284 1721 atque
3335 1653 3470 1708 idem
3515 1659 3656 1711 omni
3687 1675 3749 1714 ex

2179 1745 2326 1805 parte
2355 1748 2672 1802 servantem,
2700 1755 2853 1809 quam
2895 1757 2998 1795 non
3033 1743 3309 1798 crederent
3346 1761 3462 1801 esse
3488 1747 3747 1817 homines,

2178 1842 2295 1880 cum
2325 1827 2434 1897 ipsa
2462 1844 2584 1883 vere
2612 1846 2920 1902 summeque
2945 1833 3012 1888 sit
3045 1852 3056 1887 :
3085 1846 3274 1890 caetera
3293 1839 3457 1903 nasci,
3485 1841 3748 1908 occidere,

2177 1919 2362 1986 ﬂuere,
2395 1920 2598 1986 labi;et
2628 1933 2800 1978 tamen
2820 1925 2870 1978 in
2901 1937 3152 1996 quantum
3175 1940 3316 1994 sunt,
3345 1932 3410 1986 ab
3441 1933 3528 1987 illo
3551 1943 3749 1990 aeterno

2177 2010 2287 2066 Deo
2317 2027 2412 2081 per
2433 2013 2546 2082 ejus
2570 2016 2841 2072 veritatem
2887 2016 3136 2072 fabricata
3170 2031 3413 2079 constare
3443 2043 3454 2078 :
3483 2025 3534 2079 in
3560 2027 3749 2097 quibus

2177 2104 2367 2158 animae
2393 2114 2590 2159 tantum
2634 2108 2873 2160 rationali
2907 2118 2961 2162 et
2989 2109 3323 2166 intellectuali
3355 2112 3536 2168 datum
3559 2127 3658 2180 est,
3690 2129 3750 2172 ut

2177 2183 2289 2264 ejus
2315 2196 2623 2252 aeternitatis
2649 2201 3090 2269 contemplatione
3130 2203 3443 2271 perfruatur,
3485 2216 3640 2277 atque
3663 2209 3748 2262 ai"-

2175 2287 2380 2341 ﬁciatur
2401 2301 2721 2359 orneturque
2749 2307 2809 2344 ex
2855 2308 2936 2352 ea,
2983 2305 3340 2364 aeternamque
3384 2297 3542 2351 vitam
3581 2303 3750 2369 possit

2173 2382 2398 2445 mereri;
2443 2383 2537 2436 sed
2573 2383 2696 2437 dum
2726 2386 3632 2456 nascentiumatquetransetuitium
3664 2409 3750 2448 re-

2173 2488 2288 2526 rum
2307 2489 2489 2529 amore
2516 2491 2576 2530 ac
2597 2477 2776 2531 dolore
2799 2480 3080 2545 sauciatur,
3109 2490 3162 2533 et
3181 2481 3358 2536 dedita
3382 2485 3747 2540 consuetudini

2173 2565 2327 2634 hujus
2350 2569 2467 2621 vita-
2485 2579 2640 2638 atque
2667 2571 2908 2624 sensibus
2935 2572 3190 2640 corporis,
3216 2574 3456 2628 inanibUs
3482 2579 3750 2633 evanescit

2173 2657 2510 2728 imaginibus,
2541 2661 2722 2713 irridet
2742 2678 2853 2726 eos,
2885 2663 2973 2731 qui
3000 2663 3179 2716 dicunt
3207 2680 3324 2718 esse
3362 2665 3576 2736 aliquid,
3606 2669 3749 2738 quod

2169 2765 2268 2805 nec
2293 2750 2405 2804 istis
2433 2750 2670 2806 videatur
2697 2753 2883 2818 oculis,
2913 2769 3011 2808 nec
3041 2755 3144 2808 ullo
3172 2757 3536 2824 phantasmate
3551 2759 3749 2828 cogite-

2171 2852 2276 2910 tur,
2312 2843 2403 2898 sed
2441 2853 2616 2898 mente
2641 2845 2750 2898 sola
2780 2855 2830 2898 et
2860 2845 3198 2916 intelligentia
3222 2849 3369 2903 cerni
3397 2861 3550 2920 queat
3580 2870 3591 2905 :
3625 2869 3746 2906 cum

2169 2933 2284 2988 haec
2321 2951 2446 3006 ergo
2479 2952 2508 2990 a
2543 2938 2792 3007 magistro
2832 2939 2928 2992 sibi
2976 2941 3446 3007 persaaderentur,
3494 2944 3536 2997 si
3574 2960 3636 2998 ex
3681 2961 3748 3000 eo

2167 3037 2427 3095 quzercret
2451 3028 2539 3082 ille
2577 3029 2880 3098 discipulus,
2913 3042 3084 3086 utrum
3116 3033 3157 3086 si
3188 3035 3466 3106 quisquam
3495 3038 3749 3095 existeret

2166 3120 2248 3171 vir
2269 3135 2485 3186 magnus
2512 3130 2666 3190 atque
2693 3121 2921 3186 divinus,
2953 3124 3040 3192 qui
3067 3124 3187 3178 talia
3219 3127 3424 3194 populis
3463 3130 3747 3198 persuade-

2164 3223 2248 3266 ret
2272 3212 2530 3265 credcnda
2562 3214 2768 3279 saltem,
2802 3215 2846 3270 si
2879 3215 3147 3284 percipere
3175 3234 3280 3273 non
3306 3221 3562 3287 valerent,
3583 3232 3674 3276 aut
3699 3221 3748 3277 si

2165 3305 2252 3374 qui
2284 3316 2499 3374 possent
2528 3309 2814 3376 percipere,
2854 3324 2956 3361 non
2988 3312 3160 3378 pravis
3192 3311 3524 3380 opinionibus
3568 3315 3747 3369 multi-

2168 3394 2360 3451 tudinis
2400 3396 2672 3465 implicati,
2715 3399 3018 3470 vulgaribus
3063 3401 3413 3460 obruerentur
3436 3405 3743 3474 erroribus;

2165 3504 2285 3543 eum
2315 3489 2506 3543 divinis
2546 3490 2833 3545 honoribus
2871 3493 3082 3561 dignum
3122 3494 3383 3564 judicaret
3410 3514 3421 3548 :
3450 3499 3743 3568 responde-

2163 3592 2265 3648 ret,
2294 3582 2474 3647 credo,
2505 3583 2609 3645 ille,
2639 3598 2742 3638 non
2777 3599 2930 3652 posse
2958 3585 3054 3639 hoc
3092 3587 3157 3640 ab
3200 3587 3411 3642 homine
3457 3589 3590 3657 ﬁeri,
3638 3592 3742 3646 nisi

2163 3671 2318 3745 quem
2346 3675 2484 3728 forte
2511 3676 2619 3744 ipsa
2659 3662 2748 3729 Dei
2798 3677 2972 3731 Virtus
3014 3688 3170 3746 atque
3214 3678 3480 3747 Sapientia
3525 3681 3591 3735 ab
3629 3681 3742 3752 ipsa

2163 3779 2341 3820 rerum
2365 3773 2549 3819 natura
2568 3771 2866 3836 exceptum,
2887 3781 2983 3822 nec
3005 3768 3273 3822 hominum
3297 3772 3616 3840 magisterio,
3646 3776 3743 3830 sed

2164 3858 2348 3912 intima
2377 3857 2758 3911 illmniuatioue
2780 3857 2846 3910 ab
2878 3858 3204 3913 incunabulis
3227 3859 3562 3930 illustratum,
3598 3873 3741 3920 tanta

2164 3951 2467 4023 honestaret
2491 3953 2677 4020 gratia,
2708 3959 2848 4003 tanta
2875 3949 3122 4006 ﬁrmitate
3157 3953 3448 4022 roboraret,
3481 3964 3622 4010 tanta
3649 3957 3742 4013 de—

2163 4043 2321 4112 niquc
2361 4045 2633 4110 majestate
2680 4041 3030 4103 subveheret,
3064 4052 3119 4098 ut
3143 4045 3320 4100 omnia
3352 4049 3741 4102 contemnendo

2163 4151 2279 4204 quae
2329 4134 2472 4204 pravi
2513 4132 2754 4188 homines
2803 4136 3036 4202 cupiunt,
3077 4144 3131 4191 et
3159 4135 3343 4192 omnia
3396 4141 3740 4208 perpetiendo

2163 4244 2279 4297 qua:
2304 4227 2636 4291 horrescunt,
2664 4235 2716 4280 et
2743 4225 2918 4279 omnia
2945 4225 3184 4282 faciendo
3212 4244 3329 4298 quae
3351 4230 3627 4296 mirantur,
3651 4247 3741 4302 ge-

2163 4336 2261 4374 nus
2289 4319 2573 4373 humanum
2600 4316 2665 4371 ad
2696 4325 2798 4370 tam
2825 4317 3089 4373 salubrem
3117 4319 3271 4374 ﬁdem
3312 4336 3521 4376 summo
3561 4337 3740 4378 amore

2163 4421 2324 4481 atque
2352 4410 2663 4464 auctoritate
2691 4421 3043 4465 converteret.
3064 4413 3137 4466 De
3155 4411 3443 4468 honoribus
3460 4431 3585 4468 vero
3625 4415 3741 4484 ejus

2162 4499 2360 4558 frustra
2381 4517 2441 4556 se
2467 4501 2689 4565 consuli,
2713 4516 2830 4556 cum
2866 4499 3018 4558 facile
3040 4505 3206 4572 possit
3227 4499 3519 4560 eiisti‘mari
3561 4500 3740 4576 quanti

2163 4595 2393 4649 honores
2413 4593 2705 4649 debeantur
2730 4593 3011 4664 Sapientize
3041 4596 3150 4661 Dei,
3181 4611 3278 4668 qua
3309 4608 3549 4668 gestante
3574 4610 3625 4654 et
3645 4613 3741 4670 gn-

2163 4687 2417 4743 bernante
2443 4687 2528 4742 ille
2558 4702 2653 4756 pro
2681 4701 2801 4740 vera
2827 4687 2996 4742 salute
3012 4690 3220 4758 generis
3238 4689 3472 4757 humani,
3494 4705 3738 4761 magnum

2164 4776 2359 4847 aliquid
2381 4778 2674 4847 proprium,
2695 4788 2748 4832 et
2773 4778 2913 4848 quod
2941 4792 3097 4848 supra
3123 4778 3366 4834 homines
3387 4791 3548 4848 esset,
3567 4796 3744 4836 mereo

2167 4879 2331 4924 retur.

2237 4959 2288 5014 4.
2319 4960 2446 5028 Quae
2470 4960 2513 5014 si
2541 4959 2677 5014 facta
2703 4969 2844 5023 sunt,
2878 4961 2921 5014 si
2953 4960 3141 5015 litteris
3169 4965 3628 5034 monumentisque
3653 4980 3743 5020 ce-

2167 5050 2437 5104 lebrantur
2457 5093 2471 5115 ,
2519 5051 2563 5103 si
2593 5049 2659 5102 ab
2699 5066 2798 5104 una
2830 5051 3046 5118 regione
3075 5060 3333 5106 terrarum
3356 5095 3369 5118 ,
3401 5055 3450 5108 in
3491 5071 3590 5124 qua
3630 5055 3740 5110 sola

2168 5156 2302 5195 unus
2329 5141 2600 5194 colebatur
2631 5141 2800 5205 Deus,
2847 5150 2900 5194 et
2947 5140 3033 5194 ubi
3066 5140 3220 5195 talem
3256 5146 3401 5198 nasci
3445 5147 3740 5214 oportebat,

2169 5245 2263 5298 per
2287 5238 2450 5284 totum
2479 5229 2660 5283 orbem
2687 5238 2944 5283 terrarum
2972 5231 3119 5284 missi
3143 5232 3297 5286 electi
3319 5233 3435 5300 viri,
3464 5236 3744 5290 virtutibus

2169 5335 2324 5392 atque
2344 5323 2676 5377 sermonibus
2705 5322 2864 5375 divini
2891 5324 3086 5377 amoris
3108 5325 3348 5380 incendia
3373 5329 3740 5396 concitarunt;

2171 5417 2214 5470 si
2239 5415 2546 5468 conﬁrmata
2562 5413 2908 5468 saluberrima
2926 5414 3221 5485 disciplina,
3239 5417 3559 5473 illuminatas
3577 5427 3744 5475 terras

2171 5506 2398 5577 posteris
2420 5506 2776 5575 reliquerunt;
2811 5515 2881 5572 et,
2911 5522 2975 5561 ne
3002 5509 3070 5563 de
3092 5511 3372 5579 praeteritis
3399 5512 3744 5583 loquar,'qu:e

2171 5607 2344 5668 potest
2380 5598 2599 5667 quisque
2626 5613 2729 5652 non
2773 5599 3012 5666 credere,
3044 5601 3089 5656 si
3123 5602 3277 5658 hodie
3299 5618 3396 5674 per
3422 5613 3608 5674 gentes
3647 5620 3745 5676 po-

2172 5690 2426 5762 pulosque
2473 5689 2785 5761 praedicatur
2824 5706 2837 5744 :
2879 5691 2943 5745 In
2974 5693 3219 5763 principio
3257 5699 3366 5748 erat
3417 5693 3664 5763 Verbum,
3699 5707 3743 5750 et

2182 5780 2397 5839 Verbum
2423 5791 2529 5838 erat
2560 5783 2698 5854 apud
2733 5782 2928 5851 Deum,
2974 5791 3021 5840 et
3048 5783 3184 5842 Deus
3210 5796 3316 5842 erat
3353 5785 3570 5845 Verbum
3602 5805 3622 5844 :
3644 5789 3741 5845 hoc
