4056 6474
276 432 367 483 {‘35

273 551 369 594 erat
403 542 458 592 in
491 542 755 610 principio
784 543 923 609 apud
968 539 1148 592 Donni.
1185 541 1369 592 Omnia
1408 556 1494 608 per
1532 541 1694 609 ipsum
1737 542 1868 606 facta

271 644 403 695 sunt,
442 642 492 683 et
518 632 634 685 sine
662 633 772 699 ipso
795 631 983 699 factum
1010 640 1079 684 est
1112 630 1235 684 nihil
1268 630 1451 701 (Joan.
1475 648 1508 693 ι,
1536 632 1630 685 1-’5
1649 632 1686 701 )‘.
1713 628 1775 682 Si
1803 629 1869 681 ad

275 722 368 775 hoc
396 723 820 790 percipiendum
843 765 857 787 ,
900 722 1237 790 diligendum,
1276 721 1645 789 perfruendum
1674 730 1729 773 ut
1758 720 1870 774 ani-

273 832 351 868 ma
379 804 635 869 sanetur.
662 824 716 867 et
741 824 901 868 tanta}
930 813 1029 867 luci
1056 814 1355 867 haurienda:
1379 816 1568 867 trientis
1590 815 1728 867 acies
1744 828 1869 867 con-

269 906 532 967 valescat,
574 908 775 967 dicitur
804 904 995 966 avaris,
1028 904 1198 957 Nolite
1223 906 1354 956 vobis
1381 906 1590 957 condere
1617 904 1870 957 thesauros

266 998 319 1048 in
338 1007 497 1060 terra,
532 998 621 1049 ubi
652 999 789 1049 tinea
818 1008 861 1049 et
887 1014 1055 1065 wrago
1084 999 1431 1061 exterminant,
1458 1008 1504 1050 et
1530 997 1610 1049 ubi
1639 998 1774 1064 fures
1798 1000 1871 1065 ef-

268 1089 465 1157 fodiunt
498 1098 549 1139 el
580 1093 858 1157 furantur;
884 1088 973 1140 sed
1011 1088 1340 1140 tltesaurizate
1373 1088 1506 1139 vobis
1533 1088 1786 1141 thesauros
1816 1087 1868 1140 in

268 1180 409 1245 calo,
454 1180 548 1231 ubi
582 1196 740 1250 neque
770 1179 901 1231 tinea
931 1196 1083 1246 neque
1109 1179 1284 1249 rubigo
1323 1178 1672 1243 exterminant,
1717 1194 1871 1246 neque

270 1275 401 1341 fares
428 1254 717 1335 effodiunt,
759 1287 916 1339 neque
946 1275 1180 1342 [urantur
1210 1268 1330 1322 :ttbi
1357 1270 1487 1321 enim
1512 1278 1578 1321 cst
1610 1269 1870 1322 thesaurus

272 1374 403 1425 tuus,
428 1348 504 1414 ibi
530 1374 609 1437 est
637 1374 684 1415 et
711 1380 796 1415 cor
819 1374 955 1414 tuum
983 1348 1202 1434 (Manli.
1232 1356 1512 1434 vum-9.1)
1540 1379 1549 1413 :
1580 1362 1769 1415 dicitur
1793 1362 1870 1414 lu—

269 1454 525 1519 xuriosis,
564 1455 669 1519 Qui
702 1458 909 1508 seminat
946 1456 997 1507 in
1026 1472 1194 1518 carne,
1234 1454 1295 1506 tle
1329 1471 1477 1506 carne
1515 1463 1659 1506 metet
1697 1471 1871 1506 corru-

272 1544 494 1610 ptimtem
528 1560 549 1597 :
576 1546 665 1611 qui
692 1548 899 1596 srminat
929 1546 976 1596 in
1010 1546 1209 1613 spiritu,
1235 1546 1296 1597 de
1340 1546 1517 1614 spiritu
1550 1554 1692 1597 metet
1720 1545 1869 1597 vitam

271 1648 513 1687 «sternam
547 1636 746 1705 (Colat.
766 1654 835 1701 v1,
857 1620 910 1707 8)
938 1655 949 1689 :
975 1637 1167 1690 dicitur
1188 1639 1448 1706 superbis,
1475 1630 1571 1702 Qui
1594 1639 1865 1703 secaraltat,

270 1727 650 1791 humiliobitur;
669 1739 712 1780 et
731 1730 813 1797 qui
832 1746 881 1780 se
894 1729 1139 1793 ltumiliat,
1160 1728 1614 1798 exaltabitar(an.
1633 1745 1741 1789 Xiv,
1760 1730 1866 1799 H):

272 1820 464 1872 dicitur
503 1820 801 1885 iracundis,
834 1821 1081 1887 Accepiin
1111 1820 1332 1889 alapam,
1375 1837 1497 1888 para
1526 1824 1735 1873 alterunt
1762 1837 1867 1872 ma-

250 1896 443 1987 ailtttm
476 1913 496 1984 (
526 1900 719 1967 Matt/1.
757 1930 817 1977 v,
856 1914 952 1982 59)
982 1932 991 1965 :
1022 1912 1215 1966 dicitur
1256 1912 1625 1977 discordiosis,
1665 1912 1871 1981 Diligite

269 2008 501 2059 inimicos
532 2017 722 2058 vestros
749 1988 919 2076 (Ibid.
951 2006 1053 2075 44)
1081 2022 1093 2057 :
1128 2004 1318 2057 dicitur
1340 2005 1732 2072 superstitiosis,
1769 2004 1868 2057 Re-

273 2115 422 2168 guunt
456 2098 558 2151 Dei
588 2099 719 2150 intra
749 2114 832 2149 vos
863 2106 933 2150 est
961 2094 1115 2168 (Luc.
1148 2112 1281 2162 xvu,
1310 2096 1369 2149 ‘21
1396 2100 1414 2166 }
1440 2113 1451 2151 :
1482 2094 1673 2149 dicitur
1698 2096 1871 2149 curio-

282 2191 374 2257 sis,
405 2190 592 2241 A'olite
620 2206 841 2261 qua’rere
877 2204 985 2257 qua:
1016 2188 1268 2251 videntur,
1309 2188 1395 2241 sed
1420 2204 1531 2254 qua:
1567 2206 1663 2240 non
1696 2188 1867 2240 viden-

275 2291 373 2332 tur.
412 2283 551 2344 Quae
576 2281 711 2332 enim
742 2280 990 2346 videntur,
1024 2280 1319 2348 temporalia
1361 2291 1473 2333 sunt
1512 2296 1665 2349 :qnw
1704 2289 1867 2333 autent

272 2389 367 2425 non
408 2371 670 2438 videntur,
702 2383 888 2425 acterna
920 2360 1035 2424 sunt
1072 2370 1145 2441 (ll
1174 2370 1287 2424 Cor.
1322 2388 1398 2436 1v,
1435 2370 1528 2443 18)
1556 2390 1568 2423 :
1600 2382 1866 2440 postremo

270 2464 460 2516 dicitur
490 2463 762 2526 onmibus,
794 2460 969 2515 Nolite
996 2462 1201 2533 diligere
1222 2464 1480 2530 mundum,
1505 2479 1658 2534 neque
1682 2481 1737 2516 ea
1757 2479 1868 2533 qua:

273 2556 319 2607 in
347 2555 542 2607 mundo
570 2565 685 2607 sunt
715 2569 734 2608 :
762 2554 997 2623 quoniam
1027 2570 1168 2606 omne
1196 2554 1326 2621 quod
1354 2554 1405 2606 in
1435 2554 1619 2606 mundo
1643 2564 1735 2623 est,
1748 2571 1867 2607 cort-

272 2646 585 2714 cupiscentio
622 2647 786 2697 carnis
812 2654 926 2721 est,
961 2656 1005 2697 ct
1044 2645 1440 2716 concupiscentia
1481 2645 1774 2711 oculorum,
1822 2657 1866 2699 et

278 2738 484 2788 sorbitio
509 2736 682 2789 sa'cnli
711 2724 763 2808 (l
785 2734 941 2789 Joau.
975 2752 1029 2803 tt,
1060 2737 1144 2802 15,
1183 2734 1296 2809 lli).

350 2831 403 2885 ὃ.
438 2830 502 2885 Si
544 2831 658 2884 haec
684 2846 778 2900 per
810 2838 973 2883 totum
1011 2831 1192 2883 orbem
1215 2830 1321 2898 jam
1366 2828 1569 2899 populis
1598 2829 1861 2899 leguntur,

285 2934 337 2977 et
378 2940 505 2979 cum
550 2906 892 2978 veneratione
935 2922 1279 2977 libentissime
1310 2921 1612 2975 audiuntur.
1646 2922 1701 2975 Si
1749 2934 1867 2991 post

282 3026 486 3071 tantum
516 3016 845 3085 sanguinem,
873 3024 1043 3069 tantos
1066 3016 1229 3085 ignes,
1254 3023 1330 3067 tot
1352 3030 1531 3069 cruces
1554 3027 1859 3085 martyrum,

280 3119 426 3162 tanto
458 3108 685 3161 fertilius
729 3116 780 3160 et
811 3107 1019 3160 uberius
1050 3123 1215 3175 usque
1245 3105 1309 3158 ad
1340 3105 1588 3159 barbaras
1625 3107 1863 3160 nationes

280 3204 532 3275 Ecclesia:
563 3204 903 3273 pullularunt.
938 3203 992 3257 Si
1020 3212 1091 3256 tot
1116 3200 1366 3270 juvcnutn
1390 3210 1442 3255 et
1470 3201 1724 3271 virginum
1754 3202 1865 3254 mil-

276 3294 345 3348 lia
397 3294 852 3349 contemnentium
898 3293 1106 3361 nuptias
1145 3302 1391 3361 casteque
1430 3292 1715 3345 viventium
1754 3293 1862 3359 jam

277 3404 431 3442 nemo
464 3390 687 3443 miratur
715 3408 727 3442 :
760 3387 898 3456 quod
926 3403 1043 3440 eum
1074 3385 1289 3441 fecisset
1317 3385 1487 3450 Plato,
1536 3398 1700 3453 usque
1729 3385 1863 3438 adeo

276 3494 593 3553 perversam
638 3492 924 3549 temporum
969 3495 1183 3533 suorum
1215 3479 1389 3533 timuit
1435 3478 1773 3546 Opinionem,
1808 3486 1864 3532 ut

276 3573 632 3642 perhibeatur
660 3574 979 3627 sacriticasse
1016 3582 1215 3627 natura:
1245 3573 1282 3637 ί,
1317 3579 1371 3623 ιιι
1401 3576 1645 3640 tanquam
1672 3585 1859 3638 pecca-

284 3676 386 3721 tum
422 3667 557 3721 illud
587 3668 905 3721 aboleretur.
949 3665 1004 3719 Si
1041 3664 1153 3720 hare
1181 3666 1256 3718 sic
1286 3664 1627 3733 accipiuntur,
1653 3672 1706 3716 ut
1727 3678 1860 3730 quo-

279 3762 438 3817 modo
468 3774 627 3821 antea
653 3763 771 3831 talia
798 3761 1087 3831 disputare,
1121 3760 1197 3813 sic
1220 3776 1357 3811 nunc
1388 3766 1567 3812 eontra
1596 3758 1860 3825 disputare

283 3865 677 3909 monstruosum
705 3856 789 3909 sit.
822 3854 877 3908 Si
904 3853 994 3907 tali
1024 3851 1384 3924 pollicitationi
1410 3861 1565 3920 atque
1591 3850 1859 3919 SpOllSiolll

283 3961 372 4014 per
418 3960 603 3999 ontnes
650 3957 901 3999 terrarum
944 3954 1117 4013 partes
1163 3960 1291 4012 quas
1320 3943 1557 3995 homines
1586 3941 1855 4008 incolunt,

282 4050 431 4089 sacra
478 4036 766 4089 christiana
812 4034 1102 4089 traduntur.
1135 4032 1188 4087 Si
1221 4034 1332 4087 lta'c
1357 4032 1588 4102 quotidie
1619 4033 1858 4101 leguntur

285 4127 332 4180 in
362 4129 621 4194 ccclesiis,
651 4138 703 4182 ct
727 4146 751 4180 a
784 4127 1146 4181 Sacerdotibus
1174 4133 1523 4195 exponuntur.
1555 4124 1609 4178 Si
1636 4125 1857 4177 tundunt

286 4232 495 4289 pectora
528 4223 618 4291 qui
662 4232 918 4275 conantur
947 4220 1060 4275 btec
1090 4220 1338 4290 implere;
1386 4218 1429 4272 si
1481 4227 1581 4270 tam
1616 4218 1855 4269 innume-

282 4315 472 4368 rabiles
498 4314 874 4383 aggrediuntur
904 4312 1036 4366 hanc
1070 4314 1225 4373 viam,
1262 4319 1316 4363 ut
1345 4308 1568 4363 desertis
1592 4309 1784 4361 divitiis
1806 4314 1855 4361 et

287 4404 577 4459 humoribus
606 4405 760 4473 hujus
788 4405 967 4459 mutuli
990 4420 1051 4457 ex
1082 4403 1222 4455 oumi
1248 4402 1517 4455 hominum
1548 4415 1739 4470 genere
1768 4398 1857 4452 nni

210 4504 227 4510 ‘
286 4496 387 4550 lteo
419 4510 629 4548 summo
670 4505 831 4550 totam
877 4494 1028 4546 vitam
1065 4492 1240 4546 dicare
1282 4492 1601 4553 volentium,
1634 4490 1855 4543 desertae

281 4586 539 4654 quondam
568 4586 753 4638 insula:
781 4601 840 4638 ac
868 4585 1145 4637 multarum
1179 4593 1434 4637 terrarum
1461 4582 1685 4635 solitudo
1714 4596 1859 4636 com-

285 4678 501 4745 pleatur.
532 4678 582 4731 Si
626 4678 853 4746 denique
879 4692 972 4746 per
1002 4676 1159 4730 urbes
1184 4684 1339 4744 atque
1376 4674 1584 4743 oppida,
1618 4673 1850 4738 castella,

284 4770 414 4822 vicos
457 4780 509 4824 et
558 4786 713 4838 agros
756 4770 912 4822 etiam
941 4810 958 4835 ,
989 4769 1247 4835 villasque
1292 4768 1518 4837 privatas
1566 4766 1615 4819 in
1651 4772 1851 4818 tantum

285 4874 455 4929 aperte
486 4861 837 4929 persuadetur
862 4870 910 4913 cl
942 4859 1203 4929 appetitur
1233 4874 1261 4911 a
1292 4858 1513 4911 terrenis
1544 4859 1769 4921 aversio,
1803 4869 1853 4911 et

286 4957 331 5007 in
376 4972 536 5008 unum
574 4956 737 5009 [tcum
767 4970 1056 5021 verumque
1086 4951 1380 5015 conversio,
1416 4960 1468 5003 ut
1496 4949 1729 5019 quotidie
1760 4967 1853 5020 per

284 5046 575 5101 universum
606 5046 787 5101 orbem
816 5047 1098 5097 humanum
1125 5059 1289 5114 genus
1322 5059 1419 5096 una
1452 5058 1582 5109 pene
1610 5058 1736 5096 voce
1762 5058 1847 5095 re«

282 5139 551 5204 spondeat,
601 5156 807 5207 sursum
840 5138 989 5189 t'ortla
1032 5153 1083 5189 se
1125 5136 1299 5187 habere
1336 5135 1399 5185 atl
1436 5134 1701 5187 L’onzfuttnz
1749 5130 1850 5205 (iis

280 5247 379 5285 rint
412 5230 609 5299 Μίδεω)
642 5250 652 5289 ;
682 5230 805 5303 quid
836 5229 1007 5282 adhuc
1037 5229 1319 5283 oscitamus
1347 5228 1611 5297 crapulam
1643 5226 1848 5281 hester-

282 5337 410 5377 nam,
431 5334 485 5375 et
506 5322 555 5373 in
582 5321 801 5374 mortuis
822 5320 1107 5390 pecudibus
1129 5320 1303 5373 divina
1326 5320 1528 5388 eloquia
1551 5328 1848 5389 perscruta-

279 5429 423 5477 mur;
471 5414 513 5466 si
561 5413 772 5480 quando
822 5426 995 5466 autem
1046 5410 1109 5465 ad
1151 5413 1555 5481 (ll>pillilllUliCltl
1605 5413 1845 5477 venitur,

284 5506 545 5559 l‘latonico
600 5507 809 5561 nemine
865 5523 953 5558 ora
987 5508 1282 5574 crepantia,
1325 5522 1478 5574 quam
1514 5515 1692 5574 pectus
1723 5521 1847 5557 vero

282 5597 509 5664 ;νΙι·ηυιη,
550 5602 718 5668 magis
746 5596 937 5651 habere
958 5596 1243 5666 gestimus?

338 5838 353 5868 ¹
381 5844 427 5885 tn
597 5845 807 5901 septem,
830 5836 1124 5903 sacriﬁcasse
1158 5844 1343 5889 naturae
1366 5842 1583 5886 naturam
1620 5847 1846 5887 exsecra-

279 5905 363 5963 tus,
388 5908 439 5955 tu
462 5908 717 5964 tanquam,
742 5907 837 5951 etc.

1711 419 1913 479 unua
1953 404 2144 477 dum.

3445 433 3544 487 1‘26

1977 536 2198 592 CAPUT
2236 536 2324 591 IV.
2350 568 2421 577 —
2448 538 2747 611 Philosophi
2786 543 2871 611 qui
2900 542 3213 599 sensibilibus
3237 546 3325 598 toti
3355 546 3533 599 htL’t‘CPt.

2585 634 2950 691 contemnendi.

2050 720 2101 772 6.
2132 720 2231 785 Qui
2261 735 2388 791 ergo
2414 724 2717 778 sensibilem
2744 725 2902 779 istum
2929 725 3183 780 mundum
3209 735 3548 782 contemnere

1975 818 2029 863 et
2048 811 2277 865 animam
2308 814 2497 868 virtute
2538 815 2882 883 purgandum,
2911 832 3117 873 summo
3147 818 3258 872 Deo
3286 818 3549 887 subjicere

1975 912 2133 971 aurae
2170 904 2469 973 subjugare,
2507 922 2699 960 vanum
2738 918 2828 961 aut
2857 923 3057 964 malum
3097 922 3296 978 putant,
3334 913 3436 966 alia
3467 928 3548 965 ra-

1980 995 2121 1048 tione
2156 995 2431 1049 refellendi
2462 1007 2584 1051 sunt
2614 1016 2625 1050 :
2655 999 2699 1051 si
2745 1009 2919 1055 tamen
2951 1017 3071 1055 cum
3112 1001 3194 1055 his
3222 1002 3435 1071 dignum
3467 1012 3549 1057 est

1978 1087 2268 1156 disputare.
2300 1088 2398 1155 Qui
2427 1100 2599 1143 autem
2628 1090 2821 1145 bonum
2848 1101 2900 1145 et
2920 1092 3269 1162 appetendum
3296 1095 3541 1158 fatentur,

1975 1188 2299 1247 cognoscant
2327 1180 2486 1233 Deum
2532 1188 2586 1233 et
2622 1181 2811 1234 cedant
2855 1183 2983 1248 Deo,
3027 1199 3119 1251 per
3156 1199 3312 1252 quem
3346 1185 3548 1252 populis

1970 1269 2080 1338 jam
2132 1271 2375 1325 omnibus
2428 1270 2541 1325 hinc
2585 1271 2846 1326 credenda
2903 1288 3150 1341 persuasa
3198 1283 3341 1326 sunt.
3391 1274 3541 1340 Quod

1976 1364 2153 1431 utique
2192 1363 2259 1415 ab
2307 1362 2432 1431 ipsis
2484 1364 2673 1429 lieret,
2717 1365 2762 1416 si
2802 1373 3001 1417 tantum
3040 1365 3278 1417 valerent
3313 1382 3323 1416 :
3368 1376 3457 1417 aut
3502 1366 3546 1417 si

1978 1471 2084 1507 non
2134 1456 2316 1520 licret,
2364 1455 2561 1508 crimen
2608 1454 2907 1508 invidentia:
2950 1454 3117 1508 vitare
3161 1470 3262 1508 non
3309 1465 3543 1523 possent.

1975 1550 2112 1615 Ergo
2151 1548 2342 1601 cedant
2382 1548 2430 1600 ei
2476 1564 2506 1601 a
2553 1564 2658 1617 quo
2696 1548 2888 1603 factum
2936 1557 3046 1615 est,
3103 1565 3198 1602 nec
3242 1549 3547 1603 curiositate

1977 1650 2065 1693 aut
2096 1641 2233 1692 inani
2264 1641 2516 1707 iactantia
2545 1641 2898 1709 impediantur
2930 1641 3209 1710 quominus
3236 1651 3544 1709 agnOscant,

1973 1734 2097 1802 quid
2122 1734 2329 1785 intersit
2358 1734 2494 1786 inter
2521 1749 2805 1801 paucorum
2832 1734 3040 1787 timidas
3071 1735 3087 1765 ³
3116 1735 3462 1800 conjecturas,
3490 1742 3547 1787 et

1972 1827 2303 1880 manifestam
2337 1826 2559 1879 salutem
2585 1828 3076 1895 correptionemque
3104 1829 3434 1895 populorum.
3467 1826 3547 1880 llli

1973 1919 2114 1973 cnim
2148 1920 2189 1971 si
2219 1920 2613 1979 reviviscerent,
2634 1934 2856 1986 quorum
2883 1920 2965 1972 isti
2996 1921 3291 1973 nominibus
3313 1920 3545 1988 glorian-

1974 2018 2079 2077 tur,
2120 2017 2173 2063 et
2202 2010 2501 2063 invenirent
2540 2011 2759 2064 refertas
2805 2012 3075 2075 ecclesias,
3124 2012 3419 2080 templaque
3451 2010 3548 2065 de-

1972 2115 2133 2167 serta,
2161 2112 2213 2155 et
2241 2117 2268 2154 a
2309 2102 2594 2171 cupiditate
2627 2101 2881 2155 honorum
2910 2103 3271 2171 temporalium
3300 2113 3351 2156 et
3376 2102 3546 2156 fluen-

1974 2196 2101 2246 tium
2132 2194 2195 2247 ad
2234 2207 2384 2262 spem
2414 2196 2533 2245 vitae
2564 2202 2773 2246 aeternae
2804 2202 2856 2245 et
2882 2192 3017 2245 bona
3064 2192 3353 2261 spiritualia
3382 2202 3435 2245 et
3463 2192 3546 2245 ia-

1973 2286 2259 2355 telligibilia
2284 2285 2461 2340 vocari
2479 2294 2528 2339 et
2550 2300 2764 2339 currere
2784 2284 3067 2338 humanum
3090 2300 3290 2353 genus;
3314 2283 3549 2339 dicereut

1972 2379 2196 2433 fortasse
2231 2377 2314 2449 (si
2345 2379 2475 2432 tales
2505 2386 2701 2442 essent,
2730 2378 2912 2446 quales
2942 2376 3102 2431 fuisse
3128 2373 3544 2446 memorantur):

1970 2471 2095 2525 liae
2121 2477 2243 2522 sunt
2263 2484 2379 2538 qua:
2404 2484 2499 2521 nos
2522 2468 2840 2537 persuadere
2863 2470 3067 2537 populis
3089 2485 3190 2521 non
3212 2468 3321 2522 ausi
3344 2482 3547 2536 sumus,

1970 2570 2022 2617 et
2046 2576 2227 2615 eorum
2256 2561 2429 2629 potius
2452 2560 2816 2615 consuetudini
2844 2562 3121 2626 cessimus,
3158 2575 3316 2630 quam
3346 2560 3462 2616 illos
3490 2560 3544 2615 in

1971 2664 2203 2708 nostram
2238 2654 2394 2707 tidem
2424 2654 2850 2721 voluntatemque
2881 2654 3229 2708 tratluximus.

2040 2746 2090 2799 7.
2138 2744 2317 2813 Itaque
2353 2745 2396 2797 si
2434 2744 2567 2796 hanc
2604 2744 2764 2797 vitam
2806 2744 2881 2798 illi
2911 2745 3005 2797 viri
3040 2744 3309 2803 nobiscum
3338 2759 3546 2800 rursum

1968 2852 2123 2905 agere
2152 2837 2465 2904 potuissent,
2504 2835 2743 2890 viderent
2786 2835 3021 2905 profecto
3050 2836 3199 2905 cujus
3236 2837 3547 2892 auctoritate

1971 2928 2170 2981 lucilius
2217 2928 2581 2981 consuleretur
2626 2926 2966 2993 hominibus,
3008 2938 3063 2981 et
3109 2929 3289 2997 paucis
3336 2928 3549 2983 mutatis

1967 3018 2147 3073 verbis
2183 3030 2339 3088 atque
2370 3019 2649 3073 sententiis
2675 3020 2945 3074 christiani
2975 3021 3184 3087 tierent,
3226 3020 3360 3076 sicut
3387 3020 3547 3088 pleri-

1969 3126 2072 3180 que
2111 3112 2465 3164 recentiorum
2512 3120 2920 3179 nostrorumque
2956 3119 3249 3179 temporum
3294 3110 3547 3165 Platonici

1968 3202 2230 3257 fect-runt.
2281 3203 2383 3255 Aut
2422 3202 2466 3255 si
2497 3202 2595 3255 hoc
2634 3217 2738 3255 non
2768 3202 3059 3257 faterentur
3086 3218 3256 3271 neque
3294 3202 3544 3269 facerent,

1966 3294 2017 3347 in
2051 3294 2295 3361 superbia
2325 3301 2379 3347 et
2404 3292 2599 3346 invidia
2622 3302 2981 3359 remanentes,
3020 3294 3201 3349 nescio
3222 3301 3394 3347 utrum
3422 3308 3543 3363 pos-

1966 3395 2085 3442 sent
2115 3386 2179 3439 ad
2221 3401 2281 3439 ea
2325 3387 2435 3455 ipsa
2472 3401 2590 3455 qua:
2620 3387 2915 3456 appetenda
2949 3396 3001 3440 et
3042 3385 3391 3440 desideranda
3428 3401 3547 3441 esse

1967 3480 2226 3543 dixerant,
2260 3495 2380 3533 cum
2410 3479 2524 3533 istis
2554 3481 2799 3535 sordibus
2842 3481 3091 3548 viscoque
3117 3480 3373 3534 revelare.
3415 3479 3545 3533 Nam

1968 3570 2124 3625 tertio
2156 3569 2282 3622 vitio
2312 3570 2634 3623 curiositatis
2670 3568 2721 3621 in
2765 3568 3166 3638 percunctandis
3194 3568 3540 3635 dazmonibus,

1964 3678 2068 3731 quo
2098 3662 2181 3715 isti
2221 3661 2481 3726 maxime,
2511 3675 2631 3716 cum
2674 3660 2861 3729 quibus
2892 3675 3030 3714 nunc
3069 3660 3260 3730 agitur,
3291 3660 3485 3729 Pagani
3512 3675 3543 3715 a

1965 3752 2252 3807 christiana
2294 3754 2461 3805 salute
2492 3761 2827 3813 revocantur,
2860 3752 2979 3821 quia
3028 3752 3186 3806 nimis
3212 3751 3412 3823 puerile
3439 3760 3540 3819 est,

1963 3846 2141 3898 nescio
2174 3854 2344 3897 utrum
2377 3844 2508 3897 tales
2535 3843 2611 3897 illi
2638 3842 3056 3913 prmpedirentur
3082 3844 3201 3898 viri.

1963 3936 2187 3993 CAPUT
2217 3936 2277 3989 V.
2299 3934 2448 3990 —In
2469 3936 2646 4007 quibus
2664 3937 2807 3990 sertis
2835 3953 2949 3990 vero
2977 3936 3172 4007 religio.
3202 3935 3389 3991 Munus
3411 3936 3540 3991 divi-

2422 4045 2563 4082 num.
2600 4028 2824 4097 Spiritus
2844 4039 3064 4082 sanctus.

2033 4125 2086 4180 8.
2141 4122 2243 4177 Sed
2297 4136 2506 4191 qttoquo
2552 4121 2710 4174 modo
2764 4137 2821 4175 se
2869 4122 3058 4175 habeat
3107 4121 3539 4191 philosophorum

1958 4219 2231 4287 jactantia,
2263 4216 2386 4267 illud
2415 4215 2579 4267 cuivis
2602 4214 2897 4283 intelligere
2924 4213 3075 4268 facile
3094 4220 3197 4280 est,
3228 4213 3541 4283 religionem

1964 4308 2027 4363 ah
2062 4308 2135 4360 cis
2175 4323 2276 4359 non
2320 4321 2439 4359 esse
2477 4304 2838 4375 quaerendam,
2870 4303 2958 4373 qui
2987 4305 3170 4358 eadem
3202 4320 3346 4358 sacra
3378 4306 3543 4359 susei-

1964 4399 2174 4469 piebant
2202 4414 2320 4452 cum
2348 4397 2577 4468 populis,
2608 4406 2661 4449 ct
2686 4396 2751 4449 de
2777 4410 2991 4449 suorum
3021 4396 3242 4449 deorum
3270 4407 3450 4450 natura
3482 4414 3541 4452 ac

1963 4506 2171 4544 summo
2211 4489 2380 4555 bono,
2425 4489 2664 4543 diversas
2704 4488 3103 4557 contrariaSque
3148 4490 3438 4545 sententias
3488 4490 3539 4544 in

1960 4582 2157 4637 St'ltttlls
2196 4582 2334 4645 suis,
2375 4580 2561 4634 eadem
2592 4588 2728 4633 teste
2769 4579 3133 4645 multitudine,
3163 4582 3538 4650 personabant.

1960 4674 2109 4743 Quod
2138 4676 2179 4727 si
2204 4674 2301 4726 huc
2331 4686 2489 4726 unum
2522 4681 2721 4726 tantum
2748 4670 2933 4725 vitium
2959 4670 3243 4726 christiana
3263 4672 3537 4742 disciplina

1960 4775 2197 4819 sanatum
2213 4764 2526 4825 videremus,
2546 4762 2793 4817 ineffabili
2808 4761 2963 4818 laude
2986 4763 3369 4832 praedicandam
3391 4779 3534 4833 esse,

1960 4859 2225 4913 nemiuem
2249 4872 2442 4927 negare
2466 4865 2754 4925 Oporteret.
2786 4855 3027 4911 llasreses
3064 4870 3290 4925 namque
3318 4866 3420 4911 tam
3454 4858 3534 4911 in-

1960 4951 2312 5005 numerabiles
2351 4965 2378 5002 a
2409 4949 2589 5018 regula
2636 4948 3043 5003 Christianitatis
3086 4964 3319 5015 aversae,
3374 4957 3536 5002 testes

1957 5054 2077 5098 sunt
2107 5061 2208 5097 non
2251 5042 2452 5096 admitti
2495 5040 2559 5094 ad
2608 5040 3039 5094 communicanda
3069 5042 3406 5096 Sacramenta
3445 5054 3535 5092 eos

1956 5137 2042 5207 qui
2071 5134 2136 5188 (lc
2162 5135 2314 5189 Patre
2342 5134 2468 5196 Deo,
2503 5140 2555 5187 et
2576 5132 2843 5201 Sapientia
2879 5132 3012 5201 ejus,
3041 5140 3095 5184 ct
3123 5132 3333 5185 Munere
3359 5129 3534 5183 divino

1955 5234 2106 5289 aliter
2152 5236 2382 5287 sentiunt
2428 5242 2479 5286 ct
2530 5232 2829 5286 hominibus
2868 5230 3183 5301 persuadere
3235 5236 3529 5294 conantur,

1955 5342 2109 5394 quam
2138 5326 2332 5379 veritas
2370 5325 2616 5394 postulat.
2667 5323 2753 5378 Sic
2783 5324 2923 5377 enim
2954 5322 3186 5375 creditur
3210 5330 3263 5376 et
3290 5319 3529 5383 docetur,

1954 5416 2092 5487 quod
2116 5426 2195 5471 est
2233 5417 2473 5470 humanae
2504 5418 2688 5471 salutis
2730 5425 2904 5485 caput,
2947 5431 3049 5467 non
3080 5413 3235 5466 aliam
3266 5428 3383 5468 esse
3415 5414 3529 5481 plli-

1952 5508 2269 5577 losOphiam,
2300 5508 2348 5561 id
2380 5519 2456 5562 est
2486 5509 2757 5577 sapientia:
2782 5506 3032 5569 studium,
3065 5512 3119 5557 et
3139 5504 3293 5558 aliam
3320 5505 3530 5574 religio-

1955 5617 2091 5663 nem,
2126 5616 2245 5653 cum
2274 5600 2305 5653 ii
2336 5612 2557 5670 quorum
2585 5599 2873 5653 doctrinam
2903 5611 3003 5649 non
3037 5595 3406 5665 approbamus,
3435 5611 3528 5650 nec

1952 5693 2289 5746 Sacramenta
2319 5692 2589 5745 nobiscum
2612 5687 3021 5743 communicant.

2024 5784 2075 5838 9.
2122 5780 2271 5849 Quod
2307 5784 2358 5838 iu
2393 5783 2496 5838 illis
2534 5783 2705 5836 minus
2734 5778 3030 5834 mirandum
3072 5788 3175 5846 est,
3215 5779 3301 5848 qui
3344 5794 3526 5832 eorum
3578 5826 3585 5834 .

2016 5899 2033 5928 ι
2058 5897 2127 5946 sic
2151 5898 2199 5944 in
2222 5901 2326 5946 Mss.
2355 5894 2569 5945 melioris
2590 5898 2731 5943 uotae.
2763 5897 2816 5942 At
2839 5892 2886 5941 in
2909 5890 3038 5954 vulg.
3078 5891 3287 5955 legitur,
3312 5882 3522 5941 tumidas
3578 5889 3587 5901 ’

2062 6067 2078 6097 Ι
