4056 6516
470 408 572 465 12⁵1

471 532 684 592 quoque
717 517 1173 576 Sacramentorum
1203 517 1306 573 ritu
1334 516 1570 588 dispares
1594 528 1713 571 esse
1738 512 2040 578 voluerunt,

474 618 612 668 sicut
638 613 818 668 nescio
838 611 926 683 qui
953 609 1253 680 Serpentini
1277 611 1363 680 qui
1387 609 1718 680 appellantur
1750 607 1844 680 (a),
1872 607 2007 660 sicut
2025 605 2043 636 ί

471 703 767 768 Manichaai,
795 703 929 758 sicut
955 702 1042 756 alii
1063 702 1318 757 nonnulli.
1341 701 1444 757 Sed
1474 701 1524 754 iu
1556 700 1659 754 illis
1683 699 1850 769 magis
1877 698 2046 751 anim-

472 795 848 852 advertendum
895 796 998 850 hoc
1039 796 1308 866 magisque
1335 793 1746 864 praedicandum,
1787 793 1873 863 qui
1900 791 2041 862 paria

471 887 812 942 Sacramenta
841 887 1011 942 celebt
1024 895 1193 952 Jutes,
1224 896 1396 940 tamen
1425 885 1545 955 quia
1573 885 1831 940 sententia
1861 885 2040 954 dispa-

473 992 558 1033 res
593 987 734 1044 sunt,
767 989 821 1034 et
844 993 1050 1033 errores
1078 993 1201 1034 suos
1239 977 1528 1032 animosius
1555 977 1855 1042 defendere,
1883 993 2042 1049 quam

468 1071 674 1126 cautius
701 1073 966 1141 corrigere
990 1071 1308 1136 maluerunt,
1335 1072 1529 1125 exclusi
1554 1087 1583 1126 a
1613 1073 1872 1131 catholica
1897 1089 2043 1129 com-

470 1162 756 1229 munione,
785 1171 838 1217 et
861 1179 892 1216 a
922 1162 1318 1231 participatione
1347 1165 1586 1232 quamvis
1618 1166 1820 1234 parium
1851 1167 2040 1223 Sacra-

468 1262 763 1308 mentorum
784 1295 798 1319 ,
831 1253 1035 1323 propria
1062 1253 1310 1308 vocabula
1346 1256 1693 1327 propriosque
1730 1268 2035 1327 conventus,

469 1344 657 1396 nonin
700 1359 945 1398 sermone
975 1351 1197 1410 tantum,
1245 1344 1337 1399 sed
1368 1346 1524 1400 etiam
1571 1348 1621 1401 in
1667 1350 2040 1419 superstitione

470 1442 776 1487 meruerunt
800 1450 811 1485 :
842 1441 895 1486 ut
916 1433 1235 1503 Photiniani,
1264 1436 1464 1502 Ariani,
1489 1438 1742 1508 multique
1763 1449 2037 1510 praeterea.

465 1523 594 1577 Nam
635 1523 702 1577 de
741 1523 803 1576 iis
831 1523 916 1594 qui
953 1523 1238 1580 schismata
1268 1525 1524 1594 fecerunt,
1557 1531 1656 1583 alia
1685 1533 1906 1600 quaestio
1935 1541 2037 1590 est.

468 1614 651 1668 Posset
679 1615 821 1670 enim
847 1631 939 1670 eos
959 1632 1080 1670 area
1105 1617 1367 1672 dominica
1394 1633 1559 1688 usque
1583 1621 1649 1673 ad
1683 1629 1888 1690 tempus
1912 1624 2038 1678 ulti-

467 1723 568 1760 mte
600 1709 957 1762 ventilationis
991 1709 1132 1763 velut
1161 1710 1338 1779 paleas
1379 1711 1638 1765 sustinere
1681 1712 1902 1782 (Matth.
1950 1731 2036 1784 ut,

468 1799 587 1869 12),
619 1801 716 1854 nisi
748 1812 904 1854 vento
931 1802 1194 1870 superbiae
1222 1803 1378 1856 nimia
1410 1803 1620 1858 levitate
1644 1806 1947 1874 cessissent,
1986 1819 2041 1865 et

462 1907 580 1947 sese
618 1909 649 1947 a
679 1893 831 1949 nobis
872 1895 1010 1949 ultro
1038 1905 1390 1963 separassent.
1432 1895 1599 1950 Judaei
1640 1913 1762 1952 vero
1801 1901 2039 1969 quamvis

463 1984 555 2036 uni
586 1985 932 2054 omnipotenti
960 1986 1067 2040 Deo
1097 1987 1410 2056 supplicent,
1440 1987 1546 2040 sola
1574 1994 1746 2041 tamen
1778 1999 2040 2059 tempora-

461 2075 529 2128 lia
574 2084 627 2130 et
670 2073 890 2130 visibilia
933 2077 1067 2132 bona
1093 2078 1160 2132 de
1190 2078 1280 2131 illo
1317 2087 1703 2147 exspectantes,
1743 2081 2038 2139 rudimenta

464 2168 584 2221 novi
608 2168 786 2238 p0puli
811 2169 878 2223 ab
905 2169 1197 2225 humilitate
1223 2171 1509 2240 surgentia,
1542 2172 1594 2226 in
1618 2172 1743 2241 ipsis
1767 2175 1876 2230 suis
1897 2175 2034 2231 Scri-

459 2258 628 2327 pturis
655 2259 813 2312 nimia
842 2260 1123 2314 securitate
1149 2261 1428 2315 noluerunt
1452 2261 1751 2328 advertere,
1778 2272 1936 2334 atque
1963 2266 2036 2323 ita

459 2347 512 2402 in
541 2348 704 2404 veteri
737 2348 948 2403 homine
973 2360 1360 2406 remanserunt.
1384 2351 1512 2418 Quae
1538 2368 1656 2406 cum
1687 2354 1756 2408 ita
1787 2356 1913 2422 sint,
1936 2371 2035 2412 ne-

461 2458 564 2512 que
593 2443 646 2496 in
674 2443 982 2499 confusione
1012 2444 1370 2514 Paganorum,
1398 2460 1568 2515 neque
1595 2445 1647 2500 in
1675 2451 2035 2518 purgamentis

457 2533 1023 2606 haereticorum,neque
1040 2537 1093 2590 in
1109 2537 1359 2606 languore
1375 2537 1850 2610 schismaticorum,
1865 2557 2034 2613 neque

456 2626 506 2679 in
537 2627 775 2682 caecitate
800 2626 1103 2682 Judreorum
1134 2629 1415 2698 qurerenda
1441 2637 1523 2683 est
1546 2629 1753 2700 religio,
1781 2631 1872 2686 sed
1893 2633 2033 2702 apud

453 2732 545 2772 eos
572 2718 715 2772 solos
730 2720 817 2788 qui
844 2718 1131 2774 Christiani
1157 2719 1424 2788 catholici,
1457 2721 1539 2776 vel
1565 2721 1844 2776 orthodoxi
1863 2726 2035 2778 nomi-

454 2816 664 2874 nantnr,
687 2810 736 2863 id
762 2819 844 2864 est
867 2811 1182 2881 integritatis
1211 2811 1477 2876 custodes,
1506 2821 1560 2867 et
1579 2822 1720 2868 recta
1743 2823 2026 2872 sectantes.

453 2901 675 2959 CAPUT
712 2903 889 2958 VL—
915 2903 1046 2958 Vera
1072 2904 1248 2973 religio
1277 2906 1329 2959 in
1355 2906 1464 2958 sola
1494 2905 1719 2961 Ecclesia
1745 2908 1993 2963 cat/colica
2012 2952 2028 2977 ,

487 3005 633 3067 Δ(μαι
668 2995 896 3051 omnibus
935 2997 1213 3051 errantibus
1268 2997 1424 3049 utitur
1475 2997 1543 3050 ad
1593 3008 1848 3067 provectus
1891 3017 2028 3055 suos.

531 3085 661 3139 Boni
689 3103 1047 3157 nonnunquam
1074 3103 1136 3140 ex
1162 3085 1390 3140 Ecclesia
1417 3103 1504 3156 per
1530 3087 1791 3142 seditiosos
1815 3090 2028 3158 expulsi.

525 3175 612 3231 10.
641 3176 764 3231 Htec
790 3177 930 3231 enim
967 3177 1204 3231 Ecclesia
1234 3176 1490 3230 catholica
1535 3191 1628 3245 per
1652 3185 1818 3232 totum
1846 3178 2029 3234 orbem

451 3265 623 3321 valide
651 3265 859 3336 lateque
887 3265 1073 3320 ditl‘usa
1095 3307 1110 3330 ,
1166 3265 1410 3319 omnibus
1439 3267 1736 3321 errantibus
1777 3269 1940 3323 utitur
1963 3269 2030 3325 ad

456 3366 738 3428 provectus
764 3372 910 3424 suos,
940 3366 991 3411 et
1015 3356 1077 3410 ad
1108 3355 1291 3410 eorum
1318 3357 1700 3411 correctionem
1721 3399 1735 3423 ,
1768 3373 1888 3414 cum
1916 3362 2029 3414 evi-

451 3448 617 3519 gilare
642 3448 924 3502 voluerint.
967 3447 1141 3503 Utitur
1169 3447 1309 3502 enim
1348 3445 1605 3501 Gentibus
1646 3448 1711 3502 ad
1755 3452 2030 3506 materiam

453 3541 775 3612 operationis
798 3556 940 3605 suae,
969 3539 1232 3594 haereticis
1259 3539 1324 3594 ad
1367 3539 1727 3608 probationem
1774 3541 2030 3600 doctrinae

450 3635 583 3698 suae,
599 3631 946 3687 schismaticis
975 3631 1040 3685 ad
1061 3632 1433 3686 documentum
1461 3632 1760 3688 stabilitatis
1780 3649 1910 3704 sure,
1931 3636 2028 3692 Ju-

455 3727 584 3780 dteis
629 3726 692 3780 ad
743 3726 1192 3796 comparationem
1246 3725 1646 3796 pulchritudinis
1698 3744 1826 3782 suae.
1882 3731 2029 3786 Alios

454 3831 581 3886 ergo
633 3817 852 3883 invitat,
883 3810 1037 3870 alios
1082 3814 1347 3882 excludit,
1401 3816 1533 3871 alios
1576 3817 1854 3888 relinquit,
1896 3820 2028 3877 alios

451 3908 719 3964 antecedit
745 3927 756 3961 :
787 3909 1033 3964 omnibus
1079 3917 1256 3964 tamen
1297 3910 1479 3980 gratizc
1519 3911 1611 3966 Dei
1651 3912 2028 3983 participandas

451 4000 545 4054 dat
570 4007 920 4070 potestatem;
970 3999 1082 4055 sive
1109 3999 1182 4054 illi
1212 3999 1472 4054 formandi
1501 4001 1605 4055 sint
1648 4002 1820 4058 adhuc
1840 4005 1881 4069 ³,
1915 4007 2028 4061 sive

449 4091 808 4156 reformandi,
843 4091 953 4146 sive
997 4090 1368 4160 recolligendi,
1397 4090 1509 4146 sive
1537 4091 1865 4149 admittendi.
1897 4095 2028 4150 Car-

453 4187 601 4242 nales
626 4193 801 4240 autem
829 4199 983 4252 suos,
1029 4184 1079 4238 id
1112 4193 1194 4238 est
1217 4184 1454 4239 viventes
1483 4193 1572 4238 aut
1595 4185 1883 4240 sentientes
1911 4202 2028 4242 car-

454 4279 675 4345 naliter,
727 4287 970 4346 tanquam
1003 4276 1180 4345 paleas
1205 4275 1430 4341 tolerat,
1474 4275 1661 4345 quibus
1692 4276 1742 4329 in
1768 4291 1891 4332 area
1919 4276 2028 4332 fru-

453 4378 631 4424 menta
661 4367 851 4423 tutiora
879 4377 1034 4434 sunt,
1065 4367 1236 4421 donec
1265 4365 1454 4420 talibus
1483 4367 1796 4435 tegminibus
1827 4383 2026 4424 exuan-

451 4472 553 4518 tur.
584 4461 688 4518 Sed
716 4461 835 4532 quia
863 4460 917 4515 in
962 4459 1060 4515 hac
1087 4475 1210 4515 area
1251 4474 1346 4530 pro
1371 4460 1643 4513 voluntate
1680 4461 1900 4530 quisque
1941 4461 2024 4518 vel

449 4557 627 4628 palea,
657 4556 738 4610 vel
786 4555 1105 4609 frumentum
1134 4562 1244 4619 est,
1280 4551 1476 4606 tamdiu
1506 4552 1794 4607 sustinetur
1830 4567 2023 4622 pecca-

450 4657 557 4703 tum
585 4656 675 4702 aut
704 4661 854 4701 error
877 4645 1194 4716 cujuslibet,
1241 4645 1409 4700 donec
1437 4652 1529 4698 aut
1551 4652 1909 4700 accusatorem
1938 4646 2023 4701 in-

447 4739 655 4804 veniat,
699 4745 789 4791 aut
832 4751 1044 4806 pravam
1073 4736 1376 4804 Opinionem
1408 4735 1658 4803 pertinaci
1689 4735 2024 4793 animositate

450 4829 714 4885 defendat.
746 4827 962 4883 Exclusi
991 4836 1165 4881 autem
1200 4834 1291 4881 aut
1313 4825 1618 4896 pmniteudo
1647 4826 1903 4894 redeunt,
1934 4835 2024 4884 aut

445 4925 496 4978 in
527 4922 815 4992 nequitiam
859 4920 995 4975 male
1018 4920 1170 4975 liberi
1197 4919 1466 4986 defluunt,
1514 4917 1581 4972 ad
1607 4917 2021 4975 admonitionem

447 5023 642 5071 nostrae
667 5013 986 5081 diligentiae;
1017 5020 1108 5066 aut
1136 5012 1365 5067 schisma
1407 5010 1639 5076 faciunt,
1666 5010 1732 5066 ad
1763 5015 2023 5069 exercita-

445 5107 642 5163 tionem
673 5113 868 5160 nostrae
909 5103 1205 5174 patientiae;
1256 5111 1344 5156 aut
1397 5102 1640 5157 haeresim
1684 5102 1913 5174 aliquam
1943 5104 2022 5174 gi-

444 5205 632 5269 gnunt,
658 5195 724 5250 ad
756 5211 976 5250 examen
1007 5194 1118 5249 sive
1145 5194 1475 5248 occasionem
1505 5203 1699 5248 nostra)
1724 5193 2022 5266 intelligen-

444 5290 553 5344 tiae.
579 5287 642 5344 Hi
681 5296 804 5342 sunt
827 5287 1000 5341 exitus
1025 5285 1431 5341 christiauorum
1461 5286 1755 5340 carnalium
1795 5288 1883 5358 qui
1914 5303 2019 5344 non

446 5389 732 5452 potuerunt
757 5381 946 5450 corrigi
975 5388 1064 5433 aut
1093 5378 1360 5432 sustineri.

506 5493 523 5523 ¹
549 5497 600 5540 In
639 5491 830 5541 excusis
866 5491 1098 5556 omittitur
1123 5488 1243 5540 sicut
1259 5525 1290 5556 ,_
1307 5501 1449 5552 quam
1479 5503 1648 5556 vocem
1686 5491 1736 5540 in
1771 5491 2020 5556 plerisque

441 5561 547 5603 Mss.
572 5560 818 5625 repertam
852 5554 1176 5625 restituimus,
1199 5553 1320 5625 quia
1345 5554 1725 5625 .Serpen‘tinos‘a
1759 5553 2022 5625 manichieis

442 5629 539 5664 non
559 5613 766 5666 obscure
797 5617 1011 5678 secernit
1035 5613 1329 5678 Augustinus
1344 5616 1392 5663 in
1420 5613 1502 5678 lib.
1522 5614 1553 5663 2
1573 5615 1636 5665 de
1657 5619 1833 5664 Genesi
1855 5625 2020 5666 contra

442 5678 737 5737 Manichaeos,
755 5689 859 5739 cap.
884 5677 962 5739 ψ,
985 5685 1035 5726 et
1053 5675 1225 5727 clarius
1246 5679 1294 5739 in
1316 5675 1440 5739 libro
1459 5676 1527 5739 de
1546 5679 1832 5727 Heresiluus.

503 5741 523 5770 ί
567 5736 840 5803 Εάὶιὶίείυξ
877 5737 952 5790 illi
985 5737 1280 5803 infomtandi
1313 5736 1407 5788 sint
1443 5737 1621 5788 adhuc.
1659 5739 1748 5789 sed
1786 5739 2021 5788 sincerius

443 5807 570 5864 Ias”
593 5799 852 5864 formandi.

501 5833 575 5924 ἵᾶδ
592 5833 789 5924 δἰίιῗῆἕεῗ

1487 399 1577 455 DE
1614 397 1799 455 VERA
1835 392 2222 467 RELIGIONE,
2260 395 2318 452 S.
2358 397 2723 457 AUGUSTINI
3620 404 3720 462 l28

2226 514 2311 568 ll.
2352 513 2504 586 Saepe
2530 517 2687 572 etiam
2714 517 2839 572 sinit
2857 515 3031 572 divina
3080 517 3428 589 providentia,
3454 533 3551 591 per
3572 536 3709 578 non-

2149 607 2322 663 nullas
2347 609 2568 664 nimium
2594 610 2923 665 turbulentas
2959 612 3247 666 carnalium
3274 612 3544 669 hominum
3571 618 3716 673 sedi-

2149 699 2323 754 tiones
2349 701 2543 771 expelli
2567 701 2634 756 de
2660 702 3064 772 congregatione
3084 703 3399 772 christiana,
3430 707 3589 761 etiam
3615 709 3717 764 bo-

2151 805 2248 844 nos
2277 791 2437 846 viros.
2457 792 2625 859 Quam
2655 793 3025 846 contumeliam
3047 794 3125 848 vel
3152 793 3396 864 injuriam
3417 811 3566 851 suam
3593 815 3714 855 cum

2147 880 2530 949 patientissime
2549 897 2642 950 pro
2669 882 2922 936 Ecclesiae
2950 898 3080 954 pace
3109 884 3360 952 tulerint,
3389 902 3562 958 neque
3583 891 3712 947 ullas

2147 972 2409 1027 novitates
2437 974 2518 1028 vel
2563 973 2861 1028 schismalis
2898 975 2982 1029 vel
3013 975 3230 1031 haeresis
3275 979 3440 1032 moliti
3488 981 3713 1050 fuerint,

2146 1062 2410 1118 docebunt
2454 1063 2693 1120 homines
2722 1081 2876 1136 quam
2906 1081 3032 1122 vero
3056 1067 3246 1122 affectu
3265 1111 3280 1136 ,
3308 1078 3362 1122 et
3385 1080 3578 1139 quanta
3610 1073 3716 1127 sin-

2146 1157 2366 1210 ceritate
2413 1157 2684 1212 charitatis
2715 1159 2823 1212 Deo
2866 1160 3199 1214 serviendum
3225 1162 3312 1216 sit.
3361 1161 3563 1217 Talium
3590 1179 3716 1235 ergo

2145 1250 2378 1304 virorum
2405 1251 2731 1320 prapositum
2763 1263 2871 1316 est,
2925 1259 3015 1305 aut
3057 1253 3251 1307 sedatis
3280 1269 3520 1309 remeare
3547 1258 3715 1312 turbi-

2145 1342 2303 1397 nibus
2327 1362 2341 1408 ;
2373 1349 2466 1395 aut
2489 1342 2535 1396 si
2560 1342 2612 1397 id
2644 1357 2748 1396 non
2777 1344 3016 1397 sinantur
3039 1385 3052 1410 ,
3086 1344 3169 1398 vel
3193 1345 3376 1399 eadem
3403 1355 3717 1416 tempestate

2144 1443 2520 1504 perseverante
2543 1477 2557 1502 ,
2587 1434 2672 1489 vel
2700 1450 2767 1490 ne
2792 1451 2889 1490 suo
2913 1435 3086 1490 reditu
3112 1436 3232 1490 talis
3258 1446 3348 1492 aut
3367 1439 3557 1492 saevior
3580 1441 3717 1495 oria-

2147 1535 2266 1590 tur;
2317 1533 2499 1579 tenent
2541 1526 2863 1580 voluntatem
2912 1526 3220 1580 consulendi
3266 1527 3423 1582 etiam
3467 1530 3544 1584 eis
3589 1531 3716 1600 ipsis

2145 1631 2366 1685 quorum
2393 1615 2622 1671 motibus
2652 1617 3234 1687 perturbationibusque
3253 1630 3563 1687 cesserunt,
3601 1622 3716 1677 sine

2145 1706 2248 1760 ulla
2278 1708 2761 1762 conventiculorum
2795 1709 3157 1779 segregatione
3189 1724 3354 1779 usque
3392 1710 3457 1764 ad
3489 1722 3712 1766 mortem

2143 1796 2485 1851 defendentes
2505 1838 2518 1862 ,
2545 1805 2602 1854 et
2629 1799 2930 1854 testimonio
2953 1801 3195 1867 juvantes
3221 1815 3340 1854 eam
3369 1801 3523 1856 [idem
3553 1819 3712 1873 quam

2143 1891 2194 1944 in
2225 1890 2461 1946 Ecclesia
2484 1891 2743 1947 catholica
2787 1891 3062 1961 praedicari
3097 1893 3291 1946 sciunt.
3340 1892 3449 1948 Hos
3497 1905 3716 1951 coronat

2143 1983 2195 2036 in
2219 1982 2426 2035 occulto
2449 1983 2604 2036 Pater
2623 2022 2638 2048 ,
2665 1983 2716 2036 in
2747 1984 2953 2038 occulto
2979 1984 3182 2039 videns.
3211 1984 3408 2040 Rarum
3437 1985 3536 2041 hoc
3565 1988 3713 2042 vide—

2142 2083 2227 2128 tur
2251 2088 2436 2144 genus,
2461 2075 2554 2129 scd
2583 2084 2758 2130 tamen
2779 2076 3019 2145 exempla
3043 2092 3145 2130 non
3177 2076 3365 2131 desunt
3389 2095 3402 2130 :
3431 2079 3538 2132 imo
3565 2079 3714 2148 plura

2141 2175 2266 2220 sunt
2295 2182 2450 2235 quam
2479 2166 2623 2220 credi
2651 2174 2839 2236 potest.
2867 2166 2939 2220 ita
2969 2168 3213 2222 omnibus
3239 2169 3518 2238 generibus
3539 2168 3715 2224 homi-

2141 2275 2268 2312 num
2292 2267 2346 2313 et
2371 2260 2734 2330 exemplorum
2763 2258 2831 2314 ad
2851 2259 3144 2314 animarum
3171 2261 3499 2316 curationem
3522 2305 3536 2328 ,
3565 2271 3619 2316 et
3647 2263 3711 2318 ad

2140 2349 2523 2404 institutionem
2575 2350 2862 2420 spiritualis
2912 2351 3119 2421 populi,
3174 2353 3334 2406 utitur
3379 2352 3553 2408 divina
3589 2369 3712 2424 pro-

2139 2441 2386 2496 videntia.

2139 2522 2362 2588 CAPUT
2388 2532 2495 2587 Vll.
2517 2561 2587 2572 —-
2606 2532 2880 2588 Catholica:
2895 2533 3134 2588 Ecclesia:
3152 2535 3328 2607 religio
3348 2537 3710 2605 amplectenda.

2631 2621 2765 2688 Quid
2791 2623 2880 2676 illa
2903 2624 3215 2694 proﬁteatur.

2209 2715 2297 2771 12.
2339 2715 2695 2783 Quamobrem
2715 2757 2730 2782 ,
2772 2731 2891 2770 cum
2921 2725 3044 2770 ante
3095 2732 3290 2786 paucos
3319 2733 3488 2774 annos
3516 2721 3714 2789 promi-

2138 2809 2297 2861 serim
2354 2808 2448 2862 tibi
2490 2809 2766 2874 scribere,
2819 2807 3132 2862 charissime
3181 2809 3310 2863 mihi
3355 2810 3710 2880 Romanianc,

2137 2898 2262 2968 quid
2287 2897 2353 2953 de
2377 2913 2501 2953 vera
2521 2899 2776 2968 religione
2801 2899 3052 2954 sentirem
3083 2899 3216 2971 (Lib.
3238 2900 3274 2954 2
3303 2911 3480 2956 contra
3516 2906 3711 2957 Acade-

2137 2990 2311 3055 micos,
2341 3006 2455 3060 cap.
2507 2990 2572 3055 3,
2601 3007 2652 3043 η.
2684 2989 2779 3061 8),
2839 2999 3047 3060 tempus
3075 3005 3215 3046 nunc
3259 3007 3377 3049 esse
3419 2996 3706 3052 arbitratus

2137 3097 2252 3136 sum
2280 3083 2318 3146 ί,
2344 3091 2618 3152 postquam
2643 3091 2758 3137 tuas
2785 3083 3070 3139 acerrimas
3097 3085 3534 3157 interrogationes
3555 3131 3569 3155 ,
3595 3089 3713 3145 sine

2139 3176 2246 3231 ullo
2270 3184 2416 3231 certo
2439 3176 2544 3231 ﬁne
2564 3175 2819 3232 ﬂuctuare
2839 3219 2853 3244 ,
2885 3192 2945 3232 ea
2982 3177 3238 3234 charitate
3261 3195 3360 3250 qua
3393 3181 3486 3235 tibi
3512 3181 3710 3236 obstri-

2137 3277 2252 3322 ctus
2279 3283 2396 3322 sum
2416 3309 2431 3334 ,
2476 3267 2674 3323 diutius
2701 3269 2962 3324 sustinere
3003 3285 3107 3323 non
3139 3285 3368 3340 possem.
3402 3271 3711 3342 Repudiatis

2136 3361 2296 3432 igitur
2318 3360 2566 3416 omnibus
2595 3363 2682 3431 qui
2736 3378 2906 3432 neque
2937 3363 2987 3416 in
3025 3363 3189 3416 sacris
3233 3363 3668 3433 philosophantur
3689 3405 3709 3433 ,

2136 3470 2236 3510 nec
2267 3456 2316 3508 in
2358 3454 2687 3524 philosophia
2718 3464 3128 3520 consecrantur;
3162 3465 3212 3511 et
3238 3458 3301 3510 iis
3328 3458 3415 3526 qui
3442 3458 3526 3512 vel
3549 3472 3708 3526 prava

2137 3546 2386 3616 opinione
2406 3586 2421 3614 ,
2449 3546 2532 3601 vel
2562 3547 2735 3616 aliqua
2766 3547 3033 3603 simultate
3057 3549 3441 3617 superbientes,
3473 3564 3501 3602 a
3527 3551 3711 3619 regula

2137 3649 2189 3695 et
2229 3640 2605 3694 communione
2649 3639 2898 3693 Ecclesia:
2923 3639 3199 3694 catholica:
3228 3639 3539 3706 deviarunt;
3567 3649 3621 3695 et
3645 3641 3711 3697 iis

2133 3726 2223 3797 qui
2269 3735 2570 3780 sanctarum
2613 3725 3000 3795 Scripturarum
3051 3727 3259 3792 lumen,
3313 3736 3369 3782 et
3421 3727 3713 3796 Spiritualis

2134 3816 2310 3888 populi
2340 3817 2563 3888 gratiam
2587 3857 2603 3884 ,
2634 3816 2770 3886 quod
2798 3817 2997 3869 Novum
3027 3816 3424 3873 Testamentum
3453 3831 3706 3890 vocatur,

2135 3910 2332 3964 habere
2377 3910 2686 3972 uoluerunt,
2728 3923 2861 3978 quos
2884 3917 3077 3978 quanta
3125 3909 3268 3978 potui
3308 3909 3563 3968 brevitate
3587 3928 3710 3983 per-

2135 4002 2323 4057 strinxi
2355 4020 2367 4054 :
2401 3999 2625 4055 tenenda
2653 4008 2734 4054 est
2756 3999 2907 4054 nobis
2931 4000 3213 4054 christiana
3245 4000 3429 4072 religio
3452 4042 3468 4068 ,
3515 4013 3567 4058 et
3593 4005 3711 4076 ejus

2135 4092 2386 4149 Ecclesiae
2413 4091 2822 4147 communicatio
2847 4107 2962 4162 quae
2987 4091 3247 4147 catholica
3286 4104 3366 4148 est
3391 4136 3405 4162 ,
3450 4104 3504 4150 et
3526 4095 3710 4152 catho-

2132 4187 2233 4242 lica
2275 4185 2612 4249 nominatur,
2645 4199 2750 4239 non
2777 4184 2947 4238 solum
2979 4200 3007 4237 a
3039 4186 3179 4250 suis,
3227 4201 3408 4240 verum
3453 4187 3611 4243 etiam
3639 4189 3709 4245 ab

2132 4279 2377 4335 omnibus
2401 4277 2644 4331 inimicis.
2677 4277 2851 4332 Velint
2878 4277 3042 4330 nolint
3068 4277 3209 4332 enim
3236 4279 3333 4347 ipsi
3361 4293 3568 4349 quoque
3590 4280 3706 4335 ha:-

2132 4369 2281 4424 retici
2301 4410 2315 4434 ,
2342 4376 2398 4423 et
2421 4368 2762 4422 schismatum
2791 4368 3023 4435 alumni,
3053 4369 3265 4438 quando
3294 4385 3398 4424 non
3425 4387 3543 4425 cum
3569 4374 3701 4440 suis,

2133 4457 2227 4514 sed
2253 4473 2372 4514 cum
2399 4459 2668 4513 extraneis
2705 4459 2990 4529 loquuntur
3008 4501 3023 4526 ,
3049 4457 3372 4516 Catholicam
3406 4459 3534 4515 nihil
3560 4462 3704 4518 aliud

2131 4565 2288 4622 quam
2319 4549 2645 4604 Catholicam
2676 4558 2880 4604 vocant.
2910 4548 3024 4605 Non
3053 4549 3193 4604 enim
3217 4561 3435 4621 possunt
3462 4553 3701 4624 intelligi,

2132 4643 2233 4698 nisi
2279 4643 2379 4697 hoc
2422 4658 2538 4696 eam
2587 4643 2800 4698 nomine
2844 4643 3177 4712 discernant,
3207 4659 3311 4716 quo
3360 4645 3428 4700 ab
3456 4645 3705 4703 universo

2132 4734 2261 4789 orbe
2289 4743 2638 4804 nuncupatur.
3749 4771 3752 4816 ᾖ

2134 4871 2138 4875 .
2206 4828 2290 4881 15.
2337 4826 2500 4895 llujus
2521 4825 2794 4895 religionis
2819 4824 3081 4880 sectanda:
3109 4833 3269 4897 caput
3295 4835 3378 4882 est
3405 4825 3622 4882 historia
3653 4839 3709 4885 et
3751 4825 3756 4834 ’

2133 4918 2410 4990 prophetia
2438 4917 2850 4988 dispensationis
2875 4917 3178 4988 temporalis
3206 4917 3400 4973 divinae
3425 4919 3706 4989 providen-

2132 5013 2247 5076 tizn,
2279 5025 2375 5080 pro
2399 5010 2565 5064 salute
2594 5010 2804 5080 generis
2833 5009 3046 5063 humani
3071 5011 3123 5062 in
3147 5018 3400 5064 aeternam
3432 5011 3589 5065 vitam
3614 5027 3704 5067 re-

2131 5105 2391 5162 formandi
2435 5114 2592 5176 atque
2617 5104 2917 5176 reparandi.
2971 5108 3099 5173 Quae
3123 5122 3244 5162 cum
3268 5107 3468 5164 credita
3511 5108 3702 5177 fuerit,

2130 5210 2364 5254 mentem
2383 5197 2624 5268 purgabit
2650 5197 2768 5251 vitaz
2797 5196 2986 5251 modus
3005 5197 3198 5253 divinis
3218 5203 3496 5271 praeceptis
3521 5204 3704 5258 conci-

2129 5291 2288 5346 liatus
2312 5332 2326 5358 ,
2358 5299 2412 5346 et
2451 5290 2690 5344 idoneam
2713 5287 2870 5344 faciet
2907 5289 3268 5359 spiritualibus
3305 5293 3660 5364 percipiendis
3682 5336 3702 5364 ,

2128 5402 2244 5456 quae
2275 5401 2371 5439 nec
2400 5383 2663 5454 praeterita
2689 5391 2830 5448 sunt,
2854 5398 2953 5437 nec
2983 5384 3176 5450 futura,
3200 5386 3294 5441 sed
3321 5388 3508 5442 eodem
3543 5389 3704 5445 modo

2129 5492 2342 5546 semper
2371 5473 2632 5528 manentia
2653 5513 2668 5538 ,
2696 5473 2824 5527 nulli
2851 5474 3183 5529 mutabilitati
3209 5477 3434 5532 obnoxia
3459 5497 3474 5545 ;
3507 5479 3558 5534 id
3584 5488 3700 5549 est,

2129 5585 2290 5625 unum
2310 5569 2481 5636 ipsum
2513 5565 2672 5618 Deum
2700 5563 2907 5618 Patrem
2937 5575 2990 5619 et
3017 5564 3204 5618 Filium
3231 5575 3284 5620 et
3304 5567 3552 5635 Spiritum
3579 5586 3702 5626 sau-

2129 5674 2268 5715 ctum
2307 5679 2319 5714 :
2359 5673 2460 5729 qua
2490 5657 2744 5712 Trinitate
2770 5665 3024 5728 quantum
3065 5657 3115 5710 in
3147 5657 3243 5711 hac
3272 5659 3374 5713 vita
3403 5658 3583 5716 datum
3616 5672 3701 5717 est

2191 5796 2207 5827 ι
2229 5794 2302 5844 sic
2312 5794 2452 5857 juxta
2468 5799 2542 5843 Er.
2564 5793 2711 5858 Lugd.
2736 5800 2852 5844 ven.
2875 5798 2986 5844 ιον.
3011 5798 3062 5841 In
3077 5797 3148 5854 8.,
3169 5805 3296 5845 me
3315 5806 3418 5846 esse
3439 5793 3704 5850 wbitralus

2127 5863 2389 5920 postquam,
2416 5862 2512 5907 etc.
2583 5864 2639 5905 Μ.
