4056 6446
1706 413 1909 469 LIBER
1946 411 2138 469 UNUS.

293 539 505 612 cognita
524 576 539 601 ,
564 534 736 589 omnis
766 530 1135 587 intellectualis
1164 538 1218 585 et
1246 529 1486 585 animalis
1506 536 1558 582 et
1585 527 1874 597 corporalis

292 643 533 688 creatura
552 672 567 696 ,
601 628 667 682 ab
709 626 894 682 eadem
923 625 1174 679 Trinitate
1201 624 1454 679 creatrice
1484 637 1601 676 esse
1625 622 1675 674 in
1702 636 1873 690 quan-

295 738 400 781 tum
422 734 538 787 est,
570 732 624 778 et
667 722 895 791 speciem
924 735 1072 773 suam
1121 717 1315 773 habere
1339 718 1377 784 ¹,
1405 726 1458 771 et
1484 714 1875 769 ordinatissime

291 816 688 879 administrari,
735 815 848 867 sine
894 811 996 865 ulla
1028 809 1355 864 dubitatione
1394 807 1737 877 perspicitur;
1771 819 1874 859 non

291 920 344 964 ut
371 910 533 963 aliam
564 916 767 976 partem
809 904 972 958 totius
1014 912 1271 957 creatura:
1318 899 1506 955 fecisse
1552 898 1876 966 intelligatur

290 1002 479 1064 Pater,
506 1008 562 1052 et
580 999 737 1052 aliam
765 995 933 1049 Filius
954 1035 968 1059 ,
993 1003 1047 1050 et
1071 994 1226 1047 aliam
1255 991 1483 1061 Spiritus
1504 1000 1714 1044 sanctus
1738 1032 1751 1054 ,
1782 988 1874 1043 sed

288 1100 340 1147 et
390 1088 553 1144 simul
605 1088 782 1142 omnia
825 1094 879 1141 et
904 1098 1329 1153 unamquamque
1373 1091 1616 1135 naturam
1663 1078 1874 1134 Patrem

289 1181 481 1237 fecisse
525 1194 623 1250 per
666 1179 857 1233 Filium
897 1178 948 1231 in
998 1175 1139 1230 dono
1180 1173 1408 1243 Spiritus
1451 1170 1642 1228 sancti.
1691 1169 1875 1224 Omnis

290 1274 431 1328 enim
461 1286 583 1337 res,
618 1272 701 1325 vel
730 1268 1045 1334 substantia,
1080 1267 1162 1321 vel
1206 1266 1437 1321 essentia
1461 1306 1475 1330 ,
1522 1263 1608 1319 vel
1656 1271 1872 1329 natura,

291 1368 368 1421 vel
398 1366 444 1419 si
496 1380 604 1435 quo
633 1364 738 1418 alio
778 1362 939 1416 verbo
968 1360 1158 1415 melius
1183 1358 1518 1425 enuntiatur,
1575 1356 1730 1411 simul
1762 1356 1875 1409 haec

291 1459 386 1511 tria
413 1455 611 1520 habet;
641 1462 699 1508 ut
723 1461 777 1508 ct
805 1469 965 1507 unum
996 1450 1192 1521 aliquid
1222 1450 1320 1515 sit,
1362 1457 1416 1503 et
1460 1447 1635 1517 specie
1664 1446 1875 1516 propria

291 1549 624 1603 discernatur
644 1561 673 1598 a
699 1545 927 1607 caeteris,
953 1551 1006 1597 et
1027 1556 1204 1597 rerum
1231 1540 1470 1594 ordinem
1501 1556 1605 1593 non
1632 1537 1871 1594 excedat.

293 1619 515 1694 CAPUT
552 1636 776 1689 Vlll.—
812 1635 935 1700 Qua:
991 1634 1151 1704 primo
1201 1631 1494 1684 auctoritate
1531 1630 1666 1682 ducti
1707 1629 1873 1682 credi—
1936 1644 1939 1647 ·

360 1729 551 1793 dimus,
576 1726 892 1795 postmodum
912 1725 1104 1777 ratione
1127 1722 1469 1792 intelligimus.
1501 1719 1738 1774 Hceretici
1758 1736 1876 1791 pro-

358 1831 475 1873 sunt
504 1819 767 1873 Ecclesitz.

364 1914 448 1966 l4.
481 1911 599 1978 Quo
629 1908 872 1981 cognito,
920 1909 1046 1963 satis
1096 1906 1369 1977 apparebit
1413 1913 1666 1976 quantum
1713 1904 1875 1961 homo

293 2006 503 2075 assequi
535 2014 745 2075 potest,
780 2018 937 2074 quam
984 2002 1299 2056 necessariis
1326 2009 1379 2055 et
1404 2000 1616 2055 invictis
1646 2007 1700 2053 et
1718 1998 1875 2067 justis

292 2099 496 2168 legibus
515 2139 530 2161 ,
576 2097 686 2151 Deo
711 2105 766 2150 et
794 2095 1015 2149 Domino
1041 2108 1135 2148 suo
1164 2102 1351 2148 cuncta
1370 2092 1603 2161 subjecta
1635 2092 1739 2145 sint
1767 2110 1779 2145 :
1809 2106 1876 2145 ex

292 2206 395 2261 quo
425 2190 515 2243 illa
550 2189 727 2243 omnia
753 2230 767 2255 ,
818 2202 936 2257 qum
973 2186 1145 2258 primo
1180 2184 1504 2238 credidimus
1529 2225 1542 2246 ,
1602 2182 1876 2237 nihil-nisi

291 2283 663 2338 auctoritatem
708 2281 905 2347 secuti,
956 2279 1145 2349 partim
1174 2278 1251 2332 sic
1278 2277 1670 2347 intelliguntur,
1717 2285 1775 2330 ut
1798 2276 1878 2329 vi-

290 2374 510 2429 deamus
532 2388 653 2430 esse
680 2372 1011 2436 certissima;
1040 2370 1233 2440 partim
1257 2369 1354 2435 sic,
1381 2376 1437 2423 ut
1460 2368 1731 2422 videamus
1763 2366 1876 2420 ﬁeri

278 2480 476 2535 .posse,
509 2474 673 2534 atque
716 2464 787 2517 ita
821 2463 933 2517 ﬁeri
973 2462 1305 2532 oportuisse,
1350 2460 1729 2528 doleamusque
1759 2458 1877 2512 illos

289 2558 399 2611 haec
423 2572 531 2611 non
562 2555 872 2619 credentes,
904 2555 992 2624 qui
1015 2569 1110 2608 nos
1138 2562 1291 2608 antea
1316 2551 1597 2607 credentes
1629 2550 1873 2615 irridere,

290 2665 445 2717 quam
476 2648 757 2702 nobiscum
779 2645 996 2701 credere
1018 2646 1334 2700 maluerunt.
1360 2644 1475 2698 Non
1500 2644 1641 2697 enim
1658 2645 1767 2712 jam
1790 2640 1876 2695 illa

290 2741 523 2795 hominis
551 2748 888 2794 sacrosancta
917 2738 1213 2808 susceptio,
1249 2746 1302 2790 et
1329 2736 1556 2805 Virginis
1582 2740 1795 2804 partus,
1824 2739 1880 2787 et

292 2850 435 2889 mors
460 2833 587 2887 Filii
616 2833 709 2886 Dei
739 2846 834 2901 pro
863 2830 1045 2893 nobis,
1069 2838 1122 2883 et
1141 2828 1463 2883 resurrectio
1494 2842 1521 2878 a
1548 2825 1792 2891 mortuis,
1825 2830 1880 2879 et

292 3028 345 3073 et
382 3026 727 3087 peccatorum
752 3016 967 3070 abolitio
990 3055 1003 3078 ,
1047 3024 1097 3067 et
1119 3012 1302 3082 judicii
1341 3010 1484 3078 dies,
1518 3020 1571 3066 et
1595 3025 1878 3079 corporum

294 3110 629 3165 resuscitatio
655 3150 667 3173 ,
702 3107 910 3177 cognita
938 3105 1236 3159 aeternitate
1258 3102 1529 3156 Trinitatis
1558 3110 1613 3158 et
1649 3101 1878 3155 mutabi-

294 3204 437 3258 litate
466 3211 751 3264 creaturas,
779 3198 1068 3253 creduntur
1094 3205 1319 3261 tantum,
1352 3203 1405 3248 et
1434 3209 1538 3247 non
1559 3193 1721 3247 etiam
1739 3190 1881 3260 judi-

296 3304 479 3348 cantur
511 3292 580 3347 ad
621 3290 815 3346 summi
855 3290 949 3344 Dei
997 3286 1447 3352 misericordiam,
1498 3300 1655 3356 quam
1698 3281 1880 3354 generi

298 3388 530 3441 humano
553 3385 799 3448 exhibet,
834 3382 1116 3453 pertinere.

370 3479 457 3532 l5.
491 3476 599 3531 Sed
641 3474 890 3543 quoniam
935 3472 1211 3527 verissime
1256 3469 1454 3524 dictum
1504 3476 1621 3535 est,
1672 3465 1882 3538 Oportet

299 3568 485 3622 multas
526 3568 736 3621 hwreses
762 3582 893 3633 esse,
940 3574 992 3617 ut
1013 3562 1208 3631 probati
1228 3560 1478 3629 manifesti
1498 3559 1624 3628 ﬁant
1650 3559 1779 3612 inter
1796 3573 1883 3613 vos
1929 3605 1934 3633 1

304 3659 346 3731 (l
373 3659 490 3713 Cor.
526 3674 601 3721 ιι,
636 3658 745 3727 19);
772 3666 981 3710 utamur
1000 3654 1157 3709 etiam
1183 3654 1283 3706 isto
1312 3651 1503 3705 divina:
1529 3649 1876 3717 providentia:
1920 3645 1982 3725 ἒς

301 3750 584 3804 beneﬁcio.
615 3750 689 3802 Ex
718 3748 800 3803 his
830 3747 969 3801 enim
1002 3745 1300 3819 hominibus
1341 3742 1576 3797 haeretici
1608 3742 1759 3809 ﬁunt,
1792 3741 1885 3812 qui

302 3945 483 3989 autem
515 3932 647 3987 foris
676 3940 817 3997 sunt,
848 3931 1128 4001 plurimum
1162 3935 1419 3997 prosunt,
1450 3941 1553 3980 non
1581 3941 1763 4001 verum
1790 3924 1884 3979 do-

303 4024 475 4079 cendo
490 4065 504 4087 ,
536 4022 674 4092 quod
693 4021 970 4083 nesciunt;
995 4020 1086 4075 sed
1108 4018 1173 4073 ad
1194 4033 1377 4072 verum
1398 3998 1739 4088 quaarendum
1770 4031 1885 4070 car-

306 4115 455 4169 nales
476 4156 491 4179 ,
523 4122 577 4168 et
605 4113 670 4167 ad
692 4129 871 4167 verum
902 4110 1246 4180 aperiendum
1276 4108 1576 4178 spirituales
1597 4107 1886 4162 catholicos

306 4204 609 4260 excitando.
634 4204 768 4257 Sunt
788 4203 929 4257 enim
949 4200 1357 4255 innumerabiles
1376 4199 1429 4252 in
1448 4198 1682 4253 Ecclesia
1705 4206 1885 4251 sancta

307 4296 417 4351 Deo
452 4296 661 4365 probati
688 4295 819 4360 viri,
858 4293 951 4349 sed
998 4291 1263 4347 manifesti
1293 4305 1399 4344 non
1429 4288 1562 4343 ﬁunt
1588 4289 1723 4343 inter
1748 4303 1846 4342 nos
1870 4328 1883 4353 ,

305 4386 557 4456 quamdiu
589 4385 864 4455 imperitia:
891 4392 1083 4437 nostra:
1114 4381 1345 4436 tenebris
1377 4379 1621 4434 delectati
1653 4378 1888 4433 dormire

306 4479 573 4532 malumus
593 4519 609 4543 ,
641 4492 796 4545 quam
830 4475 1000 4549 lucem
1027 4474 1263 4528 veritatis
1294 4473 1505 4527 intueri.
1556 4471 1889 4541 Quapropter

306 4569 496 4632 multi,
540 4577 596 4621 ut
624 4568 761 4622 diem
814 4568 906 4621 Dei
933 4566 1143 4621 videant
1182 4573 1235 4619 et
1262 4564 1554 4635 gaudeant,
1607 4579 1700 4633 per
1723 4563 1891 4620 haere-

308 4664 443 4717 ticos
467 4662 535 4716 de
561 4677 750 4717 somno
774 4660 1089 4715 excitantur.
1130 4658 1351 4715 Utamur
1372 4672 1499 4728 ergo
1527 4658 1685 4712 etiam
1716 4656 1889 4712 luere-

308 4756 429 4809 ticis
455 4770 562 4808 non
595 4765 651 4807 ut
675 4769 857 4808 eorum
877 4752 1230 4821 approbemus
1252 4764 1480 4813 errores,
1510 4749 1603 4803 sed
1633 4757 1690 4801 ut
1709 4748 1892 4803 catho-

309 4846 471 4901 licam
488 4845 821 4915 disciplinam
846 4844 1102 4898 adversus
1121 4858 1304 4898 eorum
1332 4840 1553 4895 insidias
1568 4848 1888 4906 asserentes,

309 4941 674 5010 vigilantiores
695 4947 748 4992 et
770 4937 1035 4992 cautiores
1064 4938 1228 4992 simus
1249 4978 1266 5005 ,
1296 4935 1505 4992 etiamsi
1532 4950 1625 4991 eos
1648 4935 1716 4990 ad
1744 4936 1890 4991 salu-

308 5043 421 5088 tem
450 5048 712 5088 revocare
735 5048 837 5086 non
866 5047 1166 5102 possumus.

308 5124 537 5181 CAPUT
559 5123 647 5179 1X.
673 5153 745 5163 —
765 5123 1164 5178 Maniclueorum
1188 5139 1327 5178 error
1347 5124 1409 5177 de
1428 5123 1618 5179 duobus
1633 5124 1893 5197 principiis

814 5226 861 5271 et
888 5218 1081 5270 duabus
1112 5216 1391 5270 animabus.

386 5307 474 5362 16.
503 5305 678 5363 Graio
696 5316 871 5362 autem
894 5307 1176 5361 aﬁ‘uturum
1200 5308 1387 5373 Deum,
1411 5316 1469 5361 ut
1494 5308 1592 5362 ista
1613 5309 1891 5379 scriptura,

238 5424 241 5429 ν
312 5399 654 5469 prmcedente
682 5399 876 5469 pietate
899 5441 912 5465 ,
955 5398 1252 5469 legentibus
1291 5398 1475 5464 bouis,
1506 5414 1611 5453 non
1640 5399 1893 5457 adversus

312 5505 478 5547 unam
520 5490 751 5561 aliquam
774 5531 788 5555 ,
819 5490 911 5546 sed
938 5490 1188 5545 adversus
1213 5505 1400 5545 omnes
1431 5506 1623 5561 pravas
1645 5501 1698 5548 et
1734 5490 1895 5550 falsas

316 5582 600 5653 opiniones
626 5586 793 5653 possit
813 5583 1010 5640 valere.
1030 5583 1223 5640 Contra
1244 5599 1336 5640 eos
1366 5592 1541 5641 tamen
1563 5586 1895 5658 potissimum

382 5764 403 5795 ι
426 5769 533 5814 las.
569 5762 794 5813 undecim
816 5770 985 5832 carent
1020 5762 1099 5832 his
1117 5764 1307 5828 verbis,
1329 5774 1376 5820 et
1404 5767 1611 5832 speciem
1638 5784 1777 5823 suam
1809 5773 1897 5825 ha-

317 5825 471 5937 gzg;
492 5838 601 5899 quae
631 5826 1138 5952 muginmﬁime
1175 5825 1470 5883 conveniunt
1500 5840 1696 5897 propter
1724 5848 1899 5888 secun-

3444 426 3547 481 150

1980 534 2063 578 est
2090 525 2358 589 instituta,
2408 526 2496 595 qui
2540 526 2671 583 duas
2713 536 2926 585 naturas
2952 545 3037 585 ve.
3084 532 3404 590 substantias
3431 538 3545 593 sin-

1977 618 2114 688 gulis
2144 619 2414 689 principiis
2452 620 2704 677 adversus
2743 622 2968 677 invicem
2996 624 3221 680 rebelles
3259 643 3379 684 esse
3402 630 3545 685 arbi-

1981 721 2201 766 trantur.
2232 711 2427 767 Oﬁ‘eusi
2458 715 2595 769 enim
2616 716 2927 785 quibusdam
2948 719 3126 785 rebus,
3144 730 3198 776 et
3225 738 3405 778 rursus
3425 725 3544 796 qui-

1979 803 2199 858 busdam
2229 803 2503 871 delectati,
2560 822 2665 860 non
2715 823 2897 863 earum
2949 811 3138 880 quibus
3167 813 3538 882 offenduntur,

1978 896 2070 951 sed
2098 912 2276 951 earum
2303 898 2491 967 quibus
2517 898 2877 969 delectantur,
2909 903 3088 958 volunt
3129 921 3247 961 esse
3276 918 3544 965 auctorem

1977 985 2164 1041 Deum.
2190 988 2386 1042 Etcum
2406 991 2837 1046 consuetudinem
2859 1007 3006 1048 suam
3025 996 3235 1053 vincere
3254 1012 3541 1071 nequeunt,

1974 1076 2084 1146 jam
2112 1078 2409 1133 carnalibus
2448 1080 2647 1149 laqueis
2689 1082 2911 1151 irretili,
2945 1085 3075 1140 duas
3114 1088 3316 1144 animas
3345 1106 3462 1146 esse
3492 1093 3545 1147 in

1979 1184 2086 1224 uno
2111 1184 2333 1240 corpore
2359 1173 2665 1227 existimant
2692 1191 2705 1227 :
2734 1190 2890 1230 unam
2913 1177 2978 1232 de
3002 1179 3109 1235 Deo
3128 1220 3142 1246 ,
3185 1197 3303 1250 quae
3329 1191 3547 1239 natura-

1977 1263 2100 1318 liter
2122 1264 2225 1320 hoc
2252 1267 2321 1320 sit
2344 1268 2482 1337 quod
2511 1268 2651 1338 ipse;
2683 1270 2899 1325 alteram
2918 1272 2985 1327 de
3010 1284 3165 1342 gente
3187 1276 3545 1345 tenebrarum,

1977 1372 2136 1427 quam
2163 1359 2303 1414 Deus
2331 1375 2429 1414 nec
2451 1362 2709 1431 genuerit,
2741 1379 2840 1418 nec
2864 1364 3080 1434 fecerit,
3107 1384 3207 1423 nec
3230 1371 3545 1441 protulerit,

1978 1463 2077 1504 nec
2105 1451 2389 1519 abjeccrit;
2439 1455 2531 1508 sed
2562 1472 2679 1526 quae
2703 1471 2850 1512 suam
2895 1460 3091 1527 vitam,
3136 1477 3287 1518 suam
3317 1472 3511 1520 terram
3530 1507 3546 1534 ,

1978 1554 2103 1595 suos
2148 1541 2283 1597 fetus
2309 1553 2361 1598 et
2397 1545 2643 1601 animalia
2665 1589 2679 1615 ,
2709 1565 2864 1603 suum
2907 1559 3176 1621 postremo
3204 1569 3423 1625 regnum
3451 1558 3549 1610 ha-

1977 1631 2177 1700 buerit,
2213 1636 2613 1709 ingenitumque
2637 1641 2991 1713 principium;
3034 1646 3125 1700 sed
3155 1647 3382 1716 quodam
3411 1658 3549 1705 tem-

1979 1740 2110 1796 pore
2139 1728 2394 1795 adversus
2436 1733 2602 1787 Deum
2642 1735 2958 1802 rebellasse,
3006 1738 3169 1793 Deum
3210 1748 3385 1796 autem
3428 1757 3549 1796 cum

1978 1818 2121 1873 aliud
2150 1820 2291 1889 quod
2334 1822 2535 1878 faceret
2564 1841 2671 1880 non
2720 1826 2971 1895 haberet,
2997 1832 3073 1883 ‘et
3097 1831 3363 1898 quomodo
3399 1833 3553 1888 aliter

1979 1916 2160 1978 pesset
2188 1910 2325 1966 hosti
2358 1914 2607 1969 resistere
2636 1929 2741 1970 non
2774 1916 3071 1984 inveniret,
3114 1922 3426 1976 necessitate
3455 1937 3552 1992 op-

1981 2016 2222 2071 pressum
2265 2005 2473 2061 misisse
2520 2006 2622 2061 huc
2666 2008 2896 2062 animam
2927 2009 3153 2077 bonam,
3193 2022 3247 2066 et
3273 2013 3553 2083 quamdam

1981 2093 2291 2162 particulam
2318 2113 2426 2152 suae
2452 2099 2757 2154 substantia:
2777 2142 2791 2167 ,
2820 2101 2969 2170 cujus
2998 2102 3372 2159 commixtione
3394 2113 3553 2175 atque

1978 2186 2195 2242 miscela
2218 2188 2235 2219 ι
2259 2188 2463 2244 hostem
2488 2200 2837 2261 temperatum
2855 2207 2974 2249 esse
3003 2195 3289 2261 somniant,
3319 2205 3373 2252 et
3397 2213 3555 2252 mun-

1979 2279 2106 2335 dum
2125 2280 2457 2337 fabricatum.

1968 2405 1976 2433 ι
2054 2373 2143 2427 17.
2183 2373 2363 2443 Neque
2386 2389 2528 2429 nunc
2555 2376 2831 2446 opiniones
2856 2392 3040 2433 eorum
3065 2378 3384 2449 refellimus,
3416 2382 3555 2450 quod

1983 2466 2170 2534 partim
2219 2466 2329 2536 jam
2378 2466 2631 2535 fecimus,
2680 2471 2871 2539 partim
2906 2484 3158 2540 quantum
3204 2474 3343 2529 Deus
3373 2473 3555 2529 siverit

1980 2555 2239 2611 faciemus
2274 2575 2285 2609 :
2318 2558 2412 2613 sed
2457 2560 2511 2613 in
2556 2559 2657 2614 hoc
2682 2576 2844 2629 opere
2883 2563 3148 2632 quomodo
3181 2564 3435 2619 adversus
3460 2580 3555 2620 eos

1932 2708 1947 2739 ἐκ
1981 2648 2115 2703 ﬁdes
2138 2648 2396 2704 catholica
2428 2658 2538 2705 tuta
2569 2652 2673 2717 sit,
2705 2661 2758 2707 et
2806 2655 3071 2723 quomodo
3095 2672 3199 2710 non
3244 2658 3555 2725 perturbent

1920 2801 1947 2828 ,Ξ
1982 2739 2212 2793 animum
2236 2755 2297 2794 ea
2322 2741 2513 2809 quibus
2537 2744 2785 2797 commoti
2818 2745 3058 2800 homines
3080 2747 3133 2800 in
3153 2761 3335 2802 eorum
3361 2748 3556 2803 cedunt

1918 2872 1945 2909 λ,
1985 2833 2300 2887 sententiam
2319 2874 2332 2898 ,
2360 2834 2653 2888 rationibus
2673 2850 2805 2901 quas
2838 2836 3093 2891 Dominus
3121 2837 3249 2892 dare
3275 2830 3554 2908 dignatur,

292 2928 341 2981 in
374 2927 575 2981 coelum
602 2924 852 2980 ascensio
874 2966 887 2987 ,
919 2931 973 2978 et
997 2937 1278 2977 consessus
1299 2920 1365 2974 ad
1386 2919 1657 2974 dexteram
1684 2918 1874 2985 Patris,

1981 2934 2234 2995 quantum
2266 2940 2547 2994 possumus
2569 2926 3012 2983 demonstramus.
3048 2930 3178 2984 lllud
3206 2946 3334 2985 sane
3363 2931 3413 2984 in
3446 2932 3557 3001 pri-

1983 3016 2085 3069 mis
2114 3024 2296 3070 tenere
2325 3024 2378 3070 te
2402 3017 2523 3070 volo
2542 3059 2557 3083 ,
2598 3019 2686 3087 qui
2734 3018 2871 3074 bene
2914 3021 3051 3074 nosti
3081 3022 3313 3075 animum
3346 3038 3554 3087 meum,

1984 3121 2091 3160 non
2111 3106 2211 3161 hoc
2237 3121 2322 3161 me
2345 3105 2610 3177 fugiendae
2632 3109 2945 3180 arrogantiae
2967 3112 3133 3180 gratia
3150 3112 3301 3181 quasi
3318 3113 3558 3167 solemni-

1985 3205 2067 3251 ter
2091 3197 2297 3264 dicere,
2352 3198 2605 3270 quidquid
2650 3200 2700 3253 in
2742 3200 2824 3254 bis
2873 3202 3061 3256 litteris
3090 3204 3288 3258 erroris
3333 3204 3556 3259 inveniri

1984 3289 2209 3358 poterit,
2242 3288 2343 3343 hoc
2371 3291 2540 3344 solum
2584 3290 2711 3344 mihi
2736 3306 2857 3348 esse
2892 3293 3260 3360 tribuendum;
3310 3294 3559 3367 quidquid

1906 3387 1911 3417 ε
1984 3390 2161 3434 autem
2180 3396 2361 3435 verum
2385 3391 2437 3436 et
2464 3384 2839 3438 convenienter
2862 3386 3180 3454 expositum,
3209 3387 3297 3441 uni
3322 3389 3556 3444 omnium

1986 3471 2246 3528 bonorum
2270 3488 2550 3528 munerum
2581 3475 2815 3544 largitori
2839 3476 2966 3530 Deo.

1987 3563 2211 3620 CAPUT
2233 3546 2672 3619 X.—.Historiam
2692 3567 2872 3621 divina:
2890 3569 3176 3625 inconcinne
3194 3587 3314 3641 erga
3338 3580 3558 3626 nostram

2059 3656 2270 3711 salutem
2301 3668 2630 3725 narraturus,
2680 3661 2893 3713 ostendit
2924 3662 3141 3731 primum
3184 3663 3316 3719 unde
3342 3681 3482 3719 error
3509 3666 3563 3719 in

1958 3782 1985 3827 ιτ,
2059 3750 2297 3821 religione
2321 3752 2611 3822 contingat,
2644 3761 2689 3805 et
2715 3754 2963 3823 quomodo
2991 3759 3213 3827 perfecta
3249 3756 3423 3828 religio
3454 3755 3560 3813 Deo

303 3842 512 3897 etiamsi
530 3849 707 3895 essent
732 3840 785 3893 in
810 3838 1042 3893 Ecclesia
1060 3878 1072 3901 ,
1100 3835 1438 3888 nihilominus
1465 3841 1723 3888 errarent.
1751 3831 1882 3888 Cum
1956 3848 1979 3897 ί,

1963 3977 1971 3983 .
2062 3937 2149 3992 18.
2188 3936 2541 4004 Quamobrem
2569 3938 2638 3992 sit
2680 3938 2773 3993 tibi
2816 3938 3151 3995 manifestum
3180 3950 3340 4011 atque
3366 3956 3560 4012 perce-

2059 3843 2370 3897 subveniente
2388 3845 2713 3899 instauretur.

1990 4037 2138 4099 ptum
2156 4071 2170 4096 ,
2200 4030 2401 4084 nullum
2428 4046 2667 4085 errorem
2713 4031 2765 4085 in
2796 4032 3047 4102 religione
3074 4050 3193 4089 esse
3220 4036 3455 4105 potuisse
3474 4077 3489 4103 ,
3517 4037 3563 4093 si

1990 4123 2165 4177 anima
2194 4138 2288 4191 pro
2319 4124 2428 4178 Deo
2454 4139 2551 4178 suo
2579 4139 2685 4178 non
2715 4124 2916 4179 coleret
2936 4126 3164 4180 animam
3183 4169 3198 4193 ,
3231 4135 3320 4181 aut
3347 4143 3560 4198 corpus,

1992 4223 2083 4269 aut
2112 4215 2477 4285 phantasmata
2502 4230 2596 4270 sua
2625 4213 2725 4289 (α),
2754 4224 2844 4271 aut
2883 4216 3073 4272 horum
3101 4219 3275 4289 aliqua
3299 4219 3407 4274 duo
3439 4234 3566 4275 con-

1990 4308 2201 4379 juncta,
2230 4318 2319 4361 aut
2340 4316 2483 4363 certe
2504 4309 2659 4363 simul
2687 4310 2862 4364 omnia
2890 4328 2902 4363 :
2950 4311 3043 4364 sed
3073 4311 3123 4363 in
3153 4312 3250 4364 hac
3274 4312 3378 4365 vita
3403 4313 3566 4367 socie.

1995 4399 2087 4453 tati
2112 4398 2321 4477 generis
2344 4398 2555 4453 humani
2585 4401 2700 4455 sine
2721 4401 2843 4455 dolo
2871 4402 3228 4470 temporaliter
3246 4417 3563 4472 congruens,

1996 4502 2193 4547 aeterna
2219 4492 2591 4559 meditaretur,
2642 4509 2803 4547 unum
2849 4495 3013 4547 Deum
3067 4494 3278 4562 colens;
3326 4497 3413 4567 qui
3462 4497 3564 4551 nisi

1997 4592 2335 4654 permaneret
2362 4583 2837 4649 incommutabilis,
2880 4584 3023 4638 nulla
3072 4585 3337 4640 mutabilis
3380 4597 3565 4642 natura

1995 4684 2316 4733 remaneret.
2352 4675 2539 4730 Mutari
2560 4684 2737 4729 autem
2762 4674 2991 4729 animam
3014 4691 3188 4746 posse,
3219 4693 3324 4733 non
3354 4679 3565 4748 quidem

1999 4767 2267 4832 localiter,
2313 4767 2405 4822 sed
2440 4777 2615 4823 tamen
2645 4767 3032 4837 temporaliter,
3056 4770 3166 4824 suis
3200 4770 3566 4828 affectionibus

1997 4861 2218 4931 quisque
2245 4860 2533 4930 cognoscit.
2556 4859 2763 4929 Corpus
2790 4876 2915 4915 vero
2940 4870 2994 4917 et
3016 4864 3339 4933 temporibus
3368 4875 3419 4919 et
3436 4866 3567 4921 locis

1997 4968 2115 5009 esse
2143 4954 2428 5019 mutabile,
2473 4952 2638 5006 cuivis
2663 4952 2938 5008 advertere
2991 4955 3143 5010 facile
3192 4965 3290 5011 est.
3335 4956 3569 5013 Phanta-

1997 5058 2167 5104 smata
2186 5063 2347 5120 porro
2371 5048 2502 5102 nihil
2530 5057 2653 5103 sunt
2681 5048 2822 5103 aliud
2848 5065 3005 5120 quam
3022 5050 3088 5106 de
3117 5052 3296 5121 Specie
3323 5026 3564 5122 corporis

1997 5157 2253 5213 corporeo
2297 5156 2457 5197 sensu
2502 5148 2723 5196 attracta
2777 5140 3025 5211 ﬁgmenta
3066 5161 3079 5195 :
3129 5159 3246 5213 quae
3294 5145 3567 5200 memoria:

1998 5235 2252 5309 mandare
2278 5244 2333 5289 ut
2358 5242 2571 5303 accepta
2614 5242 2770 5299 sunt,
2803 5232 2888 5288 vel
2927 5234 3148 5303 partiri,
3200 5234 3283 5289 vel
3312 5235 3569 5305 multipli-

2001 5343 2156 5396 care,
2188 5328 2269 5383 vel
2314 5325 2629 5381 contrahere
2649 5369 2663 5393 ,
2697 5328 2777 5381 vel
2799 5326 3102 5382 distendere
3122 5368 3136 5391 ,
3165 5326 3247 5381 vel
3277 5327 3527 5383 ordinare
3549 5368 3567 5395 ,

1998 5422 2084 5477 vel
2111 5420 2449 5492 perturbare,
2479 5420 2563 5475 vel
2592 5419 2826 5491 quolibet
2850 5420 3008 5475 modo
3039 5421 3263 5488 ﬁgurare
3289 5420 3571 5491 cogitando

2003 5511 2309 5567 facillimum
2352 5519 2468 5578 est,
2500 5511 2595 5567 sed
2622 5527 2742 5567 cum
2774 5526 2954 5567 verum
2982 5510 3266 5582 quaeritur,
3298 5528 3487 5570 cavere
3515 5518 3573 5568 et

2002 5604 2169 5660 vitare
2193 5602 2424 5659 difﬁcile.

2067 5810 2084 5842 ί
2108 5816 2211 5859 Mss.
2237 5806 2595 5865 novemdecim,
2620 5808 2760 5868 atque
3014 5810 3079 5857 tta
3099 5806 3243 5857 etiam
3264 5806 3370 5857 Bad.
3397 5768 3538 5859 etEt.

2067 5897 2138 5961 (a)
2161 5905 2177 5948 ι
2200 5901 2402 5946 Retract.
2428 5904 2531 5953 cap.
2560 5889 2636 5952 l3,
2659 5902 2709 5938 ιι.
2734 5886 2780 5937 2.
