4056 6464
512 436 607 491 451

590 549 669 604 l9.
711 546 823 602 Non
852 559 979 619 ergo
1008 554 1266 603 creatum
1305 544 1482 618 potius
1509 560 1665 615 quam
1706 544 1945 599 Creatori
1973 559 2088 599 ser—

515 660 531 691 ι
550 643 714 696 iamus
733 682 748 706 ,
775 654 873 694 nec
892 653 1270 696 evanescamus
1288 640 1349 691 in
1369 636 1771 706 cogitationibus
1796 636 2008 700 nostris,
2036 643 2090 689 et

517 732 745 795 perfecta
773 731 958 803 religio
988 738 1072 788 est
1097 730 1193 805 (α).
1224 730 1445 786 Etcrno
1474 728 1613 781 enim
1634 726 1872 781 Creatori
1904 726 2086 780 adhm-

518 835 691 882 ientcs
713 866 729 890 ,
757 833 813 882 et
834 839 933 881 nos
972 825 1268 882 atternitate
1292 821 1584 876 afﬁciamur
1602 834 1824 875 necesse
1848 828 1948 874 est.
1978 818 2090 874 Sed

514 920 632 989 quia
662 917 764 973 hoc
789 916 968 974 anima
994 916 1224 988 peccatis
1247 913 1357 968 suis
1382 913 1569 968 obruta
1598 920 1651 966 et
1674 911 1935 981 implicata
1952 954 1965 975 ,
1996 922 2091 981 per

513 1010 741 1082 seipsam
778 1012 961 1067 videre
999 1025 1061 1065 ac
1088 1018 1267 1064 tenere
1294 1021 1398 1061 non
1425 1013 1632 1076 posset,
1667 1006 1811 1060 nullo
1847 1006 1896 1058 in
1931 1005 2090 1059 rebus

519 1103 763 1160 humanis
791 1104 858 1159 ad
883 1102 1057 1157 divina
1085 1097 1403 1168 capessenda
1434 1096 1743 1166 interposito
1771 1095 1933 1166 gradu
1960 1138 1973 1159 ,
1997 1109 2091 1165 per

515 1211 672 1265 quem
706 1196 772 1251 ad
794 1196 887 1249 Dei
912 1192 1303 1248 similitudinem
1343 1207 1372 1244 a
1400 1197 1609 1244 terrena
1635 1189 1736 1243 vita
1762 1188 1926 1242 homo
1954 1187 2090 1241 nite-

515 1295 682 1355 retur,
718 1285 967 1341 ineffabili
1004 1283 1361 1339 misericordia
1392 1283 1484 1336 Dei
1512 1280 1785 1350 temporali
1813 1280 2089 1349 dispensa-

514 1381 659 1435 tione
684 1394 781 1450 per
807 1385 1102 1433 creaturam
1149 1375 1451 1431 mutabilem
1471 1416 1485 1439 ,
1537 1374 1630 1429 sed
1675 1384 1848 1428 tamen
1878 1372 2090 1427 aeternis

515 1471 719 1541 legibus
738 1470 1055 1524 serviean
1074 1510 1090 1536 ,
1112 1468 1180 1523 ad
1205 1468 1757 1523 commemorationem
1782 1467 1963 1535 prima:
1980 1479 2090 1520 sum

517 1560 868 1631 perfectaeque
896 1571 1100 1614 natura:
1119 1603 1133 1626 ,
1156 1560 1347 1630 partim
1374 1557 1593 1628 singulis
1623 1556 1948 1620 hominibus,
1978 1570 2093 1625 par-

515 1654 607 1707 tim
632 1667 761 1707 vero
788 1653 886 1722 ipsi
910 1652 1180 1706 hominum
1209 1651 1389 1720 generi
1428 1649 1752 1704 subvenitur.
1777 1650 1851 1703 Ea
1882 1655 1964 1703 est
1992 1664 2090 1702 no-

513 1749 638 1803 stris
664 1747 991 1817 temporibus
1015 1745 1300 1800 christiaua
1331 1744 1548 1815 religio,
1580 1757 1735 1813 quam
1771 1756 2092 1811 cognoscere

513 1853 575 1894 ac
599 1838 749 1909 sequi
769 1838 1150 1902 ,‘securissima
1182 1852 1243 1890 ac
1268 1836 1560 1891 certissima
1590 1834 1731 1887 salus
1756 1842 1837 1888 est
1862 1832 1956 1904 (ὁ).

585 1930 677 1985 20.
726 1929 943 1983 Defendi
985 1937 1162 1983 autem
1200 1926 1454 1982 adversus
1498 1926 1779 1995 loquaces,
1809 1931 1865 1978 et
1886 1911 2092 1994 aperiri

512 2022 902 2093 quaerentibus,
930 2020 1109 2075 multis
1138 2018 1309 2073 modis
1340 2026 1543 2088 potest;
1574 2017 1931 2086 omnipotente
1978 2016 2092 2085 ipso

514 2112 625 2167 Deo
651 2127 744 2181 per
767 2112 999 2187 seipsum
1027 2109 1423 2164 demonstrantc
1460 2122 1577 2177 quae
1603 2120 1729 2161 vera
1768 2115 1920 2171 sunt,
1947 2112 2000 2158 et
2026 2104 2093 2159 ad

516 2204 633 2259 haec
653 2203 903 2259 intuenda
932 2212 984 2257 ot
1006 2201 1337 2273 percipienda
1366 2202 1530 2255 bonas
1560 2200 1857 2254 voluntates
1881 2212 1978 2268 per
2000 2198 2094 2251 bo-

515 2309 615 2348 nos
637 2294 867 2363 Angelos
886 2301 939 2347 et
954 2292 1216 2362 quoslibet
1238 2290 1477 2344 homines
1498 2289 1796 2358 adjuvante.
1828 2288 1907 2342 Eo
1933 2287 2093 2342 modo

517 2394 694 2440 autem
723 2386 947 2455 quisque
976 2384 1156 2448 utitur,
1189 2396 1345 2451 quem
1372 2380 1515 2434 videt
1542 2394 1834 2449 congruere
1876 2380 1939 2432 iis
1971 2393 2092 2433 cum

516 2477 708 2547 quibus
730 2476 855 2545 agit.
888 2476 996 2545 Ego
1037 2474 1217 2544 itaque
1245 2472 1337 2527 diu
1380 2472 1706 2540 multumque
1750 2469 2093 2525 considerans

514 2572 697 2641 quales
721 2570 1072 2633 oblatrantes,
1102 2576 1157 2623 et
1175 2567 1355 2637 quales
1376 2572 1675 2635 quaerentes
1700 2571 1948 2632 expertus
1968 2562 2090 2627 sim,

514 2662 597 2716 vel
623 2662 792 2732 qualis
829 2661 971 2729 ipse,
1003 2660 1115 2713 sive
1138 2673 1257 2712 cum
1287 2659 1558 2720 latrarem,
1586 2656 1699 2710 sive
1723 2670 1843 2710 cum
1884 2664 2093 2724 qumre-

514 2767 626 2809 rem
652 2794 666 2817 ,
698 2752 924 2815 fuerim;
954 2750 1056 2805 hoc
1083 2750 1241 2805 modo
1280 2748 1407 2802 mihi
1435 2745 1685 2802 utendum
1728 2746 1924 2815 putavi.
1963 2744 2095 2812 Qnte

515 2858 639 2901 vera
685 2858 804 2901 esse
854 2842 1189 2913 perspexeris
1211 2882 1227 2906 ,
1258 2850 1406 2903 tene,
1451 2847 1506 2893 et
1545 2838 1798 2893 Ecclesia:
1821 2836 2095 2891 catholica:

517 2936 722 3000 tribue;
771 2949 888 3005 qum
931 2933 1097 2997 falsa,
1129 2946 1355 3001 respue,
1392 2939 1448 2986 et
1488 2930 1617 2983 mihi
1655 2928 1746 2998 qui
1790 2931 1951 2982 homo
1975 2942 2095 2983 sum

517 3027 765 3097 ignosce;
815 3039 933 3094 quae
979 3023 1169 3087 dubia,
1219 3022 1409 3083 crede,
1455 3022 1627 3076 donec
1668 3030 1759 3074 aut
1798 3020 2094 3089 respuenda

517 3130 636 3171 esse
657 3157 671 3183 ,
702 3124 793 3170 aut
826 3129 951 3170 vera
990 3128 1109 3169 esse
1128 3155 1143 3179 ,
1168 3122 1263 3167 aut
1286 3126 1497 3182 semper
1522 3110 1784 3167 credenda
1828 3126 1975 3176 esse,
2010 3110 2096 3168 vel

517 3207 654 3263 ratio
678 3206 899 3272 doceat,
942 3205 1027 3260 vel
1062 3204 1334 3274 praecipiat
1360 3204 1665 3261 auctoritas.
1700 3203 1915 3260 Intende
1939 3204 2097 3274 igitur

518 3298 572 3353 in
620 3298 735 3353 haec
767 3312 883 3368 qua:
910 3303 1222 3366 sequuntur,
1261 3295 1540 3365 diligenter
1575 3302 1629 3350 et
1671 3294 1758 3365 pie
1780 3335 1795 3363 ,
1839 3302 2094 3366 quantum

518 3398 707 3460 potes:
738 3392 871 3445 tales
897 3388 1039 3445 enim
1064 3388 1276 3459 adjuvat
1300 3389 1441 3444 Dens
1468 3387 1563 3459 (ο).

517 3480 738 3538 CAPUT
776 3481 868 3537 XI.
904 3509 976 3523 —-
1007 3480 1184 3536 Omnis
1223 3482 1325 3535 vita
1362 3497 1395 3535 a
1434 3480 1559 3535 Deo.
1593 3479 1735 3536 Mors
1767 3482 1979 3549 animm,
2011 3497 2098 3535 ne-

1218 3573 1395 3645 quitia.

591 3666 683 3721 2t.
710 3664 861 3719 Nulla
886 3664 992 3719 vita
1032 3672 1115 3719 est
1142 3680 1259 3734 quae
1300 3681 1403 3719 non
1439 3666 1507 3718 sit
1538 3680 1601 3719 ex
1634 3666 1774 3732 Deo,
1808 3666 1926 3733 quia
1958 3666 2098 3721 Deus

525 3761 705 3831 utique
720 3776 923 3815 summa
949 3760 1052 3814 vita
1074 3769 1155 3813 est
1171 3769 1225 3815 et
1246 3761 1357 3828 ipse
1388 3758 1504 3814 fons
1528 3760 1669 3824 vitae,
1687 3774 1786 3813 nec
1807 3758 1978 3828 aliqua
1994 3761 2094 3813 vita

522 3855 574 3909 in
612 3862 862 3925 quantum
888 3855 993 3907 vita
1019 3862 1119 3916 est,
1149 3852 1342 3906 malum
1371 3860 1453 3905 est
1470 3893 1485 3917 ,
1508 3850 1600 3905 sed
1623 3852 1673 3905 in
1698 3861 1948 3921 quantum
1975 3864 2097 3906 ver-

525 3947 602 4016 git
628 3946 693 4000 ad
720 3954 941 4001 mortem
972 3962 985 3998 :
1013 3958 1157 3998 mors
1178 3953 1353 3998 autem
1380 3943 1500 3998 vitae
1527 3957 1630 3997 non
1657 3951 1758 4010 est,
1786 3944 1885 3997 nisi
1914 3944 2100 4014 nequi-

525 4039 595 4091 tia
615 4077 631 4103 ,
662 4051 779 4106 qua:
809 4038 875 4091 ab
900 4049 966 4090 eo
993 4034 1131 4104 quod
1171 4050 1237 4088 ne
1276 4035 1561 4105 quidquam
1601 4035 1702 4101 sit,
1729 4034 1866 4088 dicta
1894 4044 2014 4099 est;
2046 4045 2099 4092 et

512 4119 646 4185 ideo
671 4126 1233 4197 nequissimi-homines
1253 4168 1267 4193 ,
1293 4127 1441 4180 nihili
1477 4127 1717 4181 homines
1745 4126 2095 4196 appellantur.

531 4219 649 4273 Vita
684 4230 811 4288 ergo
848 4218 1141 4272 voluntario
1175 4216 1385 4272 defectu
1405 4216 1656 4273 deﬁciens
1680 4219 1748 4271 ab
1772 4232 1836 4271 eo
1864 4217 1953 4286 qui
1979 4232 2099 4272 eam

524 4310 648 4366 fecit
665 4352 681 4377 ,
701 4320 756 4365 et
774 4310 925 4380 cujus
946 4312 1172 4366 essentia
1199 4311 1484 4375 fruebatur,
1508 4322 1559 4365 ct
1587 4312 1770 4366 volens
1796 4319 1983 4365 contra
2007 4311 2100 4367 Dei

525 4401 697 4473 legem
744 4401 849 4457 frui
888 4404 1231 4473 corporibus,
1275 4404 1464 4472 quibus
1491 4418 1605 4457 eam
1653 4404 1791 4459 Deus
1829 4402 2094 4473 praefecit,

523 4498 692 4567 vergit
712 4496 779 4551 ad
811 4498 1030 4551 nihilum
1055 4515 1069 4563 ;
1095 4508 1151 4552 et
1170 4495 1283 4552 lucc
1310 4506 1392 4553 est
1412 4498 1643 4568 nequitia
1672 4515 1683 4550 :
1711 4512 1814 4551 non
1838 4497 1962 4567 quia
1990 4511 2102 4551 cor-

527 4602 628 4659 pus
665 4588 774 4657 jam
817 4587 1039 4642 nihilum
1075 4598 1174 4643 est.
1220 4589 1349 4643 Nam
1388 4599 1443 4644 et
1486 4592 1655 4659 ipsum
1686 4587 1844 4645 habet
1872 4590 2101 4661 aliquam

527 4684 866 4739 concordiam
901 4686 1125 4757 partium
1158 4678 1371 4742 suarum
1391 4727 1408 4756 ,
1453 4688 1568 4744 sine
1609 4706 1721 4759 qua
1742 4693 1959 4746 omnino
1982 4706 2102 4747 esse

531 4791 638 4833 non
690 4787 886 4847 posset.
930 4779 1066 4849 Ergo
1105 4778 1172 4834 ab
1217 4792 1282 4834 eo
1322 4780 1513 4835 factum
1556 4790 1637 4837 est
1665 4792 1720 4839 et
1760 4786 1981 4854 corpus,
2011 4787 2102 4855 qui

529 4869 705 4924 omnis
727 4870 1023 4926 concordiae
1064 4880 1221 4941 caput
1259 4879 1360 4927 est.
1407 4872 1577 4928 Habet
1603 4888 1795 4944 corpus
1820 4876 2102 4945 quamdam

529 4975 714 5030 pacem
742 4975 851 5016 suae
871 4961 1085 5030 formae,
1114 4964 1228 5019 sine
1251 4978 1352 5034 qua
1378 4978 1595 5034 prorsus
1614 4964 1746 5019 nihil
1772 4974 1932 5021 esset.
1966 4969 2103 5037 Ergo

530 5053 618 5108 ille
646 5061 729 5109 est
755 5061 810 5109 et
831 5056 1067 5124 corporis
1094 5054 1361 5121 conditor;
1383 5071 1413 5110 a
1440 5068 1546 5127 quo
1571 5072 1670 5128 pax
1691 5059 1864 5113 omnis
1889 5067 2006 5125 est,
2049 5069 2105 5116 et

531 5145 620 5214 qui
644 5144 811 5199 forma
826 5154 910 5201 est
927 5144 1250 5212 infabricata,
1264 5157 1424 5217 atque
1443 5149 1676 5202 omnium
1699 5148 2098 5207 formosissima.

524 5235 703 5293 liabet
723 5236 1237 5307 aliquam'speciem',
1264 5240 1378 5295 sine
1400 5254 1503 5310 qua
1527 5252 1719 5309 corpus
1747 5257 1850 5295 non
1871 5250 1955 5301 est
1979 5256 2102 5296 cor-

533 5341 648 5396 pus.
692 5326 747 5381 Si
776 5336 907 5397 ergo
949 5330 1201 5398 quairitur
1245 5330 1362 5400 quis
1409 5331 1695 5386 instituerit
1740 5346 1963 5401 corpus,
2014 5333 2104 5388 ille

531 5425 795 5487 quierunt
813 5419 904 5490 qni
924 5428 1013 5475 est
1036 5420 1272 5476 omnium
1290 5420 1731 5490 spectosissimus.
1752 5423 1937 5481 Omnis
1960 5426 2103 5481 enim

531 5510 735 5577 species
780 5511 847 5565 ab
886 5511 980 5567 illo
1022 5519 1122 5567 est.
1165 5512 1296 5581 Quis
1334 5521 1420 5569 est
1460 5522 1635 5569 autem
1674 5515 1795 5583 hic,
1831 5515 2103 5572 nisi‘unus

532 5601 705 5672 Deus,
756 5621 856 5660 una
896 5607 1126 5674 veritas,
1168 5620 1274 5661 una
1322 5606 1465 5663 salus
1513 5608 1789 5678 omnium,
1836 5616 1892 5665 et
1933 5611 2103 5680 prima

613 5772 643 5807 a
686 5764 703 5806 ι
726 5765 927 5809 Retract.
951 5771 1055 5833 cap.
1081 5760 1158 5822 i5,
1182 5773 1233 5811 ιι.
1252 5759 1298 5811 2.

592 5757 664 5947 i2}
684 5817 824 5942 $3:
842 5832 895 5931 ἓξ
916 5821 975 5931 i’:

791 5853 824 5880 ο,
847 5853 895 5868 Ilo
928 5853 975 5870 UO

613 5881 663 5942 c)
684 5881 821 5942 Ibid,
842 5895 891 5931 ιι.
916 5883 964 5931 4.

1530 430 1619 488 DE
1650 430 1833 487 VERA
1875 428 2262 499 RELlGlONE,
2301 433 2359 488 S.
2399 432 2762 493 AUGUSTINI

3674 440 3779 496 131

2199 556 2357 615 atque
2396 563 2601 605 summa
2638 542 2902 617 essentia,
2944 564 3009 606 ex
3050 563 3155 622 qua
3200 558 3284 608 est
3319 564 3479 610 omne
3523 553 3775 625 quidquid

2197 649 2296 702 est,
2321 641 2371 693 in
2389 651 2639 711 quantum
2661 654 2770 707 est;
2796 644 2918 713 quia
2944 643 2995 698 in
3017 653 3270 714 quantum
3291 654 3375 701 est
3398 646 3651 717 quidqttid
3671 658 3769 713 est,

2196 729 2392 786 bonum
2416 742 2516 788 est.

2264 821 2355 875 22.
2404 822 2473 877 Et
2500 824 2618 880 ideo
2640 840 2705 879 ex
2734 824 2844 880 Deo
2868 839 2972 881 non
3010 834 3093 882 est
3119 841 3283 883 mors.
3325 827 3446 882 Non
3471 828 3610 883 enim
3643 827 3777 883 Deus

2197 924 2407 967 mortem
2437 916 2581 983 fecit,
2625 930 2717 970 nec
2745 916 2947 970 tentatur
2974 917 3029 971 in
3068 917 3344 988 perditione
3367 920 3589 972 vivorum
3619 919 3773 989 (δην.

2193 1019 2214 1059 ι
2230 1046 2244 1069 ,
2267 1004 2356 1074 13)
2388 1023 2401 1058 :
2433 1007 2679 1076 quoniam
2703 1022 2905 1061 summa
2926 1009 3155 1063 essentia
3174 996 3294 1064 esse
3312 1007 3441 1063 facit
3461 1020 3619 1064 omne
3637 1010 3778 1079 quod

2196 1105 2296 1162 est,
2314 1097 2456 1151 unde
2481 1104 2535 1152 et
2559 1098 2785 1153 essentia
2803 1098 3011 1154 dicitur.
3042 1097 3182 1153 Mors
3209 1086 3384 1153 autem
3410 1114 3518 1153 non
3538 1114 3659 1155 esse
3681 1114 3776 1154 co-

2194 1192 2271 1257 git
2294 1188 2550 1258 quidquid
2577 1190 2819 1255 moritur,
2844 1190 2905 1244 ‘in
2933 1197 3187 1260 quantum
3211 1191 3453 1244 moritur.
3470 1188 3610 1244 Nam
3635 1189 3682 1245 si
3713 1203 3776 1244 ea

2192 1296 2313 1348 qua:
2343 1281 2655 1348 moriuntur,
2686 1282 2889 1351 penitus
2916 1274 3273 1349 morerentur,
3298 1282 3364 1336 ad
3392 1280 3611 1335 nihilum
3655 1280 3771 1336 s'me

2195 1373 2353 1427 dubio
2381 1375 2751 1442 pervenirent;
2780 1374 2875 1430 sed
2917 1382 3133 1429 tantum
3158 1376 3477 1442 moriuntur,
3517 1384 3775 1445 quantum

2193 1466 2371 1519 minus
2400 1467 2643 1521 essentia:
2669 1466 3015 1537 participant:
3047 1466 3188 1537 quod
3217 1466 3430 1522 brevius
3452 1467 3520 1521 ita
3545 1460 3652 1520 dici
3680 1478 3778 1535 po-

2196 1566 2299 1611 test
2342 1574 2354 1611 :
2407 1567 2551 1611 tanto
2598 1558 2764 1627 magis
2807 1559 3136 1622 moriuntur,
3178 1569 3377 1629 quanto
3417 1559 3589 1612 minus
3630 1562 3777 1613 sunt.

2196 1650 2399 1721 Corpus
2419 1659 2593 1706 autem
2620 1650 2795 1706 minus
2819 1659 3075 1722 estquam
3100 1653 3202 1706 vita
3224 1652 3503 1722 quzelibet;
3528 1648 3776 1721 q’ndniam

2196 1743 2733 1813 quantulumcumque
2761 1751 2940 1799 manet
2961 1742 3017 1798 in
3041 1744 3248 1813 specie,
3270 1758 3370 1813 per
3384 1742 3547 1797 vitam
3574 1750 3773 1807 manet,

2196 1834 2308 1888 sive
2354 1850 2456 1904 qua
2509 1834 2919 1905 unumquodque
2960 1836 3184 1903 animal,
3234 1836 3347 1890 sive
3388 1851 3491 1906 qua
3536 1835 3778 1890 universa

2188 1925 2375 1979 mundi
2405 1934 2588 1979 natura
2611 1926 3029 1982 administratur.
3057 1924 3264 1997 Corpus
3289 1941 3415 1997 ergo
3440 1927 3607 1997 magis
3647 1925 3775 1982 sub—

2194 2015 2338 2084 jaect
2366 2017 2553 2080 morti,
2596 2025 2649 2071 et
2694 2016 2814 2072 ideo
2856 2018 3077 2072 vicinius
3106 2026 3187 2072 est
3226 2018 3390 2072 nihilo
3416 2032 3432 2071 :
3461 2024 3781 2087 quapropter

2195 2109 2300 2163 vita
2322 2151 2336 2173 ,
2363 2125 2480 2179 qum
2508 2111 2677 2164 fructu
2704 2110 2939 2180 corporis
2960 2110 3217 2165 delectata
3241 2110 3642 2179 negligit-Deum
3661 2151 3678 2177 ,
3700 2110 3782 2165 in-

2198 2199 2420 2255 clinatur
2440 2200 2504 2255 ad
2535 2202 2754 2255 nihilum
2770 2243 2783 2266 ,
2806 2211 2859 2256 et
2887 2202 2987 2257 ista
3006 2209 3090 2258 est
3113 2203 3373 2272 nequitia.
3682 2216 3687 2221 '

2270 2294 2491 2351 CAPUT
2516 2294 2630 2350 Xll.
2653 2326 2724 2336 —
2747 2295 2945 2364 Lapsus
2962 2304 3009 2350 et
3034 2296 3285 2365 reparatio
3310 2296 3461 2350 totius
3473 2294 3706 2350 hominis.

2268 2386 2355 2442 2'5.
2386 2387 2496 2442 Hoc
2525 2398 2699 2443 autem
2727 2398 2879 2459 pacto
2903 2388 3007 2443 vita
3035 2389 3262 2443 carnalis
3297 2395 3358 2444 et
3406 2397 3615 2443 terrena
3658 2386 3781 2443 em-

2199 2480 2353 2542 citur,
2386 2488 2434 2534 et
2467 2480 2535 2534 ob
2579 2480 2680 2535 hoc
2727 2481 2885 2535 etiam
2930 2494 3055 2534 caro
3092 2490 3146 2535 et
3172 2488 3314 2534 terra
3352 2480 3689 2545 nominatur;
3718 2488 3777 2536 et

2200 2572 2450 2642 quamdiu
2490 2573 2559 2627 ita
2599 2581 2710 2639 est,
2741 2589 2960 2643 regnum
2989 2572 3082 2627 Dei
3107 2587 3214 2627 non
3241 2572 3563 2643 possidebit,
3592 2581 3647 2628 ct
3671 2574 3777 2628 eri-

2199 2662 2418 2734 pitur'ei
2438 2664 2578 2735 quod
2605 2674 2764 2719 amat.
2794 2664 2850 2718 id
2879 2666 3019 2721 enim
3042 2674 3185 2719 amat
3222 2664 3363 2735 quod
3403 2673 3459 2719 ct
3501 2664 3677 2720 minus
3701 2671 3786 2720 est

2200 2772 2358 2825 quam
2386 2757 2491 2810 vita
2511 2798 2525 2820 ,
2550 2757 2669 2826 quia
2698 2771 2889 2826 corpus
2914 2766 3026 2821 est;
3055 2765 3108 2811 et
3135 2764 3350 2827 propter
3378 2756 3552 2826 ipsum
3582 2768 3774 2825 peccat

2200 2850 2312 2902 tum
2330 2892 2342 2912 ,
2376 2847 2515 2918 quod
2536 2857 2741 2902 amatur
2760 2847 2817 2902 fit
2845 2848 3184 2917 eorruptibile
3203 2889 3218 2912 ,
3248 2856 3310 2903 ut
3333 2847 3545 2903 fluendo
3570 2842 3784 2903 deserat

2202 2949 2491 2993 amatorem
2533 2954 2709 3004 suum,
2758 2939 2878 3007 quia
2907 2947 2961 2994 et
3009 2939 3099 2995 ille
3142 2939 3242 2994 hoc
3286 2938 3511 2993 amando
3554 2938 3789 2994 deseruit

2202 3029 2389 3083 Deum.
2431 3029 2701 3098 Prmcepta
2744 3030 2883 3083 enim
2932 3028 3045 3099 ejus
3093 3029 3322 3099 neglexit
3366 3028 3633 3083 dicentis:
3667 3028 3779 3084 lloc

2202 3118 2491 3187 manduca,
2523 3128 2577 3175 et
2602 3118 2704 3175 hoc
2728 3118 2836 3173 noli
2862 3117 3013 3185 (Gen.
3045 3134 3104 3185 n,
3134 3120 3222 3185 16,
3262 3120 3365 3190 t7).
3394 3119 3639 3174 Trahitur
3657 3133 3786 3189 ergo

2202 3212 2267 3266 ad
2295 3225 2513 3282 pmnas:
2550 3212 2672 3282 quia
2699 3211 2967 3282 diligendo
2998 3212 3265 3276 inferiora,
3303 3212 3354 3267 in
3384 3218 3618 3282 egestate
3640 3213 3791 3266 voln-

2202 3313 2405 3374 ptatum
2433 3318 2646 3357 suarum
2671 3312 2725 3357 et
2758 3302 2811 3357 in
2858 3303 3127 3358 doloribus
3164 3303 3302 3371 apud
3348 3302 3545 3358 inferos
3572 3303 3785 3359 ordina-

2203 3404 2306 3450 tur.
2354 3395 2490 3463 Quid
2534 3404 2616 3450 est
2658 3396 2799 3450 enim
2840 3395 3014 3460 dolor,
3055 3396 3143 3465 qui
3171 3395 3364 3449 dicitur
3386 3396 3655 3465 corporis,
3685 3396 3787 3450 nisi

2201 3488 2472 3556 corruptio
2501 3487 2774 3556 repentina
2802 3485 2987 3541 salutis
3015 3486 3129 3555 ejus
3152 3487 3229 3541 rei
3250 3501 3405 3557 quam
3432 3487 3569 3541 male
3592 3486 3789 3542 utendo

2203 3577 2377 3630 anima
2430 3576 2755 3645 corruptioni
2794 3577 3100 3630 obnoxiavit
3128 3577 3349 3644 ‘?Qnid
3396 3583 3572 3632 autem
3611 3578 3785 3643 dolor,

2204 3670 2289 3739 qui
2321 3670 2510 3722 dicitur
2535 3669 2716 3734 animi,
2749 3669 2848 3723 nisi
2876 3682 3059 3723 carere
3086 3669 3425 3723 mutabilibus
3451 3670 3643 3737 rebus,
3673 3664 3791 3741 qui-

2204 3761 2302 3814 bns
2332 3760 2619 3825 fruebatur,
2650 3768 2737 3811 aut
2764 3758 2865 3811 frui
2906 3773 2966 3813 se
3007 3772 3163 3828 posse
3209 3760 3545 3829 speraverat?
3574 3760 3644 3815 Et
3689 3763 3791 3815 hoc

2205 3863 2288 3909 est
2317 3863 2480 3910 totum
2513 3852 2651 3924 quod
2682 3853 2875 3907 dicitur
2904 3853 3099 3907 malum
3120 3895 3135 3920 ,
3164 3852 3215 3907 id
3242 3860 3321 3907 cSt
3345 3892 3360 3918 ,
3390 3861 3664 3922 peccatum
3688 3896 3704 3922 ,
3737 3862 3790 3909 et

2205 3962 2360 4016 pmna
2391 3946 2610 4015 peccati.

2274 4040 2363 4093 24.
2405 4038 2458 4091 Si
2500 4045 2676 4091 autem
2720 4035 2844 4090 dum
2888 4036 2953 4113 in
2998 4036 3098 4093 hoc
3150 4037 3320 4092 stadio
3367 4038 3489 4093 vita:
3540 4038 3786 4093 humana:

2206 4131 2377 4183 anima
2400 4128 2567 4198 degit,
2594 4130 2874 4183 vincateas
2902 4144 3030 4199 quas
3048 4130 3327 4185 adversum
3354 4146 3413 4187 se
3441 4133 3657 4186 nutrivit
3683 4146 3785 4187 cu-

2204 4220 2448 4291 piditates
2494 4220 2716 4274 fruendo
2763 4221 3109 4288 mortalibus,
3161 4233 3215 4277 et
3264 4222 3330 4277 ad
3373 4239 3464 4278 eas
3503 4222 3790 4279 vincendas

2205 4312 2369 4381 gratia
2403 4311 2492 4364 Dei
2537 4325 2597 4366 se
2629 4311 2864 4380 adjuvari
2903 4313 3115 4380 credat,
3161 4324 3336 4369 mente
3370 4316 3444 4371 illi
3473 4310 3717 4371 serviens
3734 4323 3791 4371 et

2206 4400 2342 4455 bona
2359 4401 2626 4455 voluntate
2645 4416 2660 4467 ;
2679 4402 2793 4457 sine
2812 4402 3137 4459 dubitatione
3154 4405 3497 4475 reparabitnr,
3522 4414 3575 4460 et
3594 4421 3623 4459 a
3636 4400 3789 4461 ‘mul-

2206 4492 2275 4546 tis
2314 4492 2654 4549 mutabilibus
2695 4492 2761 4548 ad
2791 4512 2952 4549 unum
3000 4495 3427 4551 incommutabile
3469 4506 3785 4562 revertetur,

2178 4584 2490 4641 'reformata
2532 4602 2627 4657 per
2665 4588 2987 4657 Sapientiam
3030 4606 3137 4644 non
3182 4589 3456 4644 formatam
3482 4630 3495 4652 ,
3549 4588 3643 4643 sed
3690 4604 3791 4658 per

2180 4688 2364 4750 'quam
2393 4679 2683 4735 formantur
2711 4680 2983 4749 universa,
3015 4678 3315 4752 lrnetnrque
3352 4681 3460 4736 Deo
3497 4692 3591 4751 per
3614 4678 3788 4752 Spiri-

2209 4780 2321 4828 tum
2350 4782 2622 4844 sanctum,
2644 4775 2783 4846 quod
2808 4786 2888 4830 cst
2913 4777 3115 4831 Donum
3140 4776 3261 4829 'Dei.
3295 4775 3368 4829 [ta
3397 4770 3456 4829 fit
3487 4772 3649 4829 homo
3671 4775 3787 4845 spi-

2209 4862 2411 4920 rltudlis
2439 4868 2619 4922 omnia‘
2655 4866 2918 4937 judicans,
2958 4876 3015 4922 ut
3051 4866 3163 4938 ipse
3206 4882 3236 4922 a
3275 4866 3484 4922 nemine
3520 4865 3794 4936 judicetur

2210 4954 2254 5025 (l
2288 4955 2405 5011 Cor.
2430 4968 2467 5012 tt
2485 4998 2499 5022 ,
2533 4959 2646 5025 i5),
2675 4959 2897 5029 diligens
2923 4952 3202 5013 Dominum
3227 4958 3397 5013 Deum
3418 4958 3570 5013 suum
3596 4957 3650 5012 in
3675 4964 3793 5012 toto

2209 5048 2369 5103 corde
2397 5064 2514 5115 suo,
2542 5050 2594 5103 in
2623 5058 2729 5104 tota
2756 5051 2928 5105 anima
2951 5090 2965 5113 ,
3008 5050 3061 5104 in
3088 5054 3215 5106 "tota
3241 5058 3453 5117 mente“,
3482 5048 3536 5105 et
3563 5050 3793 5120 diligens

2209 5139 2512 5207 proxiinum
2564 5156 2714 5193 suum
2755 5140 2859 5195 non
2904 5141 3217 5206 carnaliter,“
3261 5141 3357 5197 Sed
3403 5130 3667 5212 tanquam
3694 5140 3790 5197 se-

2209 5232 2401 5300 ipsum.
2447 5230 2516 5288 Se
2563 5232 3127 5302 autem'spirltuatiter
3152 5230 3351 5303 diligit,
3400 5234 3490 5303 qui
3547 5250 3611 5287 ex
3638 5241 3787 5298 toto,

2198 5322 2348 5391 'quml
2379 5323 2429 5376 in
2474 5333 2541 5377 eo
2568 5318 2723 5389 vivit,
2752 5322 2921 5378 Deum
2958 5318 3148 5394 diligit:
3187 5316 3543 5379 ln‘his'énim
3579 5322 3793 5377 duobus

2211 5418 2486 5483 pneceptts
2537 5418 2645 5468 tota
2694 5412 3072 5485 Lex‘pendet,
3124 5424 3178 5472 et
3237 5414 3515 5486 Prophetas
3564 5412 3786 5487 ('Ma'ttlt.

2748 5506 2753 5515 -
2818 5514 2823 5525 ,
2884 5514 2909 5523 .,
3202 5528 3209 5533 _
3312 5516 3351 5533 ,ι
3400 5506 3443 5531 ¹[,
3598 5506 3685 5531 ut»

2182 5518 2345 5571 'xxu,
2370 5500 2601 5573 M40);

2275 5592 2367 5648 25.
2392 5594 2523 5650 'lude
2538 5594 2652 5665 jam
2677 5596 2778 5652 erit
2804 5611 3138 5669 consequens
3178 5603 3241 5652 ut
3264 5601 3382 5666 post
3403 5603 3629 5651 mortem
3658 5608 3785 5651 cor-

2207 5685 2478 5756 poralem,
2526 5704 2681 5759 quam
2728 5690 2985 5747 debemus
3033 5691 3200 5761 primo
3245 5696 3499 5758 peccato,
3543 5699 3784 5759 tempore

2178 5789 2307 5857 suo
2330 5784 2486 5850 atque
2514 5780 2697 5836 ordine
2727 5794 2823 5836 suo
2852 5780 2953 5837 hoc
2981 5794 3170 5852 corpus
3196 5779 3503 5853 restituatur
3546 5772 3784 5850 pi‘istina:

2240 5858 3582 5954 I'Stctttssmnneadtltddbabentﬂecﬂm
