4056 6444
292 400 396 460 133

294 520 566 582 stabilitati
593 519 695 592 (ια)Ἰ
714 531 872 591 quam
897 530 1004 576 non
1029 528 1124 588 per
1154 528 1212 573 se
1241 511 1488 578 habebit,
1533 509 1626 568 sed
1653 524 1752 582 per
1779 512 1893 568 ani-

297 631 433 670 mam
464 616 752 670 stabilitam
777 615 832 670 in
861 614 990 682 Deo.
1022 612 1152 681 Qua:
1178 626 1362 666 rursus
1386 623 1492 663 non
1523 622 1618 677 per
1637 621 1696 662 se
1725 605 1888 661 stabi-

295 710 435 770 litur,
467 708 564 764 sed
607 724 702 778 per
747 708 914 764 Deum
963 720 1068 776 quo
1115 703 1339 767 fruitur;
1393 700 1618 770 ideoque
1664 698 1894 768 amplius

294 820 452 876 quam
476 817 672 873 corpus
705 801 901 870 vigebit
928 818 942 855 :
972 814 1167 870 corpus
1195 799 1339 860 enim
1359 811 1454 867 per
1477 797 1646 865 ipsam
1673 794 1890 862 vigebit,

295 910 345 955 et
372 899 488 968 ipszt
513 913 608 967 per
633 893 1126 950 incommutabilem
1145 891 1424 946 veritatem
1444 929 1458 952 ,
1488 887 1578 957 qui
1611 886 1772 940 Filius
1800 886 1893 938 Dei

296 991 486 1049 unicus
509 998 625 1055 est;
655 999 813 1059 atque
842 988 916 1044 ita
942 996 998 1046 et
1034 987 1352 1056 corpus'per
1381 984 1553 1053 ipsum
1579 978 1771 1035 Filium
1799 977 1894 1032 Dei

296 1084 526 1154 vigebit,
579 1083 701 1154 quia
740 1082 920 1138 omnia
961 1080 1277 1150 peripsum.
1319 1078 1478 1142 Dono
1523 1076 1683 1137 etiam
1737 1073 1905 1142 ejus,"

295 1177 437 1247 quod
463 1177 658 1242 animae
683 1176 858 1239 datur,
893 1174 944 1229 id
969 1180 1053 1230 est
1081 1181 1268 1236 sancto
1291 1171 1532 1242 Spiritu,
1580 1184 1684 1224 non
1717 1167 1891 1222 solum

295 1274 510 1338 anima,
557 1271 642 1326 cui
678 1271 857 1336 datur,
889 1268 1032 1325 salva
1079 1275 1133 1323 et
1177 1273 1358 1335 pacata
1387 1274 1442 1322 et
1465 1260 1764 1326 sanctafit,
1798 1259 1892 1316 sed

298 1367 472 1435 ipsum
503 1366 666 1422 etiam
713 1378 904 1433 corpus
943 1359 1312 1424 vivificabitur,
1343 1358 1551 1425 eritque
1603 1356 1655 1410 in
1703 1362 1890 1408 natura

297 1475 385 1516 sua
415 1459 852 1524 mutulissimum.
885 1457 1001 1526 Ipse
1029 1455 1170 1515 enim
1199 1453 1333 1510 dixit.
1361 1470 1374 1506 :
1406 1450 1651 1506 Mandata
1679 1462 1790 1515 qua:
1813 1448 1892 1499 in-

301 1563 374 1604 tus
398 1561 542 1614 sunt,
565 1531 904 1621 etqmefo-ris
932 1557 1049 1602 sunt
1079 1545 1272 1602 munda
1303 1553 1446 1599 erunt
1475 1542 1684 1612 (Matth.
1725 1554 1853 1594 xxru
1874 1580 1888 1603 ,

297 1644 406 1712 26).
431 1645 646 1706 Dicitet
671 1644 960 1714 Apostolus
993 1660 1004 1694 :
1039 1637 1322 1706 I’iviﬁcabit
1347 1646 1394 1690 et
1424 1635 1659 1690 mortalia
1679 1647 1894 1703 corpora

298 1747 463 1792 uestra
493 1745 699 1808 propter
721 1737 970 1806 Spiritum
999 1739 1281 1789 manentem
1313 1732 1368 1784 in
1400 1729 1537 1783 vobis
1559 1727 1735 1797 (Rom.
1764 1741 1853 1779 vm
1873 1767 1888 1791 ,

299 1829 409 1899 11).
435 1829 629 1884 Ablato
657 1844 785 1898 ergo
817 1837 1033 1897 peccato
1052 1869 1068 1892 ,
1096 1824 1368 1881 auferetur
1391 1831 1446 1878 et
1473 1835 1630 1890 pmna
1652 1819 1850 1891 peccati
1874 1836 1888 1871 :

300 1930 354 1978 et
392 1923 485 1976 ubi
514 1923 867 1988 estmalum?
889 1921 997 1976 .Ubi
1038 1928 1112 1976 est
1135 1961 1149 1984 ,
1179 1934 1343 1980 mors,
1376 1917 1622 1972 contentio
1659 1916 1784 1968 tua?
1808 1913 1894 1966 ubi

300 2023 396 2079 est,
428 2031 597 2080 mors,
625 2015 832 2080 aculeus
849 2015 1004 2068 tuus?
1032 2012 1207 2067 Vincit
1230 2010 1371 2065 enim
1393 2009 1622 2065 essentia
1647 2005 1889 2070 nihilmn,

298 2115 354 2164 et
399 2107 478 2162 sic
537 2107 854 2171 absorbetur
906 2120 1050 2160 mors
1091 2104 1145 2158 in
1191 2102 1464 2157 victoriam
1508 2098 1563 2173 (l
1612 2097 1729 2154 Cor.
1785 2113 1890 2163 xv,

299 2198 403 2266 54,
432 2197 548 2264 55).

513 2292 738 2350 CAPUT
757 2289 902 2356 ,XIII.
933 2321 1002 2334 —-
1031 2288 1341 2360 Angelomm
1375 2285 1679 2352 dilfcrcntia.

365 2386 460 2448 26.
489 2386 603 2442 Nec
631 2387 827 2456 aliquid
855 2385 1198 2440 sanetifieatis
1224 2383 1396 2436 malus
1430 2379 1652 2450 angelus
1683 2377 1890 2442 oberit,

298 2479 385 2551 qui
407 2479 654 2534 diabolus
683 2479 906 2542 dicitur;
937 2477 1060 2546 quia
1088 2484 1141 2531 et
1171 2475 1370 2544 ipse,in
1397 2481 1649 2542 quantum
1679 2470 1896 2538 angelus

300 2581 400 2636 est,
425 2589 533 2626 non
562 2581 646 2627 est
673 2571 863 2632 malus,
887 2570 980 2625 sed
1005 2571 1055 2623 in
1087 2578 1338 2638 quantum
1363 2580 1641 2637 perversus
1664 2572 1739 2616 est
1772 2578 1898 2633 pro-

299 2667 413 2735 pria
445 2666 740 2720 voluntate.
763 2665 1070 2719 Fatendum
1101 2671 1182 2717 cst
1209 2663 1351 2716 enim
1373 2703 1387 2725 ,
1438 2670 1490 2715 et
1535 2660 1766 2727 Angelos
1805 2671 1897 2710 na-

301 2765 416 2812 tura
443 2773 566 2812 esse
595 2757 882 2811 mutabiles
901 2797 914 2820 ,
947 2756 990 2808 si
1033 2756 1179 2809 solus
1213 2753 1349 2807 Deus
1376 2763 1458 2807 est
1488 2747 1896 2804 incommutabi-

301 2849 367 2904 lis
391 2869 403 2903 :
429 2849 526 2906 sed
555 2865 621 2906 ea
648 2849 920 2906 voluntate
949 2863 1049 2917 qua
1094 2845 1263 2916 magis
1309 2845 1473 2898 Deum
1504 2857 1660 2911 quam
1692 2855 1750 2894 se
1777 2839 1897 2893 dili-

301 2952 467 3012 gunt,
499 2941 636 2998 firmi
664 2951 720 2997 et
763 2941 982 2996 stabiles
1020 2948 1237 2993 manent
1281 2938 1332 2992 in
1384 2936 1475 2991 illo
1503 2979 1515 2998 ,
1559 2943 1612 2987 et
1653 2933 1900 2987 fruuntur

307 3035 590 3106 majestate
620 3036 820 3104 ipsius,
852 3035 902 3088 ei
947 3031 1041 3088 uni
1066 3030 1413 3086 libentissime
1441 3028 1655 3082 subditi.
1692 3026 1783 3078 llle
1807 3039 1902 3078 au-

306 3139 413 3185 tem
442 3132 666 3199 angelus
709 3129 880 3197 magis
917 3128 1150 3196 seipsum
1197 3139 1352 3193 quam
1389 3124 1565 3176 Deum
1597 3118 1897 3183 diligendo,

304 3223 554 3280 subditus
596 3224 646 3278 ei
676 3239 796 3279 esse
826 3221 1028 3286 noluit,
1056 3229 1111 3275 et
1137 3219 1388 3273 intumuit
1431 3232 1529 3286 per
1561 3215 1864 3283 superbiam
1885 3254 1898 3277 ,

304 3327 409 3372 eta
437 3334 648 3374 summa
671 3318 901 3373 essentia
927 3316 1155 3380 defecit,
1186 3324 1233 3368 et
1264 3315 1442 3382 lapsus
1471 3321 1553 3367 est
1586 3330 1597 3364 :
1627 3319 1680 3364 ct
1706 3310 1772 3360 ob
1804 3309 1903 3363 hoc

303 3415 487 3466 minus
513 3420 786 3480 estquam
831 3408 963 3472 fuit,
992 3408 1114 3478 quia
1154 3423 1219 3462 eo
1257 3405 1396 3476 quod
1443 3406 1617 3458 minus
1646 3411 1759 3457 erat
1803 3402 1903 3455 f‘rui

305 3502 511 3567 voluit,
557 3517 677 3556 cum
729 3501 898 3569 magis
942 3500 1111 3553 voluit
1152 3513 1245 3553 sua
1284 3497 1518 3568 potentia
1571 3496 1702 3560 frui,
1748 3508 1903 3562 quam

307 3597 430 3652 Dei.
464 3596 779 3666 Quanquam
830 3595 972 3648 enim
1015 3607 1121 3650 non
1167 3605 1406 3653 summe,
1456 3598 1629 3642 tamen
1681 3587 1906 3654 amplius

309 3699 457 3755 erat,
481 3689 695 3760 quando
721 3703 786 3742 eo
814 3686 953 3758 quod
981 3699 1190 3740 summe
1215 3692 1318 3749 est,
1347 3681 1634 3740 fruebatur,
1660 3678 1906 3747 quoniam

307 3783 459 3839 Deus
495 3781 641 3836 solus
683 3795 890 3835 summe
936 3788 1035 3833 est.
1087 3773 1349 3845 Quidquid
1391 3782 1566 3826 autem
1611 3770 1788 3824 minus
1828 3775 1911 3821 est

309 3893 472 3948 quam
497 3887 749 3940 erat,uon
780 3878 830 3929 in
850 3883 1103 3945 quantum
1134 3868 1341 3935 est,sed
1375 3868 1426 3921 in
1455 3873 1707 3936 quanttnn
1736 3865 1910 3916 minus

311 3979 433 4034 est,
457 3969 656 4022 malum
687 3976 791 4022 est.
825 3967 902 4019 Eo
930 3965 1069 4018 cnim
1087 4005 1100 4027 ,
1133 3978 1237 4032 quo
1264 3959 1440 4013 minus
1467 3964 1547 4011 est
1571 3971 1726 4026 quam
1755 3961 1906 4017 erat,

310 4062 491 4118 tendit
529 4061 593 4114 ad
637 4069 884 4114 mortem.
923 4056 1061 4124 Quid
1104 4063 1280 4108 autem
1325 4051 1516 4105 mirum
1543 4050 1584 4101 si
1613 4064 1676 4101 ex
1707 4047 1912 4100 defectu

315 4153 504 4222 inepia
531 4193 547 4219 ,
583 4160 636 4208 et
669 4168 734 4206 ex
771 4150 946 4219 inopia
989 4146 1304 4209 invidentia,
1337 4158 1435 4213 qua
1466 4139 1709 4195 diabolus
1737 4139 1914 4208 utique

312 4245 564 4300 diabolus
591 4243 705 4297 est?

487 4335 713 4392 CAPUT
731 4334 870 4390 XIV.
901 4361 972 4374 --
1000 4331 1045 4385 Α
1066 4331 1219 4385 libero
1239 4327 1443 4382 arbitrio
1471 4332 1746 4396 peccatum.

392 4430 486 4484 27.
518 4429 765 4484 Defectus
803 4434 978 4481 autem
1005 4423 1106 4478 istc
1133 4420 1272 4492 quod
1300 4426 1572 4489 peccatum
1601 4422 1837 4476 vocatur,
1869 4411 1917 4467 si

319 4531 579 4592 tanquam
613 4520 773 4575 febris
800 4519 1019 4572 invitum
1050 4520 1351 4584 occuparet,
1381 4519 1527 4565 recte
1549 4509 1736 4576 iujusta
1761 4519 1916 4575 pmna

319 4616 618 4680 videretur,
645 4629 764 4683 qua:
790 4617 1094 4681 peccantem
1138 4603 1502 4674 consequitur,
1551 4607 1606 4653 et
1648 4614 1766 4668 qum
1821 4597 1916 4650 da-

322 4707 531 4764 mnatio
569 4712 920 4773 nuncupatur.
953 4700 1100 4755 Nunc
1137 4712 1268 4770 vero
1292 4709 1461 4763 usque
1489 4691 1620 4746 adeo
1645 4696 1916 4759 peccatum

323 4797 684 4854 voluntarium
710 4803 793 4849 est
816 4793 1012 4848 malum
1033 4834 1046 4857 ,
1080 4798 1137 4843 ut
1168 4787 1313 4842 nullo
1343 4784 1501 4838 modo
1527 4783 1593 4835 sit
1624 4789 1916 4850 peccatum,

325 4892 373 4946 si
400 4907 506 4946 non
534 4890 604 4944 sit
629 4886 988 4942 voluntarium
1021 4882 1134 4954 (b);
1167 4888 1222 4935 et
1272 4879 1373 4931 hoc
1415 4874 1628 4945 quidem
1655 4873 1727 4926 ita
1755 4871 1922 4924 maui-

325 4983 524 5038 festum
568 4987 653 5036 est
678 5023 690 5043 ,
731 4987 790 5032 ut
832 4975 978 5031 nulla
1023 4973 1148 5027 hinc
1175 4970 1450 5025 doctorum
1479 4965 1746 5034 paucitas,
1778 4961 1920 5015 nulla

325 5074 669 5129 indoctorum
692 5071 842 5125 turba
871 5065 1168 5122 dissentiat.
1200 5063 1373 5130 Quare
1400 5067 1489 5112 aut
1516 5054 1811 5124 negandum
1841 5060 1922 5107 est

325 5165 610 5237 peccatum
639 5161 934 5225 committi,
961 5167 1053 5213 aut
1081 5155 1348 5210 fatendum
1377 5160 1456 5206 est
1487 5150 1754 5202 voluntate
1778 5160 1924 5199 com-

328 5257 492 5312 mitti.
524 5256 638 5310 Non
671 5264 849 5309 autem
894 5261 1039 5306 recte
1071 5255 1226 5317 negat
1255 5257 1502 5315 peccasse
1540 5241 1766 5294 animam
1787 5278 1803 5304 ,
1833 5237 1923 5306 qui

330 5358 390 5406 et
421 5345 724 5418 paenitendo
751 5360 867 5398 eam
898 5338 1351 5410 corrigi-fatetur,
1396 5342 1447 5388 et
1497 5331 1703 5386 veniam
1749 5328 1922 5399 poeni-

330 5442 470 5498 tenli
513 5440 666 5506 dari,
720 5445 777 5494 et
813 5441 1241 5506 perseverantem
1287 5428 1338 5483 in
1369 5426 1602 5498 peccatis
1636 5425 1776 5493 justa
1806 5423 1924 5492 lege

332 5533 434 5589 Dei
460 5531 721 5588 damnari.
752 5530 1029 5597 Postremo
1055 5568 1070 5589 ,
1101 5523 1145 5579 si
1187 5537 1292 5576 non
1318 5520 1587 5576 voluntate
1616 5515 1753 5570 male
1791 5513 1922 5568 faci-

338 5642 460 5682 mus
477 5667 495 5693 ,
519 5639 681 5680 nemo
704 5618 1064 5692 objurgandus
1089 5624 1171 5672 est
1194 5614 1441 5679 omnino,
1470 5618 1560 5665 aut
1588 5607 1922 5663 monendus:

336 5721 533 5792 quibus
560 5715 784 5772 sublatis
808 5711 1110 5769 Christiana
1134 5710 1217 5792 lex
1246 5713 1301 5762 et
1326 5703 1600 5774 disciplina
1635 5699 1806 5756 omnis
1836 5715 1924 5755 re-

405 5861 480 5986 i‘tl
494 5861 869 5972 Et???“
892 5851 969 5914 ¹⁵’
990 5863 1044 5901 ⁸³·
1061 5848 1112 5899 ’⁸⁸

1638 357 1644 365 ’
1673 391 1874 451 LIBER
1902 390 2109 462 uNUS.

2002 507 2214 580 ligionis
2241 507 2510 576 auferatur
2545 523 2767 570 necesse
2805 519 2905 572 est.
2935 513 3218 574 Voluntate
3245 532 3584 590 ergo-pecca-

2007 612 2108 656 tur.
2136 602 2200 656 Et
2222 603 2469 672 quoniam
2498 607 2702 674 peccari
2733 621 2836 662 non
2861 609 3077 664 dubium
3101 621 3215 676 est,
3250 628 3316 666 ne
3351 613 3450 668 hoc
3477 618 3584 685 qui-

2002 692 2124 748 dem
2148 693 2491 750 dubitandum
2522 696 2704 763 video,
2739 698 2934 754 habere
2975 701 3178 757 animas
3216 703 3442 758 liberum
3487 722 3582 761 vo-

2003 786 2218 842 luntatis
2242 788 2540 846 arbitrium.
2571 790 2724 845 Tales
2751 792 2894 847 enim
2937 807 3123 862 servos
3159 809 3286 851 suos
3327 798 3580 862 meliores

2003 893 2120 932 esse
2149 878 2292 933 Deus
2313 879 2598 949 judicavit,
2635 883 2685 936 si
2713 884 2761 937 ei
2799 859 3058 940 servirent
3083 886 3370 943 liberaliter
3403 855 3586 961 :‘quod

2005 969 2150 1024 nullo
2179 970 2338 1024 modo
2361 971 2474 1025 fieri
2505 981 2715 1041 posset,
2738 974 2783 1028 si
2809 991 2914 1029 non
2937 976 3212 1034 voluntate
3235 1017 3250 1036 .
3279 979 3375 1035 sed
3398 997 3582 1040 neces-

2002 1063 2157 1117 sitate
2179 1064 2458 1119 servirent.

2071 1155 2160 1210 ‘28.
2203 1155 2512 1212 Liberaliter
2557 1158 2714 1228 igitur
2756 1160 2863 1215 Deo
2903 1163 3089 1232 Angeli
3127 1165 3385 1232 serviunt,
3411 1182 3585 1238 neque

2003 1249 2104 1305 hoc
2135 1251 2272 1317 Deo,
2305 1251 2400 1306 sed
2429 1251 2557 1321 ipsis
2586 1252 2822 1321 prodest.
2857 1254 2998 1309 Deus
3024 1257 3163 1318 enim
3200 1257 3341 1312 bono
3369 1260 3587 1314 alterius

2003 1358 2106 1397 non
2133 1342 2350 1414 indiget,
2379 1345 2626 1414 quoniam
2657 1361 2685 1399 a
2711 1346 2886 1416 seipso
2917 1356 3014 1402 est.
3047 1348 3198 1416 Quod
3225 1360 3399 1406 autem
3427 1353 3492 1405 ab
3521 1369 3587 1408 eo

2000 1436 2235 1503 genitum
2263 1446 2373 1499 est,
2409 1437 2632 1507 idipsnm
2669 1446 2786 1503 est;
2826 1440 2945 1509 quia
2986 1456 3088 1496 non
3117 1448 3201 1497 est
3236 1442 3428 1498 factum
3449 1487 3462 1507 ,
3492 1445 3587 1500 sed

2000 1529 2252 1597 genitum.
2286 1528 2378 1583 Illa
2402 1545 2532 1584 vero
2558 1546 2675 1600 quae
2702 1531 2833 1586 facta
2859 1543 2999 1595 sunt,
3025 1533 3139 1602 cjus
3162 1530 3584 1606 bono‘indigeut,

2001 1634 2210 1674 summo
2239 1621 2444 1676 scilicet
2469 1622 2638 1687 bono,
2678 1623 2730 1677 id
2775 1632 2856 1677 est
2893 1640 3099 1680 summa
3138 1628 3386 1681 essentia.
3414 1629 3588 1684 Minus

1999 1722 2175 1769 autem
2203 1725 2324 1769 sunt
2349 1732 2504 1785 quam
2531 1727 2698 1780 erant,
2722 1733 2839 1772 cum
2865 1735 2960 1789 per
2981 1720 3171 1774 animae
3196 1729 3464 1789 peccatum
3489 1725 3591 1776 mi-

2001 1821 2101 1861 nus
2125 1807 2195 1864 ad
2217 1808 2363 1860 illum
2396 1817 2709 1862 moventur:
2753 1825 2850 1863 nec
2882 1822 3054 1865 tamen
3100 1813 3307 1879 penitus
3332 1829 3587 1882 separan-

2003 1910 2121 1965 tur;
2154 1916 2273 1955 nam
2301 1903 2518 1955 omnino
2548 1903 2689 1957 nulla
2712 1912 2908 1958 essent.
2933 1903 3082 1968 Quod
3110 1914 3286 1959 autem
3313 1907 3589 1961 affectibus

2001 1993 2256 2060 contingit
2278 1994 2488 2056 animm,
2521 1994 2620 2048 hoc
2647 1994 2775 2048 locis
2802 1996 3012 2064 corpori
3039 2014 3051 2050 :
3080 2013 3201 2051 nam
3228 1997 3313 2051 illa
3345 1973 3590 2054 movetur

2000 2085 2302 2149 voluntate,
2338 2100 2530 2153 corpus
2560 2095 2734 2140 autem
2763 2088 2952 2155 spatio.
2989 2087 3138 2154 Quod
3173 2097 3350 2144 autem
3388 2090 3592 2146 homini

2001 2190 2030 2229 a
2073 2191 2323 2243 perverso
2353 2177 2541 2246 angelo
2570 2192 2879 2245 persuasum
2927 2179 3152 2245 dicitur,
3184 2181 3342 2236 etiam
3381 2183 3447 2237 ad
3490 2183 3590 2238 hoc

2003 2269 2185 2338 utique
2220 2269 2491 2323 voluntate
2520 2271 2808 2324 consensit.
2838 2271 2969 2324 Nam
3005 2272 3047 2324 si
3079 2274 3390 2328 necessitate
3429 2274 3481 2328 id
3508 2274 3591 2330 fe-

2002 2360 2183 2423 cisset,
2215 2360 2358 2413 nnllo
2389 2361 2586 2429 peccati
2615 2362 2839 2416 crimine
2871 2370 3163 2417 teneretur.

2003 2452 2227 2509 CAPUT
2258 2452 2373 2507 XV.
2403 2483 2475 2493 —
2518 2452 2680 2507 Paana
2715 2455 2828 2523 ipsa
2863 2456 3052 2523 peccati
3094 2457 3163 2509 ad
3204 2457 3591 2527 resipiscenth

2657 2548 2934 2602 erudimur.

2073 2639 2162 2694 29.
2206 2639 2358 2706 Quod
2382 2655 2511 2693 vero
2532 2654 2725 2708 corpus
2750 2640 3002 2705 hominis,
3023 2655 3143 2695 cum
3167 2651 3287 2696 ante
3315 2651 3588 2711 peccatum

2004 2739 2146 2784 esset
2174 2731 2225 2786 in
2267 2745 2362 2784 suo
2389 2746 2583 2798 genere
2612 2731 2868 2798 optimum
2889 2772 2902 2794 ,
2931 2741 3050 2801 post
3093 2741 3363 2800 peccatum
3396 2735 3590 2789 factum

2006 2834 2087 2878 est
2128 2823 2508 2878 imbecillosum
2558 2824 2575 2854 ί
2621 2832 2675 2878 et
2719 2824 2874 2878 morti
2915 2823 3258 2890 “destinatum,
3291 2841 3592 2896 quanquam

2000 2918 2141 2985 justa
2173 2916 2403 2971 vindicta
2433 2918 2632 2985 peccati
2671 2918 2770 2983 sit,
2806 2918 2928 2986 plus
2955 2927 3127 2972 tamen
3157 2920 3456 2975 clementiae
3485 2923 3592 2976 Do-

2006 3009 2134 3062 mini
2163 3024 2319 3077 quam
2349 3010 2648 3064 severitatis
2677 3009 2928 3064 ostendit.
2955 3009 3029 3064 Ita
3060 3012 3200 3066 enim
3230 3011 3383 3067 nobis
3404 3015 3595 3070 suade-

2009 3108 2092 3153 tur
2132 3115 2161 3152 a
2205 3100 2448 3168 corporis
2493 3102 2867 3169 voluptatibus,
2900 3102 2966 3156 ad
3011 3112 3263 3158 :cternam
3308 3108 3592 3161 essentiam

2009 3192 2244 3246 veritatis
2271 3208 2508 3246 amorem
2550 3203 2789 3246 nostrum
2829 3202 3079 3262 oportere
3123 3198 3380 3251 converti.
3414 3198 3483 3252 Et
3511 3208 3595 3254 est

2002 3283 2221 3351 justitiae
2253 3282 2588 3350 pulchritudo
2631 3299 2749 3337 eum
2788 3285 3122 3352 benignitatis
3160 3289 3328 3356 gratia
3368 3303 3593 3344 concor-

2010 3373 2160 3435 dans,
2194 3383 2250 3426 ut
2278 3373 2526 3441 quoniam
2558 3373 2813 3428 bonorum
2845 3374 3153 3430 inferiorum
3184 3377 3466 3434 dulcedine
3498 3380 3594 3435 de-

2011 3467 2148 3534 cepti
2177 3482 2378 3531 sumus,
2411 3467 2763 3520 amaritudine
2794 3482 3070 3535 pmnarum
3108 3469 3432 3524 erudiamur.
3461 3472 3593 3526 Nam

2013 3559 2086 3614 ita
2114 3561 2272 3612 etiam
2309 3570 2486 3613 nostra
2528 3560 2781 3627 supplicia
2824 3559 3001 3614 divina
3043 3561 3373 3629 providentia
3410 3563 3598 3618 mode-

2012 3659 2125 3705 rata
2167 3660 2266 3713 est,
2299 3660 2356 3706 ut
2398 3658 2452 3705 et
2497 3651 2548 3704 in
2597 3651 2696 3706 hoc
2741 3666 2964 3720 corpore
3009 3662 3115 3706 tam
3159 3654 3487 3723 corruptibili
3529 3657 3597 3711 ad

2010 3746 2267 3814 justitiam
2309 3745 2528 3799 tendere
2557 3745 2776 3810 liceret,
2807 3754 2860 3799 et
2901 3745 3138 3812 deposita
3172 3747 3315 3800 omni
3347 3747 3595 3815 superbia

2017 3838 2106 3890 uni
2137 3837 2246 3891 Deo
2273 3851 2399 3890 vero
2429 3836 2622 3889 collum
2651 3835 2878 3890 subdere
2898 3877 2911 3900 ,
2944 3836 3076 3889 nihil
3103 3835 3169 3891 de
3205 3838 3385 3906 seipso
3413 3839 3594 3903 fidere,

2016 3929 2088 3984 illi
2141 3929 2229 3983 uni
2278 3944 2335 3983 se
2379 3927 2662 3997 regendum
2723 3927 3078 3997 tuendumque
3120 3931 3471 3986 committere.
3524 3931 3599 3985 Ita

2019 4020 2133 4088 ipso
2159 4019 2305 4078 duce,
2324 4019 2482 4072 homo
2511 4019 2661 4072 bonae
2686 4019 2970 4072 voluntatis
2997 4019 3264 4074 molestias
3298 4020 3450 4090 hujus
3475 4021 3598 4074 vitae

2020 4111 2072 4165 in
2100 4127 2250 4164 usum
2280 4109 2598 4164 fortitudinis
2635 4111 2827 4163 vertit:
2857 4110 2909 4162 in
2940 4111 3088 4177 copia
3118 4126 3242 4164 vero
3266 4112 3597 4180 voluptatum

2021 4204 2391 4273 prostierisque
2419 4205 2751 4258 suecessibus
2777 4205 3164 4272 temporalium,
3195 4208 3596 4275 temperantiam

2019 4313 2170 4352 suam
2214 4297 2398 4365 probat
2421 4305 2474 4350 et
2500 4297 2750 4360 roborat;
2793 4296 2934 4349 acuit
2973 4296 3024 4348 in
3055 4297 3435 4351 lentationibus
3474 4314 3604 4366 pru-

2006 4389 2275 4453 dentiam,
2311 4396 2368 4442 ut
2393 4402 2496 4441 non
2526 4388 2699 4441 solum
2727 4388 2778 4440 in
2807 4402 2896 4441 eas
2930 4404 3036 4441 non
3063 4388 3362 4454 inducatur,
3392 4390 3485 4443 sed
3515 4390 3605 4442 fiat

2022 4484 2180 4538 etiam
2209 4481 2540 4551 vigilantior,
2569 4490 2622 4534 et
2650 4481 2702 4533 iu
2743 4495 2980 4534 amorem
3022 4480 3290 4546 veritatis,
3332 4495 3451 4551 quae
3493 4481 3605 4536 sola

2024 4591 2127 4630 non
2159 4575 2309 4637 fallit,
2336 4572 2625 4627 ardentior.

2024 4665 2246 4722 CAPUT
2280 4663 2417 4719 XVI.
2439 4694 2511 4704 —
2535 4663 2811 4717 Incarnato
2846 4662 3007 4718 Verbo
3037 4665 3385 4735 beneﬁcentiae
3415 4667 3605 4721 homini

2622 4756 2902 4809 consultum
2929 4766 3018 4810 est.

2097 4849 2182 4904 50.
2225 4846 2325 4902 Sed
2352 4861 2474 4901 cum
2494 4846 2740 4900 omnibus
2764 4846 2934 4900 modis
2960 4847 3235 4902 medeatur
3255 4850 3444 4903 animis
3467 4850 3606 4904 Deus

2028 4957 2123 5012 pro
2150 4949 2445 5009 temporum
2485 4939 2965 5008 opportunitatibus
2984 4980 2998 5004 ,
3029 4957 3147 5010 qua:
3177 4942 3307 4995 mira
3350 4933 3606 5010 sapientia

2028 5035 2143 5105 ejus
2167 5034 2512 5099 ordinantur,
2543 5032 2618 5092 de
2647 5032 2836 5103 quibus
2863 5043 2952 5085 aut
2995 5048 3100 5087 non
3139 5042 3222 5089 est
3253 5035 3603 5100 tractandum,

2029 5136 2117 5180 aut
2163 5127 2296 5178 inter
2345 5125 2460 5194 pios
2516 5123 2879 5192 perfectosque
2924 5124 3253 5178 tractandum
3296 5135 3413 5189 est;
3462 5125 3607 5179 nullo

2029 5218 2188 5274 modo
2216 5207 2594 5272 beneficentius
2635 5215 2898 5270 consuluit
2923 5214 3410 5286 generibumano,
3447 5231 3604 5285 quam

2029 5325 2148 5380 cum
2175 5310 2291 5380 ipsa
2323 5307 2590 5375 Sapientia
2624 5307 2749 5370 Dei,
2783 5306 2833 5360 id
2861 5317 2941 5360 est
2970 5307 3154 5384 unicus
3186 5305 3346 5359 Filius
3373 5307 3607 5384 consub-

2031 5378 2289 5458 Stantialis
2318 5397 2460 5453 Patri
2489 5407 2542 5452 et
2577 5405 2900 5466 coaeternus,
2931 5376 3118 5466 totum,
3139 5376 3417 5461 hominem
3438 5376 3607 5458 susta-

2033 5510 2158 5564 pere
2205 5494 2448 5564 dignatus
2490 5500 2591 5555 est,
2631 5499 2686 5546 et
2728 5490 2957 5570 Verbum
3005 5505 3149 5578 caro'
3174 5481 3366 5570 factum
3406 5491 3512 5580 est,
3558 5504 3610 5549 ct

2033 5587 2288 5643 habitavit
2315 5588 2365 5640 in
2395 5585 2545 5642 nobis
2573 5583 2757 5658 (Joan.
2788 5599 2824 5650 ι,
2859 5580 2968 5655 la).
3005 5582 3078 5638 lta
3105 5584 3245 5641 enim
3266 5586 3613 5648 demonstra—

2034 5682 2108 5738 vit
2134 5680 2465 5745 carnalibus,
2492 5686 2549 5734 et
2577 5693 2681 5732 non
2708 5675 3000 5770 valentibus
3032 5677 3223 5762 intueri
3254 5683 3427 5734 mente
3467 5671 3610 5735 veri-

2041 5897 2052 5948 ι
2099 5836 2213 5946 ᾝ·
2237 5839 2348 5906 ιον·
2373 5837 2426 5881 ei
2937 5837 3026 5890 rm
3045 5837 3145 5900 quo
3164 5826 3274 5916 uad.
3300 5824 3610 5900 βῳιιεεηίπι-
