4056 6462
512 395 617 456 188

1501 407 1591 463 DE
1629 408 1811 466 VERA
1851 409 2240 485 RELIGIONE,
2279 415 2336 474 Β.
2377 418 2740 477 AUGUSTINI

3671 440 3770 496 I56

513 517 694 579 tatem,
719 483 1092 586 corporeisque
1114 517 1360 574 sensibus
1384 519 1595 588 deditis,
1622 537 1780 592 quam
1810 526 2080 592 excelsum
2191 527 2505 587 Christianis
2532 536 2706 589 minus
2731 534 3140 606 intelligentibus
3166 540 3317 610 plena
3345 543 3447 600 fide
3475 545 3651 619 digna,
3681 552 3737 608 in
3754 585 3768 597 ο

509 601 683 658 locum
728 604 866 662 inter
907 617 1175 665 creaturas
1215 613 1403 669 habeat
1446 614 1674 670 humana
1703 627 1911 684 natura,
1941 622 2080 690 quod

511 708 613 748 non
653 696 826 753 solum
869 699 1143 757 visibiliter
1180 703 1340 774 (nam
1380 705 1431 761 id
1483 716 1684 774 poterat
1721 720 1772 764 ct
1812 711 1862 765 in
1903 714 2079 784 aliquo

507 787 738 864 aethereo
765 805 990 862 corpore
1012 794 1078 848 ad
1103 805 1402 851 nostrorum
1421 809 1724 867 aSpectuum
1749 803 2076 859 tolerantiam

509 885 846 954 temperato),
868 885 963 941 sed
993 885 1294 961 hominibus
1324 891 1373 944 in
1405 906 1531 946 vero
1559 892 1769 948 homine
1795 899 2035 965 apparuit
2059 915 2070 950 :

506 988 615 1046 Ipsa
655 978 796 1032 enim
827 987 1012 1033 natura
1043 982 1374 1051 suscipienda
1407 994 1522 1039 erat
1548 1002 1663 1055 qua:
1694 989 1982 1045 liberanda.
2010 992 2074 1045 Et

507 1083 568 1122 ne
597 1069 713 1140 quis
759 1069 893 1127 forte
933 1087 1090 1127 sexus
1123 1090 1151 1128 a
1193 1090 1289 1128 suo
1323 1075 1575 1134 Creatore
1615 1095 1672 1135 se
1714 1091 2070 1153 contemptum

507 1167 726 1228 putaret,
756 1163 921 1218 virum
949 1166 1199 1234 suscepit,
1229 1178 1378 1224 natus
1405 1187 1467 1225 ex
1506 1170 1715 1228 femina.

567 1255 654 1309 51.
694 1255 833 1310 Nihil
877 1258 984 1326 egit
1031 1260 1118 1322 vi.
1166 1261 1258 1316 sed
1313 1265 1490 1320 omnia
1542 1267 1810 1324 suadendo
1855 1278 1909 1325 et
1953 1286 2069 1326 mo-

515 1346 670 1399 tendo
703 1345 800 1418 (a).
827 1347 1004 1403 Veteri
1031 1352 1226 1424 quippe
1251 1357 1503 1412 servitute
1535 1368 1793 1415 transacta
1813 1403 1826 1427 ,
1865 1373 2072 1434 tempus

514 1435 752 1491 ibertatis
787 1438 1056 1504 illuxcrat,
1099 1454 1152 1498 ct
1181 1457 1477 1516 opportune
1497 1449 1608 1518 jam
1639 1450 1836 1506 homini
1875 1455 2067 1510 suade-

491 1525 648 1580 batur
672 1537 828 1596 atque
853 1531 1152 1602 salubriter,
1179 1552 1336 1606 quam
1376 1539 1540 1594 libero
1566 1551 1708 1597 esset
1730 1555 1938 1599 creatus
1977 1562 2066 1601 ar-

489 1615 669 1673 bitrio.
718 1620 982 1678 Miraculis
1029 1627 1325 1683 conciliavit
1357 1621 1530 1686 fidem
1578 1634 1685 1688 Deo
1729 1637 1818 1705 qui
1863 1649 1976 1693 erat
2023 1641 2062 1706 ¹,

488 1709 734 1778 passione
762 1712 962 1769 homini
988 1733 1143 1785 quem
1169 1722 1402 1790 gerebat.
1428 1723 1500 1778 Ita
1540 1724 1759 1795 loquens
1790 1728 1854 1782 ad
1887 1731 2064 1785 turbas

486 1808 546 1855 ut
574 1801 733 1870 Deus,
761 1806 1052 1862 nuntiatam
1080 1810 1178 1864 sibi
1206 1823 1426 1868 matrem
1465 1818 1676 1886 negavit
1705 1816 1724 1889 (
1749 1818 1931 1872 Manli.
1961 1837 2059 1889 xu,

485 1889 590 1961 48)
616 1909 628 1945 :
659 1901 712 1947 et
740 1902 935 1959 tamen,
974 1907 1032 1952 ut
1060 1899 1403 1970 Evangelium
1440 1904 1689 1975 loquitur,
1719 1923 1848 1978 puer
1877 1927 2061 1978 parcn-

486 1982 626 2038 tibus
655 1984 895 2042 subditus
920 1998 1032 2043 erat
1058 1989 1077 2062 (
1093 1989 1218 2045 Luc.
1244 2009 1301 2057 ll,
1331 1995 1450 2065 51).
1478 1997 1724 2053 Doctrina
1755 2002 1894 2054 enim
1923 2003 2059 2057 Deus

481 2079 787 2146 apparebat,
810 2082 1051 2137 aetatibus
1078 2082 1256 2138 homo.
1280 2085 1409 2141 ltem
1437 2104 1624 2157 aquam
1652 2091 1702 2144 in
1731 2093 1908 2146 vinum
1934 2110 2060 2149 con-

483 2180 732 2222 versurus
763 2177 820 2223 ut
846 2169 1004 2237 Deus,
1038 2173 1186 2242 dicit,
1215 2176 1412 2232 Recede
1439 2197 1470 2232 a
1496 2197 1592 2246 me,
1615 2183 1831 2238 mulier:
1862 2186 1984 2239 mihi
2012 2198 2057 2241 et

480 2256 568 2309 tibi
605 2259 724 2327 quid
763 2263 876 2316 est?
915 2262 1158 2320 Nondum
1185 2269 1314 2321 venit
1342 2271 1467 2324 liora
1504 2289 1613 2326 mea
1645 2272 1664 2345 (
1683 2273 1836 2330 Joan.
1870 2294 1928 2341 ll,
1956 2278 2052 2350 4-).

481 2348 612 2402 Cum
651 2362 827 2408 autem
866 2357 1096 2411 venisset
1122 2357 1247 2413 hora
1275 2402 1288 2426 ,
1320 2377 1420 2431 qua
1453 2373 1508 2416 ut
1538 2364 1696 2420 homo
1736 2380 2050 2437 moreretur,

480 2440 548 2496 de
590 2459 747 2500 cruce
786 2449 1046 2517 cognitam
1089 2463 1310 2506 matrem
1354 2457 1744 2512 commendavit
1771 2460 2049 2532 discipulo,

478 2547 634 2602 quem
662 2551 771 2604 prae
799 2541 1005 2596 caeteris
1031 2541 1279 2611 diligebat
1309 2543 1428 2614 (Id.
1464 2563 1583 2612 XIX,
1611 2549 1700 2614 26,
1733 2549 1846 2621 27).
1878 2552 2050 2608 Satel-

478 2625 595 2680 lites
641 2629 966 2700 voluptatum
1011 2633 1220 2689 divitias
1269 2638 1564 2704 perniciose
1611 2643 1787 2711 pOpuli
1832 2655 2049 2714 appete-

475 2713 634 2770 bant:
669 2733 865 2790 pauper
892 2736 1012 2777 esse
1053 2724 1236 2778 voluit.
1283 2726 1581 2784 Honoribus
1616 2740 1670 2785 et
1706 2713 1940 2802 imperiis
1969 2735 2050 2790 in-

475 2806 725 2862 hiabant:
759 2827 850 2865 rex
879 2812 991 2868 ﬁeri
1020 2815 1204 2871 noluit.
1231 2817 1482 2876 Carnales
1511 2822 1646 2878 ﬁlios
1676 2840 1921 2895 magnum
1949 2828 2047 2883 bo-

473 2914 597 2953 num
621 2902 901 2970 putabant:
930 2905 1032 2960 tale
1053 2907 1354 2978 conjugium
1381 2913 1686 2984 prolemque
1708 2921 2043 2989 contempsit.

467 2993 826 3051 Contumelias
867 3000 1243 3069 superbissime
1291 3004 1574 3061 horrebant
1612 3026 1624 3062 :
1676 3026 1833 3064 omne
1880 3029 2044 3082 genus

467 3086 917 3147 contumeliarum.
952 3092 1219 3146 sustinuit.
1262 3093 1483 3164 lnjurias
1525 3099 1884 3158 intolerabiles
1926 3121 2044 3161 csse

466 3178 895 3240 arbitrabantur:
928 3200 1044 3253 qua:
1076 3187 1245 3256 major
1273 3188 1457 3257 injuria
1481 3206 1638 3261 quam
1662 3195 1860 3261 justum
1893 3198 2043 3253 inno-

463 3279 778 3341 oentemque
799 3271 1076 3330 damnari?
1101 3277 1316 3335 Dolores
1335 3284 1573 3350 corporis
1599 3289 2040 3347 exsecrabantur:

463 3358 758 3431 ﬂagellatus
811 3373 969 3435 atque
1025 3369 1290 3424 cruciatus
1344 3380 1443 3425 est.
1502 3373 1632 3428 Mori
1696 3381 2038 3436 metuebant:

463 3463 635 3508 morte
665 3455 915 3511 multatus
937 3465 1038 3512 est.
1065 3458 1628 3529 lgnominiosissitnum
1660 3470 1846 3525 mortis
1875 3487 2042 3542 genus

462 3557 672 3600 crucem
715 3548 969 3616 putabant
994 3566 1004 3600 :
1034 3551 1316 3608 cruciﬁxus
1343 3564 1445 3608 est.
1474 3555 1660 3613 Omnia
1691 3576 1806 3630 qua:
1847 3563 2041 3621 habere

462 3638 736 3708 cupientes
774 3656 877 3694 non
918 3651 1061 3697 rcctc
1101 3645 1436 3713 vivebamus,
1467 3652 1696 3707 carendo
1734 3655 1968 3713 vilcfecit
1995 3662 2034 3714 ².

463 3731 651 3788 Omnia
681 3749 799 3805 quae
823 3735 991 3792 vitare
1019 3739 1293 3808 cupientes
1317 3756 1348 3794 a
1375 3743 1546 3798 studio
1573 3745 1914 3806 deviabamus
1948 3769 2039 3810 ve-

461 3824 632 3879 ritatis
658 3824 698 3892 ⁸,
731 3829 1073 3896 perpetiendo
1098 3829 1310 3899 dejecit.
1340 3833 1457 3888 Non
1482 3837 1622 3890 enim
1654 3840 1813 3895 ullum
1847 3858 2035 3912 pecca-

462 3923 574 3971 tum
599 3918 856 3974 committi
882 3929 1075 3989 potest,
1105 3925 1204 3977 nisi
1232 3932 1321 3979 aut
1343 3925 1466 3981 dum
1493 3939 1809 3998 appetuntur
1832 3951 1893 3990 ea
1919 3955 2036 4007 quae

460 4005 552 4062 ille
580 4010 916 4080 contempsit,
943 4019 1034 4065 aut
1061 4011 1329 4083 fugiuntur
1356 4032 1472 4087 quae
1497 4019 1584 4072 ille
1611 4023 1876 4078 sustinuit.

532 4097 618 4154 52.
662 4099 791 4155 Tota
834 4101 1009 4172 itaque
1037 4104 1140 4158 vita
1180 4105 1293 4174 ejus
1321 4107 1372 4161 in
1404 4111 1557 4164 terris
1580 4153 1592 4176 ,
1625 4127 1718 4181 per
1759 4115 2034 4174 hominem

458 4203 616 4259 quem
645 4191 914 4261 suscipere
948 4193 1189 4263 dignatus
1214 4206 1293 4251 est
1312 4239 1326 4264 ,
1353 4199 1630 4270 disciplina
1669 4220 1876 4261 morum
1916 4211 2029 4265 fuit.

461 4280 801 4338 Resurrectio
826 4298 954 4340 vero
978 4285 1090 4356 ejus
1117 4303 1146 4342 a
1177 4292 1416 4358 mortuis,
1441 4295 1572 4349 nihil
1606 4295 1833 4354 hominis
1858 4304 2032 4370 perire

458 4381 693 4439 naturte,
735 4389 854 4430 cum
885 4377 1061 4432 omnia
1098 4379 1246 4434 salva
1276 4392 1395 4436 sunt
1428 4384 1534 4439 Deo
1554 4428 1567 4452 ,
1601 4389 1730 4442 satis
1758 4390 2025 4460 indicavit,

456 4471 512 4519 et
538 4466 979 4534 quemadmodum
1021 4480 1208 4526 cuncta
1236 4475 1467 4530 scrviant
1494 4477 1729 4535 Creatori
1760 4498 1856 4538 suo
1877 4526 1889 4549 ,
1921 4489 2030 4542 sive

458 4553 526 4608 ad
554 4556 840 4611 vindictam
869 4569 1205 4628 peccatorum
1226 4605 1240 4629 ,
1273 4565 1383 4620 sive
1409 4567 1474 4621 ad
1504 4567 1734 4625 hominis
1764 4573 2031 4632 liberatio-

458 4663 603 4714 nem,
631 4664 892 4720 quamque
918 4651 1070 4708 facile
1093 4669 1285 4726 corpus
1312 4659 1499 4714 anima:
1528 4663 1742 4730 serviat,
1766 4682 1885 4722 cum
1917 4671 2028 4741 ipsa

457 4737 732 4808 subjicitur
763 4741 889 4796 Deo.
914 4742 1115 4810 Quibus
1145 4747 1389 4814 perfectis
1414 4766 1517 4805 non
1541 4755 1710 4809 solum
1740 4761 1878 4815 nulla
1906 4737 2028 4818 sub-

454 4829 647 4882 stantia
686 4831 879 4885 malum
909 4843 1018 4898 est,
1056 4836 1194 4900 quod
1236 4837 1348 4892 ﬁeri
1383 4857 1652 4912 nunquam
1694 4859 1901 4918 potest;
1934 4857 2027 4910 sed

452 4920 612 4975 etiam
645 4921 789 4977 nullo
816 4924 953 4979 malo
977 4926 1220 4994 afﬁcitur,
1244 4931 1383 5000 quod
1411 4931 1524 4988 ﬁeri
1553 4952 1649 5006 per
1678 4953 1950 5007 peccatum
1975 4957 2029 5002 et

452 5013 742 5072 vindictam
771 5017 960 5088 potuit.
989 5018 1058 5075 Et
1086 5021 1200 5077 haec
1223 5032 1306 5079 est
1337 5023 1616 5098 disciplina
1643 5037 1898 5094 naturalis
1925 5038 2023 5113 (lt),

515 5219 1548 5305 Ἢίῖλθι.¹ῖ¹’ίν.¹ζ²ἔξξπέ⁴ἒὲᾳῖεΨἾῙοΡΩει
1579 5241 1682 5286 Μεεο
1707 5245 1812 5305 ires
1833 5245 2026 5305 Optimae

515 5244 533 5252 -
560 5244 667 5270 nau.
697 5244 747 5270 et
768 5244 864 5283 an,
886 5244 969 5288 qm
987 5244 1039 5275 ιη
1061 5244 1116 5275 eo
1135 5244 1253 5277 erat.
1280 5244 1420 5280 ramo
1527 5244 1548 5284 t
1579 5244 1682 5286 Mss.
1707 5245 1812 5290 tres
1833 5245 2021 5305 optima:

449 5288 576 5368 apta:
597 5283 796 5368 habent,
821 5283 1162 5368 ouem
1182 5289 1389 5368 regebat.
1416 5244 1625 5368 Sigeum
1656 5301 1788 5362 Edd.,
1813 5306 2021 5368 gerebat.

449 5342 1442 5433 aui
1461 5342 1885 5433 έιμίοδῆυέῖιέὶῖοῖέέ
1900 5342 2021 5433 ῖῒέέ

445 5407 988 5518 ῗιιᾝξὲεωαξρὲῗαίηθώ
1021 5407 1257 5474 “vim
1291 5407 1394 5467 n'ei‘
1410 5407 1619 5482 gestae
1634 5407 2023 5490 2i

447 5470 689 5518 meruisse
712 5470 829 5522 dicit

509 5529 619 5602 fita
639 5532 689 5580 in
713 5539 898 5602 Mss._At
917 5534 966 5584 in
989 5533 1122 5596 Edd.,
1146 5535 1257 5587 uitia
1277 5540 1405 5602 fecit.

509 5591 530 5622 ³
551 5597 655 5642 Mss.
685 5607 782 5643 non
819 5595 1002 5646 habent
1020 5591 1191 5672 vocem
1460 5633 1521 5644 —
1545 5609 1738 5668 Quidam
1759 5613 1908 5664 critici
1930 5628 2020 5688 PB-

509 5661 544 5688 ιι
565 5667 733 5688 vnnnm
764 5656 888 5688 honn
927 5670 953 5688 α
990 5657 1194 5688 κλίμα-...ο
1236 5664 1439 5688 mum...
1499 5677 1544 5688 ,ι
1593 5685 1609 5688 -
1624 5685 1745 5688 ,μμμ
1762 5673 1781 5688 ,.

445 5656 552 5729 tant
565 5656 888 5729 vocemnhanc
925 5670 961 5729 ιιΔ
990 5657 1197 5729 librariis
1235 5664 1469 5729 additam,
1494 5656 2020 5728 et‘ébWéEiVitio

442 5725 612 5765 vocem
631 5715 790 5768 studio
810 5732 897 5781 pro
917 5719 1073 5790 stadio
1094 5715 1388 5787 Obrepsisse.
1418 5715 1439 5716 π
1453 5715 1510 5780 is.

504 5795 578 5924 S(lii
596 5805 852 5915 mm
864 5803 1448 5926 ﬂiioig’mnrtgiosonhiae
1477 5878 1784 5938 partitionem
1801 5881 1851 5932 in
1873 5890 2011 5937 natu-

2194 619 2546 689 telligentibus
2574 635 2748 679 autem
2781 627 2925 681 omni
2955 645 3135 686 errore
3169 644 3408 704 purgata.

2189 709 2414 767 CAPUT
2464 713 2624 769 XVII.
2666 747 2739 758 —
2778 718 3036 776 Doctrina:
3085 725 3214 780 ratio
3263 728 3317 782 in
3370 745 3486 786 vera
3529 735 3770 808 religione

2257 821 2407 875 quant
2447 811 2655 879 Optima,
2693 828 2782 866 seu
2835 811 2987 871 Vetus
3027 834 3115 872 seu
3155 818 3358 877 Novum
3396 823 3766 886 Testamentum

2254 907 2522 965 spectetur.

2254 987 2340 1042 55.
2380 989 2625 1049 Jamvero
2660 993 2776 1066 ipse
2813 1000 2975 1056 totius
3014 1002 3273 1063 doctrina:
3313 1013 3530 1082 modus,
3573 1024 3762 1088 partim

2181 1081 2550 1148 apertissimus
2579 1087 2620 1153 ι,
2666 1090 2858 1158 partim
2898 1095 3357 1171 similitudinibus,
3390 1106 3442 1161 in
3477 1081 3666 1179 dictis,
3705 1114 3764 1170 in

2179 1169 2352 1237 factis,
2371 1174 2424 1229 in
2445 1182 2811 1252 sacramentis,
2832 1184 2900 1242 ad
2920 1202 3131 1245 omnem
3153 1195 3341 1250 anima:
3364 1198 3762 1261 instructionem

2179 1266 2719 1342 exercitationemque
2758 1284 3223 1354 accommodatus,
3259 1290 3382 1359 quid
3425 1294 3566 1349 aliud
3604 1314 3761 1368 quam

2177 1357 2450 1416 rationalis
2488 1362 2779 1434 disciplina:
2810 1372 3044 1440 regulam
3087 1357 3367 1446 implevit?
3393 1381 3528 1440 Nam
3564 1357 3762 1464 et-my-

2176 1447 2458 1504 steriorum
2494 1457 2764 1524 expositio
2789 1460 2854 1514 ad
2879 1477 2942 1516 ea
2977 1463 3250 1538 dirigitur,
3277 1486 3396 1542 quae
3426 1447 3759 1546 apertissime

2173 1535 2311 1592 dicta
2339 1552 2481 1595 sunt.
2513 1543 2579 1599 Et
2607 1547 2652 1600 si
2681 1564 2742 1603 ea
2775 1559 2975 1609 tantum
3015 1535 3193 1615 essent
3228 1535 3348 1632 qua:
3385 1535 3757 1629 facillime

2174 1630 2501 1703 telliguntur,
2532 1653 2631 1694 nec
2656 1642 2891 1700 studiose
2917 1630 3262 1721 quaereretur,
3292 1671 3392 1712 nec
3420 1662 3654 1719 suaviter
3675 1667 3756 1720 in-

2171 1726 2443 1783 veniretur
2485 1732 2701 1789 veritas.
2733 1736 2916 1808 Neque
2945 1741 2990 1795 si
3029 1755 3207 1801 essent
3247 1746 3302 1803 in
3343 1748 3627 1824 Scripturis
3665 1774 3754 1812 sa—

2170 1829 2438 1875 cramenta
2469 1824 2510 1890 ',
2548 1834 2603 1878 et
2646 1826 2699 1881 in
2740 1836 3089 1891 sacramentis
3123 1853 3227 1893 non
3267 1853 3450 1899 essent
3486 1847 3751 1918 signacula

2170 1913 2426 1980 veritatis,
2449 1919 2578 1973 satis
2605 1935 2724 1977 cum
2755 1927 3057 1996 cognitione
3080 1933 3220 1988 actio
3245 1940 3576 1997 conveniret.
3603 1943 3751 1998 Nunc

2167 2019 2292 2060 vero
2317 2011 2565 2076 quoniam
2591 2015 2758 2084 pietas
2789 2018 2980 2076 timore
3005 2021 3304 2099 inchoatur,
3335 2030 3592 2090 charitate
3622 2053 3747 2106 per-

2163 2096 2374 2164 ﬁcitur;
2404 2104 2629 2172 populus
2657 2108 2845 2164 timore
2870 2115 3188 2173 constrictus
3214 2096 3455 2192 tempore
3480 2096 3749 2185 scrviiutis

2165 2188 2218 2242 in
2261 2194 2422 2246 veteri
2466 2194 2608 2267 Lege
2647 2200 2829 2256 multis
2870 2203 3224 2266 Sacramentis
3263 2188 3603 2273 onerabatur.
3635 2221 3747 2276 Hoc

2162 2285 2303 2336 enim
2334 2285 2526 2341 talibus
2555 2290 2680 2345 utile
2707 2303 2824 2348 erat
2848 2295 2913 2350 ad
2940 2297 3346 2361 desiderandam
3373 2311 3592 2378 gratiam
3625 2313 3741 2380 Dei,

2160 2387 2277 2441 qua:
2308 2391 2401 2443 per
2421 2376 2714 2449 Prophetas
2741 2395 2964 2442 ventura
2986 2395 3294 2452 cauebatur.
3319 2376 3449 2466 Qua:
3470 2402 3555 2457 ubi
3577 2406 3742 2473 venit,

2157 2463 2224 2516 ab
2269 2464 2380 2535 ipsa
2429 2467 2520 2523 Dei
2565 2470 2833 2542 Sapientia
2880 2477 3094 2538 homine
3134 2463 3429 2559 assumpto,
3473 2509 3501 2546 a
3542 2510 3646 2565 quo
3687 2463 3742 2552 in

2159 2554 2454 2614 libertatem
2499 2567 2669 2620 vocati
2712 2584 2895 2626 sumus
2933 2572 2974 2638 ³,
3010 2591 3172 2644 pauca
3216 2579 3561 2640 Sacramenta
3599 2587 3742 2642 salir-

2156 2645 2384 2704 berrima
2431 2655 2715 2712 constituta
2759 2671 2901 2730 sunt,
2949 2679 3068 2735 quae
3111 2669 3424 2727 societatem
3467 2674 3740 2734 christiani

2155 2731 2353 2810 populi,
2383 2742 2486 2800 hoc
2509 2758 2590 2801 est
2615 2750 2713 2806 sub
2741 2768 2845 2808 uno
2877 2731 2984 2810 Deo
3009 2757 3190 2814 liberat
3213 2763 3589 2836 multitudinis,
3610 2785 3740 2825 con-

2155 2832 2404 2889 tinerent.
2431 2837 2590 2894 Multa
2621 2856 2746 2897 vero
2772 2861 2890 2913 quae
2917 2849 3112 2918 populo
3137 2851 3382 2923 Hebraeo,
3409 2856 3512 2916 hoc
3533 2832 3614 2916 est
3639 2863 3738 2918 Sub

2153 2927 2337 2981 eodem
2364 2945 2468 2985 uno
2488 2931 2596 2988 Deo
2616 2938 2928 3007 compeditae
2949 2943 3273 3002 multitudini
3290 2949 3536 3020 imposita
3558 2966 3732 3024 erant,

2150 3020 2219 3075 ab
2248 3023 2454 3080 actione
2495 3038 2695 3084 remota
2727 3042 2866 3097 sunt,
2895 3034 2946 3088 in
2977 3035 3079 3092 ﬁde
3106 3049 3264 3110 atque
3294 3020 3734 3117 interpretatione

2151 3125 2480 3170 manserunt.
2519 3117 2589 3172 Ita
2621 3137 2760 3175 nunc
2788 3139 2885 3179 nec
2911 3128 3174 3185 serviliter
3207 3133 3456 3205 alligant,
3489 3147 3542 3194 et
3572 3154 3732 3195 excr-

2149 3215 2268 3258 cent
2298 3205 2591 3263 liberaliter
2615 3213 2870 3269 animum.

2220 3297 2306 3350 5t.
2349 3297 2597 3369 Quisquis
2641 3313 2818 3358 autem
2868 3305 2988 3362 ideo
3028 3319 3184 3380 negat
3221 3322 3501 3387 utrumque
3539 3319 3728 3375 Testa-

2147 3402 2382 3444 mentum
2413 3392 2481 3446 ab
2507 3409 2613 3448 uno
2645 3395 2752 3450 Deo
2778 3406 2896 3452 esse
2924 3415 3100 3469 posse,
3131 3407 3249 3474 quia
3281 3423 3386 3462 non
3411 3411 3611 3466 eisdem
3643 3427 3730 3468 sa-

2145 3485 2430 3537 cramentis
2454 3492 2663 3541 tenetur
2695 3491 2917 3558 populus
2942 3502 3144 3563 uoster,
3169 3498 3360 3567 quibus
3383 3501 3550 3556 Judaei
3577 3511 3728 3560 tene-

2145 3573 2336 3628 bantur
2359 3577 2444 3632 vel
2484 3579 2658 3634 adhuc
2693 3590 2973 3651 tenentur;
3017 3597 3188 3656 potest
3225 3590 3402 3648 dicere
3433 3611 3536 3650 non
3567 3589 3726 3666 posse

2147 3667 2259 3722 ﬁeri
2288 3679 2343 3723 ut
2372 3687 2508 3727 unus
2550 3675 2923 3743 paterfamilias
2955 3680 3280 3748 justissimus
3310 3686 3454 3742 aliud
3498 3689 3726 3759 imperet

2143 3761 2221 3815 eis
2259 3763 2449 3832 quibus
2475 3767 2780 3823 servitutem
2823 3771 3086 3828 duriorem
3115 3776 3297 3832 utilem
3329 3778 3550 3850 judicat,
3580 3784 3722 3839 aliud

2142 3853 2219 3908 eis
2243 3871 2377 3924 quos
2405 3859 2454 3911 in
2484 3859 2709 3917 ﬁliorum
2733 3863 2951 3931 gradum
2979 3866 3230 3937 adoptare
3255 3870 3520 3943 dignatur.
3547 3874 3600 3930 Si
3626 3891 3725 3930 au-

2142 3954 2246 4001 tem
2275 3960 2539 4020 praecepta
2575 3951 2696 4007 vita:
2736 3966 2978 4024 movent,
3007 3960 3147 4028 quod
3175 3962 3227 4016 in
3255 3965 3420 4020 veteri
3447 3965 3586 4037 Lege
3615 3969 3719 4022 mi-

2141 4055 2269 4091 nora
2297 4051 2455 4107 sunt,
2483 4043 2534 4096 in
2563 4043 2848 4114 Evangelio
2880 4048 3080 4118 majora
3100 4091 3115 4117 ,
3143 4062 3197 4107 et
3225 4053 3347 4110 ideo
3374 4065 3585 4126 putatur
3611 4074 3718 4114 non

2139 4130 2206 4184 ad
2251 4147 2415 4186 unum
2459 4134 2622 4189 Deum
2666 4148 2886 4208 utraque
2927 4141 3232 4211 pertinere;
3275 4156 3449 4216 potest
3486 4150 3575 4219 qui
3616 4150 3719 4206 hoc

2139 4232 2287 4293 putat
2322 4227 2651 4295 perturbari,
2684 4231 2729 4284 si
2758 4247 2892 4287 unus
2925 4235 3159 4292 medicus
3187 4238 3287 4293 alia
3323 4256 3422 4311 per
3447 4242 3719 4300 ministros

2136 4329 2262 4371 suos
2299 4317 2760 4388 imbecillioribus,
2799 4325 2900 4378 alia
2946 4342 3040 4397 per
3074 4331 3308 4400 seipsum
3339 4335 3716 4393 valentioribus

2137 4411 2406 4480 praecipiat
2446 4413 2512 4468 ad
2549 4416 2920 4484 reparandam,
2953 4422 3036 4476 vel
3081 4423 3419 4481 obtinendam
3463 4430 3708 4485 salutem.

2139 4499 2202 4554 Ut
2242 4502 2382 4556 enim
2414 4519 2500 4558 ars
2539 4507 2849 4577 medicinze,
2881 4525 3001 4565 cum
3040 4514 3225 4569 eadem
3266 4529 3510 4587 maneat,
3539 4537 3712 4591 neque

2137 4593 2240 4646 ullo
2272 4604 2422 4662 pacto
2451 4596 2562 4666 ipsa
2589 4608 2822 4655 mutetur
2841 4644 2854 4668 ,
2884 4613 3052 4658 mutat
3085 4613 3259 4660 tamen
3290 4618 3552 4679 praecepta
3592 4611 3712 4666 lan-

2131 4685 2445 4753 guentibus,
2487 4690 2608 4758 quia
2659 4692 2925 4748 mutabilis
2965 4705 3045 4748 est
3091 4705 3269 4751 nostra
3318 4699 3593 4755 valetudo:
3640 4702 3712 4757 ita

2133 4773 2309 4830 divina
2348 4779 2691 4846 providentia,
2720 4797 2840 4836 cum
2871 4785 2939 4838 sit
2966 4785 3075 4854 ipsa
3113 4787 3329 4841 omnino
3360 4789 3711 4846 incommuta-

2132 4863 2271 4932 bilis,
2304 4869 2540 4923 mutabili
2571 4879 2747 4926 tamen
2781 4884 3037 4929 creaturae
3062 4877 3208 4932 varie
3233 4880 3500 4946 subvenit,
3532 4889 3585 4937 et
3614 4898 3712 4952 pro

2133 4955 2440 5014 diversitate
2468 4963 2774 5018 morborum
2803 4965 2934 5020 alias
2964 4968 3061 5021 alia
3087 4968 3238 5038 jubet
3262 4980 3354 5026 aut
3383 4983 3562 5038 vetat;
3595 4985 3653 5029 ut
3679 4991 3708 5029 a

2131 5050 2260 5105 vitio
2287 5051 2423 5106 unde
2448 5069 2591 5108 mors
2621 5056 2822 5125 incipit,
2848 5066 2904 5111 et
2931 5059 2997 5112 ab
3023 5060 3134 5127 ipsa
3161 5072 3350 5130 morte,
3375 5064 3439 5119 ad
3465 5075 3706 5120 naturam

2130 5157 2277 5199 suam
2301 5155 2354 5200 et
2372 5147 2676 5212 essentiam,
2698 5164 2760 5202 ea
2785 5165 2904 5218 quze
2927 5151 3195 5219 deﬁciunt,
3220 5155 3271 5209 id
3291 5157 3457 5212 estad
3482 5158 3706 5215 nihilum

2129 5235 2370 5302 tendunt,
2399 5236 2616 5291 reducat
2640 5249 2692 5292 et
2719 5237 2912 5295 ﬁrmet.

2191 5353 2209 5384 ί
2221 5353 2296 5433 sic
2435 5355 2782 5433 septemdecim
2802 5367 2854 5433 et
2874 5367 2982 5410 Arn.
3003 5370 3057 5433 At
3069 5365 3342 5433 pad._Et'_._et
3359 5374 3468 5433 nov,
3494 5368 3702 5433 habent,

2316 5414 2630 5492 apertisSimt's
2653 5419 2929 5492 rationibus,
2951 5423 3129 5488 partim
3149 5414 3585 5492 metumetu}:
3598 5414 3697 5483 éiéi

2191 5479 2210 5508 ι
2234 5478 2378 5552 abest
2399 5491 2511 5552 vox,
2535 5489 2863 5552 sacramenta,
2888 5478 2925 5534 a'
2943 5478 3047 5552 isss.
3081 5478 3392 5541 Germanensi
3406 5478 3716 5552 ,SGem'm'et'i;

2125 5539 2276 5615 censi,
2289 5546 2357 5615 et
2378 5537 2558 5615 aliqttot
2706 5557 2800 5615 npn
2821 5537 3080 5599 deterioris
3095 5537 3237 5615 notae.

2126 5575 2813 5664 "“3”i§ieiiqii'é“i‘i§§.',”m'”
2821 5575 3239 5675 “astra
3259 5611 3522 5666 ιίυενιαιεη.
3549 5616 3702 5668 ως...

2122 5671 2299 5710 sumus.

2122 5761 2294 5842 ralem,
2328 5767 2560 5842 moralem
2585 5777 2636 5821 et
2664 5772 3214 5842 rationalemttoralem
3241 5791 3386 5842 supra
3413 5792 3698 5830 commemo-

2121 5829 2388 5900 ravit,cum
2410 5831 2641 5900 aitvitam
2660 5834 2826 5900 Christi
2862 5836 3158 5900 disciplinam
3191 5829 3374 5890 morum
3407 5829 3556 5892 fuisse
3579 5829 3592 5893 ξ
3617 5829 3698 5900 llic

2122 5899 2282 5953 horro,
2307 5892 2604 5956 naturalem;
2629 5909 2740 5947 mox
2763 5899 2813 5948 in
2845 5892 3073 5964 sequenti
3089 5903 3263 5967 capite,
3287 5903 3587 5956 rationalem.
