4056 6516
266 445 370 504 157

408 554 635 614 CAPUT
662 553 849 611 XVlll.
871 584 941 595 -—-
964 553 1221 609 Crealura:
1247 570 1402 624 quare
1429 552 1709 609 mutabiles.

334 652 426 707 55.
468 649 576 706 Sed
616 649 751 704 dicis
780 647 946 703 mibi:
977 648 1151 716 Quare
1187 646 1480 702 deficiunt?
1507 645 1639 714 Quia
1678 651 1849 698 muta-

262 741 387 799 bilia
420 751 562 801 sunt.
603 740 777 807 Quare
812 739 1089 795 mutabilia
1129 738 1293 794 sunt?
1321 737 1454 806 Quia
1493 753 1599 792 non
1642 748 1850 791 summe

260 846 407 891 sunt.
440 834 617 903 Quare
640 849 748 889 non
777 848 986 889 summe
1014 830 1173 887 sunt?
1194 830 1327 900 Quia
1357 830 1606 887 inferiora
1632 837 1756 884 sunt
1784 841 1850 884 eo

258 942 291 981 a
314 941 424 998 quo
454 925 592 981 facta
617 934 760 980 sunt.
798 924 929 993 Quis
949 940 1012 978 ea
1044 922 1207 978 fecit?
1235 922 1337 989 Qui
1362 937 1568 977 summe
1592 928 1691 976 est.
1719 919 1849 987 Quis

261 1019 347 1073 hic
386 1018 514 1074 est?
551 1018 692 1073 Deus
733 1015 1182 1072 incommutabilis
1219 1014 1482 1082 Trinitas,
1509 1013 1755 1085 quoniam
1796 1020 1851 1069 et

261 1125 358 1179 per
384 1124 648 1165 summam
676 1107 1001 1178 Sapientiam
1026 1121 1088 1162 ea
1118 1105 1262 1173 fecit,
1293 1114 1348 1160 et
1375 1119 1580 1159 summa
1605 1103 1848 1174 benigni-

258 1209 365 1255 tate
395 1208 699 1255 conservat.
733 1198 838 1255 Cur
865 1214 927 1254 ea
968 1197 1134 1253 fecit?
1162 1196 1231 1253 Ut
1272 1205 1471 1252 essent.
1500 1196 1675 1267 Ipsum
1704 1196 1846 1251 enim

256 1306 749 1366 quantumcumque
797 1308 954 1361 esse,
997 1292 1196 1347 bonum
1239 1301 1360 1357 est;
1408 1291 1532 1361 quia
1578 1305 1846 1345 summum

256 1388 457 1443 bonum
482 1396 569 1442 est
591 1400 797 1440 summe
825 1400 965 1440 esse.
992 1384 1147 1441 Unde
1188 1383 1350 1439 fecit?
1379 1383 1459 1439 Ex
1487 1382 1673 1439 nihilo.
1699 1382 1846 1450 Quo-

255 1479 399 1533 niam
425 1476 683 1549 quidquid
707 1485 809 1544 est,
835 1476 1313 1547 quantulacumque
1338 1476 1514 1545 specie
1536 1475 1604 1529 sit
1628 1488 1847 1532 necesse

255 1580 337 1626 est
365 1572 383 1602 ¹
408 1585 426 1635 ;
469 1570 543 1624 ita
573 1570 672 1624 etsi
714 1569 989 1624 minimum
1020 1569 1219 1624 bonum
1242 1608 1258 1636 ,
1290 1576 1466 1623 tamen
1496 1567 1692 1622 bonum
1721 1566 1843 1633 erit,

255 1672 310 1718 et
326 1678 388 1717 ex
408 1662 522 1716 Deo
537 1661 661 1717 erit.
680 1659 814 1717 Nam
838 1660 1086 1731 quoniam
1111 1674 1317 1715 summa
1345 1646 1552 1729 species
1576 1673 1843 1713 summum

257 1754 453 1807 bonum
500 1762 621 1816 est,
663 1751 880 1806 minima
924 1752 1132 1821 species
1179 1750 1455 1805 minimum
1496 1748 1694 1805 bonum
1738 1758 1840 1804 εει.

253 1844 427 1900 Omne
451 1852 628 1903 autem
658 1842 878 1911 bonum,
901 1851 990 1897 aut
1020 1843 1181 1911 Deus,
1212 1850 1305 1897 aut
1331 1857 1396 1896 ex
1428 1842 1539 1897 Deo
1565 1850 1669 1898 est.
1701 1841 1845 1911 Ergo

252 1952 321 1992 ex
348 1936 459 1991 Deo
487 1944 572 1991 est
598 1936 760 1992 etiam
784 1936 1002 1991 minima
1027 1934 1252 2005 species.
1288 1933 1429 1991 Sane
1453 1933 1597 2005 quod
1620 1934 1689 1990 de
1716 1948 1843 2004 spe-

253 2029 356 2096 cie,
386 2028 489 2084 boc
520 2030 679 2085 etiam
705 2028 772 2085 de
804 2027 972 2083 forma
997 2028 1102 2083 dici
1129 2035 1324 2098 potest.
1356 2027 1538 2098 Neque
1563 2026 1705 2083 enim
1736 2025 1846 2080 fru-

254 2131 363 2177 stra
389 2132 497 2177 tam
528 2121 1000 2192 speciosissimum,
1028 2135 1187 2191 quam
1213 2120 1373 2175 etiam
1401 2118 1842 2175 formosissimum

253 2213 310 2268 in
334 2213 491 2269 laude
514 2213 748 2285 ponitur.
778 2212 835 2268 Id
861 2228 990 2284 ergo
1018 2220 1121 2277 est,
1149 2210 1292 2266 unde
1320 2209 1447 2265 fecit
1476 2210 1616 2266 Deus
1640 2210 1837 2278 omnia,

252 2304 395 2375 quod
454 2305 653 2360 nullam
698 2304 933 2374 speciem
978 2303 1176 2367 habet,
1224 2302 1529 2373 nullamque
1576 2300 1839 2369 formam;

251 2393 395 2465 quod
424 2394 558 2449 nihil
596 2402 680 2450 est
718 2394 861 2450 aliud
906 2410 1064 2466 quam
1106 2394 1259 2449 nihil.
1285 2392 1418 2448 Nam
1464 2392 1590 2448 illud
1616 2393 1757 2463 quod
1785 2394 1841 2449 in

252 2486 653 2556 comparatione
693 2487 1049 2557 perfectorum
1093 2486 1319 2540 informe
1348 2485 1558 2551 dicitur,
1594 2485 1641 2540 si
1683 2484 1843 2540 habet

251 2578 449 2650 aliquid
470 2578 677 2645 formai,
695 2578 938 2649 quamvis
958 2578 1232 2649 exiguum,
1251 2577 1489 2647 quamvis
1512 2574 1838 2643 inchoatum,

252 2670 489 2727 nondum
518 2679 603 2726 est
646 2669 805 2736 nihil,
835 2684 899 2725 ac
926 2684 1022 2739 per
1052 2668 1154 2723 hoc
1187 2667 1239 2724 id
1265 2682 1477 2738 quoque
1502 2668 1555 2723 in
1585 2677 1839 2738 quantum

254 2774 355 2831 est,
384 2780 493 2819 non
521 2771 606 2819 est
633 2763 735 2818 nisi
762 2780 829 2818 ex
856 2764 986 2817 Deo.

323 2855 413 2911 36.
454 2855 789 2926 Quapropter
815 2855 974 2910 etiam
1000 2853 1047 2909 si
1072 2853 1140 2909 de
1163 2852 1337 2939 aliqua
1376 2852 1589 2908 informi
1620 2853 1840 2909 materia

252 2952 424 3006 factus
450 2958 535 3005 est
561 2947 812 3014 mundus,
842 2948 957 3002 haec
994 2947 1109 3017 ipsa
1151 2945 1287 3001 facta
1313 2954 1395 3000 est
1418 2946 1635 3001 omnino
1660 2944 1728 3000 de
1754 2946 1841 3000 ni-

253 3045 386 3099 hilo.
407 3042 545 3099 Nam
581 3052 637 3098 et
674 3041 819 3113 quod
840 3041 1076 3096 nondum
1105 3040 1386 3095 formatum
1416 3047 1516 3105 est,
1546 3049 1722 3094 tamen
1747 3038 1844 3093 ali-

253 3150 361 3207 quo
380 3135 543 3189 modo
564 3143 619 3189 ut
638 3133 859 3189 formari
886 3133 1051 3203 possit
1094 3132 1400 3187 inchoatum
1425 3140 1526 3197 est,
1557 3129 1653 3185 Dei
1680 3129 1845 3185 bene-

254 3227 377 3282 ficio
404 3225 684 3282 formabile
721 3234 834 3280 est:
861 3223 1061 3280 bonum
1098 3231 1181 3279 est
1204 3223 1345 3279 enim
1385 3236 1505 3278 esse
1534 3223 1839 3277 formatum.

252 3322 580 3378 Nonnullum
600 3335 729 3391 ergo
747 3319 946 3374 bonum
961 3325 1043 3373 est
1060 3324 1114 3373 et
1128 3316 1391 3386 capacitas
1410 3314 1595 3371 formai
1615 3332 1629 3370 :
1654 3323 1710 3371 et
1724 3315 1844 3371 ideo

252 3415 520 3470 bonorum
541 3412 777 3468 omnium
809 3420 1012 3476 auctor,
1050 3410 1137 3480 qui
1170 3408 1414 3479 praestitit
1455 3407 1701 3474 formam,
1729 3406 1845 3477 ipse

255 3505 381 3560 fecit
409 3509 570 3561 etiam
589 3517 745 3573 posse
768 3501 1007 3557 formari.
1026 3501 1100 3555 ita
1126 3514 1286 3556 omne
1308 3497 1449 3570 quod
1475 3506 1578 3566 est,
1604 3499 1657 3553 in
1677 3512 1847 3569 quan-

254 3608 371 3653 tum
398 3605 513 3662 est;
541 3606 597 3651 et
625 3611 781 3650 omne
806 3594 948 3665 quod
974 3594 1209 3649 nondum
1236 3601 1341 3660 εει,
1371 3592 1424 3646 in
1442 3598 1697 3663 quantum
1725 3602 1846 3646 esse

254 3698 454 3762 potest,
484 3704 553 3745 ex
582 3689 690 3743 Deo
715 3687 892 3742 habet.
939 3685 1091 3753 Quod
1132 3685 1235 3739 alio
1283 3681 1443 3739 modo
1479 3681 1557 3738 sic
1602 3681 1793 3738 dicitur
1826 3700 1844 3740 :

255 3797 419 3839 omne
447 3779 824 3845 formatum,in
851 3785 1105 3849 quantum
1142 3777 1426 3831 formatum
1468 3782 1578 3840 est;
1607 3782 1662 3830 et
1688 3788 1847 3830 omne

255 3873 401 3945 quod
427 3870 662 3927 nondum
692 3870 976 3925 formatum
1002 3877 1102 3935 est,
1134 3868 1188 3923 in
1210 3875 1466 3938 quantum
1494 3864 1711 3921 formari
1754 3880 1849 3935 po-

255 3975 385 4033 test,
413 3981 479 4021 ex
509 3966 621 4021 Deo
647 3963 825 4020 habet.
852 3961 1007 4019 Nulla
1037 3968 1212 4017 autem
1239 3975 1325 4015 res
1345 3959 1549 4015 obtinet
1576 3957 1849 4028 integrita-

186 4124 193 4129 θ
260 4068 370 4113 tem
398 4066 606 4113 natura:
643 4070 774 4121 suae,
808 4055 912 4111 nisi
937 4055 991 4108 in
1026 4068 1124 4109 suo
1162 4067 1356 4123 genere
1392 4051 1534 4106 salva
1562 4051 1649 4105 sit.
1673 4050 1753 4104 Ab
1782 4065 1847 4104 eo

258 4161 441 4207 autem
466 4160 550 4208 est
577 4151 753 4206 omnis
790 4150 956 4217 salus,
984 4163 1014 4203 a
1044 4162 1148 4218 quo
1193 4156 1275 4203 est
1317 4162 1475 4202 omne
1517 4146 1747 4212 bonum;
1793 4154 1848 4200 at

258 4260 424 4299 omne
451 4244 648 4298 bonum
675 4257 743 4298 ex
767 4242 876 4297 Deo
895 4258 910 4295 :
932 4240 1078 4295 salus
1104 4239 1261 4310 igitur
1284 4239 1459 4294 omnis
1482 4253 1550 4294 ex
1578 4238 1705 4292 Deo.

259 4336 491 4393 CAPUT
530 4334 674 4391 XIX.
690 4363 765 4376 --
786 4333 929 4389 Bona
956 4341 1091 4399 sunt,
1117 4333 1204 4387 sed
1227 4348 1328 4386 non
1349 4347 1545 4386 summa
1570 4331 1718 4399 bona,
1737 4346 1851 4401 qua:

856 4427 1019 4481 vitiari
1041 4434 1267 4497 possunt.

336 4525 429 4579 57.
471 4522 608 4577 Hinc
629 4522 740 4591 jam
779 4518 864 4575 cui
908 4518 1049 4574 oculi
1089 4518 1279 4573 mentis
1309 4525 1507 4588 patent,
1548 4531 1648 4572 nec
1669 4517 1850 4587 perni-

262 4618 415 4673 cioso
455 4613 631 4670 studio
658 4628 807 4668 vana:
852 4610 1087 4667 victoria:
1115 4610 1344 4682 caligant
1365 4619 1523 4679 atque
1553 4608 1845 4676 turbantur,

266 4708 427 4763 facile
476 4706 740 4776 intelligit,
790 4703 969 4760 omnia
1006 4718 1125 4773 quae
1154 4702 1405 4757 vitiantur
1439 4711 1494 4757 et
1530 4700 1848 4769 moriuntur,

266 4802 409 4856 bona
441 4815 582 4867 esse,
626 4813 925 4870 quanquam
964 4798 1137 4867 ipsum
1176 4797 1382 4864 vitium,
1431 4806 1486 4852 et
1528 4796 1641 4866 ipsa
1682 4809 1848 4862 mors,
1922 4836 1928 4851 ι

268 4892 473 4948 malum
501 4891 591 4947 sit.
618 4890 728 4946 Nisi
755 4891 899 4947 enim
937 4889 1106 4945 salute
1140 4889 1316 4959 aliqua
1357 4888 1707 4958 privarentur,
1745 4903 1853 4943 non

268 4987 352 5041 eis
378 4992 601 5041 noceret
626 4983 812 5039 vitium
843 4983 928 5039 vel
952 4997 1131 5037 mors:
1153 4981 1247 5037 sed
1289 4982 1333 5036 si
1382 4996 1488 5035 non
1531 4989 1744 5036 noceret
1771 4981 1854 5036 vi-

271 5078 427 5142 tium,
457 5077 601 5131 nullo
628 5075 785 5131 modo
811 5083 953 5131 esset
973 5075 1179 5130 vitium.
1199 5072 1252 5127 Si
1280 5088 1407 5143 ergo
1432 5072 1588 5127 saluti
1607 5072 1852 5128 adversa-

271 5176 362 5221 tur
385 5167 594 5234 vitium,
623 5175 679 5223 et
713 5166 859 5222 nullo
884 5164 1158 5220 dubitante
1183 5164 1329 5219 salus
1353 5162 1549 5218 bonum
1578 5172 1687 5229 est;
1717 5163 1854 5218 bona

269 5259 451 5312 omnia
477 5266 621 5325 sunt,
650 5258 842 5329 quibus
884 5256 1195 5312 adversatur
1222 5256 1437 5321 vitium;
1465 5256 1654 5326 quibus
1679 5265 1854 5312 autem

269 5350 587 5405 adversatur
608 5351 817 5416 vitium,
843 5350 958 5420 ipsa
983 5350 1238 5405 vitiantur
1258 5368 1271 5404 :
1291 5349 1428 5404 bona
1444 5358 1567 5404 sunt
1592 5364 1719 5419 ergo
1738 5364 1856 5419 quae

266 5442 557 5507 vitiantur;
602 5440 697 5497 sed
742 5441 862 5498 ideo
904 5440 1177 5509 vitiantur,
1207 5441 1328 5512 quia
1353 5456 1458 5496 non
1491 5456 1695 5495 summa
1718 5440 1856 5497 bona

266 5542 416 5587 sunt.
461 5532 593 5599 Quia
640 5532 799 5604 igitur
839 5533 978 5589 bona
1021 5541 1162 5600 sunt,
1195 5547 1260 5589 ex
1291 5533 1400 5588 Deo
1428 5541 1581 5589 sunt:
1605 5533 1726 5604 quia
1751 5549 1857 5588 non

266 5638 486 5681 summa
506 5623 645 5678 bona
667 5632 810 5691 sunt,
841 5638 945 5679 non
969 5631 1094 5679 sunt
1122 5623 1283 5679 Deus.
1318 5623 1522 5678 Bonum
1563 5639 1691 5694 ergo
1717 5623 1857 5694 quod

266 5717 452 5773 vitiari
474 5732 579 5772 non
601 5726 795 5788 potest,
820 5717 961 5774 Deus
980 5725 1083 5774 est.
1100 5718 1303 5773 Caetera
1324 5725 1501 5772 autem
1527 5717 1702 5771 omnia
1722 5716 1858 5772 bona
1930 5762 1931 5765 η
2028 5729 2045 5760 ι
2073 5734 2130 5792 ιξι⁸
2155 5726 2459 5792 Cister_cien_si_
2489 5731 2572 5774 Ms.
2606 5723 2814 5792 habetur
2837 5718 3022 5792 aeoru]

335 5859 356 5886 ι
376 5861 466 5887 “an
499 5859 689 5887 contam
722 5851 1149 5887 mannhdnnnnmm
1166 5850 1344 5887 amrin.
1360 5846 1417 5887 ἀι
1452 5863 1641 5887 nonnae»
1655 5856 1735 5887 pel,
1764 5860 1843 5887 ηιμ

1966 5787 2131 5887 Ληρειὶ
2149 5802 2166 5849 ;
2185 5788 2361 5851 partim
2375 5786 2539 5861 vitiata
2557 5790 2803 5859 adpetitur,
2828 5789 2879 5833 ut
2896 5781 3123 5834 homines.

2075 5860 2166 5887 Nec
2208 5849 2420 5887 nnnnnlli
2463 5847 2590 5887 mmd
2610 5861 2662 5887 τη
2684 5844 3065 5887 οὺιργηηρνηηήο-
3087 5847 3123 5887 Ai

499 5859 710 5917 septem,
722 5851 1149 5917 quantulacunque
1163 5851 1344 5917 species
1356 5851 1435 5914 sit,
1452 5863 1641 5903 necesse
1655 5856 1740 5914 est,
1764 5860 1858 5904 etc.
1890 5874 1936 5913 ,3

263 5922 371 5970 llec
392 5918 557 5969 minus
577 5916 725 5965 bene.

556 5998 785 6062 Sacr.
828 5998 1106 6061 Ausus'r.
1139 5996 1251 6060 Ill.

1692 436 1892 522 uasa
1932 438 2129 497 usus.

3436 441 3542 504 138

1961 565 2026 604 ex
2057 550 2173 635 ipsq
2200 560 2341 618 sunt,
2372 566 2489 622 quae
2516 568 2609 620 per
2632 552 2805 624 seipsa
2824 561 3045 622 possunt
3068 553 3262 622 vitiari,
3289 555 3413 627 quia
3435 571 3534 627 per

1957 642 2130 713 seipsa
2159 643 2289 698 nihil
2309 653 2431 699 sunt
2450 663 2464 701 :
2482 660 2577 715 per
2594 645 2767 716 ipsum
2786 654 2964 703 autem
2992 648 3183 719 partim
3208 663 3315 704 non
3340 648 3537 704 vitian-

1958 740 2066 801 tur,
2093 734 2282 805 partim
2311 735 2492 791 vitiata
2515 746 2770 793 sanantur
2786 738 2826 791 ⁸.

2202 826 2424 885 CAPUT
2462 829 2580 885 XX.
2604 859 2679 871 —
2707 828 2855 887 Unde
2875 831 3061 888 animi:
3091 833 3285 888 uitium.

2024 919 2115 976 58.
2158 920 2252 978 Est
2280 930 2456 977 autem
2500 923 2684 979 vitium
2728 924 2954 995 primum
2999 926 3191 981 animae
3233 925 3531 995 rationalis,

1956 1011 2200 1069 voluntas
2223 1028 2285 1069 ea
2309 1012 2537 1071 faciendi
2557 1032 2676 1088 quae
2703 1027 2848 1073 vetat
2873 1032 3078 1073 summa
3105 1028 3159 1075 et
3186 1019 3370 1075 intima
3393 1021 3539 1076 veri-

1955 1115 2057 1161 tas.
2086 1107 2161 1162 lla
2204 1106 2363 1163 homo
2391 1108 2459 1164 de
2485 1109 2731 1179 paradiso
2760 1111 2814 1166 in
2843 1111 2946 1167 hoc
2986 1112 3240 1167 szeculum
3285 1113 3537 1182 expulsus

1954 1209 2057 1268 est,
2100 1199 2152 1256 id
2191 1209 2272 1256 est
2310 1202 2377 1257 ab
2421 1203 2635 1258 aeternis
2676 1203 2741 1259 ad
2786 1205 3115 1276 temporalia,
3147 1221 3178 1261 a
3208 1206 3440 1275 copiosis
3467 1204 3537 1260 ad

1953 1308 2139 1364 egena,
2172 1309 2202 1347 a
2234 1294 2479 1351 firmitate
2506 1296 2573 1351 ad
2600 1296 2845 1352 infirma:
2874 1314 2980 1353 non
3022 1314 3150 1369 ergo
3179 1314 3209 1353 a
3236 1300 3379 1354 bono
3402 1300 3569 1354 sub-5..

1953 1384 2181 1439 stantiali
2202 1385 2268 1440 ad
2292 1385 2487 1441 malum
2529 1387 2893 1454 substantiale,
2919 1390 3042 1460 quia
3073 1390 3213 1444 nulla
3241 1390 3538 1446 substantia

1954 1474 2150 1528 malum
2178 1484 2289 1542 est;
2322 1476 2415 1531 sed
2445 1492 2475 1531 a
2501 1477 2641 1533 bono
2665 1488 2866 1534 aeterno
2900 1480 2966 1534 ad
2996 1479 3191 1535 bonum
3220 1481 3533 1551 temporale,

1951 1581 1981 1619 a
2008 1566 2150 1621 bono
2176 1567 2437 1637 Spirituali
2466 1568 2533 1624 ad
2557 1569 2756 1625 bonum
2781 1570 3017 1639 carnale,
3052 1586 3083 1625 a
3112 1572 3251 1627 bono
3279 1572 3535 1642 intelligi-

1951 1656 2043 1712 bili
2068 1657 2134 1712 ad
2168 1657 2364 1713 bonum
2395 1660 2663 1727 sensibile,
2690 1677 2719 1715 a
2740 1660 2881 1717 bono
2902 1676 3115 1717 summo
3136 1662 3202 1717 ad
3224 1663 3419 1718 bonum
3447 1664 3535 1717 in-

1952 1746 2157 1803 ﬁmum.
2200 1750 2294 1804 Est
2334 1750 2493 1820 igitur
2520 1751 2783 1822 quoddam
2828 1753 3047 1821 bonum,
3090 1753 3229 1824 quod
3272 1753 3321 1809 si
3362 1753 3537 1825 diligit

1950 1840 2126 1895 anima
2155 1841 2448 1907 rationalis,
2478 1852 2692 1912 peccat;
2725 1845 2846 1913 quia
2890 1843 3026 1898 infra
3052 1844 3198 1898 illam
3224 1843 3534 1900 ordinatum

1950 1942 2067 1990 est:
2098 1951 2262 2006 quare
2301 1935 2473 2005 ipsum
2501 1944 2773 2007 peccatum
2800 1936 2996 1991 malum
3027 1945 3127 2000 est,
3157 1951 3263 1992 non
3297 1951 3361 1992 ea
3400 1936 3534 1992 sub-

1949 2028 2142 2082 stantia
2183 2042 2302 2098 quae
2343 2027 2612 2097 peccando
2642 2028 2896 2100 diligitur.
2944 2028 3059 2084 Non
3102 2045 3228 2099 ergo
3256 2029 3416 2086 arbor
3440 2030 3531 2086 illa

1950 2118 2146 2174 malum
2174 2129 2276 2187 est,
2299 2134 2417 2190 qua:
2442 2120 2493 2174 in
2518 2120 2694 2175 medio
2723 2121 2966 2190 paradiso
2992 2122 3227 2192 plantata
3258 2122 3525 2189 scribitur,

1948 2210 2045 2267 sed
2067 2210 2233 2266 divini
2261 2212 2509 2282 praecepti
2529 2215 2898 2283 transgressio.
2919 2215 3047 2281 Quae
3063 2230 3185 2270 cum
3202 2231 3533 2287 consequen-

1930 2311 2058 2380 Otem
2089 2300 2249 2357 habet
2269 2302 2466 2371 justam
2493 2303 2908 2372 damnationem,
2939 2305 3197 2377 contingit
3223 2322 3285 2361 ex
3316 2307 3403 2362 illa
3441 2323 3532 2362 ar-

1946 2392 2097 2458 bore,
2129 2408 2249 2464 quae
2271 2402 2455 2449 contra
2481 2396 2701 2450 vetitum
2734 2404 2869 2450 tacta
2890 2406 2992 2464 est,
3021 2397 3384 2467 dignoscentia
3402 2399 3532 2455 boni

1946 2494 2003 2540 et
2025 2484 2149 2539 mali
2173 2502 2186 2537 :
2215 2485 2333 2555 quia
2356 2501 2474 2540 cum
2502 2502 2600 2541 suo
2626 2495 2845 2557 peccato
2860 2488 3035 2543 anima
3060 2489 3216 2544 fuerit
3239 2490 3529 2560 implicata,

1945 2574 2143 2631 luendo
2186 2591 2391 2645 pinnas,
2434 2577 2591 2633 discit
2630 2579 2760 2648 quid
2804 2580 3011 2635 intersit
3040 2581 3180 2636 inter
3207 2592 3535 2652 praeceptum

1945 2666 2087 2737 quod
2107 2668 2376 2724 custodire
2405 2669 2594 2737 noluit,
2627 2679 2679 2724 et
2704 2678 2977 2740 peccatum
3003 2672 3146 2742 quod
3185 2670 3341 2740 fecit;
3374 2681 3535 2744 atque

1946 2757 2050 2814 hoc
2086 2760 2247 2815 modo
2284 2761 2503 2828 malum,
2551 2762 2693 2831 quod
2742 2763 2978 2819 cavendo
3005 2779 3113 2820 non
3139 2764 3345 2832 didicit,
3376 2764 3534 2821 discit

1945 2851 2257 2917 sentiendo;
2279 2861 2334 2908 et
2364 2853 2557 2908 bonum
2583 2854 2724 2923 quod
2750 2869 2855 2909 non
2883 2855 3299 2925 obtemperundo
3315 2857 3336 2888 ⁸
3357 2856 3534 2912 minus

1945 2940 2214 3012 diligebat,
2244 2943 2514 2998 ardentius
2535 2944 2704 3013 diligit
2727 2945 3104 3014 comparando.

2019 3034 2109 3089 39.
2150 3034 2344 3089 Vitium
2367 3051 2492 3106 ergo
2517 3037 2706 3092 anima:
2731 3046 2809 3093 est
2833 3036 2973 3107 quod
2997 3038 3137 3103 fecit,
3170 3047 3224 3094 et
3249 3038 3535 3098 difficultas

1948 3140 2015 3180 ex
2042 3127 2166 3181 vitio
2186 3142 2343 3196 pana
2366 3138 2623 3198 estquam
2652 3128 2879 3199 patitur;
2911 3138 2965 3186 et
2991 3130 3090 3185 hoc
3118 3139 3203 3187 est
3226 3138 3397 3185 totum
3418 3147 3535 3187 ma-

1949 3217 2079 3272 lum.
2114 3218 2313 3274 Facere
2338 3230 2516 3274 autem
2559 3227 2613 3274 et
2658 3219 2767 3289 pati
2792 3236 2897 3275 non
2927 3229 3010 3276 est
3037 3221 3368 3276 substantia:
3401 3238 3533 3293 qua-

1948 3318 2167 3381 propter
2191 3310 2486 3366 substantia
2515 3327 2620 3366 non
2649 3321 2732 3367 est
2758 3312 2975 3368 malum.
3003 3313 3092 3369 Sic
3106 3315 3248 3369 enim
3275 3330 3373 3371 nec
3393 3330 3531 3387 aqua

1948 3402 2146 3457 malum
2169 3412 2271 3470 est,
2303 3420 2402 3459 nec
2427 3403 2622 3458 animal
2652 3405 2794 3475 quod
2828 3406 2957 3460 vivit
2984 3408 3036 3461 in
3063 3424 3218 3471 aere;
3249 3423 3370 3463 nam
3412 3410 3530 3466 istae

1948 3494 2258 3549 substantiae
2298 3503 2453 3550 sunt;
2481 3496 2573 3551 sed
2616 3496 2813 3551 malum
2848 3506 2930 3552 est
2955 3498 3250 3553 voluntaria
3282 3501 3531 3571 praecipi-

1950 3587 2079 3642 tatio
2122 3587 2174 3641 in
2217 3602 2429 3657 aquam,
2476 3595 2531 3642 ει
2572 3588 2846 3645 sufl‘ocatio
2886 3600 3045 3661 quam
3071 3606 3280 3647 mersus
3310 3594 3526 3663 patitur.

1951 3677 2116 3734 Stilus
2142 3678 2348 3734 ferreus
2370 3678 2472 3733 alia
2502 3686 2652 3749 parte
2688 3696 2789 3750 qua
2829 3680 3144 3747 scribamus,
3177 3681 3279 3737 alia
3307 3699 3408 3754 qua
3435 3683 3531 3740 de-

1949 3772 2170 3838 leamus,
2213 3772 2411 3827 aﬂ‘abre
2438 3770 2605 3827 factus
2630 3781 2732 3840 est,
2760 3781 2814 3827 et
2838 3772 2893 3826 in
2931 3789 3027 3827 suo
3054 3789 3248 3844 genere
3287 3775 3526 3845 pulcher,

1950 3873 2006 3920 et
2037 3864 2103 3919 ad
2145 3879 2297 3918 usum
2343 3870 2582 3917 nostrum
2612 3863 3064 3919 accommodatus.
3096 3866 3164 3919 At
3192 3865 3237 3920 si
3267 3865 3527 3936 quispiam

1952 3972 2014 4011 ea
2032 3966 2181 4026 parte
2193 3956 2425 4011 scribere
2439 3971 2541 4025 qua
2563 3955 2789 4023 deletur,
2808 3965 2861 4011 et
2877 3972 2939 4011 ea
2955 3956 3080 4010 velit
3095 3956 3272 4013 delere
3289 3974 3391 4028 qua
3408 3959 3533 4013 seri.

1953 4048 2114 4113 bitur,
2141 4047 2285 4101 nullo
2314 4046 2474 4101 modo
2494 4046 2673 4100 stilum
2713 4046 2909 4101 malum
2942 4048 3162 4114 fecerit,
3192 4063 3313 4103 cum
3353 4050 3529 4119 ipsum

1952 4139 2148 4194 factum
2192 4138 2314 4209 jure
2356 4139 2713 4211 vituperetur:
2741 4140 2884 4211 quod
2930 4141 2975 4194 si
3018 4142 3266 4213 corrigat,
3311 4144 3398 4199 ubi
3428 4143 3530 4198 erit

1952 4230 2185 4286 malum?
2209 4230 2264 4286 Si
2289 4231 2408 4302 quis
2430 4240 2648 4300 repente
2676 4232 3023 4287 meridianum
3054 4234 3220 4289 solem
3240 4235 3525 4300 intueatur,

1951 4324 2254 4394 repercussi
2292 4323 2431 4378 oculi
2470 4323 2851 4379 turbabuntur:
2881 4341 3006 4380 num
3046 4326 3167 4381 ideo
3191 4336 3281 4382 aut
3304 4329 3385 4383 sol
3411 4344 3527 4383 ma-

1953 4417 2063 4470 lum
2091 4416 2194 4471 erit
2236 4424 2328 4471 aut
2369 4417 2541 4472 oculi?
2563 4417 2718 4473 Nullo
2747 4418 2935 4486 modo;
2962 4430 3085 4474 sunt
3113 4422 3251 4476 enini
3279 4422 3527 4478 substan—

1956 4509 2042 4563 tiae
2067 4526 2081 4564 :
2113 4508 2207 4563 sed
2235 4508 2432 4564 malum
2458 4517 2539 4564 est
2566 4509 2895 4564 inordinatus
2915 4522 3179 4580 aspectus,
3204 4522 3255 4567 et
3277 4513 3388 4583 ipsa
3407 4531 3527 4584 quae

1955 4600 2295 4671 consequitur
2322 4600 2674 4669 perturbatio;
2712 4599 2854 4670 quod
2882 4601 3076 4655 malum
3113 4617 3218 4657 non
3257 4604 3378 4671 erit,
3405 4620 3526 4659 cum

1955 4691 2093 4747 oculi
2132 4690 2328 4746 fuerint
2372 4691 2616 4757 recreati,
2659 4700 2715 4746 et
2761 4691 2930 4747 lucem
2980 4707 3127 4748 suam
3178 4704 3530 4766 congruenter

1955 4785 2275 4856 aspexerint.
2297 4784 2480 4855 Neque
2503 4798 2625 4838 cum
2648 4784 2834 4839 eadem
2866 4784 2954 4839 lux
2976 4801 3094 4855 qua:
3114 4785 3179 4840 ad
3201 4788 3385 4842 oculos
3404 4804 3528 4858 per-

1957 4878 2108 4945 tinet,
2154 4892 2251 4947 pro
2296 4877 2414 4932 luce
2458 4876 2729 4945 sapientiae
2770 4891 2888 4946 qua:
2924 4877 2995 4931 ad
3019 4886 3251 4933 mentem
3282 4880 3529 4949 pertinet,

1956 4972 2168 5035 colitur,
2199 4970 2312 5039 ipsa
2341 4968 2400 5023 fit
2443 4968 2672 5023 malum:
2704 4967 2798 5023 sed
2842 4970 3146 5038 superstitio
3185 4970 3379 5025 malum
3423 4982 3528 5040 est,

1957 5076 2062 5133 qua
2103 5068 2361 5116 creaturae
2402 5059 2574 5129 potius
2615 5074 2773 5129 quam
2817 5058 3056 5115 Creatori
3086 5061 3343 5127 servitur;
3388 5062 3531 5132 quod

1958 5152 2155 5208 malum
2202 5150 2419 5206 omnino
2460 5150 2660 5205 nullum
2707 5150 2827 5215 erit,
2882 5166 3003 5206 cum
3045 5152 3219 5205 anima
3259 5152 3532 5222 recognito

1957 5242 2228 5306 Creatore,
2259 5240 2360 5311 ipsi
2384 5242 2475 5295 uni
2503 5255 2563 5296 se
2589 5239 2894 5310 subjecerit,
2939 5249 2993 5295 et
3035 5250 3227 5297 caetera
3272 5255 3365 5309 per
3406 5255 3529 5296 eum

1958 5335 2197 5405 subjecta
2221 5333 2323 5390 sibi
2346 5348 2466 5389 esse
2492 5333 2834 5404 persenserit.

2029 5430 2118 5485 40.
2160 5428 2235 5483 lta
2260 5426 2433 5483 omnis
2466 5441 2719 5497 corporea
2767 5434 3031 5495 creatura,
3082 5425 3126 5479 si
3169 5426 3535 5483 tantummodo

1962 5519 2294 5591 possideatur
2331 5518 2398 5572 ab
2439 5518 2614 5572 anima
2658 5534 2775 5586 qua:
2818 5518 2984 5589 diligit
3013 5517 3201 5584 Deum,
3228 5516 3424 5574 bonum
3452 5531 3538 5577 est

1964 5611 2222 5678 infimum,
2253 5620 2307 5666 et
2330 5609 2384 5665 in
2412 5626 2607 5682 genere
2630 5625 2727 5666 suo
2758 5609 3067 5684 pulchrum;
3094 5611 3341 5680 quoniam
3367 5613 3537 5669 forma

2028 5729 2045 5760 ι
2073 5734 2123 5775 1n
2155 5726 2459 5775 Cisterciensi
2489 5731 2572 5774 Ms.
2606 5723 2814 5773 habetur
2837 5736 2851 5772 :
2878 5718 3063 5785 Rartim
3082 5733 3177 5772 non
3206 5720 3463 5785 vitiantur,
3489 5727 3544 5774 ut

2075 5844 2195 5903 Mssl
2208 5849 2440 5913 nonnulli,
2463 5847 2590 5911 quod
2610 5847 2662 5901 in
2684 5844 3065 5911 obteinperando.
3084 5846 3201 5905 Alii,
3221 5845 3347 5910 quod
3368 5846 3545 5897 obtem-

3010 5992 3270 6067 {Cium
