4056 6524
455 347 561 404 159

455 474 511 523 et
539 464 715 536 specie
736 463 1070 521 continetur:
1099 464 1144 521 si
1166 471 1341 522 autem
1356 463 1603 537 diligatur
1630 466 1696 521 ab
1721 466 1898 522 anima
1913 482 2029 538 quae

450 558 677 629 negligit
700 558 891 627 Deum
928 571 999 614 ne
1039 558 1117 615 sic
1157 557 1373 630 quidem
1413 559 1611 615 malum
1649 559 1709 614 lit
1744 558 1893 627 ipsa:
1937 559 2032 615 sed

454 650 704 721 quoniam
748 658 1024 720 peceatum
1063 649 1265 706 Nam
1302 659 1402 717 est,
1444 665 1550 721 quo
1581 651 1652 706 ita
1688 648 1942 722 diligitur,
1973 651 2032 705 lit

453 741 677 815 pmnalis
725 741 967 799 dilectori
1007 756 1123 809 suo,
1164 751 1219 799 et
1261 756 1385 798 eum
1419 740 1653 811 implicat
1677 744 1947 809 aerumnis,
1975 750 2033 799 et

454 836 624 907 pascit
647 836 922 893 fallacibus
942 835 1333 907 voluptatibus:
1355 835 1479 906 quia
1498 850 1675 907 neque
1692 844 2024 906 permanent,

452 934 629 999 neque
655 929 868 994 satiant,
898 927 994 983 sed
1032 934 1283 999 torquent
1308 927 1602 982 doloribus.
1630 927 1763 997 Quia
1787 944 1907 984 cum
1937 944 2028 984 cr-

453 1020 631 1077 dinem
669 1035 825 1077 suum
873 1021 1075 1093 peragit
1117 1020 1331 1092 pulchra
1357 1021 1680 1078 mutabilitas
1706 1031 2025 1093 temporum,

454 1110 651 1167 deserit
681 1121 946 1168 amantem
970 1112 1175 1180 species
1202 1112 1502 1182 concupita,
1529 1120 1583 1167 et
1610 1128 1705 1183 per
1736 1114 2026 1170 cruciatum

450 1204 987 1262 sentientis‘discedit
1017 1221 1049 1261 a
1082 1204 1342 1273 sensibus,
1371 1216 1428 1261 et
1452 1205 1723 1263 erroribus
1746 1207 1938 1277 agitat;
1970 1216 2029 1262 ut

450 1298 587 1355 hanc
606 1314 725 1355 esse
756 1299 977 1369 primam
1001 1298 1233 1368 speciem
1254 1304 1423 1368 putet,
1448 1313 1566 1369 quae
1589 1299 1824 1354 omnium
1847 1298 2028 1356 intima

448 1398 553 1453 est,
602 1396 802 1445 nam
843 1387 1049 1444 scilicet
1092 1389 1417 1458 corporem‘,
1455 1404 1613 1460 quam
1661 1404 1757 1459 per
1795 1389 2028 1446 lubricos

448 1497 639 1540 sensus
667 1496 795 1539 caro
821 1481 963 1536 male
1002 1480 1263 1537 delectata
1290 1482 1668 1547 uuntiaverit',
1698 1490 1901 1537 ut-cum
1922 1483 2024 1537 ali-

448 1577 572 1647 quid
590 1576 804 1647 cogitat,
823 1576 1121 1647 intelligere
1139 1591 1197 1631 se
1216 1575 1419 1643 credat,
1439 1574 1639 1631 umbris
1656 1575 1843 1631 illusus
1862 1576 2026 1645 phan-

447 1675 749 1722 tasmatum.
781 1664 836 1722 Si
864 1666 1075 1737 quando
1097 1674 1277 1723 autem
1305 1680 1413 1721 non
1440 1671 1627 1721 tenens
1661 1667 1917 1737 integram
1945 1666 2025 1722 di-

445 1759 583 1813 vium
608 1758 952 1828 providentia:
969 1756 1321 1829 disciplinam,
1345 1756 1445 1812 sed,
1464 1763 1647 1813 teiiere
1663 1772 1722 1812 se
1737 1758 2021 1821 arbitrans,

442 1852 592 1906 carni
632 1851 879 1907 resistere
905 1861 1158 1918 conatur;
1203 1865 1371 1921 usque
1413 1849 1478 1905 ad
1519 1850 1801 1905 visibilium
1845 1866 2023 1906 rerum

442 1944 706 2016 imagines
734 1944 990 2015 pervenit,
1012 1952 1066 1999 et
1093 1942 1224 1998 lucis
1249 1942 1404 2012 hujus
1424 1956 1580 2013 quam
1601 1941 2027 2010 certigterminis

443 2036 897 2106 circumscriptam
924 2034 1086 2103 videt,
1111 2034 1369 2089 immensa
1391 2034 1557 2103 spatia
1579 2034 1896 2104 cogitatione
1919 2034 2023 2087 ler-

444 2138 556 2184 mat
583 2129 837 2183 inaniter:
861 2136 916 2184 et
941 2128 1076 2183 hanc
1104 2128 1335 2197 speciem
1354 2126 1375 2159 ³
1397 2126 1503 2182 sibi»
1524 2125 1711 2181 luturte
1740 2128 2019 2182 habitatio-

442 2219 531 2273 nis
556 2217 862 2287 pollicetur;
894 2217 1135 2273 ncsciens
1163 2216 1437 2272 oculorum
1459 2218 1942 2287 concupiscentiam
1962 2232 2021 2274 se

444 2310 676 2378 trahere,
700 2319 759 2366 et
779 2325 896 2366 cum
929 2310 1028 2365 hoc
1052 2309 1249 2365 mundo
1284 2310 1363 2365 ire
1400 2311 1534 2365 velle
1554 2318 1701 2365 extra
1728 2310 2016 2375 mundum;
2088 2360 2099 2369 .

443 2420 601 2478 quem
627 2413 909 2476 propterea
933 2404 1107 2474 ipsum
1133 2417 1255 2460 esse
1287 2418 1396 2458 non
1423 2411 1591 2474 putat,
1618 2404 1739 2474 quia
1770 2404 1886 2473 ejus
1911 2403 2019 2459 cla-

441 2498 637 2555 riorem
663 2506 865 2569 partem
885 2511 980 2567 per
994 2496 1255 2552 inﬁnitum
1273 2495 1399 2550 falsa
1415 2495 1735 2567 cogitatione
1746 2494 2016 2551 distendit.

447 2591 597 2660 Quod
624 2606 732 2647 non
751 2590 923 2646 solum
955 2588 1026 2645 de
1050 2587 1151 2644 hac
1181 2588 1317 2655 luce,
1334 2586 1429 2643 sed
1450 2588 1607 2643 etiam
1637 2588 1704 2643 de
1742 2602 1897 2658 aqua,
1923 2602 2023 2658 po-

439 2694 640 2742 stremo
662 2685 887 2752 devino,
904 2682 972 2739 de
994 2681 1168 2749 melle,
1191 2680 1261 2738 de
1283 2696 1431 2747 auro,
1451 2680 1517 2736 de
1531 2690 1769 2753 argento,
1797 2680 1863 2735 de
1889 2681 2019 2748 ipsis

440 2777 665 2849 denique
685 2776 879 2848 pulpis,
906 2774 989 2831 vel
1013 2772 1290 2845 sanguine,
1316 2771 1402 2829 vel
1427 2772 1639 2828 ossibus
1665 2771 2020 2843 quorumlibet

439 2870 766 2936 animalium,
788 2874 842 2922 et
863 2866 1071 2922 caeteris
1110 2863 1414 2936 huiusmodi
1440 2863 1599 2919 rebus
1624 2862 1871 2918 facillime
1903 2861 2021 2916 fieri

438 2970 631 3031 potest.
672 2958 811 3014 Nihil
843 2958 987 3014 enim
1029 2964 1111 3013 est
1148 2955 1408 3025 corporis,
1439 2954 1580 3025 quod
1609 2969 1713 3009 non
1742 2954 1823 3009 vel
1853 2969 2019 3009 unum

436 3053 610 3107 visum
649 3049 817 3121 possit
853 3046 1311 3103 innumerabiliter
1347 3045 1586 3116 cogitari,
1630 3045 1714 3100 vel
1762 3045 1815 3099 in
1852 3060 2017 3115 parvo

439 3144 610 3214 spatio
628 3140 801 3197 visum
822 3138 989 3209 possit
1011 3137 1198 3193 eadem
1218 3136 1545 3207 imaginandi-
1560 3135 1804 3191 facultate
1820 3151 1918 3209 per
1939 3136 2018 3191 in-

439 3234 583 3290 linita
608 3230 852 3289 dili'undi.
882 3230 989 3288 Sed
1013 3229 1327 3286 facillimum
1362 3234 1445 3285 est
1485 3219 1750 3285 exsecFari
1775 3244 2011 3298 carnem,

437 3324 806 3382 difficillimum
836 3329 1013 3379 autem
1042 3337 1148 3377 non
1177 3321 1462 3377 carnaliter
1487 3335 1695 3392 sapere.

396 3464 405 3469 -
439 3414 668 3474 CAPUT
703 3413 1131 3472 Illa—Anima
1154 3412 1425 3479 seducitur,
1453 3411 1574 3466 dum
1599 3414 1803 3484 fugaces
1830 3428 2014 3483 corpo-

790 3518 907 3561 rtntt
917 3503 1309 3578 pulchritudines
1327 3511 1655 3558 consectatur.

506 3599 596 3653 ll.
634 3597 746 3653 liae
787 3611 913 3668 ergo
957 3598 1304 3667 perversitate
1345 3595 1555 3660 animae,
1600 3609 1718 3665 qua:
1759 3595 2014 3668 contingit

430 3696 654 3760 peccato
676 3695 835 3759 atque
858 3687 1139 3758 supplicio,
1166 3689 1224 3741 lit
1243 3686 1419 3742 omnis
1443 3693 1629 3741 natura
1658 3700 1917 3759 corporea
1950 3688 2014 3742 il-

433 3779 525 3836 lud
553 3779 694 3852 quod
715 3778 1159 3851 perSalomoaem
1173 3776 1399 3834 dicitur:
1428 3775 1637 3834 Venitne
1658 3779 2007 3847 retinentium,

412 3881 481 3928 vet
501 3872 669 3927 omnia
696 3873 909 3928 sonitm.
937 3869 1062 3937 Quae
1083 3868 1393 3924 abundantia
1422 3870 1614 3925 homini
1650 3871 1706 3925 in
1750 3872 1888 3926 omni
1929 3870 2010 3925 la-

433 3960 551 4018 bore
575 3963 703 4033 ejus,
725 3977 822 4032 quo
842 3961 949 4033 ipse
972 3959 1165 4015 laborat
1189 3959 1280 4014 sub
1303 3959 1408 4014 sole
1429 3959 1620 4031 (Eccle.
1651 3975 1689 4027 ι,
1720 3959 1775 4028 2,
1798 3962 1890 4032 τὴν
1907 3960 2012 4018 Ne-

433 4072 537 4128 que
556 4057 699 4113 enim
726 4055 918 4111 frustra
942 4065 1025 4111 est
1041 4053 1297 4119 additum,
1328 4055 1676 4122 vanitantium,
1704 4056 1826 4126 quia
1847 4056 1892 4110 si
1914 4071 2008 4111 va-

431 4150 665 4204 nitantes
684 4146 952 4215 detrahas,
994 4146 1082 4216 qui
1128 4154 1375 4216 tanquam
1402 4145 1573 4216 prima
1601 4154 1871 4202 sectantur
1912 4162 2007 4203 ex-

432 4250 622 4308 trema,
652 4256 757 4297 nou
797 4242 899 4297 erit
914 4240 1118 4311 corpus
1153 4240 1393 4306 vanitas;
1424 4238 1519 4296 sed
1559 4239 1612 4293 in
1656 4252 1753 4295 suo
1789 4252 2003 4319 genere,

432 4335 672 4405 quamvis
698 4340 1011 4398 extremam,
1041 4330 1482 4403 pulchritudinem
1522 4330 1638 4386 sine
1672 4331 1782 4387 ullo
1825 4346 2008 4389 errore

432 4424 767 4482 monstrabit.
796 4422 1187 4494 Temporaliam
1228 4422 1369 4478 enim
1408 4422 1704 4494 specierum
1744 4422 2009 4478 multifor—

431 4517 590 4572 mitas
626 4516 694 4571 ab
731 4516 929 4572 unitate
969 4514 1064 4571 Dei
1104 4513 1373 4571 hominem
1406 4515 1609 4585 lapsum
1647 4516 2006 4586 percarna'les

433 4621 631 4662 sensus.
650 4607 1023 4672 diverberavit,
1049 4614 1103 4661 et
1127 4604 1367 4662 mutabili
1404 4606 1659 4662 varietate
1685 4606 2005 4677 multiplica-

432 4700 513 4755 vit
539 4699 657 4770 ejus
689 4698 967 4755 eiectum:
992 4700 1061 4753 ita
1088 4697 1224 4755 facta
1253 4707 1341 4755 est
1364 4698 1682 4755 abundantia
1719 4698 2001 4767 laboriosa,

433 4800 507 4859 et,
536 4792 580 4847 si
607 4790 713 4847 dici
736 4798 932 4862 potest,
959 4790 1173 4860 copiosa
1209 4798 1436 4861 egestas,
1466 4790 1589 4845 dum
1618 4791 1760 4847 aliud
1784 4798 1839 4847 et
1862 4792 2004 4848 aliud

430 4883 691 4953 sequitur,
720 4891 776 4938 et
800 4882 936 4937 nihil
961 4896 1083 4937 cum
1124 4896 1191 4937 eo
1232 4888 1525 4952 permanet.
1566 4880 1657 4948 Sic
1694 4896 1726 4937 a
1766 4892 2005 4954 tempore

432 4975 711 5041 frumenti,
731 4974 839 5028 vini
863 4981 918 5031 et
946 4973 1049 5030 olei
1072 4974 1155 5030 sui
1178 4973 1559 5045 multiplicatus
1577 4983 1677 5042 est,
1705 4981 1763 5029 ut
1785 4989 1891 5031 non
1918 4976 2003 5031 iu-

429 5068 608 5122 veniat
630 5066 859 5136 idipsum
886 5063 1057 5137 (Psal.
1080 5079 1152 5132 tv,
1176 5064 1232 5133 8,
1262 5064 1340 5138 9),
1362 5066 1415 5121 id
1439 5074 1522 5123 est
1538 5074 1783 5123 naturam
1804 5068 2005 5126 incom-

428 5157 736 5213 mutabilem
758 5156 1176 5229 «singularem,
1208 5170 1366 5228 quam
1390 5167 1602 5215 secutus
1630 5172 1737 5216 non
1765 5170 1926 5230 erret,
1949 5171 2004 5220 et

431 5256 707 5304 assecutus
726 5262 834 5303 non
853 5247 1049 5304 doleat.
1077 5246 1301 5305 Habebit
1324 5250 1466 5305 enim
1487 5251 1645 5305 etiam
1674 5264 2006 5324 consequen-

431 5345 538 5393 tem
566 5338 982 5409 redemptionem
1011 5338 1252 5408 corporis
1277 5338 1359 5394 sui
1384 5336 1556 5411 (Rom.
1582 5353 1695 5408 nn,
1716 5341 1831 5414 25),
1861 5344 2003 5414 quod

489 5471 654 5542 Latna
679 5485 693 5521 :
724 5474 907 5523 Natura
928 5468 1108 5525 scilicet
1128 5482 1374 5536 corporea-
1397 5479 1455 5525 At
1472 5478 1577 5525 tm
1598 5473 1790 5539 decem.
1816 5482 2004 5532 natura!

427 5532 1342 5659 ‘i‘ﬁif'm‘itmmwa.
1364 5603 1470 5647 Mss.
1487 5603 1614 5659 octo.
1635 5597 1893 5653 maledicta
1904 5616 2005 5654 nun

428 5655 744 5730 tiaperitglii
763 5657 859 5730 duo
872 5693 896 5730 ,Α
921 5655 1253 5730 ηιαιεηάοειιῃ
1272 5668 1399 5708 unus
1412 5690 1429 5719 ,
1462 5655 1608 5709 male
1629 5660 1804 5725 ducta;
1825 5663 2005 5729 aliquot

428 5717 1230 5846 ³¹¹Ξί⁷ἒθέ⁶θῗ⁸ίῗιῗῗῗ⁰ερηῗιῗξο⁶ἇϋ
1222 5754 1401 5831 melius
1431 5782 1642 5846 antiquas
1680 5784 1917 5839 editiones
1950 5796 2004 5842 et

428 5848 556 5905 um,
578 5848 798 5907 spectetis.

1480 348 1567 404 DE
1606 347 1791 406 VERA
1828 344 2218 417 RELIGIONE,
2259 350 2313 408 S.
2359 350 2725 415 AUGUSTINI

3626 373 3647 425 l
3660 373 3726 427 40

2134 466 2246 538 jam
2271 485 2375 525 non
2405 483 2795 545 corrumpetur.
2840 471 2991 533 Nunc
3027 491 3157 535 vero
3199 492 3392 553 corpus
3416 482 3560 554 quod
3600 499 3723 540 cor-

2138 563 2404 632 rumpitur
2426 573 2674 637 aggravat
2700 568 2949 636 animum,
2984 577 3039 625 et
3062 569 3309 641 deprimit
3326 580 3538 630 terrena
3566 574 3722 631 inha-

2138 651 2322 708 bitatio
2345 670 2560 712 sensum
2587 659 2752 713 multa
2776 658 3096 731 cogitantem
3121 661 3283 735 '(Sap.
3323 681 3399 732 Ix,
3443 664 3558 735 l5),
3599 669 3721 739 quia

2138 745 2340 814 rapitur
2382 748 2454 801 in‘
2478 747 2718 803 ordinem
2766 752 3116 808 successionis
3162 762 3400 811 extrema
3436 768 3721 827 corporum.

2138 837 2490 906 pulchritudo.
2540 838 2674 895 Nam
2718 840 2838 897 ideo
2866 850 3103 900 extrema
3143 854 3246 913 est,
3285 849 3407 918 quia
3434 849 3590 921 simul
3614 863 3721 905 non

2136 935 2315 997 potest
2342 930 2538 987 habere
2561 932 2769 998 omnia;
2794 932 2889 989 sed
2907 934 3035 990 dum
3061 935 3164 992 alia
3190 936 3387 994 cedunt
3410 948 3569 1009 atque
3597 953 3719 995 suc-

2138 1017 2354 1087 cedunt,
2400 1022 2771 1093 temporalium
2802 1023 3092 1082 formarmu
3139 1043 3421 1085 numerum
3462 1031 3517 1085 in
3561 1042 3720 1086 unam
3764 1016 3767 1018 ’

2135 1110 2582 1179 pulchritudinem
2610 1116 2883 1187 complent
2897 1118 2938 1171 ί.

2134 1200 2360 1261 CAPUT
2396 1205 2563 1263 XXII.
2598 1239 2671 1250 —
2713 1207 2905 1265 Rerum
2948 1213 3316 1268 transeuntium
3352 1213 3720 1270 administratio

2543 1314 2551 1321 -
2630 1298 2750 1353 solis
2776 1300 2948 1371 impiis
2973 1299 3223 1372 displicet.

2202 1384 2292 1439 Β.
2310 1385 2381 1441 Et
2406 1385 2508 1441 hoc
2532 1396 2698 1442 totum
2728 1403 2833 1444 non
2862 1399 3144 1462 propterea
3166 1392 3387 1461 malum,
3407 1394 3529 1465 quia
3548 1402 3704 1452 trans

2134 1476 2194 1532 it.
2217 1478 2306 1533 Sic
2319 1479 2460 1534 enim
2492 1487 2546 1535 et
2581 1495 2765 1537 versus
2785 1482 2837 1536 iu
2854 1496 2951 1537 suo
2968 1499 3162 1554 genere
3180 1484 3401 1557 pulcher
3414 1495 3515 1555 est,
3534 1502 3719 1559 quam-

2134 1570 2217 1625 vis
2239 1570 2357 1624 dure
2395 1571 2612 1644 syllabis
2651 1574 2807 1629 simul
2839 1575 2942 1630 dici
2973 1576 3123 1631 nullo
3161 1577 3321 1632 modo
3347 1579 3573 1649 possint.
3605 1576 3716 1636 Nec

2133 1662 2274 1717 enim
2296 1662 2526 1719 secunda
2556 1666 2879 1731 enuntiatur,
2907 1667 3008 1722 nisi
3034 1669 3205 1738 prima
3231 1669 3528 1737 transierit;
3560 1679 3717 1741 atque

2133 1752 2205 1807 ita
2236 1767 2331 1822 per
2352 1753 2591 1810 ordinem
2620 1756 2922 1825 pervenitur
2944 1757 3010 1812 ad
3040 1759 3221 1827 linem,
3252 1770 3310 1813 ut
3342 1773 3462 1815 cum
3491 1762 3601 1815 sola
3628 1761 3716 1815 ul-

2132 1844 2259 1899 time
2291 1854 2465 1914 sonat,
2498 1862 2605 1902 non
2633 1862 2813 1903 secum
2853 1849 3163 1905 sonantibus
3188 1850 3570 1921 superioribus,
3602 1850 3716 1907 for-

2131 1951 2275 1991 mam
2300 1946 2476 1994 tamen
2507 1947 2562 1994 et
2589 1939 2753 1995 decus
2795 1942 3075 1997 metricum
3114 1956 3235 1998 cum
3276 1943 3560 2014 przcteritis
3588 1961 3715 2001 con-

2130 2034 2274 2083 texta
2297 2030 2556 2099 perﬁciat.
2576 2030 2685 2087 Nec
2710 2032 3027 2089 ideo*tamen
3054 2048 3141 2090 ars
3166 2036 3277 2105 ipsa
3302 2050 3405 2106 qua
3434 2052 3619 2094 versus
3638 2038 3717 2094 fa-

2130 2116 2384 2184 bricatur,
2416 2120 2492 2175 sic
2515 2120 2742 2191 tempori
2767 2121 2995 2178 obnoxia
3021 2130 3124 2190 est,
3162 2131 3220 2179 ut
3244 2125 3577 2195 pulchritudo
3598 2128 3714 2199 ejus

2128 2223 2228 2279 per
2254 2223 2535 2266 mensuras
2581 2228 2850 2268 morarum
2879 2214 3180 2284 digeratur:
3209 2216 3304 2272 sed
3348 2217 3507 2272 simul
3554 2218 3714 2276 habet

2128 2301 2329 2369 omnia,
2371 2303 2563 2373 quibus
2604 2303 2767 2359 efllcit
2793 2320 3007 2360 versum
3056 2322 3162 2361 non
3225 2308 3387 2363 simul
3427 2308 3714 2367 habentem

2127 2394 2326 2460 omnia,
2355 2394 2447 2449 sed
2473 2396 2857 2466 posterioribus
2895 2396 3069 2466 priora
3100 2398 3400 2465 tollentem;
3431 2408 3713 2472 prepterea

2128 2491 2307 2538 tamen
2329 2484 2630 2555 pulchrum,
2658 2486 2779 2556 quia
2801 2495 3042 2544 extrema
3066 2488 3287 2560 vestigia
3313 2490 3453 2546 illius
3480 2491 3713 2562 pulchri-

2128 2576 2329 2631 tudinis
2358 2584 2612 2645 ostentat,
2642 2594 2801 2648 quam
2828 2588 3135 2637 constanter
3176 2587 3334 2653 atque
3362 2582 3713 2641 incommuta-

2126 2667 2306 2723 biliter
2328 2684 2418 2725 ars
2446 2671 2560 2741 ipsa
2579 2672 2830 2728 custodit.

2196 2760 2288 2816 45.
2324 2758 2522 2832 Itaque,
2551 2770 2610 2817 ut
2636 2763 2881 2819 nonnulli
2915 2767 3152 2836 perversi
3178 2766 3346 2840 magis
3373 2775 3555 2824 amant
3581 2782 3705 2825 vcr-

2129 2866 2269 2919 sum,
2308 2864 2466 2924 quam
2510 2864 2679 2910 artem
2707 2855 2877 2926 ipsam
2905 2871 3008 2927 qua
3033 2857 3313 2914 coniicitur
3350 2874 3555 2927 versus,
3585 2859 3708 2931 quia

2124 2944 2247 3014 plus
2285 2958 2346 3000 se
2384 2944 2600 3001 auribus
2637 2961 2796 3018 quam
2844 2948 3205 3020 intelligentia:
3250 2949 3608 3009 dediderunt:
3634 2951 3711 3009 ita

2124 3038 2282 3094 multi
2307 3040 2615 3110 temporalia
2638 3039 2880 3113 diligunt,
2912 3040 3257 3103 conditricem
3285 3056 3415 3101 vero
3435 3056 3498 3100 ac
3525 3044 3713 3102 medea

2123 3131 2376 3187 ratricem
2402 3139 2702 3203 temporum
2729 3132 2960 3189 divinam
2990 3134 3370 3205 providentiam
3401 3148 3505 3192 non
3531 3137 3711 3208 requi-

2121 3232 2281 3290 runt;
2340 3232 2501 3294 atque
2541 3224 2595 3279 in
2638 3224 2752 3294 ipsa
2792 3224 3077 3282 dilectione
3112 3227 3480 3298 temporalium
3523 3229 3708 3285 nolunt

2124 3315 2360 3372 transire
2398 3316 2541 3387 quod
2570 3325 2767 3384 amant,
2812 3325 2868 3372 et
2911 3326 3016 3372 tam
3056 3326 3179 3373 sunt
3213 3318 3444 3387 absurdi‘,
3477 3336 3633 3391 quam
3659 3321 3708 3377 si

2127 3408 2406 3479 quisquam
2433 3408 2488 3462 in
2516 3408 2829 3465 recitatione
2876 3410 3117 3480 preclari
3149 3412 3398 3467 carminis
3426 3428 3582 3468 unam
3608 3414 3707 3469 ali-

2123 3516 2283 3574 quam
2305 3500 2563 3574 syllabam
2590 3502 2756 3557 solam
2785 3511 3039 3574 perpetuo
3061 3504 3222 3560 vellet
3246 3504 3448 3561 audire.
3476 3503 3586 3561 Sed
3625 3514 3706 3560 ta-

2121 3595 2203 3651 les
2228 3595 2497 3651 auditores
2520 3597 2816 3652 carminum
2839 3611 2946 3652 non
2984 3597 3354 3665 inveniuntur;
3386 3596 3577 3655 talibus
3604 3613 3704 3655 au—

2119 3693 2227 3742 tem
2248 3699 2424 3741 rerum
2447 3686 2858 3742 aestimatoribus
2878 3687 3029 3757 plena
3047 3695 3169 3742 sunt
3183 3686 3389 3753 omnia;
3418 3696 3700 3759 propterea

2120 3777 2246 3849 quia
2273 3790 2433 3834 nemo
2477 3783 2578 3843 est,
2610 3774 2701 3848 qui
2731 3790 2838 3833 non
2876 3775 3033 3833 facile
3058 3788 3164 3832 non
3194 3777 3353 3833 modo
3381 3785 3548 3834 totum
3581 3792 3703 3837 vero

2116 3882 2259 3936 sum,
2287 3867 2384 3923 sed
2411 3868 2572 3923 etiam
2600 3875 2770 3922 totum
2817 3880 3032 3923 carmen
3078 3867 3245 3939 possit
3282 3869 3494 3939 audire;
3527 3879 3699 3929 totum

2115 3968 2297 4015 autem
2338 3958 2579 4014 ordinem
2621 3960 2938 4016 saeculorum
2966 3960 3163 4017 sentire
3203 3960 3387 4019 nullus
3424 3964 3699 4023 hominum

2114 4059 2310 4121 potest.
2340 4049 2454 4105 Huc
2477 4050 2681 4106 accedit
2705 4051 2846 4131 quod
2878 4052 3127 4107 carminis
3155 4064 3263 4109 non
3286 4067 3468 4113 sumus
3495 4026 3696 4128 parte/9,

2114 4143 2431 4198 saeculorum
2461 4157 2592 4199 vero
2618 4153 2798 4214 partes
2819 4144 3161 4202 damnatione
3180 4146 3305 4202 facti
3332 4163 3534 4205 sumus.
3563 4149 3697 4207 Illud

2113 4250 2241 4307 ergo
2268 4235 2475 4292 canitur
2498 4235 2599 4291 sub
2619 4235 2820 4306 judicio
2840 4244 3041 4306 nostro,
3065 4237 3165 4293 ista
3184 4248 3509 4311 peraguntur
3531 4240 3599 4298 de
3619 4241 3696 4299 la-

2112 4325 2245 4382 bore
2271 4334 2476 4382 nostro.
2502 4326 2644 4384 Nulli
2670 4336 2847 4384 autem
2863 4328 3003 4385 victo
3026 4328 3137 4385 ludi
3161 4330 3436 4402 agonistici
3462 4332 3689 4402 placent,

2111 4419 2207 4475 sed
2245 4426 2421 4476 tamen
2467 4434 2591 4476 eum
2622 4420 2740 4492 ejus
2782 4420 3045 4479 dedecore
3088 4422 3269 4479 decori
3311 4432 3470 4480 sunt:
3495 4433 3549 4481 et
3572 4424 3690 4484 haec

2110 4514 2253 4569 enim
2280 4513 2521 4586 quedam
2543 4514 2769 4571 imitatio
2787 4515 3023 4570 veritatis
3047 4523 3149 4571 est.
3170 4508 3281 4573 Nec
3305 4517 3374 4572 ob
3396 4498 3538 4573 aliud
3562 4534 3591 4572 a
3615 4527 3695 4574 ιδι-

2109 4605 2249 4662 libus
2279 4606 2624 4677 prohibemur
2663 4607 3001 4679 spectaculis,
3032 4609 3134 4665 nisi
3161 4622 3230 4665 ne
3258 4610 3462 4667 umbris
3505 4627 3687 4671 rerum

2110 4698 2339 4769 decepti,
2362 4699 2431 4756 ab
2450 4699 2578 4771 ipsis
2598 4699 2759 4755 rebus
2778 4712 3002 4771 quarum
3027 4700 3135 4757 illa
3153 4703 3355 4757 umbris
3374 4711 3517 4774 sunt,
3536 4705 3694 4761 aber-

2109 4803 2309 4845 remus.
2340 4788 2415 4845 lta
2440 4789 2807 4847 universitatis
2835 4789 2993 4861 hujus
3017 4791 3252 4849 conditio
3278 4802 3437 4865 atque
3463 4794 3690 4851 admini-

2109 4883 2316 4950 stratio,
2344 4883 2474 4939 solis
2499 4880 2677 4953 impiis
2714 4882 2906 4938 animis
2934 4884 3300 4959 damnatisque
3342 4898 3447 4943 non
3477 4888 3687 4960 placet;

2107 4973 2205 5031 sed
2226 4974 2384 5029 etiam
2404 4988 2525 5030 cum
2549 4972 2762 5030 miseria
2781 4988 2965 5031 earum
2980 4976 3023 5041 ἰ
3042 4976 3222 5034 multis
3247 4979 3333 5035 vel
3355 4980 3410 5035 in
3438 4986 3575 5036 terra
3603 4981 3690 5037 vi-

2109 5067 2376 5133 ctricibus,
2396 5067 2481 5124 vel
2501 5067 2554 5123 in
2568 5068 2707 5123 cmlo
2726 5068 2847 5124 sine
2865 5070 3099 5139 periculo
3114 5074 3472 5142 spectantibus
3487 5075 3683 5147 placet:

2109 5157 2241 5214 nihil
2263 5157 2407 5213 cnim
2429 5158 2631 5229 justum
2658 5156 2903 5227 displicet
2918 5157 3082 5229 justo.
3474 5170 3479 5177 '

2272 5268 2503 5329 CAPUT
2543 5266 2732 5328 XXI“.
2759 5302 2835 5314 —
2859 5270 3037 5330 Omnis
3058 5274 3336 5334 substantia
3368 5278 3519 5338 bella.

2112 5366 2123 5435 ξ
2178 5364 2270 5421 44.
2298 5362 2574 5433 Quocirca,
2603 5372 2724 5419 cum
2750 5364 2925 5421 omnis
2944 5365 3120 5423 anima
3148 5370 3420 5427 rationalis
3438 5381 3530 5429 aut
3554 5387 3684 5445 pec-

2172 5543 2422 5622 Late
2446 5543 2689 5622 plerique.
2712 5550 2770 5596 At
2790 5549 2866 5597 ur.
2903 5552 3016 5600 nov.
3041 5554 3095 5600 et
3113 5554 3221 5600 Am.
3236 5586 3253 5614 ,
3274 5560 3495 5605 mmteros
3513 5554 3564 5607 tu
3579 5553 3688 5622 pul-

2107 5602 2426 5659 chritudinem
2442 5602 2581 5668 comp

2164 5668 2192 5738 ,ι
2218 5673 2289 5738 Er.
2316 5674 2368 5717 et
2389 5674 2470 5719 us.
2495 5667 2795 5738 casalensis:
2820 5669 2913 5738 sed
2941 5676 3087 5738 etiam
3377 5672 3554 5731 sanctis
3574 5690 3688 5731 cson

2320 5741 2505 5801 certon.
2527 5737 2658 5793 Lov.,
2675 5731 2761 5783 sed
2782 5731 3226 5801 etiarnanimqttbus
3244 5727 3418 5791 me.
3580 5727 3685 5792 eis;

2108 5795 2255 5863 Iouis
2275 5791 2592 5856 interpolatus
2602 5791 2799 5906 ﬁnem
2825 5802 2934 5847 Mss.
2962 5796 3187 5910 ﬂictus
3218 5813 3408 5877 uection

2108 5852 2602 5906 Bad.etArn.slcex
2688 5858 2962 5909 ent:sede
3100 5865 3558 5926 ultumum.
