4056 6470
282 439 377 495 iii
1684 435 1886 493 LIBER
1926 433 2123 494 UNUS.

279 536 419 587 catis
449 533 560 587 suis
608 533 803 588 misera
848 532 934 600 sit,
983 540 1072 588 aut
1098 540 1242 588 recte
1273 531 1421 588 faelis
1464 529 1652 596 beata;
1693 530 1868 586 omnis

276 638 463 682 autem
511 629 829 683 irrationalis
875 637 965 682 aut
1007 627 1160 683 cedat
1209 627 1510 698 potentiori,
1556 631 1645 680 aut
1693 632 1874 696 pareat

276 721 514 784 meliori,
543 732 630 775 aut
654 729 989 792 comparetur
1017 719 1226 791 :equali,
1255 728 1345 774 aut
1371 715 1699 774 certantem‘
1718 734 1874 773 exer-

277 825 400 867 ceat
436 814 474 882 ¹,
517 823 607 869 aut
648 814 899 869 damnato
952 822 1174 878 noceat;
1223 823 1276 869 et
1324 828 1481 866 omne
1525 827 1718 882 corpus
1760 826 1869 867 suae

276 905 479 958 anima:
524 907 740 973 serviat,
768 912 1020 977 quantum
1049 919 1147 976 pro
1173 905 1286 974 ejus
1319 904 1543 970 meritis,
1574 913 1627 959 et
1657 920 1750 973 pro
1781 921 1867 958 re-

277 1009 403 1048 rum
435 996 621 1051 ordine
664 997 854 1052 sinitur
883 1015 896 1051 :
936 997 1138 1052 nullum
1170 997 1364 1051 malum
1404 1005 1484 1050 est
1518 1006 1718 1050 natum
1748 996 1870 1050 uni-

278 1099 474 1149 versae,
523 1086 617 1141 sed
649 1103 743 1142 sua
778 1090 968 1158 cuique
996 1087 1146 1158 culpa
1175 1087 1233 1142 ﬁt
1275 1086 1490 1142 malum.
1540 1087 1702 1142 Porro
1748 1103 1867 1141 cum

275 1176 461 1230 anima
490 1190 582 1245 per
624 1178 719 1234 Dei
765 1179 986 1249 gratiam
1033 1188 1365 1250 regenerata,
1410 1186 1463 1235 et
1509 1179 1560 1234 in
1607 1179 1866 1250 integrum

274 1268 550 1334 restituta,
576 1275 626 1323 ct
648 1269 718 1323 illi
737 1269 942 1325 subdita
965 1270 1055 1325 uni
1080 1285 1109 1325 a
1134 1287 1238 1341 quo
1265 1280 1344 1326 est
1363 1281 1559 1336 creata,
1579 1271 1868 1325 instaurate

275 1360 442 1414 etiam
470 1377 694 1432 corpore
712 1363 764 1418 in
778 1365 1051 1434 pristinam
1066 1365 1387 1429 firmitatem,
1413 1383 1516 1420 non
1531 1381 1648 1419 cum
1673 1365 1867 1420 mundo

274 1452 564 1520 possideri,
604 1454 698 1508 sed
736 1453 987 1510 mundum
1027 1456 1296 1526 possidere
1334 1459 1573 1527 cmperit,
1597 1455 1795 1510 nullum
1818 1456 1866 1512 ei

272 1543 478 1607 malum
500 1548 766 1618 erit:quia
795 1549 896 1603 ista
924 1550 1100 1604 inﬁma
1140 1549 1475 1620 pulchritudo
1493 1543 1864 1619 temporalium

275 1625 848 1716 vicissitudinum,qum
869 1658 986 1696 cum
1007 1643 1116 1711 ipsa
1135 1631 1502 1712 peragebatur,
1521 1643 1739 1711 subipsa
1755 1657 1866 1712 per-

281 1737 504 1798 agetur;
538 1735 594 1786 et
618 1733 742 1799 erit,
777 1741 830 1787 ut
850 1735 1101 1804 scriptum
1125 1745 1226 1800 est,
1250 1732 1440 1788 Cretum
1462 1750 1639 1787 novum
1661 1742 1701 1785 et
1733 1742 1865 1786 terra

273 1837 408 1874 noro
428 1817 576 1895 (Isai.
607 1841 726 1890 va,
748 1827 831 1891 i7,
859 1836 903 1880 et
924 1827 1079 1899 Apoc.
1098 1841 1216 1893 ut,
1241 1827 1314 1896 l),
1335 1842 1440 1880 non
1466 1826 1515 1878 in
1545 1835 1692 1896 parte
1717 1825 1863 1879 labo-

272 1911 520 1968 rantibus
547 1916 755 1983 animis,
785 1916 877 1972 sed
905 1918 956 1972 in
988 1917 1328 1972 universitate
1353 1917 1712 1986 regnantibus.
1749 1914 1863 1971 0m-

275 2004 362 2055 nia
385 2006 526 2059 enim
559 2017 738 2070 vestro,
768 2009 932 2078 inquit
965 2007 1270 2077 Apostolus,
1314 2025 1398 2062 vos
1429 2017 1595 2061 autent
1634 2006 1821 2062 Christi
1843 2050 1857 2076 ,

275 2092 510 2150 Christus
540 2105 705 2150 autem
739 2097 830 2152 Dei
854 2099 904 2168 (l
935 2098 1049 2153 Cor.
1077 2097 1274 2173 111,22)
1310 2117 1321 2153 :
1351 2108 1423 2166 et,
1453 2099 1613 2169 Caput
1642 2099 1862 2153 mulieris

271 2185 368 2250 vir,
403 2197 553 2255 caput
585 2188 676 2242 viri
705 2187 972 2255 Christus;
1009 2195 1155 2260 caput
1185 2197 1348 2243 autent
1375 2188 1560 2244 Christi
1588 2188 1722 2243 Deus
1750 2188 1858 2264 (Id.

274 2291 355 2342 ιι,
385 2277 464 2348 ὅ).
491 2278 752 2347 Quoniam
780 2282 938 2352 igitur
962 2283 1144 2337 vitium
1173 2283 1359 2336 anima:
1386 2297 1490 2336 non
1519 2290 1701 2336 natura
1724 2282 1858 2350 ejus,

270 2367 370 2422 sed
399 2377 586 2424 contra
614 2379 853 2427 naturam
883 2373 998 2443 ejus
1023 2383 1122 2440 est,
1157 2369 1390 2443 nihilque
1428 2373 1567 2428 aliud
1596 2377 1677 2428 est
1702 2389 1859 2444 quam

269 2469 552 2529 peccatum
595 2469 646 2519 et
676 2480 825 2534 poma
870 2467 1110 2534 peccati;
1156 2465 1276 2520 inde
1317 2465 1622 2535 intelligitur
1663 2465 1860 2520 nullam

269 2561 540 2620 naturam,
574 2556 678 2621 vel,
719 2557 762 2610 si
793 2557 979 2612 melius
1018 2557 1088 2612 ita
1129 2557 1340 2623 dicitur,
1383 2555 1581 2611 nullam
1612 2555 1858 2610 substan-

269 2643 400 2697 tiam
432 2646 550 2700 sive
591 2647 875 2702 essentiam
903 2648 1098 2701 malum
1129 2663 1266 2702 esse.
1315 2646 1495 2718 Neque
1536 2647 1602 2702 de
1633 2646 1861 2717 pedcatis

269 2737 556 2806 pastusque
582 2738 694 2808 ejus
719 2739 910 2793 anima:
932 2738 1176 2800 efﬁcitur,
1211 2747 1264 2792 ut
1294 2738 1610 2793 universitas
1638 2738 1740 2792 ulla
1767 2736 1861 2792 de-

268 2822 546 2882 formitate
572 2831 829 2900 turpetur.
861 2829 990 2896 Quia
1021 2829 1288 2883 rationalis
1309 2827 1623 2893 substantia,
1649 2843 1766 2898 quae
1793 2829 1860 2883 ab

267 2919 416 2974 omni
448 2928 667 2990 peccato
693 2921 888 2975 munda
915 2929 1016 2986 est,
1053 2911 1158 2975 Deo
1188 2921 1446 2990 subjecta,
1475 2919 1728 2989 subjectis
1758 2919 1857 2974 sibi

268 3013 483 3068 caeteris
506 3012 826 3067 dominatur.
858 3012 931 3068 Ea
953 3027 1078 3067 vero
1098 3027 1216 3082 quae
1238 3012 1492 3081 peccavit,
1518 3010 1588 3065 ibi
1617 3007 1858 3066 ordinata

269 3113 374 3170 est,
408 3101 497 3158 ubi
529 3110 648 3160 esse
679 3105 811 3161 tales
837 3103 1006 3172 decet,
1042 3113 1098 3159 ut
1136 3105 1245 3160 Deo
1284 3105 1558 3160 conditore
1587 3115 1743 3176 atque
1769 3119 1858 3160 re-

269 3204 421 3252 ctore
448 3198 806 3253 universitatis
834 3197 1026 3254 decora
1056 3199 1163 3255 sint
1191 3199 1384 3253 omnia.
1415 3199 1481 3255 Et
1510 3207 1590 3254 est
1620 3197 1856 3269 pulchri-

181 3342 202 3362 κ
269 3287 401 3347 tudo
449 3291 710 3344 universm
749 3301 1006 3345 creatura:
1049 3305 1140 3360 per
1183 3289 1296 3344 hzec
1337 3291 1436 3345 tria
1483 3289 1854 3360 inculpabilis;

267 3379 669 3438 damnationem
710 3389 1065 3453 peccatorum,
1097 3383 1531 3439 exercitationem
1567 3383 1852 3454 justorum,

269 3477 659 3545 perfectionem
689 3477 982 3532 beatorum.

266 3565 503 3623 CAPUT
543 3565 731 3624 XXIV.
758 3600 830 3611 —
860 3569 1063 3640 Duplici
1106 3569 1186 3623 via
1213 3568 1365 3623 saluti
1391 3567 1606 3622 hominis
1641 3568 1855 3622 consuli-

343 3669 445 3727 tur,
494 3663 788 3716 auctoritale
816 3672 860 3716 et
888 3663 1079 3715 ratione
1108 3678 1127 3715 :
1155 3678 1213 3715 ac
1256 3661 1417 3731 primo
1456 3660 1518 3713 de
1545 3658 1855 3714 auctoritatis

343 3749 568 3805 subsidio
595 3753 763 3822 agitur
787 3770 943 3826 usque
970 3753 1036 3806 ad
1072 3761 1221 3824 caput
1246 3753 1334 3807 ‘29.

343 3843 433 3897 43.
467 3843 822 3909 Quamobrem
846 3846 954 3914 ipsa
984 3859 1194 3914 quoque
1215 3845 1404 3898 animae
1427 3843 1708 3910 medicina,
1735 3856 1853 3914 qua:

265 3934 447 3989 divina
479 3936 809 4006 providentia
847 3945 900 3991 ct
939 3936 1191 3991 ineffabili
1240 3936 1582 3991 beneficentia
1613 3935 1811 4006 geritur
1835 3979 1849 4004 ,

265 4025 531 4097 gradatim
579 4027 930 4097 distincteque
969 4027 1319 4098 pulcherrima
1369 4035 1468 4082 est.
1517 4025 1853 4080 Distribuitur

265 4117 415 4173 enim
469 4120 519 4172 in
577 4119 944 4175 auctoritatem
1007 4127 1164 4190 atque
1210 4120 1491 4176 rationem.
1550 4119 1851 4174 Auctoritas

266 4209 432 4263 ﬁdem
463 4205 683 4280 ﬂagitat,
707 4219 762 4266 et
790 4211 980 4266 rationi
1009 4219 1265 4281 praeparat
1290 4212 1578 4266 hominem.
1608 4211 1760 4266 Ratio
1787 4209 1850 4265 ad

265 4301 604 4356 intellectum
636 4301 1097 4374 cognitionemque
1135 4305 1390 4373 perducit.
1419 4305 1728 4374 Quanquam
1755 4317 1849 4359 ne-

265 4407 373 4462 que
390 4395 761 4448 auctoritatem
787 4396 920 4450 ratio
938 4396 1144 4464 penitus
1165 4395 1376 4460 deserit,
1403 4409 1522 4450 cum
1544 4394 1849 4449 considera—

264 4491 355 4538 tur
384 4485 469 4537 cui
501 4485 569 4538 sit
592 4485 910 4539 credendum
938 4502 952 4551 ;
985 4491 1037 4540 et
1059 4493 1202 4540 certe
1232 4496 1437 4540 summa
1458 4494 1540 4540 est
1563 4485 1726 4555 ipsius
1741 4485 1849 4555 jam

261 4575 497 4643 cognitre
554 4584 712 4644 atque
767 4577 1054 4646 perspicuae
1110 4571 1348 4632 veritatis
1394 4578 1694 4632 auctoritas.
1741 4579 1846 4634 Sed

263 4665 389 4735 quia
429 4665 483 4720 in
531 4669 842 4736 temporalia
878 4668 1208 4736 devenimUS,
1241 4675 1294 4723 et
1337 4683 1523 4724 eorum
1566 4679 1746 4726 amore
1785 4673 1850 4726 ab

265 4761 486 4816 aeternis
532 4759 870 4829 impedimur,
914 4760 1153 4830 qutedam
1202 4760 1508 4830 temporalis
1553 4759 1846 4826 medicina,

264 4865 388 4921 quzc
422 4863 528 4905 non
580 4851 827 4917 scientes,
871 4852 961 4906 sed
993 4849 1269 4906 credentes
1315 4849 1379 4904 ad
1409 4849 1628 4905 salutem
1676 4860 1846 4917 vocat,

265 4957 374 4998 non
405 4951 613 5004 natura:
641 4952 694 4997 et
717 4943 1042 4998 excellentia:
1069 4943 1111 5009 ¹,
1143 4942 1233 4996 sed
1280 4943 1442 5012 ipsius
1482 4944 1736 5013 temporis
1766 4959 1850 4997 or-

264 5035 392 5091 dine
424 5035 575 5106 prior
603 5044 703 5091 est.
749 5035 880 5090 Nam
911 5037 961 5089 in
993 5047 1150 5106 quem
1181 5035 1356 5090 locum
1399 5036 1618 5112 quisque
1645 5035 1852 5090 cecide-

264 5129 356 5191 rit,
390 5127 464 5180 ibi
494 5127 651 5182 debet
677 5126 978 5182 incumbere
999 5133 1054 5182 ut
1081 5133 1278 5198 surgat.
1308 5127 1445 5195 Ergo
1471 5127 1598 5196 ipsis
1623 5127 1846 5182 carnali-

264 5219 368 5274 bus
400 5218 610 5286 formis,
657 5219 846 5290 quibus
885 5217 1203 5285 detinemur,
1237 5218 1509 5273 nitendum
1539 5227 1636 5282 est,
1667 5219 1732 5272 ad
1759 5232 1849 5274 eas

264 5311 670 5380 cognoscendas
708 5325 839 5382 quas
864 5323 987 5366 caro
1015 5319 1118 5365 hon
1163 5310 1386 5364 nuntiat.
1420 5309 1522 5363 Eas
1555 5309 1695 5364 enim
1735 5323 1848 5364 car-

261 5402 420 5457 nales
461 5415 614 5468 voco,
659 5413 776 5472 quae
821 5411 916 5472 per
945 5415 1158 5456 carnem
1202 5399 1384 5456 sentiri
1413 5412 1629 5470 queunt,
1674 5399 1724 5454 id
1769 5408 1849 5456 est

259 5509 364 5564 per
409 5493 617 5562 oculos,
651 5507 744 5563 per
784 5507 957 5560 aures,
1003 5501 1331 5562 caeterosque
1371 5493 1610 5563 corporis
1639 5503 1845 5547 sensus.

201 5631 206 5636 ,
257 5584 361 5640 llis
390 5599 522 5655 ergo
547 5583 847 5640 carnalibus
872 5583 958 5640 vel
986 5583 1348 5655 corporalibus
1375 5581 1560 5638 formis
1590 5581 1848 5638 inhaerere

329 5749 348 5780 ι
373 5754 488 5797 Lor.
535 5752 587 5796 et
628 5755 738 5796 Am.
757 5777 774 5806 ,
809 5751 1070 5797 certamen.
1114 5745 1208 5796 sed
1237 5745 1518 5797 concinnius
1548 5743 1656 5794 and.
1697 5749 1770 5793 Er.
1797 5750 1850 5795 et

252 5817 372 5906 κῆ.
396 5817 525 5867 octo,
549 5814 826 5880 certarum.
1257 5875 1262 5882 '
1413 5869 1424 5880 .

370 5877 467 5906 Mm
504 5869 816 5906 “immnlnrm
856 5881 950 5906 nm
965 5876 1152 5906 nnlurm
1173 5867 1421 5906 prrollmh

504 5869 834 5934 quarnplures,
855 5881 950 5921 non
965 5876 1152 5920 natura
1173 5867 1470 5921 exc'ellemia.

3459 449 3560 504 H2

1980 543 2159 582 amore
2200 542 2389 597 pueros
2418 544 2633 585 necesse
2671 540 2783 597 est;
2824 531 3189 590 adolescentes
3213 551 3340 592 vero
3381 555 3545 609 prope

1980 637 2196 677 necesse
2225 631 2338 690 est;
2372 623 2494 679 hinc
2518 625 2626 695 jam
2667 625 2982 696 procedente
3008 634 3166 684 astate
3190 643 3299 685 non
3337 640 3420 687 est
3453 648 3548 689 nec

1977 729 2149 769 CCSSC.

1977 805 2204 865 CAPUT
2244 809 2405 866 XXV.
2427 843 2498 852 --
2523 814 2745 878 Quorum
2786 812 3042 868 hominum
3065 829 3150 869 seu
3180 816 3418 872 librorum
3449 837 3548 873 (m-

2293 905 2505 957 ctoritati
2534 905 2596 958 de
2621 903 2716 958 Dei
2742 905 2877 959 cultu
2912 904 3231 962 credendum.

2048 990 2136 1047 ιϐ.
2178 991 2436 1059 Quoniam
2463 995 2618 1065 igitur
2646 996 2820 1050 divina
2854 997 3198 1065 providentia,
3238 1014 3344 1055 non
3370 1002 3546 1057 solum

1975 1084 2194 1154 singulis
2224 1085 2526 1144 hominibus
2559 1091 2707 1159 quasi
2738 1090 3001 1159 privatim,
3033 1091 3126 1144 sed
3173 1093 3417 1149 universo
3455 1101 3549 1166 ge-

1975 1175 2087 1230 neri
2134 1175 2365 1232 humano
2409 1186 2653 1250 tanquam
2701 1181 2908 1250 publice
2955 1182 3212 1249 consulit;
3261 1183 3384 1253 quid
3425 1201 3545 1241 cum

1975 1265 2194 1335 singulis
2219 1276 2420 1338 agatur,
2445 1269 2583 1324 Deus
2608 1271 2696 1340 qui
2734 1271 2837 1342 agit
2867 1279 3026 1342 atque
3064 1273 3164 1342 ipsi
3191 1287 3309 1328 cum
3351 1276 3544 1346 quibus

1971 1356 2144 1425 agitur
2164 1359 2351 1414 sciunt.
2383 1360 2516 1426 Quid
2539 1367 2710 1415 autem
2733 1369 2915 1432 agatur
2933 1377 3052 1418 eum
3074 1378 3268 1435 genere
3289 1365 3541 1436 humano,

1970 1463 2066 1519 per
2095 1445 2364 1507 historiam
2392 1454 2751 1510 commendari
2779 1457 2959 1520 voluit,
2986 1468 3039 1512 et
3065 1473 3159 1529 per
3186 1461 3537 1532 prophetiam.

1970 1544 2360 1616 Temporalium
2400 1558 2573 1604 autem
2606 1566 2778 1605 rerum
2813 1551 2959 1615 fides,
2992 1552 3103 1607 sive
3130 1555 3537 1624 prieteritarum,

1969 1637 2083 1692 sive
2126 1636 2444 1708 futurarum,
2494 1642 2659 1713 magis
2694 1643 2958 1697 credendo
2999 1649 3154 1714 quam
3200 1646 3546 1717 intelligendo

1968 1729 2127 1784 valet.
2157 1727 2259 1786 Sed
2287 1739 2523 1787 nostrum
2555 1739 2635 1788 est
2663 1734 3019 1800 considerare,
3048 1736 3238 1805 quibus
3264 1739 3345 1792 vel
3372 1737 3542 1794 homi-

1967 1820 2121 1875 nibus
2166 1822 2247 1876 vel
2292 1823 2440 1877 libris
2485 1824 2804 1880 credendum
2853 1826 2920 1879 sit
2964 1820 3030 1878 ad
3074 1826 3353 1881 colendum
3402 1833 3545 1886 recte

1966 1909 2154 1978 Deum,
2182 1928 2299 1982 qua:
2321 1928 2423 1968 una
2452 1915 2595 1969 salus
2621 1923 2721 1970 est.
2751 1913 2917 1984 Hujus
2943 1917 3015 1972 rei
3039 1919 3204 1986 prima
3228 1917 3545 1988 disceptatio

1967 2012 2067 2067 est,
2111 2011 2286 2059 utrum
2316 2005 2381 2060 iis
2419 2007 2592 2076 potius
2625 2005 2925 2072 credamus,
2957 2008 3045 2076 qui
3075 2007 3139 2062 ad
3168 2009 3364 2065 multos
3389 2009 3540 2080 deos,

1965 2106 2031 2147 an
2062 2093 2126 2148 iis
2153 2095 2240 2165 qui
2267 2095 2332 2150 ad
2361 2110 2522 2151 unum
2551 2097 2715 2154 Deum
2744 2097 3022 2152 colendum
3052 2113 3150 2154 nos
3178 2108 3385 2155 vocant.
3414 2101 3543 2168 Quis

1965 2183 2169 2240 dubitet
2197 2200 2290 2240 eos
2333 2187 2663 2256 potissimum
2693 2189 2989 2260 sequendos
3035 2190 3123 2260 qui
3149 2190 3213 2245 ad
3248 2207 3407 2246 unum
3451 2208 3544 2247 vo-

1965 2287 2105 2347 cant,
2150 2281 2442 2349 praesertim
2478 2289 2595 2337 cum
2636 2281 2711 2336 illi
2741 2283 3028 2337 tnultorum
3063 2284 3313 2350 cultores,
3345 2287 3412 2341 de
3442 2286 3543 2342 hoc

1965 2385 2072 2424 uno
2114 2371 2336 2427 Domino
2383 2381 2693 2428 cunctorum
2733 2382 2788 2428 et
2825 2377 3032 2430 rectore
3073 2376 3448 2431 consentiant?
3488 2385 3541 2434 et

1964 2470 2108 2516 certe
2129 2461 2194 2517 ab
2221 2479 2324 2518 uno
2351 2464 2532 2534 incipit
2552 2471 2822 2520 numerus.
2853 2465 3008 2522 Prius
3021 2473 3148 2537 ergo
3171 2468 3257 2522 isti
3281 2469 3535 2540 sequendi

1963 2562 2106 2618 sunt,
2138 2555 2225 2623 qui
2262 2569 2425 2609 unum
2450 2555 2614 2610 Deum
2645 2571 2910 2611 summum
2935 2558 3105 2612 solum
3132 2571 3315 2614 verum
3350 2560 3536 2628 Deum,

1965 2651 2018 2697 et
2044 2643 2213 2698 solum
2252 2644 2530 2700 colendum
2570 2661 2690 2701 esse
2717 2645 2918 2701 dicunt.
2962 2646 3018 2704 Si
3047 2649 3185 2718 apud
3222 2649 3318 2705 hos
3344 2651 3540 2708 veritas

1967 2749 2074 2788 non
2105 2733 2349 2801 eluserit,
2379 2745 2486 2790 tum
2518 2736 2728 2792 demum
2771 2736 3097 2808 migrandum
3125 2748 3207 2793 est
3247 2738 3343 2811 (α).
3389 2738 3538 2796 Sleut

1963 2828 2102 2882 enim
2133 2828 2181 2880 iu
2212 2828 2322 2898 ipsa
2353 2841 2528 2884 rerum
2560 2835 2743 2884 natura
2774 2831 2944 2899 major
2968 2839 3048 2884 est
3071 2831 3356 2886 auctoritas
3382 2833 3536 2888 utrius

1965 2919 2029 2972 ad
2060 2934 2219 2972 unum
2267 2919 2441 2974 omnia
2488 2920 2796 2991 redigentis,
2830 2935 2926 2976 nec
2969 2921 3022 2975 in
3064 2935 3261 2992 genere
3307 2923 3540 2978 humano

1965 3011 2316 3068 multitudinis
2365 3014 2466 3068 ulla
2511 3014 2746 3084 potentia
2787 3021 2866 3068 est
2909 3014 3011 3068 nisi
3053 3016 3454 3084 consentientis,
3487 3017 3538 3071 id

1962 3112 2043 3158 est
2085 3111 2243 3157 unum
2291 3103 2566 3159 sentientis
2598 3121 2612 3158 :
2641 3103 2711 3158 ita
2740 3104 2793 3159 in
2839 3104 3092 3174 religione
3120 3105 3210 3174 qui
3252 3105 3318 3160 ad
3367 3114 3530 3160 unum

1961 3205 2172 3264 vocant,
2203 3182 2386 3252 eorum
2432 3199 2601 3268 major
2632 3205 2688 3254 et
2726 3198 2830 3254 ﬁde
2859 3198 3066 3268 dignior
3095 3204 3213 3255 ease
3241 3199 3400 3256 debet
3439 3215 3535 3254 au-

1961 3287 2201 3344 ctoritas.

2031 3381 2120 3436 47.
2164 3381 2343 3437 Altera
2383 3382 2734 3438 consideratio
2765 3389 2845 3438 est
2888 3381 3230 3438 dissensionis
3275 3385 3391 3454 ejus
3417 3397 3535 3455 qua:

1959 3473 2027 3529 de
2054 3475 2210 3528 unius
2242 3473 2334 3528 Dei
2363 3474 2504 3528 cultu
2531 3473 2667 3528 inter
2695 3473 2931 3529 homines
2954 3481 3068 3528 orta
3096 3482 3195 3529 est.
3246 3474 3351 3530 Sed
3380 3491 3533 3533 acce-

1959 3566 2153 3637 pimus,
2184 3566 2412 3636 majores
2443 3576 2651 3620 nostros
2682 3581 2746 3620 eo
2770 3565 2935 3637 gradu
2967 3564 3089 3620 ﬁdei
3117 3563 3157 3632 ί,
3189 3580 3294 3636 quo
3323 3581 3352 3620 a
3393 3576 3531 3623 tein-

1935 3657 2228 3728 .poralibus
2253 3655 2317 3711 ad
2353 3666 2549 3712 :eterna
2592 3655 2984 3724 conscenditur,
3031 3655 3252 3711 visibilia
3280 3657 3532 3712 miracula

1963 3749 2090 3820 (non
2118 3751 2257 3804 enim
2287 3748 2438 3804 aliter
2468 3751 2732 3820 poterant)
2771 3756 2980 3804 secutos
3013 3762 3132 3806 esse
3161 3766 3172 3802 :
3206 3763 3300 3818 per
3327 3765 3458 3819 quos
3480 3751 3530 3804 id

1957 3849 2134 3895 actum
2182 3850 2279 3906 est,
2331 3851 2386 3896 ut
2425 3841 2722 3896 necessaria
2752 3856 2856 3895 non
2896 3851 3076 3896 essent
3105 3842 3348 3911 posteris.
3398 3842 3528 3896 Cum

1957 3937 2099 3990 enim
2146 3935 2376 3990 Ecclesia
2406 3934 2662 3990 catholica
2705 3949 2798 4004 per
2825 3942 2991 3988 totum
3017 3935 3198 3989 orbem
3239 3934 3422 3989 diﬁusa
3452 3945 3530 3989 at-

1956 4043 2059 4097 que
2089 4025 2298 4081 fundata
2337 4026 2426 4093 sit,
2464 4041 2562 4082 nec
2591 4026 2841 4081 miracula
2880 4025 2966 4080 illa
3002 4025 3052 4079 iu
3086 4035 3262 4080 nostra
3293 4036 3528 4097 tempora

1957 4119 2148 4175 durare
2196 4121 2453 4191 permissa
2497 4128 2640 4188 sunt,
2686 4135 2753 4176 ne
2790 4119 2998 4175 animus
3046 4134 3256 4190 semper
3299 4122 3524 4178 visibilia

1957 4219 2238 4283 qua-reret,
2284 4221 2338 4268 et
2381 4227 2564 4266 eorum
2590 4211 2966 4266 consuetudine
3008 4210 3315 4280 frigesceret
3361 4229 3526 4284 genus

1959 4304 2269 4371 humanum,
2317 4319 2538 4374 quorum
2570 4303 2801 4358 novitate
2845 4301 3081 4372 flagravit
3126 4302 3202 4376 (b)
3234 4322 3248 4357 :
3275 4319 3374 4359 nec
3415 4305 3526 4375 jam

1957 4397 2112 4453 nobis
2153 4397 2367 4451 dubimu
2413 4411 2532 4451 esse
2571 4400 2780 4466 oportet
2816 4394 2880 4448 iis
2917 4409 3034 4448 esse
3063 4393 3406 4461 credendum,
3435 4396 3527 4466 qui

1955 4503 2073 4544 cum
2094 4503 2150 4542 ea
2180 4485 2526 4558 praedicarent
2557 4502 2672 4555 quae
2696 4485 2844 4553 pauci
2869 4493 3243 4553 assequuntur,
3266 4499 3325 4540 se
3353 4493 3526 4542 tamen

1955 4578 2250 4648 sequendos
2279 4577 2489 4648 populis
2526 4575 2843 4646 persuadere
2871 4583 3170 4646 potuerunt.
3211 4576 3361 4634 Nunc
3384 4579 3526 4634 enim

1957 4671 2128 4741 agitur
2165 4671 2354 4740 quibus
2392 4667 2715 4722 credendum
2760 4667 2848 4734 sit,
2893 4675 3172 4737 antequam
3207 4669 3429 4740 quisque
3457 4671 3527 4726 sit

1955 4765 2174 4819 idoneus
2223 4761 2464 4818 ineundae
2508 4759 2695 4816 rationi
2738 4759 2803 4815 de
2842 4760 3033 4816 divinis
3073 4769 3128 4816 et
3174 4761 3526 4818 invisibilibus

1955 4857 2146 4923 rebus;
2179 4871 2299 4910 nam
2332 4856 2427 4925 ipsi
2474 4854 2664 4909 rationi
2708 4856 3022 4926 purgatioris
3068 4856 3280 4921 animae,
3313 4872 3429 4926 quae
3459 4857 3523 4909 ad

1955 4948 2285 5017 perspicuam
2311 4947 2580 5000 veritatem
2605 4947 2864 5014 pervenit,
2892 4945 3037 4997 nullo
3054 4941 3212 4998 modo
3237 4947 3526 5000 auctoritas

1955 5038 2182 5092 humana
2237 5039 2558 5108 praeponitur
2603 5054 2614 5088 :
2662 5035 2752 5090 sed
2801 5035 2866 5089 ad
2912 5033 3047 5089 hanc
3092 5035 3231 5091 nulla
3279 5037 3524 5106 superbia

1955 5128 2193 5197 perducit
2215 5129 2256 5180 ².
2306 5125 2434 5193 Quae
2479 5127 2657 5182 sinon
2698 5133 2857 5191 esset,
2903 5139 3007 5179 non
3039 5134 3218 5180 essent
3251 5126 3522 5192 haeretici,

1954 5236 2126 5290 neque
2144 5219 2482 5286 schismatici,
2510 5234 2607 5273 nec
2628 5233 2788 5274 carne
2803 5219 3118 5286 circumcisi,
3147 5229 3244 5273 nec
3267 5227 3524 5274 creaturae

1953 5315 2457 5382 simulacrorumque
2499 5310 2749 5365 cultores.
2801 5308 2865 5363 Hi
2907 5319 3081 5364 autem
3123 5309 3166 5364 si
3206 5322 3311 5363 non
3344 5323 3524 5366 essent
3578 5352 3583 5358 -

1952 5411 2077 5460 ante
2104 5402 2477 5474 perfectionem
2508 5399 2708 5470 populi,
2737 5415 2852 5471 qua:
2880 5399 3222 5469 promittitur,
3253 5399 3419 5455 multo
3443 5401 3524 5473 pi-

1955 5499 2098 5570 grius
2129 5497 2321 5552 veritas
2348 5503 2693 5566 quaereretur.
3588 5477 3600 5507 ’

2015 5615 2030 5646 ι
2058 5612 2203 5661 Abest
2222 5607 2339 5676 ﬁdei
2354 5622 2381 5659 a
2402 5615 2506 5658 Mss.
2533 5606 2823 5721 madeant,
2845 5619 3033 5656 necnon
3054 5619 3083 5680 ξ
3105 5608 3212 5659 uad.
3239 5615 3290 5660 et
3310 5615 3384 5663 Er.

2015 5677 2034 5706 ²
2057 5673 2204 5721 Edili.
2239 5669 2374 5721 nulla
2403 5683 2544 5721 super
2647 5667 2855 5719 humana
2879 5668 3114 5721 perducit.
3139 5672 3286 5721 Abest
3315 5670 3384 5721 hu

1949 5675 1964 5731 [ι
2013 5677 2034 5706 ﬁ
2057 5673 2204 5734 mitti,
2222 5667 2374 5722 'nulla
2403 5667 2626 5736 superbia
2647 5667 2855 5719 humenta
2879 5668 3114 5732 perducit.
3139 5672 3286 5722 Abest
3315 5670 3522 5723 humata

1949 5751 1977 5790 a
1999 5741 2106 5786 Mss.

2013 5798 2124 5862 (0)71
2150 5803 2348 5862 itetrttct.
2375 5807 2477 5857 cap.
2507 5795 2650 5855 15,11.
2669 5794 2716 5841 t5.

2012 5857 2080 5926 (ὁ)
2102 5861 2128 5907 tl
2153 5859 2212 5906 ixi.
2242 5873 2286 5906 n.
2314 5857 2360 5906 7.
