4032 6350
377 477 483 538 143

383 591 608 654 CAPUT
644 581 831 644 XXVI.
852 603 926 621 ——
945 571 1133 629 Divina
1151 557 1463 637 providentia
1482 565 1601 622 erga
1623 551 1846 639 nostram
1869 549 1954 588 sa-

528 630 598 650 υ.
648 630 744 644 η..
768 630 775 637 .
795 630 831 636 -,
1153 630 1164 637 _

528 685 682 740 lutem
709 675 776 731 ad
811 685 901 728 sed:
925 673 1097 724 estates
1130 653 1346 714 hominis
1382 643 1558 704 veteris
1599 653 1658 692 ac
1682 630 1818 688 noui.

528 717 682 740 ιαιωη
709 717 775 731 ww
811 717 899 728 νη
927 717 1063 724 wn.”

458 778 547 835 48.
587 763 918 841 Dispensatio
964 768 1092 827 ergo
1121 741 1446 818 temporalis,
1491 743 1547 791 et
1582 723 1844 786 medicina
1881 717 1963 773 di-

1309 836 1322 841 -
1511 836 1522 841 -
1594 816 1963 841 7----.-tznnmm

389 873 530 929 vina:
558 816 922 937 providentiae,
948 862 1070 920 erga
1093 843 1212 900 illos
1235 836 1326 909 qui
1348 836 1563 904 peccato
1591 816 1966 937 mortalitatlem

1168 933 1196 937 ‘
1239 931 1250 937 ·
1449 922 1460 933 υ
1510 935 1523 937 ς
1563 909 1831 937 --.:..-:mr
1893 915 1966 937 ιη,

395 902 530 929 una:
593 902 922 920 ιυνιυυ..-...,
953 902 1038 920 --υ
1253 902 1273 909 _
1349 902 1362 904 _

391 902 722 1020 meruerunt,
769 948 847 1004 sic
871 941 1115 1000 traditur.
1166 931 1346 988 Primo
1376 922 1528 979 unius
1557 908 1836 984 cujuslibet
1875 902 1972 954 ho-

1355 1017 1401 1020 "
1585 1009 1614 1020 ⁸-
1661 1015 1670 1020 -
1718 1019 1740 1020 γέ
1794 995 1969 1020 ἢ-ζηιη

393 995 722 1020 Ιιισιυυιυιιυ,
769 995 846 1004 ..-ν
877 995 976 1000 ---η

393 1052 556 1110 minis
600 1041 868 1103 nascentis
895 1045 1104 1097 natura,
1133 1035 1187 1083 et
1216 1017 1441 1078 eruditio
1484 1009 1761 1081 cogitatur.
1794 995 1974 1053 Prima

395 1089 556 1110 Illlllla
601 1089 864 1103 ιιυιυνν-----
897 1089 927 1092 _,
1090 1089 1101 1097 ν

291 1195 298 1202 .
397 1144 562 1214 hujus
585 1148 716 1196 tetas
742 1129 958 1190 infantia
974 1127 1024 1180 in
1050 1113 1385 1177 nutrimentis
1400 1098 1764 1174 corporalibus
1781 1089 1973 1160 agitur,

1273 1206 1284 1214 ·
1375 1200 1415 1214 τ’·
1486 1213 1496 1214 κ
1553 1188 1770 1214 ».---..ιι;η
1802 1175 1973 1214 conﬂi.

407 1552 492 1582 1"”
504 1552 686 1568 ”"""i
742 1552 759 1554 -
829 1552 842 1566 ι

405 1611 597 1660 ventus
623 1592 839 1663 excipit,
863 1588 973 1658 jam
998 1573 1292 1638 exercenda
1315 1562 1622 1625 muneribus
1651 1552 1893 1628 publicis,

1383 1660 1391 1663 ‘
1582 1662 1586 1663 ν
1599 1653 1608 1663 ·
1759 1662 1762 1663 ν
1779 1659 1794 1663 -
1807 1644 1832 1663 ι.
1844 1642 1891 1663 2L

410 1689 673 1753 domanda
699 1639 797 1741 surb
823 1639 1058 1751 legibus;
1105 1672 1157 1726 in
1182 1681 1286 1738 qua
1313 1653 1678 1717 vehementior
1705 1639 2013 1718 probibitios

409 1791 772 1858 peccatorum,
803 1781 857 1829 et
878 1744 1051 1839 'pusna
1074 1756 1406 1833 peccantium
1429 1744 1692 1804 serviliter
1719 1747 1992 1798 coercens,

1105 1853 1116 1858 ‘
1277 1847 1288 1858 ο
1422 1851 1502 1858 -κς-
1532 1831 1763 1858 I:|.:.I:..:..
1793 1825 1956 1858 ηἶηηῃ

413 1825 713 1934 ἓτηθιίιωε
739 1861 932 1922 animis
957 1853 1243 1912 atrociores
1276 1847 1506 1915 impetus
1532 1831 1766 1892 libidinis
1792 1825 1995 1898 gignit,

417 1980 472 2027 et
512 1965 686 2025 omnia
730 1953 1013 2016 commissa
1049 1939 1404 2015 congeminat.
1449 1931 1566 1988 Non
1592 1925 1734 1983 enim
1774 1917 2002 1999 simplex

418 2007 472 2027 σι
513 2007 686 2025 VIIII-nu-
732 2007 945 2016 vv-_-___-
1152 2007 1180 2015 _

418 2068 696 2134 peccatum
723 2060 826 2118 est,
866 2061 973 2103 non
1000 2040 1170 2098 solum
1200 2031 1418 2094 malum,
1459 2021 1555 2079 sed
1584 2017 1744 2075 etiam
1780 2007 2002 2066 vetitum

1337 2120 1350 2133 ·
1416 2112 1620 2134 “Au-=-
1674 2101 1868 2134 -ΑηῖΛιυῖ
1903 2111 2000 2134 πων

420 2101 721 2210 admittere.
752 2101 883 2198 Post
899 2135 1110 2192 labores
1134 2135 1311 2184 autem
1331 2112 1643 2192 juventutis,
1674 2101 1872 2162 seniori
1903 2111 2003 2199 pax

423 2187 721 2210 nun-"wn...
753 2187 776 2198 -
798 2187 882 2197 ν--
901 2187 981 2192 ψη
999 2187 1035 2189 π
1333 2187 1349 2192 ν

423 2239 681 2300 nonnulla
709 2227 1040 2290 conceditur.
1082 2217 1210 2277 Inde
1232 2225 1401 2282 usque
1425 2205 1492 2262 ad
1521 2207 1748 2258 mortem
1777 2187 2009 2248 deterior

425 2345 556 2392 astas
577 2345 642 2385 ac
667 2323 902 2386 decolor,
934 2325 990 2374 et
1026 2308 1228 2369 morbis
1255 2298 1543 2373 subjectior
1571 2288 1862 2355 debilisque
1888 2294 2010 2352 per-

426 2424 589 2481 ducit.
639 2418 765 2474 Hacc
791 2419 877 2469 est
905 2409 1014 2464 vita
1052 2398 1284 2458 hominis
1310 2389 1538 2449 viventis
1576 2398 1644 2439 ex
1672 2388 1916 2446 corpore,
1958 2377 2015 2424 et

428 2508 802 2586 cupiditatibus
820 2514 1000 2560 rerum
1025 2487 1396 2564 temporalium
1418 2475 1670 2552 colligati.
1700 2471 1798 2525 Hic
1823 2465 2015 2521 dicitur

1559 2584 1570 2586 ς
1584 2568 1644 2586 ﬂ-
1657 2562 1752 2586 Δ..ε
1783 2558 2014 2586 Auum...

429 2558 584 2664 verus
613 2603 795 2662 homo,
826 2602 883 2650 et
899 2587 1151 2650 exterior,
1177 2592 1233 2638 et
1256 2586 1519 2639 terrenus,
1547 2562 1757 2624 etiamsi
1781 2558 2019 2615 obtineat

432 2713 551 2754 eam
572 2707 731 2766 quam
758 2649 944 2756 vulgus
969 2685 1124 2736 vocat
1139 2649 1472 2730 felicitatem,
1499 2663 1553 2717 in
1575 2660 1711 2714 bene
1730 2649 2020 2710 constituta

435 2739 650 2846 terrena
689 2781 923 2844 civitate,
965 2774 1080 2830 sive
1106 2767 1204 2822 sub
1233 2762 1466 2833 regibus,
1495 2756 1608 2811 sive
1647 2749 1746 2806 sub
1774 2739 2026 2816 principi-

438 2881 561 2946 bus,
605 2877 717 2932 sive
745 2871 844 2926 sub
887 2864 1114 2937 legibus,
1155 2857 1268 2913 sive
1293 2852 1395 2908 sub
1441 2849 1524 2902 his
1553 2842 1800 2900 omnibus
1832 2854 1845 2888 :
1875 2833 2028 2888 aliter

443 2921 561 2946 ’νυ-ι’
605 2921 716 2932 *ιιι-ν
747 2921 837 2926 --η
943 2921 972 2937 ν
1098 2921 1110 2928 ,

443 2973 586 3030 enim
627 2969 764 3024 bene
800 2955 1054 3018 constitui
1083 2949 1310 3024 populus
1348 2958 1454 2998 non
1491 2943 1688 3010 potest,
1735 2930 1893 2986 etiam
1937 2921 2031 2994 qui

445 3077 659 3123 terrena
684 3065 952 3118 sectatur;
980 3049 1141 3106 habet
1159 3043 1354 3116 quippe
1381 3045 1435 3093 et
1461 3035 1576 3106 ipse
1606 3026 1822 3084 modum
1847 3032 2032 3092 quem-

413 3214 424 3222 ,
448 3159 572 3214 dam
601 3143 1007 3225 pulchritudinis
1035 3155 1165 3225 suae.

522 3201 619 3298 Ili).l
652 3237 802 3294 Hunc
829 3240 1004 3286 autem
1029 3223 1320 3284 hominem,
1349 3225 1510 3286 quem
1536 3214 1772 3264 veterem
1797 3204 1853 3254 ct
1884 3201 2034 3250 cxte—

452 3337 652 3392 riorem
680 3338 735 3385 et
761 3335 1028 3382 terrenum
1051 3311 1452 3382 descripsimus,
1493 3302 1606 3358 sive
1639 3299 1692 3352 in
1720 3305 1817 3349 suo
1844 3297 2040 3360 genere

457 3425 816 3485 moderatum,
846 3416 958 3470 sive
982 3411 1140 3467 etiam
1167 3399 1374 3459 servilis
1403 3391 1622 3466 iustitiae
1645 3382 1863 3442 modum
1887 3390 2042 3434 exce-

458 3519 694 3579 dentem,
741 3473 980 3566 nonnulli
1023 3505 1186 3569 agunt
1231 3499 1400 3548 totum
1448 3483 1515 3538 ab
1556 3478 1711 3536 istius
1759 3473 1878 3527 vitm
1925 3474 2045 3522 ortu

460 3621 632 3678 usque
669 3601 736 3657 ad
765 3609 1033 3655 occasum.
1079 3583 1332 3644 Nonnulli
1361 3585 1538 3634 autem
1563 3573 1720 3627 istam
1749 3565 1910 3619 vitam
1950 3573 2046 3612 nc-

1315 3674 1329 3678 -
1625 3675 1634 3678 _
1733 3656 1950 3678 unum
1998 3658 2046 3678 Δ.

466 3656 628 3678 ..τη
692 3656 718 3657 η

465 3698 698 3757 cessario
723 3694 791 3749 ab
819 3691 909 3746 illo
935 3683 1212 3755 incipiunt,
1239 3674 1334 3732 sed
1359 3675 1706 3728 renascuntur
1733 3656 1972 3716 interius,
1995 3658 2049 3705 et

468 3800 690 3848 cmteras
707 3785 823 3854 ejus
842 3787 1018 3850 partes
1034 3787 1131 3828 suo
1151 3770 1345 3826 robore
1359 3757 1620 3833 spirituali
1640 3764 1693 3808 et
1711 3743 2052 3805 incrementis

471 3878 747 3950 sapientia:
772 3873 1121 3937 corrumpunt
1147 3869 1202 3916 et
1221 3862 1430 3918 necant,
1460 3859 1514 3906 et
1536 3849 1589 3902 in
1616 3843 1859 3925 caelestes
1886 3837 2050 3905 leges,

1576 3940 1588 3950 ⁸
1666 3946 1674 3950 -
1794 3940 1898 3950 λια-
1964 3925 2026 3950 ΑΑΙ

475 3919 747 3950 οι.γ.ν.....κ
775 3919 883 3931 η.-
901 3919 1042 3937 ___,,

475 3977 648 4032 donec
676 3976 795 4041 post
818 3961 1081 4020 visibilem
1109 3962 1335 4010 mortem
1369 3954 1535 4002 totum
1576 3919 1920 3996 instauretur,
1963 3925 2058 3981 ad-

478 4021 647 4032 ------
679 4021 765 4041 τη

478 4065 762 4133 stringunt.
815 4056 922 4113 Iste
959 4050 1152 4105 dicitur
1191 4055 1361 4098 novus
1405 4036 1588 4100 homo,
1639 4037 1694 4085 et
1735 4021 1973 4086 interior,
2005 4024 2062 4073 et

1440 4129 1450 4133 -
1857 4115 1900 4133 ,_
1970 4109 2058 4133 η,

480 4109 760 4133 -.-κο----ν
818 4109 857 4113 τ

480 4154 734 4218 ualeatis,
765 4148 967 4203 habens
996 4150 1050 4198 et
1077 4141 1191 4208 ipse
1220 4129 1582 4206 proportione,
1613 4136 1718 4176 non
1749 4115 1922 4180 annis,
1967 4109 2064 4165 sed

482 4209 820 4322 provectibus
875 4235 1148 4292 distinctas
1207 4221 1460 4296 quasdam
1522 4209 1823 4285 spirituales
1882 4210 2066 4261 artatcs

487 4293 632 4396 suas.
674 4335 906 4390 Primam
938 4328 991 4380 in
1021 4293 1274 4378 uberibus
1303 4307 1446 4367 utilis
1472 4303 1724 4369 historim,
1756 4314 1875 4370 quae
1901 4293 2069 4351 nutrit

489 4427 766 4498 exemplis.
811 4415 1110 4476 Secundam
1138 4411 1245 4482 jam
1293 4402 1692 4460 obliviscentem
1736 4394 1986 4454 humana,
2018 4394 2074 4442 et

494 4521 559 4577 ad
587 4519 764 4574 divina
790 4511 1116 4570 tendentem,
1142 4503 1193 4556 in
1221 4513 1323 4570 qua
1345 4511 1450 4550 non
1476 4485 1806 4546 auctoritatis
1827 4483 2073 4538 humana:

497 4613 618 4668 sinu
643 4607 960 4667 continetur,
991 4597 1085 4654 sed
1117 4593 1182 4649 ad
1221 4602 1480 4648 summam
1508 4595 1562 4640 et
1591 4574 2077 4637 incommutabilem

499 4703 674 4771 legem
705 4693 944 4765 passibus
975 4685 1193 4743 rationis
1218 4679 1474 4736 innititur.
1503 4673 1735 4730 Tertiam
1772 4669 1881 4740 jam
1908 4664 2077 4720 ﬁden-

502 4793 718 4855 tiorem,
756 4792 809 4841 et
832 4779 1098 4838 carnalem
1125 4773 1413 4845 appetitum
1443 4766 1664 4823 rationis
1706 4763 1898 4818 robore
1922 4755 2081 4812 mari-

503 4891 728 4948 tantem,
777 4874 1197 4947 gaudentemque
1225 4863 1544 4920 intrinsecus
1572 4859 1626 4914 in
1654 4853 1880 4926 quadam
1906 4849 2083 4904 dulce-

507 4976 632 5032 dine
674 4967 957 5039 conjugali,
986 4977 1103 5018 cum
1130 4959 1304 5014 anima
1333 4953 1497 5009 menti
1526 4946 1822 5018 copulatur,
1854 4948 1909 4996 et
1938 4937 2086 4993 vela-

508 5075 691 5124 mento
737 5059 952 5132 pudoris
994 5051 1298 5114 obnubitur,
1349 5055 1407 5101 ut
1448 5044 1559 5114 jam
1595 5045 1740 5094 recte
1777 5034 1953 5089 vivere
1981 5044 2088 5084 non

513 5168 752 5233 cogatur,
790 5153 884 5210 sed
925 5145 1134 5207 etiamsi
1161 5156 1348 5199 omnes
1376 5134 1690 5198 concedant,
1729 5140 1951 5200 peccare
1984 5137 2091 5176 non

1519 5227 1529 5233 .
1643 5221 1665 5233 η
1763 5220 1772 5230 .

513 5213 692 5309 Ιῶἒεη.
739 5213 989 5315 Quartam
1015 5240 1123 5310 jam
1155 5235 1382 5303 idipsum
1427 5227 1592 5282 multo
1639 5220 1842 5276 firmius
1884 5213 2096 5271 ordina-

516 5349 727 5414 tiusque
747 5338 1024 5394 facientem
1057 5339 1112 5386 et
1138 5327 1458 5383 emicantem
1483 5319 1536 5372 in
1562 5315 1732 5370 virum
1758 5308 2054 5381 perfectum
2078 5345 2095 5372 ,

518 5449 677 5508 atque
701 5441 878 5505 aptam
905 5437 958 5483 ct
998 5423 1242 5479 idoneam
1269 5413 1514 5471 omnibus
1539 5417 1593 5465 et
1621 5400 2096 5479 persecutionibus,

519 5540 575 5586 ct
591 5489 781 5584 inundi
806 5521 963 5591 hujus
990 5507 1392 5584 tempestatibus
1415 5519 1477 5558 ac
1505 5498 1750 5556 ﬂuctibus
1775 5489 2100 5552 sustinendis

521 5634 680 5696 atque
717 5584 1043 5687 frangendis.
1085 5605 1335 5675 Quintam
1382 5604 1621 5670 pacatam
1660 5599 1822 5662 atque
1845 5603 1911 5644 ex
1957 5584 2101 5640 omni

526 5679 674 5791 pnite
705 5706 1062 5780 tranquillam,
1093 5701 1357 5756 viventem
1388 5695 1440 5748 in
1483 5690 1673 5762 opibus
1701 5695 1755 5743 et
1782 5679 2105 5740 abundantia

527 5799 973 5868 incommutabilis
997 5793 1146 5865 regni
1171 5803 1392 5848 summac
1417 5795 1574 5855 atque
1595 5777 1872 5838 ineﬂabilis
1897 5774 2108 5846 sapien-

527 5913 639 5968 tia}.
663 5902 878 5960 Sextam
907 5885 1228 5950 omnimodae
1245 5876 1553 5940 ηωωὶουίε
1578 5876 1908 5934 mw
1921 5870 2106 5941 vitam,

1401 435 1490 493 DE
1527 427 1714 488 VERA
1753 407 2141 477 RELIGIONE,
2179 401 2238 462 S.
2282 393 2650 459 AUGUSTINI

2063 531 2121 578 et
2145 534 2311 591 usque
2337 517 2405 572 ad
2433 522 2597 570 totam
2631 505 2952 564 oblivionem
2989 497 3109 556 vitae
3138 495 3442 568 temporalis
3467 502 3645 549 trans-

2067 585 2279 671 euntem
2308 611 2364 665 in
2387 605 2674 678 perfectam
2698 598 2945 661 formam,
2979 607 3099 664 quae
3123 591 3258 645 facta
3284 596 3365 643 est
3412 585 3478 641 ad
3509 585 3650 640 ima—

2068 705 2245 777 ginem
2273 711 2327 757 et
2353 694 2752 756 similitudinem
2776 687 2890 744 Dei.
2929 685 3164 755 Septima
3189 681 3330 736 enim
3363 680 3472 750 jam
3497 679 3652 748 quies

2073 806 2272 852 aeterna
2299 800 2402 859 est,
2441 797 2496 845 et
2519 786 2678 842 nullis
2715 781 2957 838 aetatibus
2985 773 3353 846 distinguenda
3381 770 3654 828 beatitudo

2075 894 2348 960 perpetua.
2377 880 2446 939 Ut
2471 879 2612 936 enim
2653 874 2770 930 finis
2797 869 2992 928 veteris
3020 867 3251 924 hominis
3277 879 3421 919 mors
3445 870 3546 929 est,
3579 861 3659 916 sic

2080 979 2199 1034 ﬁnis
2219 975 2340 1030 novi
2365 970 2594 1027 hominis
2607 967 2714 1023 vita
2738 975 2959 1021 aeterna.
2986 961 3078 1016 llle
3099 973 3326 1029 namque
3350 957 3510 1012 homo
3534 968 3659 1024 pec-

2080 1070 2184 1126 cati
2208 1075 2310 1133 est,
2351 1067 2451 1120 istc
2471 1059 2710 1133 justitiae.

3542 371 3646 436 ιιι

2154 1156 2378 1217 CAPUT
2415 1152 2718 1210 XXVII.—
2739 1147 3010 1217 Utriusque
3034 1141 3250 1197 hominis
3275 1139 3515 1192 decursus
3543 1138 3595 1189 in

2509 1199 2516 1208 .
2532 1185 2550 1208 ἴ
2567 1185 2629 1206 ιι.
2643 1185 2718 1192 “-
2739 1185 2776 1204 υ
2790 1185 2822 1202 οι
2835 1185 3009 1217 σωσγκν
3034 1185 3250 1197 ’,ν-...υτον
3276 1185 3414 1192 —--—.
3432 1185 3512 1192 σν.-
3545 1185 3593 1189 -.ν

2509 1245 2737 1300 universo
2765 1241 3024 1295 hominum
3049 1251 3247 1308 genere.
3730 1185 3746 1304 ἱ

2160 1346 2248 1405 50.
2301 1343 2448 1402 Sicut
2493 1349 2668 1396 autem
2723 1335 2811 1390 isti
2861 1331 3019 1387 ambo
3078 1328 3226 1384 nullo
3272 1325 3547 1381 dubitante
3595 1320 3668 1375 ita

2092 1451 2235 1509 sunt,
2275 1447 2335 1495 ut
2371 1449 2536 1492 unum
2581 1445 2790 1496 eorum,
2821 1425 2876 1482 id
2908 1433 2990 1481 est
3029 1431 3264 1479 veterem
3305 1426 3465 1488 atque
3505 1426 3676 1471 terre-

2094 1548 2244 1600 num,
2273 1527 2442 1601 possit
2464 1527 2520 1582 in
2543 1523 2644 1579 hac
2671 1531 2782 1576 tota
2800 1519 2907 1573 vita
2932 1530 3070 1570 unus
3096 1513 3256 1569 homo
3275 1525 3452 1582 agere,
3479 1521 3678 1564 novum

2097 1638 2225 1681 vero
2247 1631 2303 1678 et
2328 1619 2598 1675 cmicstem
2646 1625 2804 1667 nemo
2843 1609 2898 1663 in
2923 1606 3024 1662 hac
3065 1604 3172 1658 vita
3211 1601 3378 1672 possit
3417 1598 3518 1653 nisi
3555 1612 3681 1652 cum

2098 1726 2314 1780 vetere;
2339 1727 2460 1766 nam
2490 1719 2544 1765 et
2569 1708 2637 1763 ab
2662 1707 2778 1777 ipso
2815 1701 3034 1771 incipiat
3056 1709 3276 1752 necesse
3299 1701 3403 1762 est,
3435 1700 3490 1747 et
3516 1703 3685 1760 usque

2102 1811 2170 1866 ad
2189 1807 2448 1864 visibilem
2474 1811 2700 1859 mortem
2729 1813 2849 1854 cum
2881 1795 2992 1862 illo,
3020 1789 3261 1863 quamvis
3285 1803 3352 1843 eo
3377 1784 3685 1849 deficiente,

2105 1919 2164 1958 se
2182 1899 2510 1971 proﬁciente,
2530 1892 2782 1965 perduret
2798 1906 2812 1942 :
2832 1888 2908 1944 sic
2923 1881 3266 1956 proportione
3279 1878 3590 1932 universum
3605 1886 3692 1943 ge-

2109 2009 2209 2050 nus
2237 1993 2548 2054 humanum,
2574 1984 2727 2054 cujus
2753 1991 3003 2050 tanquam
3030 1975 3188 2030 unius
3210 1968 3443 2030 hominis
3471 1965 3586 2019 vita
3609 1968 3694 2018 est

2109 2087 2177 2142 ab
2198 2084 2366 2140 Adam
2398 2095 2566 2151 usque
2584 2077 2654 2132 ad
2676 2075 2838 2129 linem
2866 2069 3024 2140 hujus
3045 2063 3247 2131 saeculi,
3279 2064 3351 2116 ita
3376 2057 3475 2114 sub
3501 2055 3696 2112 divina:

2111 2172 2457 2250 providentia:
2481 2150 2684 2240 legibus
2725 2160 3144 2224 administratur,
3186 2161 3245 2209 ut
3285 2152 3337 2206 in
3363 2150 3470 2205 duo
3501 2151 3698 2217 genera

2113 2267 2449 2325 distributum
2488 2238 2758 2332 appareat.
2789 2255 3024 2324 Quorum
3059 2251 3112 2304 in
3151 2261 3257 2301 uno
3289 2252 3372 2299 est
3398 2239 3549 2296 turba
3593 2238 3698 2292 im-

2115 2361 2348 2432 piorum,
2391 2352 2592 2411 terreni
2636 2348 2864 2404 hominis
2893 2343 3185 2414 imaginem
3225 2337 3292 2392 ab
3334 2333 3484 2389 initio
3521 2328 3703 2392 smculi

2117 2465 2289 2523 usque
2309 2447 2378 2503 ad
2397 2447 2559 2502 ﬁnem
2584 2439 2898 2515 gerentium.
2925 2434 2981 2489 ln
3005 2433 3193 2497 altero,
3222 2426 3389 2483 series
3408 2421 3586 2495 populi
3610 2419 3703 2476 uni

2126 2514 2238 2602 Deo
2263 2543 2450 2608 dediti,
2493 2514 2604 2595 sed
2630 2536 2697 2590 al)
2723 2533 2893 2589 Adam
2922 2542 3092 2599 usque
3128 2523 3194 2578 ad
3221 2521 3480 2577 Joannem
3523 2514 3706 2585 Bapti-

2124 2648 2262 2695 stam
2291 2633 2488 2692 terreni
2527 2627 2756 2685 hominis
2783 2626 2943 2680 vitam
2983 2617 3216 2692 gerentis
3261 2612 3440 2669 servili
3480 2607 3709 2678 quadam

2123 2729 2329 2801 justitia
2356 2745 2370 2780 :
2402 2725 2555 2795 cujus
2593 2719 2814 2776 historia
2840 2715 3007 2772 Vetus
3043 2711 3440 2766 Testamentum
3467 2707 3710 2765 vocatur,

2129 2786 2284 2894 quasi
2305 2786 2570 2876 terrenum
2591 2811 2852 2883 pollicens
2871 2818 3090 2876 regnum
3109 2817 3125 2868 ;
3147 2813 3266 2870 quae
3285 2805 3393 2851 tota
3419 2791 3548 2848 nihil
3571 2786 3717 2844 aliud

2133 2924 2216 2972 est
2238 2928 2396 2985 quam
2421 2911 2594 2979 imago
2619 2905 2742 2961 novi
2769 2901 2968 2973 populi,
2995 2906 3050 2954 et
3075 2894 3208 2951 Novi
3236 2887 3560 2948 Testamenti
3596 2883 3717 2955 pol-

2135 3007 2344 3064 licentis
2373 2975 2596 3074 regnu'm
2635 2996 2914 3054 caelorum.
2961 2989 3125 3059 Cujus
3159 2983 3339 3057 populi
3369 2982 3475 3036 vita
3504 2975 3722 3034 interim

2139 3071 2456 3168 temporalis
2482 3093 2666 3163 incipit
2701 3105 2732 3144 a
2781 3082 2993 3142 Domini
3029 3081 3256 3136 adventu
3301 3077 3354 3132 in
3400 3071 3722 3138 humilitate,

2140 3204 2312 3260 usque
2343 3186 2410 3242 ad
2448 3185 2587 3239 diem
2627 3179 2831 3252 judieii,
2861 3173 3073 3248 quando
3111 3172 3166 3226 in
3198 3168 3437 3225 claritate
3469 3169 3728 3218 venturus

2143 3289 2243 3337 est.
2285 3277 2414 3333 Post
2459 3273 2597 3345 quod
2634 3270 2913 3341 judicium,
2963 3274 3144 3320 vetere
3181 3257 3397 3314 homine
3438 3252 3726 3318 exstincto,

2145 3373 2248 3430 erit
2291 3369 2384 3426 illa
2428 3343 2650 3422 mutatio
2694 3376 2814 3432 quae
2857 3354 3149 3427 angelicam
3193 3350 3355 3404 vitam
3401 3343 3678 3417 pollicetur
3712 3357 3730 3394 :

2151 3465 2337 3521 Omnes
2366 3461 2507 3518 enim
2537 3470 2872 3526 resurgemus,
2910 3449 2998 3504 sed
3025 3463 3126 3502 non
3163 3457 3333 3498 omnes
3357 3433 3735 3492 immutabimur

2151 3562 2198 3632 (l
2222 3559 2341 3615 Cor.
2371 3571 2462 3621 xv,
2493 3551 2608 3622 5i).
2637 3549 2902 3616 Resurget
2922 3555 3049 3612 ergo
3076 3538 3194 3610 pius
3227 3532 3472 3605 populus,
3499 3537 3559 3583 ut
3581 3533 3735 3580 vete-

2151 3653 2228 3707 ris
2253 3647 2484 3704 bominis
2521 3643 2603 3698 sui
2633 3639 2881 3709 reliquias
2919 3629 3262 3688 transformet
3302 3625 3357 3678 in
3386 3633 3602 3677 novum.
3629 3615 3740 3670 Re-

2155 3703 2338 3812 surget
2361 3747 2538 3792 autem
2577 3703 2773 3803 impius
2799 3724 3044 3797 populus,
3085 3718 3172 3790 qui
3199 3717 3266 3770 ab
3296 3712 3445 3768 initio
3475 3713 3642 3780 usque
3669 3703 3742 3761 ad

2158 3835 2318 3889 finem
2344 3838 2578 3886 veterem
2607 3823 2875 3878 hominem
2895 3814 3078 3886 gessit,
3108 3819 3166 3866 ut
3198 3810 3252 3864 in
3282 3803 3566 3862 secundam
3593 3813 3744 3856 mor-

2161 3937 2272 3983 tem
2310 3922 2690 3996 prazcipitetur.
2721 3913 2961 3968 Aitatum
2999 3914 3177 3961 autem
3203 3899 3479 3964 articulos,
3507 3894 3595 3966 qui
3624 3891 3748 3948 dili-

2163 4025 2348 4089 genter
2377 4014 2578 4084 legunt,
2606 4004 2913 4066 inveniunt;
2941 4011 3041 4053 nec
3065 3993 3264 4049 zizania
3293 4004 3394 4046 nec
3417 3987 3592 4058 paleas
3617 3996 3747 4053 per-

2167 4083 2501 4164 horrescunt.
2548 4099 2748 4170 Impius
2793 4105 3021 4162 namque
3067 4086 3156 4158 pio
3197 4085 3348 4149 vivit,
3404 4088 3458 4135 et
3503 4083 3753 4149 peccator

2167 4204 2329 4275 justo,
2374 4207 2434 4254 ut
2459 4209 2644 4253 eorum
2676 4185 3074 4260 comparatione
3097 4177 3345 4244 alacrius,
3387 4174 3557 4229 donec
3583 4165 3754 4241 perfr-

2173 4295 2362 4358 ciatur,
2394 4293 2656 4356 assurgat.

2177 4349 2399 4440 CAPU'T
2424 4349 2662 4432 XX‘illl.
2679 4401 2750 4411 -
2770 4369 2916 4434 Quae,
2939 4363 3114 4432 quibus
3135 4367 3181 4414 et
3203 4375 3302 4432 quo
3323 4364 3467 4428 pacto
3489 4349 3760 4408 tradenda.

2249 4476 2336 4530 51.
2368 4467 2616 4538 Quisquis
2637 4471 2811 4519 autem
2837 4457 3014 4533 pepuli
3033 4452 3231 4511 terreni
3254 4447 3576 4520 temporibus
3591 4457 3767 4513 usque

2183 4567 2246 4624 ad
2289 4560 2725 4622 illuminationem
2769 4549 3036 4609 interioris
3066 4544 3296 4602 hominis
3341 4539 3535 4597 meruit
3569 4549 3772 4606 perve-

2183 4663 2316 4726 nire,
2349 4670 2514 4729 genus
2539 4653 2829 4708 humanum
2857 4658 2956 4714 pro
2995 4651 3234 4710 tempore
3262 4633 3480 4706 adjuvit,
3507 4627 3775 4686 exhibens

2185 4755 2233 4811 ei
2419 4756 2550 4803 aetas
2570 4743 2658 4799 illa
2677 4737 2950 4812 poscebat,
2971 4741 3026 4789 et
3045 4747 3139 4804 per
3161 4726 3488 4802 prophetiam
3515 4722 3777 4778 intimam

2189 4843 2243 4900 id
2271 4809 2412 4913 quod
2446 4809 2702 4893 exhibere
2741 4834 3098 4900 opportunum
3138 4835 3244 4875 non
3273 4824 3425 4872 erat:
3453 4812 3634 4886 quales
3668 4809 3781 4864 Pa-

2191 4931 2436 4990 triarchae
2461 4943 2522 4982 ac
2544 4923 2828 4994 Prophetas
2857 4915 3196 4973 inveniuntur
3221 4911 3286 4964 ab
3314 4909 3378 4964 iis
3397 4907 3486 4977 qui
3512 4919 3616 4959 non
3644 4917 3783 4972 pue-

2189 4989 2363 5080 riliter
2391 5017 2632 5074 insiliunt
2655 4989 2734 5088 —(a)
2759 5054 2775 5081 ,
2804 5009 2899 5066 sed
2927 5007 3012 5078 pie
3039 4989 3425 5072 diligenterque
3450 5000 3787 5082 pertractant

2195 5113 2489 5170 divinarum
2516 5117 2569 5162 et
2594 5105 2943 5160 humanarum
2987 5111 3164 5153 rerum
3195 5104 3299 5148 tam
3327 5076 3556 5154 bonum,
3585 5095 3639 5142 et
3669 5095 3788 5140 tam

2200 5205 2399 5279 grande
2441 5210 2727 5258 secretum.
2768 5193 2918 5263 Quod
2961 5191 3122 5248 etiam
3154 5185 3482 5256 temporibus
3523 5180 3646 5236 novi
3685 5193 3791 5248 po-

2199 5300 2332 5373 puli,
2361 5314 2391 5352 a
2417 5293 2624 5366 magnis
2650 5300 2702 5348 et
2732 5285 3092 5360 spiritualibus
3120 5281 3249 5337 viris
3281 5277 3536 5335 Ecclesiae
3560 5272 3795 5329 catholi-

2203 5407 2282 5448 ca:
2305 5386 2532 5444 alumnis
2559 5382 2714 5438 video
2757 5377 3062 5434 cautissime
3093 5369 3361 5444 provideri
3389 5386 3401 5423 :
3427 5382 3496 5423 ne
3533 5361 3658 5436 quid
3684 5376 3796 5432 po-

2202 5480 2460 5554 pulariter
2487 5482 2664 5547 agant,
2695 5469 2836 5544 quod
2863 5467 3101 5524 nondum
3138 5479 3257 5521 esse
3282 5459 3557 5531 temporis,
3579 5464 3637 5512 ut
3664 5469 3798 5510 cum

2207 5546 2404 5645 populo
2432 5546 2637 5639 agatur,
2673 5563 3002 5632 intelligunt;
3033 5559 3282 5614 alimenta
3319 5553 3484 5608 lactea
3509 5549 3653 5618 large
3678 5546 3802 5600 avi-

2213 5663 2296 5720 dis
2321 5637 2704 5718 inﬁrmioribus
2733 5653 2970 5726 pluribus
3003 5659 3163 5721 atque
3204 5648 3461 5702 instanter
3483 5637 3799 5704 infundunt,

2213 5751 2558 5811 validioribus
2604 5758 2782 5804 autem
2811 5745 2945 5802 cibis
2978 5756 3104 5800 cum
3143 5736 3471 5811 sapientibus
3495 5731 3678 5806 paucis
3702 5743 3806 5789 ve-
3887 5727 3892 5730 ’

2275 5869 2348 5936 Qa)
2371 5873 2429 5919 Ut
2453 5863 2708 5916 nanichaet.
