4056 6452
384 431 489 488 145

381 559 619 610 scuntur.
656 549 980 622 Sapientiam
1015 528 1157 604 enim
1185 548 1468 621 loquuntur
1493 550 1634 606 inter
1662 549 1947 621 perfectos,

316 674 324 685 -
380 644 679 701 carnalibus
704 659 831 698 vero
850 652 903 697 et
927 643 1259 710 animalibus,
1288 644 1529 712 quamvis
1550 645 1700 698 novis
1726 644 1954 699 homini-

314 762 323 771 -
379 737 495 802 bus,
547 735 719 789 adhuc
760 744 933 789 tamen
965 734 1215 804 parvulis,
1258 736 1510 790 nonnulla
1547 736 1816 805 obtegnnt,
1860 736 1953 791 sed

314 848 321 853 ·
378 828 517 882 nulla
547 828 890 881 mentiuntur.
918 825 1030 880 Non
1056 826 1196 879 enim
1218 824 1510 881 honoribus
1530 826 1639 882 suis
1656 828 1805 881 vanis
1824 842 1954 881 con-

310 936 317 945 ·
376 919 554 973 sulunt
577 927 633 973 et
658 917 900 971 inanibus
929 916 1202 982 laudibus;
1242 917 1335 971 sed
1370 918 1582 972 utilitati
1617 933 1802 973 eorum
1830 934 1949 973 cum

263 6006 313 6047 '1.

375 1010 565 1080 quibtts
593 1010 900 1064 societatem
936 1009 1058 1063 vita:
1088 1008 1242 1078 hujus
1284 1009 1416 1064 inire
1453 1018 1780 1065 meruerunt.
1828 1011 1952 1066 Hzec

372 1106 509 1159 enim
536 1103 620 1156 lex
652 1111 733 1155 est
760 1100 950 1154 divina:
976 1100 1341 1170 providentiae,
1376 1109 1433 1155 ιιι
1475 1116 1631 1156 nemo
1657 1118 1685 1155 a
1712 1102 1950 1171 superio-

370 1192 517 1247 ribus
573 1192 856 1262 adjuvetur
894 1191 961 1246 ad
1004 1191 1422 1261 cognoscendam
1458 1200 1511 1247 et
1558 1193 1947 1262 percipiendam

368 1286 594 1356 gratiam
623 1286 738 1349 Dei,
769 1285 856 1354 qui
887 1300 993 1338 non
1040 1283 1106 1337 ad
1142 1284 1380 1338 eamdem
1406 1299 1542 1354 puro
1584 1284 1773 1339 affectu
1817 1282 1948 1338 infe-

368 1381 537 1435 riores
555 1378 835 1449 adjuverit.
854 1377 929 1433 Ita
948 1377 1014 1433 de
1035 1385 1251 1447 peccato
1270 1384 1471 1442 nostro,
1496 1376 1637 1447 quod
1658 1377 1709 1431 in
1734 1375 1948 1431 homine

368 1480 647 1541 peccatore
676 1471 789 1539 ipsa
819 1479 1003 1524 natura
1030 1478 1215 1524 nostra
1245 1470 1531 1536 commisit,
1568 1479 1622 1523 et
1647 1483 1815 1540 genus
1851 1468 1947 1523 hu-

368 1578 584 1617 manum
625 1562 818 1616 factum
862 1570 942 1616 est
988 1578 1237 1631 magnum
1278 1561 1441 1617 decus
1475 1568 1947 1632 ornamentumque

367 1664 651 1718 terrarum,
681 1662 737 1709 et
758 1664 862 1707 tam
884 1652 1136 1708 decenter
1164 1653 1354 1707 divina:
1386 1653 1731 1723 providentiae
1760 1668 1945 1721 procu-

367 1748 572 1802 ratione
624 1745 1052 1812 administratur,
1108 1754 1165 1800 ut
1204 1760 1292 1800 ars
1335 1744 1615 1800 ineﬂ‘abilis
1665 1743 1945 1798 medicina:

367 1839 532 1908 ipsam
554 1839 807 1891 vitiorum
835 1836 1122 1892 foeditatem
1153 1837 1204 1890 in
1232 1836 1413 1891 nescio
1438 1850 1594 1906 quam
1630 1835 1713 1890 sui
1736 1834 1945 1906 generis

368 1929 810 1999 pulchritudinem
838 1938 1026 1984 vertat.

367 2021 591 2076 CAPUT
630 2020 821 2075 XXIX.
844 2019 1011 2074 —De
1050 2020 1209 2074 altero
1256 2019 1434 2074 salutis
1473 2018 1714 2084 subsidio,
1758 2018 1944 2072 scilicet

432 2093 661 2154 ratione;
688 2092 936 2161 quomodo
962 2091 1054 2144 hac
1080 2090 1207 2143 duce
1229 2091 1296 2142 ad
1317 2090 1476 2143 Deum
1503 2090 1650 2161 homo
1686 2088 1904 2143 evehitur
1926 2105 1945 2143 :

435 2165 542 2216 lucc
570 2160 788 2231 primum
815 2161 1035 2215 sensibus
1057 2170 1295 2232 prwstarc
1321 2160 1729 2230 deprehenditur.

436 2255 524 2309 52.
566 2254 635 2308 Et
658 2255 906 2324 quoniam
934 2253 1001 2307 de
1016 2252 1344 2308 auctoritatis
1375 2252 1739 2317 beneficentia,
1773 2267 1943 2321 quan-

366 2354 475 2400 tum
506 2345 560 2399 in
601 2344 883 2414 praesentia
922 2344 1052 2398 satis
1088 2344 1260 2398 visum
1289 2352 1391 2409 est,
1430 2342 1589 2397 locuti
1618 2357 1833 2407 sumus;
1868 2343 1940 2395 vi-

362 2439 585 2493 deamus
611 2447 872 2508 quatenus
898 2436 1032 2491 ratio
1052 2436 1221 2506 possit
1240 2434 1482 2506 progredi
1503 2450 1532 2488 a
1561 2434 1855 2490 visibilibus
1875 2434 1943 2490 ad

364 2531 671 2595 invisibilia,
702 2539 755 2584 ct
779 2545 809 2584 a
837 2528 1215 2599 temporalibus
1242 2527 1308 2582 ad
1329 2538 1527 2581 aeterna
1552 2528 1938 2582 conscendens.

360 2624 478 2679 Non
514 2623 658 2678 enim
693 2622 887 2676 frustm
918 2628 973 2675 et
997 2621 1224 2675 inaniter
1252 2619 1442 2673 intueri
1470 2628 1674 2688 oportet
1703 2618 1940 2689 pulchri-

361 2714 601 2768 tudinem
632 2713 775 2779 cceli,
801 2711 1037 2766 ordinem
1063 2711 1316 2777 siderum,
1340 2710 1623 2765 candorem
1644 2710 1796 2775 lucis,
1825 2710 1941 2763 dic-

362 2820 482 2859 rum
512 2815 566 2859 et
605 2804 838 2859 noctium
869 2802 1274 2869 vicissitudines,
1305 2802 1443 2855 luna:
1482 2810 1749 2857 menstrua
1776 2803 1944 2855 curri-

359 2897 500 2959 cula,
545 2896 669 2949 anni
714 2892 1086 2963 quadrifariam
1125 2894 1584 2963 temperationem,
1628 2893 1941 2964 quadripar-

361 2987 473 3040 titis
518 2986 798 3041 elementis
837 2993 1248 3055 congruentem.
1292 2993 1491 3039 tantam
1537 2986 1642 3039 vim
1681 2987 1941 3041 seminum

362 3080 573 3150 species
599 3093 957 3148 numerosque
982 3078 1331 3148 gignentium,
1363 3086 1417 3133 et
1441 3080 1616 3133 omnia
1644 3079 1699 3133 in
1724 3095 1819 3135 suo
1848 3096 1941 3150 ge-

360 3186 492 3225 nere
512 3170 731 3224 modum
754 3170 1023 3240 proprium
1045 3177 1391 3240 naturamque
1418 3172 1702 3226 servantia.
1728 3171 1783 3226 ln
1806 3190 1941 3243 quo-

358 3278 477 3317 rum
517 3262 943 3317 consideratione
981 3276 1086 3316 non
1124 3276 1257 3316 vana
1299 3270 1353 3316 et
1390 3263 1622 3331 peritura
1666 3265 1941 3319 curiositas

358 3352 658 3407 exercenda
700 3360 802 3418 est,
833 3350 928 3405 sed
957 3350 1150 3422 gradus
1180 3350 1247 3405 ad
1287 3352 1603 3407 immortalia
1641 3363 1695 3408 et
1734 3370 1944 3423 semper

356 3444 630 3497 manentia
668 3441 960 3497 faciendus.
1008 3442 1313 3497 Proximum
1352 3443 1493 3497 enim
1524 3454 1624 3510 est,
1667 3446 1941 3502 attendere

356 3552 479 3607 qum
514 3536 615 3590 ista
658 3535 728 3588 sit
755 3542 943 3589 natura
972 3534 1165 3600 vitalis,
1212 3550 1330 3605 qua:
1372 3545 1558 3590 cuncta
1598 3536 1696 3591 ista
1737 3540 1937 3593 sentit:

357 3642 478 3696 qua:
507 3624 751 3696 profecto
772 3626 1019 3695 quoniam
1044 3627 1204 3679 vitam
1236 3625 1326 3680 dat
1350 3627 1581 3696 corpori,
1607 3628 1941 3696 praestantior

356 3731 427 3771 eo
441 3717 508 3772 sit
528 3732 748 3772 necesse
762 3726 864 3772 est.
876 3716 989 3771 Non
1010 3716 1152 3772 enim
1172 3718 1569 3787 qualiscumque
1586 3719 1771 3782 moles,
1787 3736 1944 3789 quan-

356 3823 518 3878 quam
546 3808 645 3862 ista
665 3808 862 3863 visibili
891 3809 1007 3863 luce
1036 3808 1359 3880 prtefulgeat,
1389 3809 1431 3862 si
1456 3810 1561 3865 vita
1583 3820 1746 3877 caret,
1766 3813 1942 3882 magni

357 3898 673 3952 aestimanda
700 3907 798 3953 est.
835 3899 1092 3966 Qumlibet
1125 3915 1352 3971 namque
1372 3902 1489 3954 viva
1512 3902 1805 3957 substantia
1832 3905 1942 3958 cui-

357 3988 490 4045 libet
518 4005 623 4044 non
646 3992 778 4045 vivte
795 3991 1123 4057 substantize,
1140 4000 1338 4046 naturze
1360 3992 1474 4061 lege
1496 3995 1819 4062 praeponitur
1839 3993 1936 4065 (a).

436 4084 527 4138 53.
569 4084 677 4139 Sed
705 4085 824 4154 quia
859 4084 1181 4138 irrationalia
1210 4100 1418 4155 quoque
1448 4086 1733 4141 animantia
1762 4088 1940 4144 vivere

356 4181 519 4243 atque
555 4174 753 4228 sentire
783 4190 939 4229 nemo
964 4174 1200 4243 ambigit,
1230 4174 1355 4229 illud
1396 4176 1448 4228 in
1486 4177 1665 4230 animo
1709 4176 1939 4233 humano

356 4264 860 4332 prcestantissimum
902 4273 999 4328 est,
1050 4278 1153 4317 non
1180 4279 1285 4333 quo
1313 4264 1473 4318 sentit
1510 4266 1798 4333 sensibilia,
1844 4268 1938 4323 sed

354 4370 463 4424 quo
486 4354 691 4424 judicat
714 4354 779 4409 de
805 4354 1162 4410 sensibilibus.
1200 4354 1329 4409 Nam
1358 4364 1411 4410 et
1431 4356 1610 4411 vident
1633 4360 1859 4425 acutius,
1887 4369 1941 4415 et

353 4448 567 4502 caeteris
611 4448 848 4516 corporis
898 4448 1140 4502 sensibus
1188 4448 1361 4503 acrius
1408 4464 1633 4520 corpora
1680 4452 1940 4521 attingunt

353 4541 629 4609 pleneque
655 4540 836 4593 bestite
861 4555 1017 4609 quam
1047 4540 1289 4594 homines
1316 4558 1329 4594 :
1357 4540 1451 4595 sed
1474 4541 1714 4611 judicare
1735 4543 1801 4597 de
1822 4558 1940 4597 cor-

356 4630 580 4701 poribus
613 4646 716 4684 non
743 4631 1020 4686 sentientis
1049 4638 1251 4686 tantum
1277 4633 1420 4699 vitae,
1458 4634 1549 4688 sed
1580 4636 1736 4689 etiam
1770 4638 1934 4691 ratio-

354 4722 598 4777 cinantis.
626 4731 739 4787 est;
780 4736 881 4791 qua
922 4722 1024 4775 illae
1066 4732 1267 4788 carent,
1309 4739 1406 4778 nos
1448 4726 1774 4781 excellimus.
1820 4730 1936 4783 Jam

351 4825 488 4865 vero
518 4810 645 4864 illud
671 4810 853 4867 videre
892 4810 1195 4867 facillimum
1235 4822 1335 4880 est,
1368 4816 1787 4883 prmstantiorem
1818 4834 1937 4874 esse

347 4900 702 4971 judicantem,
741 4918 896 4972 quam
926 4903 1012 4957 illa
1052 4919 1137 4958 res
1166 4912 1248 4959 est
1276 4905 1341 4960 de
1371 4921 1473 4975 qua
1499 4907 1783 4976 jndicatur.
1818 4910 1933 4965 Non

350 4994 527 5048 solum
572 5002 748 5049 autem
789 4994 1058 5049 rationalis
1087 4997 1191 5050 vita
1226 4996 1292 5051 de
1329 4986 1686 5067 sensibilibus,
1731 5002 1824 5057 sed
1866 5002 1934 5059 de

350 5087 487 5158 ipsis
507 5102 719 5158 quoque
742 5087 983 5143 sensibus
998 5088 1232 5156 judicat;
1262 5105 1358 5145 cur
1386 5090 1441 5144 in
1464 5107 1598 5162 aqua
1620 5108 1824 5148 remum
1851 5094 1934 5148 in-

350 5178 583 5234 fractum
622 5189 864 5249 oporteat
888 5196 1145 5252 apparere
1172 5198 1291 5238 cum
1327 5193 1503 5239 rectus
1545 5178 1631 5249 sit,
1657 5195 1710 5241 et
1746 5203 1841 5241 cur
1864 5188 1933 5242 ita

351 5287 451 5342 per
478 5272 660 5326 oculos
688 5273 868 5327 sentiri
895 5289 1113 5329 necesse
1138 5275 1203 5330 sit
1231 5294 1243 5329 :
1272 5291 1393 5330 nam
1417 5277 1529 5345 ipse
1553 5286 1795 5347 aspectus
1816 5294 1934 5333 ocu-

346 5362 528 5416 lorum
584 5364 887 5439 renuntiare
935 5365 987 5419 id
1040 5375 1244 5435 potest,
1279 5367 1516 5436 judicare
1559 5377 1734 5423 autem
1788 5370 1932 5425 nullo

348 5448 538 5503 modo.
587 5448 762 5515 Quare
811 5449 1144 5505 manifestum
1188 5460 1288 5517 est,
1334 5461 1392 5505 ut
1430 5453 1724 5508 sensualem
1770 5455 1929 5510 vitam

346 5540 590 5609 corpori,
621 5541 691 5593 ita
726 5540 1039 5595 rationalem
1064 5543 1275 5611 utrique
1304 5551 1574 5611 praestare.

345 5626 583 5684 CAPUT
620 5628 793 5683 XXX.
815 5629 968 5683 -At
1003 5633 1195 5685 ratione
1229 5634 1547 5700 prwstantior
1585 5636 1665 5690 lea:
1700 5635 1931 5691 immuta-

512 5699 646 5765 bilis,
679 5701 865 5754 scilicet
890 5702 1067 5755 ueritas
1092 5699 1363 5756 secundum
1391 5721 1541 5773 quam
1558 5706 1775 5773 judicat.

424 5789 515 5844 54.
554 5789 736 5861 Itaque
763 5791 809 5845 si
836 5792 1105 5847 rationalis
1126 5794 1232 5848 vita
1259 5794 1554 5850 secundum
1581 5797 1809 5865 seipsam
1830 5799 1922 5871 ju-

413 5904 713 5967 (a)-00nsule
732 5906 818 5959 lib.
840 5907 870 5958 2
889 5908 953 5960 de
973 5910 1143 5965 Libero
1158 5910 1381 5973 Arbitrio,
1398 5924 1501 5975 cap.
1526 5912 1559 5962 3
1581 5918 1633 5964 et
1650 5924 1783 5977 seqq.

1790 430 1988 486 LlBER
2026 431 2222 492 UNUS.

3537 443 3643 499 146

2065 554 2220 621 dicat,
2244 557 2381 611 nulla
2390 556 2501 627 jam
2517 560 2791 611 estnatura
2800 552 3157 624 praestantior.
3175 553 3279 609 Sed
3293 555 3411 625 quia
3428 555 3633 614 clarum

2061 657 2143 703 est
2181 665 2296 704 eam
2316 666 2432 703 esse
2448 648 2773 713 mutabilem,
2789 646 2999 716 quando
3013 662 3151 701 nunc
3166 648 3350 716 perita,
3374 665 3512 703 nunc
3532 650 3636 703 im-

2060 740 2227 809 perita
2244 742 2531 804 invenitur;
2552 749 2696 793 tanto
2712 746 2885 792 autem
2901 737 3086 792 melius
3096 737 3317 806 judicat,
3336 748 3532 808 quanto
3546 749 3630 795 est

2060 830 2310 899 peritior;
2335 841 2389 885 et
2409 841 2552 885 tanto
2574 839 2655 885 est
2670 829 2905 899 peritior,
2924 836 3119 897 quanto
3136 829 3365 898 alicujus
3394 831 3521 885 artis
3548 832 3634 887 vel

2059 923 2347 993 disciplina:
2368 925 2450 979 vel
2478 923 2749 993 sapientiae
2769 921 3032 992 particeps
3058 929 3140 976 est
3160 939 3172 973 :
3190 922 3353 990 ipsius
3376 923 3502 976 artis
3534 938 3632 977 na-

2059 1021 2173 1067 tura
2190 1014 2470 1083 qurerenda
2484 1022 2581 1067 est.
2598 1013 2777 1082 Neque
2790 1027 2926 1065 nunc
2936 1019 3104 1065 artem
3119 1012 3339 1082 intelligi
3356 1013 3495 1076 volo,
3515 1029 3634 1083 qua:

2058 1111 2270 1157 notatur
2291 1103 2631 1173 experiendo,
2660 1102 2753 1157 sed
2790 1116 2908 1171 quae.
2946 1101 3304 1155 ratiocinando
3334 1102 3629 1172 indagatur.

2055 1192 2190 1259 Quid
2233 1193 2372 1247 enim
2409 1194 2714 1263 prteclarum
2758 1193 2923 1256 novit,
2961 1192 3050 1261 qui
3096 1192 3241 1246 novit
3287 1208 3349 1246 ea
3390 1194 3628 1263 impensa

2055 1300 2172 1354 qua:
2195 1285 2338 1340 calce
2368 1294 2422 1339 et
2446 1300 2605 1339 arena
2636 1282 3083 1348 confit,,tenacius
3104 1282 3305 1352 lapides
3330 1284 3621 1351 cohaerere,

2054 1392 2210 1446 quam
2249 1377 2393 1431 luto?
2436 1385 2525 1431 aut
2562 1377 2650 1445 qui
2683 1384 2787 1429 tam
2815 1376 3081 1446 eleganter
3121 1356 3367 1441 aediﬁcat,
3414 1384 3472 1430 ut
3507 1391 3625 1445 quae

2051 1470 2203 1539 plura
2243 1478 2385 1535 sunt,
2432 1470 2576 1539 paria
2610 1468 2825 1539 paribus
2862 1466 3245 1537 respondeant;
3296 1482 3414 1537 quae
3447 1474 3627 1522 autem

2054 1563 2279 1633 singula,
2312 1563 2543 1619 medium
2578 1563 2750 1617 locum
2778 1560 3030 1615 teneant?
3054 1574 3352 1630 quanquam
3380 1560 3479 1614 iste
3504 1574 3626 1614 sen-

2051 1669 2142 1709 sus
2162 1655 2270 1725 jam
2296 1655 2365 1710 sit
2383 1655 2571 1709 rationi
2598 1654 2909 1723 veritatique
2924 1653 3162 1706 vicinior.
3187 1651 3292 1707 Sed
3314 1662 3459 1706 certe
3479 1668 3625 1721 qua:-

2050 1750 2272 1805 rendum
2303 1760 2384 1805 est
2420 1766 2514 1804 cur
2541 1764 2639 1804 nos
2667 1748 2915 1814 offendat,
2946 1749 2990 1802 si
3018 1748 3220 1801 duabus
3246 1746 3492 1801 fenestris
3516 1760 3625 1799 non

2050 1856 2210 1912 super
2238 1842 2489 1907 invicem,
2522 1841 2614 1896 sed
2642 1842 2791 1910 juxta
2821 1841 3043 1895 invicem
3078 1841 3284 1906 locatis,
3313 1854 3416 1892 una
3443 1853 3623 1892 carum

2050 1932 2219 2002 major
2247 1932 2485 1987 minorve
2531 1933 2619 1997 sit,
2668 1946 2787 1985 cum
2831 1931 3060 1999 aequales
3094 1944 3212 1984 esse
3252 1929 3624 1999 potuerintzsi

2049 2038 2175 2077 vero
2195 2037 2355 2092 super
2380 2023 2604 2077 invicem
2637 2021 2845 2088 fuerint,
2865 2021 3137 2090 ambaeque
3159 2020 3379 2074 dimidio
3402 2021 3416 2050 ¹
3436 2034 3623 2089 quam-

2050 2114 2129 2168 vis
2160 2114 2426 2184 impares,
2454 2129 2559 2167 non
2591 2114 2660 2167 ita
2700 2112 2930 2167 offendat
2955 2112 3041 2167 illa
3066 2112 3428 2182 inaequalitas;
3456 2119 3509 2165 et
3531 2126 3626 2165 cur

2049 2219 2153 2257 non
2182 2205 2403 2258 multum
2427 2220 2692 2270 curemus,
2724 2214 2919 2273 quanto
2944 2204 3013 2256 sit
3036 2216 3139 2257 una
3170 2217 3352 2257 earum
3391 2210 3479 2256 aut
3508 2216 3623 2255 ma-

2043 2295 2130 2365 jor
2160 2304 2251 2350 aut
2278 2296 2472 2363 minor,
2496 2296 2614 2365 quia
2645 2295 2762 2349 duae
2792 2302 2931 2348 sunt.
2959 2294 3014 2348 ln
3046 2294 3211 2348 tribus
3240 2302 3417 2349 autem
3438 2307 3625 2349 sensus

2048 2384 2163 2455 ipse
2189 2385 2397 2440 videtur
2421 2396 2669 2455 expetere
2694 2395 2751 2439 ut
2779 2394 2869 2439 aut
2894 2386 3125 2455 impares
3146 2400 3250 2439 non
3277 2386 3401 2451 sint,
3428 2394 3518 2438 aut
3546 2384 3628 2438 in-

2049 2483 2131 2530 ter
2155 2476 2440 2530 maximam
2461 2484 2514 2530 et
2540 2476 2809 2530 minimam
2830 2477 2900 2529 ita
2924 2476 2995 2530 sit
3021 2475 3212 2541 media,
3237 2484 3293 2529 ut
3318 2482 3463 2529 tanto
3490 2490 3627 2543 prae-

2047 2570 2201 2625 cedat
2218 2571 2497 2635 minorem,
2520 2579 2716 2639 quanto
2737 2585 2768 2623 a
2795 2569 2994 2639 majore
3019 2567 3351 2638 praeceditur.
3380 2566 3454 2621 lla
3480 2568 3621 2620 enim

2048 2662 2220 2731 primo
2252 2664 2399 2730 quasi
2428 2669 2613 2714 natura
2650 2662 2763 2730 ipsa
2802 2660 3099 2714 consulitur
3132 2659 3253 2728 quid
3284 2658 3488 2727 probet.
3522 2658 3623 2712 Ubi

2049 2752 2382 2822 potissimum
2416 2751 2701 2820 notandum
2742 2759 2842 2816 est,
2883 2749 3327 2820 quemadmodum
3354 2748 3495 2818 quod
3531 2762 3620 2803 so-

2048 2844 2155 2899 lum
2188 2844 2477 2913 inspectum
2529 2844 2701 2897 minus
2726 2842 3068 2912 displicuerit,
3119 2843 3171 2897 in
3215 2841 3447 2897 melioris
3476 2856 3624 2896 com-

2048 2935 2319 3005 paratione
2344 2942 2643 3005 respuatur.
2671 2934 2746 2988 lta
2773 2933 3033 3005 reperitur
3062 2932 3190 2988 nihil
3217 2947 3337 2987 esse
3361 2931 3503 2985 aliud
3535 2947 3623 2984 ar-

2050 3038 2156 3084 tem
2188 3030 2480 3098 vulgarem,
2509 3028 2607 3082 nisi
2635 3044 2812 3082 rerum
2840 3036 3176 3097 expertarum
3207 3026 3623 3095 placitarnmque

2046 3124 2377 3184 memoriam,
2419 3138 2517 3175 usu
2554 3121 2782 3191 quodam
2825 3120 3064 3190 corporis
3103 3127 3260 3189 atque
3302 3118 3625 3187 operationis

2049 3215 2296 3284 adjuncto
2323 3232 2333 3266 :
2365 3228 2471 3283 quo
2496 3213 2538 3267 si
2564 3226 2765 3276 careas,
2790 3212 3029 3282 judicare
3053 3210 3119 3266 de
3146 3210 3394 3280 operibus
3430 3211 3619 3279 possis,

2047 3306 2185 3377 quod
2214 3306 2381 3361 multo
2421 3315 2502 3360 est
2532 3304 2901 3370 excellentius,
2945 3303 3185 3374 quamvis
3210 3302 3419 3371 Operari
3460 3300 3625 3381 artifi-

2047 3400 2189 3454 ciosa
2214 3414 2315 3452 non
2347 3398 2537 3467 possis.

2118 3491 2204 3544 55.
2247 3488 2350 3544 Sed
2381 3504 2500 3542 cum
2528 3489 2578 3541 in
2606 3487 2852 3541 omnibus
2882 3485 3083 3540 artibus
3107 3486 3471 3547 convenientia
3497 3486 3614 3555 pla-

2045 3590 2178 3643 ceat,
2210 3596 2310 3649 qua
2332 3595 2433 3633 una
2455 3580 2598 3633 salva
2620 3588 2673 3633 et
2698 3578 2910 3647 pulchra
2942 3588 3065 3631 sunt
3112 3578 3287 3632 omnia
3314 3594 3328 3643 ;
3359 3579 3471 3647 ipsa
3492 3594 3622 3633 vero

2045 3672 2409 3726 convenientia
2454 3672 2807 3740 aequalitatem
2848 3670 3206 3739 unitatemque
3248 3678 3481 3740 appetat,
3532 3671 3617 3725 vel

2045 3764 2387 3819 similitudine
2428 3764 2631 3833 parium
2675 3763 2920 3833 partium,
2960 3763 3042 3817 vel
3097 3763 3404 3833 gradatione
3447 3764 3623 3833 dispa—

2046 3856 2183 3910 rium
2214 3874 2227 3909 :
2260 3856 2379 3924 quis
2420 3865 2501 3909 est
2525 3854 2614 3923 qui
2645 3869 2901 3907 summam
2931 3853 3280 3921 aequalitatem
3313 3854 3399 3908 vel
3432 3854 3621 3910 simili-

2045 3947 2278 4000 tudinem
2297 3945 2346 3999 in
2369 3945 2674 4014 corporibus
2696 3945 2945 4010 inveniat,
2966 3943 3258 4014 audentque
3280 3944 3476 4011 dicere,
3500 3960 3620 4000 cum

2044 4036 2323 4108 diligenter
2374 4037 2787 4091 consideraverit
2827 4035 3101 4105 quodlibet
3147 4050 3338 4103 corpus
3384 4051 3511 4091 vere
3558 4051 3621 4090 ac

2044 4130 2354 4200 simpliciter
2394 4146 2556 4184 unum
2594 4144 2743 4195 esse;
2787 4145 2905 4183 cum
2937 4128 3111 4182 omnia
3137 4129 3220 4182 vel
3246 4128 3313 4183 de
3348 4130 3525 4199 specie
3566 4129 3619 4182 in

2045 4220 2298 4290 speciem,
2326 4220 2410 4275 vel
2441 4220 2506 4274 de
2542 4220 2657 4274 loco
2687 4220 2739 4274 in
2772 4220 2945 4273 locum
2976 4218 3298 4273 transeundo
3326 4227 3617 4285 mutentur,

2044 4322 2097 4369 et
2122 4312 2358 4383 partibus
2386 4320 2629 4367 constent
2653 4326 2746 4365 sua
2775 4311 2888 4366 loca
2914 4310 3293 4374 obtinentibus,
3317 4326 3410 4379 per
3428 4326 3546 4379 quae
3566 4311 3617 4363 in

2042 4404 2207 4473 spatia
2246 4403 2457 4457 diversa
2486 4402 2821 4456 dividuntur?
2850 4402 3016 4455 Porro
3049 4402 3159 4469 ipsa
3186 4416 3309 4456 vera
3345 4401 3619 4470 aequalitas

2043 4509 2104 4549 ac
2143 4494 2451 4559 similitudo,
2499 4502 2656 4562 atque
2693 4493 2804 4562 ipsa
2832 4507 2953 4546 vera
2991 4500 3045 4545 et
3073 4491 3240 4559 prima
3273 4492 3466 4558 unitas,
3513 4507 3617 4547 non

2043 4585 2212 4640 oculis
2238 4585 2462 4648 carneis,
2495 4599 2669 4653 neque
2692 4583 2797 4636 ullo
2826 4582 2913 4636 tali
2936 4597 3115 4647 sensu,
3149 4583 3242 4636 sed
3267 4591 3441 4639 mente
3463 4583 3620 4640 intel-

2043 4676 2176 4731 lecta
2203 4675 2542 4746 conspicitur.
2579 4674 2730 4730 Unde
2760 4675 2898 4729 enim
2929 4675 3323 4745 qualiscumque
3350 4675 3402 4729 in
3426 4691 3617 4744 corpo-

2042 4766 2188 4821 ribus
2217 4775 2555 4838 appcteretur
2582 4766 2874 4836 aequalitas,
2902 4772 2993 4819 aut
3025 4764 3165 4820 unde
3191 4766 3614 4832 convinceretur,

2040 4858 2194 4928 longe
2220 4859 2497 4929 plurimum
2520 4857 2735 4912 differre
2758 4872 2786 4909 a
2815 4856 3068 4926 perfecta,
3097 4858 3197 4911 nisi
3222 4873 3285 4912 ea
3308 4873 3425 4927 quae
3452 4858 3619 4927 perfe-

2040 4961 2123 5006 cta
2147 4960 2248 5016 est,
2271 4959 2447 5006 mente
2473 4950 2782 5006 videretur?
2812 4951 2855 5004 si
2878 4958 3053 5005 tamen
3074 4967 3189 5020 quae
3214 4949 3349 5005 facta
3379 4965 3482 5004 non
3513 4960 3614 5016 est,

2039 5041 2269 5112 perfecta
2299 5041 2520 5095 dicenda
2547 5049 2647 5095 est.

2108 5135 2197 5189 56.
2228 5134 2295 5188 Et
2336 5150 2458 5189 cum
2496 5134 2672 5188 omnia
2703 5148 2821 5203 quas
2866 5135 3186 5189 sensibiliter
3211 5134 3424 5204 pulchra
3449 5144 3608 5202 sunt,

2039 5226 2147 5280 sive
2192 5234 2381 5279 natura
2420 5225 2581 5290 edita,
2630 5226 2742 5281 sive
2789 5227 2991 5282 artibus
3035 5228 3335 5293 elaborata,
3386 5228 3515 5282 locis
3562 5238 3616 5284 et

2038 5316 2365 5387 temporibus
2395 5318 2500 5372 sint
2529 5318 2769 5388 pulchra,
2815 5328 2871 5373 ut
2915 5334 3106 5387 corpus
3132 5326 3185 5373 et
3230 5320 3465 5388 corporis
3493 5336 3611 5376 mo-

2038 5416 2154 5471 tus;
2185 5408 2271 5462 illa
2299 5410 2570 5478 :equalitas
2612 5418 2664 5463 et
2707 5412 2880 5463 unitas
2930 5410 3095 5463 menti
3136 5411 3499 5465 tantummodo
3522 5426 3615 5467 co-

2035 5502 2208 5571 gnita,
2266 5501 2559 5555 secundum
2605 5517 2762 5570 quam
2820 5502 2887 5555 de
2932 5514 3184 5569 corporea
3228 5501 3614 5570 pulchritudine

2036 5609 2195 5649 sensu
2219 5595 2546 5648 internuntio
2574 5594 2859 5663 jndicatur,
2885 5608 2982 5646 nec
3012 5592 3129 5647 loco
3156 5594 3349 5648 tumida
3382 5604 3480 5659 est,
3515 5611 3613 5649 nec

2036 5688 2290 5742 instabilis
2309 5697 2563 5757 tempore.
2583 5686 2694 5740 Non
2713 5687 2847 5741 enim
2867 5694 3009 5739 recte
3022 5684 3122 5739 dici
3142 5687 3613 5756 potestsecundum

2036 5799 2150 5839 eam
2170 5784 2392 5854 judicari
2418 5782 2698 5838 rotundum
2740 5780 3026 5845 canthum,
3058 5788 3113 5835 et
3159 5795 3263 5834 non
3308 5779 3598 5836 secundum

2100 5918 2117 5949 ι
2142 5917 2214 5966 Sic
2234 5916 2593 5980 prastantiores
2608 5914 2789 5965 MssaA‘t
2809 5913 2919 5964 Edd.
2936 5914 3135 5973 habent,
3152 5914 3213 5965 de
3230 5914 3401 5963 medio.
