4032 6350
483 505 583 577 ,ιιι
1256 534 1265 541 .
1507 484 1597 540 ns
1634 482 1819 539 γεω
1864 479 2254 549 sumemus,
2295 481 2353 538 s.
2395 479 2770 559 aucusrnn
3661 488 3764 561 με

478 636 599 680 eam
626 615 914 676 mlundtlm
939 609 1242 674 vasculum;
1275 601 1688 671 sintsecundum
1713 614 1831 673 eam
1874 606 2062 659 rotuno

478 714 607 771 dum
628 707 923 772 naculum,
954 712 1011 773 et
1031 716 1139 761 non
1167 697 1462 759 secundum
1488 710 1606 753 eam
1652 690 1937 763 rotundum
1963 690 2062 751 de-

478 807 708 864 narium.
753 799 1013 859 Similiter
1055 797 1112 853 in
1156 791 1485 864 temporibus
1524 796 1685 859 atque
1729 786 1783 842 in
1832 784 2063 843 motibus

478 912 788 971 corporum,
830 890 1057 950 ridicule
1107 886 1301 944 dicitur
1338 880 1630 945 secundum
1679 893 1813 971 eain
1835 873 2064 947 iudicari

480 970 714 1065 a-qnales
738 1001 926 1054 annos,
958 993 1014 1042 et
1046 996 1154 1039 non
1190 975 1481 1038 secundum
1502 988 1621 1031 eam
1649 970 1881 1044 aequales
1909 982 2062 1027 men-

479 1104 602 1156 sos;
630 1093 722 1142 aut
750 1078 1040 1141 secundum
1065 1090 1184 1133 eam
1213 1070 1446 1143 aequales
1470 1081 1683 1125 metlses
1701 1107 1718 1133 ,
1764 1074 1819 1123 et
1845 1076 1949 1121 non
1977 1075 2065 1119 se-

479 1153 713 1239 cundum
737 1192 857 1234 eam
879 1171 1112 1246 aeqitales
1146 1167 1283 1224 dies.
1326 1162 1435 1220 Sed
1454 1154 1572 1219 sive‘
1596 1174 1692 1230 per
1720 1159 1834 1212 limo
1869 1153 2061 1225 spatia,

479 1275 594 1333 sive
620 1288 714 1345 per
740 1271 901 1325 horas
923 1308 939 1335 ,
980 1265 1093 1321 sive
1135 1276 1227 1333 per
1256 1256 1504 1316 breviora
1550 1257 1821 1309 momenta
1863 1260 2064 1303 conve-

480 1343 691 1424 nienter
713 1366 988 1421 moveatur
1007 1353 1205 1427 aliquid
1223 1394 1240 1421 ,
1267 1350 1457 1409 eadem
1485 1359 1590 1403 una
1614 1351 1671 1401 et
1712 1343 2065 1399 incommuta-

478 1461 575 1518 bili
600 1454 900 1530 mqualitate
921 1449 1210 1524 iudicatur.
1235 1442 1388 1515 Quod
1427 1441 1473 1501 si
1516 1439 1726 1530 minora
1767 1442 1824 1492 et
1861 1431 2066 1530 maiora

477 1549 648 1625 spatia
666 1525 960 1620 ligurarutn
998 1548 1158 1613 atque
1185 1537 1481 1595 motionum
1820 1525 2064 1625 eamdem

476 1617 653 1715 legem
680 1617 1000 1711 parilitatis,
1026 1631 1113 1690 vel
1150 1625 1534 1691 similitudinis,
1573 1622 1661 1681 vel
1688 1617 2067 1715 congruentia:

473 1710 804 1807 indicantur,
831 1729 945 1801 ipsa
987 1726 1075 1783 lex
1100 1722 1273 1794 maior
1317 1726 1401 1776 est
1430 1717 1514 1774 liis
1541 1712 1812 1780 omnibus,
1841 1710 1938 1807 sed
1966 1724 2067 1781 po-

480 1801 666 1885 twtia.
710 1821 977 1879 Caeterum
1023 1814 1197 1886 spatio
1241 1819 1335 1867 aut
1373 1808 1481 1867 loci
1528 1813 1621 1865 aut
1659 1801 1936 1874 temporis,
1968 1814 2070 1855 nec

478 1918 653 1991 major
676 1930 776 1973 nec
799 1912 1012 1970 minor:
1039 1908 1163 1980 quia
1181 1905 1229 1963 si
1254 1902 1427 1975 maior
1444 1906 1609 1968 esset,
1638 1912 1747 1955 non
1774 1892 2067 1955 semiudum

480 1990 648 2072 totam
687 2009 1051 2082 iudicaremus
1086 2001 1329 2064 minora;
1372 1995 1420 2052 si
1457 2004 1637 2051 autem
1680 1990 1858 2082 minor
1900 1995 2065 2054 esset,

478 2122 587 2166 non
615 2077 906 2162 secundum
932 2110 1050 2156 eam
1072 2093 1433 2168 iudicaremus
1457 2085 1659 2157 maiora
1685 2082 1728 2137 ⁸.
1761 2077 1916 2137 Nunc
1943 2092 2070 2135 vero

480 2214 609 2259 cum
650 2192 945 2253 secundum
970 2198 1135 2245 totam
1161 2180 1506 2257 quadratum
1528 2176 1699 2248 legem
1724 2172 1991 2245 iudicetur
2015 2176 2071 2225 et

479 2290 657 2352 forum
682 2286 1000 2362 quadratum
1025 2322 1042 2350 ,
1086 2290 1142 2338 et
1167 2277 1306 2350 lapis
1346 2271 1637 2346 quadratus
1662 2309 1681 2337 ,
1710 2275 1766 2324 et
1793 2265 1987 2362 tabella
2015 2270 2073 2318 et

481 2358 1012 2461 gemma—quadrata;
1046 2386 1235 2431 rursus
1263 2366 1558 2428 secundum
1601 2372 1769 2419 totam
1793 2358 2069 2432 mqualita-

484 2453 556 2537 ἶῑε
573 2453 753 2549 legem
764 2473 1070 2547 iudicentur
1092 2462 1380 2523 convenire
1402 2458 1503 2517 sibi
1527 2464 1719 2549 motus
1732 2453 1927 2549 pedum
1947 2466 2074 2549 cur-

482 2543 653 2630 rentis
672 2543 928 2630 formicae,
946 2569 1002 2618 et
1016 2555 1307 2617 secundum
1322 2566 1442 2611 eam
1462 2547 1752 2623 gradientis
1771 2543 2068 2617 elephanti:

481 2663 605 2747 quis
645 2672 764 2718 eam
788 2654 995 2715 dubitet
1022 2653 1266 2710 locorum
1292 2644 1591 2747 intervallis
1637 2656 1700 2698 ac
1740 2650 2067 2744 temporum,

482 2733 587 2815 nec
606 2751 863 2827 majorem
904 2762 1061 2816 esse,
1088 2758 1191 2801 nec
1236 2739 1521 2805 minorem,
1560 2750 1682 2792 cum
1714 2733 1945 2805 potentia
1976 2744 2072 2787 su-

484 2854 636 2923 peret
661 2825 875 2904 omnia?
902 2838 1029 2897 llaec
1052 2845 1229 2893 autem
1251 2834 1339 2890 lex
1363 2830 1602 2887 omnium
1631 2827 1822 2883 artium
1844 2840 1965 2881 cum
2004 2825 2076 2882 sit

485 2920 711 3000 omnino
738 2929 1188 2993 incommutabilis
1208 2969 1226 2997 ,
1253 2938 1407 2983 mens
1443 2938 1574 2981 vero
1612 2922 1843 2978 humana
1872 2920 1958 2977 cui
1990 2926 2074 3000 ιιι-ς

492 2997 597 3087 lem
620 3028 791 3101 legem
817 3024 1003 3083 videre
1036 3032 1349 3079 concessum
1388 3022 1472 3074 est
1487 3056 1504 3085 ,
1534 3012 1940 3069 mutabilitatem
1966 2997 2076 3082 pati

491 3127 662 3197 possit
688 3118 921 3186 erroris,
944 3114 1076 3173 satis
1114 3116 1335 3186 apparet
1358 3120 1519 3180 supra
1559 3113 1798 3164 mentem
1837 3111 2076 3160 nostram

490 3202 616 3274 esse
638 3212 834 3285 legem,
863 3220 982 3283 quae
1009 3204 1208 3265 veritas
1233 3202 1445 3260 dicitur.

487 3345 717 3407 CAPUT
761 3342 957 3402 XXXI.
972 3371 1048 3385 —
1067 3338 1211 3396 Deus
1235 3353 1433 3394 summa
1458 3337 1558 3397 ista
1596 3335 1679 3391 lea:
1704 3342 1776 3390 est
1803 3332 2079 3391 secundum

593 3453 749 3512 quam
774 3436 905 3495 ratio
920 3433 1141 3507 judicat,
1167 3430 1257 3487 sed
1281 3445 1432 3503 quam
1448 3427 1689 3499 judicare
1716 3442 1820 3481 non
1841 3425 1977 3480 licet.

560 3572 650 3631 57.
689 3569 799 3629 Nec
816 3570 930 3643 jam
955 3565 1083 3624 illud
1120 3563 1495 3637 ambigendum
1530 3570 1647 3631 est,
1673 3560 2082 3616 incommutabi-

488 3666 596 3725 lem
616 3672 883 3731 naturam,
901 3676 1020 3733 quae
1039 3674 1200 3731 supra
1221 3656 1537 3714 rationalem
1555 3657 1785 3710 animam
1807 3656 1897 3720 sit,
1912 3654 2081 3708 Deum

490 3770 651 3826 esse;
678 3762 734 3813 et
758 3754 834 3812 ibi
861 3766 981 3811 esse
1005 3752 1229 3824 primam
1255 3749 1418 3804 vitam
1437 3754 1495 3803 et
1513 3746 1742 3817 primam
1768 3743 2078 3813 essentiam,

489 3848 584 3908 ubi
607 3855 691 3906 est
716 3845 888 3919 prima
917 3842 1197 3915 sapientia.
1234 3839 1368 3897 Nam
1396 3838 1515 3893 haec
1549 3846 1628 3893 est
1658 3836 1747 3892 illa
1780 3835 2082 3891 incommu-

492 3942 670 4006 tabilis
693 3943 914 4012 veritas,
942 3954 1061 4013 qua:
1085 3938 1174 3996 lex
1197 3935 1435 3992 omnium
1462 3931 1655 3988 artium
1694 3938 1840 3988 recte
1867 3930 2081 4000 dicitur,

492 4046 548 4096 et
568 4050 660 4094 ars
676 4031 1057 4105 omnipotentis
1076 4028 1315 4086 artiﬁcis.
1336 4026 1521 4095 itaque
1539 4036 1658 4080 cum
1683 4036 1744 4081 se
1763 4024 1939 4078 anima
1960 4036 2085 4080 sen-

494 4130 592 4190 tiat
626 4142 728 4188 nec
767 4140 1054 4199 corporum
1101 4121 1333 4195 speciem
1378 4126 1686 4190 motumque
1716 4114 1956 4188 judicare
1998 4130 2088 4173 se-

493 4221 727 4280 cundum
772 4218 1005 4290 seipsam
1027 4257 1044 4285 ,
1074 4213 1236 4271 simul
1278 4216 1489 4283 oportet
1531 4218 1784 4281 agnoscat
1829 4216 2086 4280 praestare

493 4328 647 4375 suam
688 4320 936 4369 naturam
983 4308 1034 4364 ei
1061 4312 1266 4363 natura:
1296 4300 1364 4360 de
1411 4316 1515 4375 qua
1556 4300 1796 4373 iudicat;
1827 4306 2086 4371 praestare

495 4414 674 4464 autem
704 4400 808 4461 sibi
837 4416 957 4460 eam
983 4407 1249 4465 naturam,
1281 4393 1573 4452 secundum
1600 4408 1760 4464 quam
1782 4391 2005 4463 judicat,
2032 4400 2087 4449 et

493 4496 564 4556 de
585 4508 688 4570 qua
713 4493 954 4567 judicare
978 4488 1129 4548 nullo
1154 4486 1317 4545 modo
1339 4492 1534 4558 potest.
1575 4485 1800 4542 Possum
1831 4483 1975 4541 enim
2006 4485 2085 4540 di-

494 4600 619 4645 cere
650 4600 817 4660 quare
853 4582 1047 4642 similia
1089 4578 1195 4639 sibi
1229 4594 1294 4636 ex
1340 4587 1562 4652 utraque
1587 4584 1737 4649 parte
1758 4575 2086 4647 respondere

494 4677 738 4737 membra
788 4676 1044 4747 cujusque
1088 4671 1328 4744 corporis
1378 4670 1651 4737 debeant;
1703 4667 1827 4741 quia
1879 4681 2087 4725 summa

495 4770 800 4844 aequalitate
838 4764 1077 4824 delector
1095 4806 1111 4834 ,
1141 4778 1299 4836 quam
1330 4779 1436 4819 non
1474 4762 1643 4820 oculis
1684 4760 1923 4833 corporis
1946 4803 1962 4829 ,
1991 4759 2087 4817 sed

493 4862 696 4922 mentis
715 4869 1005 4918 contueor:
1023 4867 1347 4930 quapropter
1359 4861 1509 4912 tanto
1531 4853 1752 4911 meliora
1771 4868 1892 4911 esse
1906 4851 2089 4924 judico

497 4972 620 5031 quas
659 4952 830 5013 oculis
859 4967 1058 5021 cerno,
1084 4958 1284 5023 quanto
1316 4963 1413 5021 pro
1459 4962 1555 5005 sua
1598 4958 1786 5004 natura
1832 4944 2089 5001 viciniora

496 5057 626 5110 sunt
646 5048 714 5106 iis
731 5062 852 5121 quae
869 5045 1048 5117 anituo
1068 5043 1325 5116 intelligo.
1354 5041 1531 5112 Quare
1553 5048 1732 5097 autem
1755 5036 1845 5095 illa
1865 5039 1936 5094 ita
1958 5037 2086 5106 sint,

495 5140 677 5201 nullus
704 5148 880 5214 potest
916 5138 1134 5196 dicere:
1158 5150 1260 5194 nec
1296 5136 1372 5192 ita
1412 5133 1610 5191 debere
1647 5144 1768 5188 csse
1811 5131 2090 5202 quisquam

497 5233 682 5294 sobrie
709 5231 921 5299 dixerit,
948 5228 1100 5303 quasi
1120 5228 1329 5302 possint
1357 5239 1476 5283 esse
1504 5239 1609 5281 non
1634 5223 1730 5280 ita.

516 5388 523 5397 ,
571 5327 664 5386 58.
701 5325 878 5395 Quare
901 5333 1080 5382 autem
1107 5322 1263 5381 nobis
1285 5321 1551 5395 placeant,
1574 5325 1629 5374 et
1646 5331 1744 5373 cur
1768 5330 1851 5383 ea,
1875 5314 2090 5388 quando

501 5420 698 5483 melius
718 5419 975 5493 sapimus,
998 5413 1467 5475 vehementissime
1483 5410 1787 5484 diligamus,
1805 5425 1875 5466 ne
1893 5409 1948 5466 id
1967 5409 2088 5481 qui-

502 5517 626 5581 dam
656 5514 960 5588 quisquam,
980 5513 1027 5570 si
1051 5526 1116 5568 ea
1143 5509 1248 5567 rite
1272 5506 1535 5579 intelligit,
1556 5505 1735 5563 dicere
1758 5502 1993 5561 audebit.
2023 5502 2092 5562 Ut

530 5609 647 5664 irin
672 5622 772 5665 nos
794 5614 850 5663 et
881 5619 1071 5665 omnes
1098 5602 1291 5658 animae
1329 5598 1649 5669 rationales,
1675 5595 1966 5655 secundum
1993 5610 2090 5653 ve-

498 5703 716 5763 ritatem
738 5700 809 5759 de
833 5698 1176 5756 inferioribus
1202 5702 1349 5753 recte
1372 5692 1697 5767 iudicamus;
1722 5692 1800 5749 sic
1819 5691 1887 5748 de
1912 5691 2088 5759 nobis,

496 5792 717 5865 ‘quando
742 5790 915 5850 eidem
942 5789 1312 5857 cohaeremus,
1336 5787 1448 5846 sola
1485 5785 1601 5859 ipsa
1631 5785 1834 5843 Veritas
1866 5783 2087 5857 iudicat.

568 5929 587 5961 ι
606 5924 764 5979 aditi:
791 5932 891 5976 non
919 5903 1183 5990 sociatam
1200 5936 1310 5979 eam
1335 5922 1672 5990 ἐπάξεται-απυδ
1691 5921 1898 5987 majora.
1921 5918 2092 5974 uellus

504 5987 1217 6051 las,meth

2172 597 2248 665 De
2273 596 2390 669 ipsa
2414 612 2541 655 vero
2572 611 2673 655 nec
2714 596 2903 665 Pater,
2933 612 3041 655 non
3076 598 3224 657 enim
3267 598 3444 657 minor
3470 608 3555 659 est
3597 617 3758 675 quam

2170 688 2286 760 ipse
2310 690 2328 720 ¹
2354 730 2370 757 ,
2398 697 2454 745 ct
2476 688 2596 747 ideo
2622 704 2742 760 qua
2765 689 2924 757 Pater
2945 689 3177 761 iudicat,
3202 706 3299 762 per
3334 692 3503 763 ipsam
3526 692 3759 764 iudicat.

2169 780 2358 839 Omnia
2387 779 2531 839 enim
2558 796 2679 852 qua:
2696 788 2953 853 appetunt
2978 784 3257 852 unitatem,
3281 783 3421 843 hanc
3448 784 3647 847 habent
3669 802 3762 844 re-

2169 874 2375 947 gulam,
2422 875 2507 941 vel
2532 876 2790 945 formam,
2819 876 2909 933 vel
2943 878 3248 948 exemplum
3267 919 3284 947 ,
3314 878 3404 937 vel
3444 879 3495 939 si
3522 896 3629 952 quo
3654 882 3761 939 alio

2170 968 2335 1026 verbo
2358 967 2463 1029 dici
2488 983 2550 1026 se
2576 969 2732 1037 sinit;
2773 971 3029 1041 quoniam
3056 970 3169 1033 sola
3206 969 3324 1042 eius
3356 972 3763 1033 similitudinem

2170 1075 2201 1115 a
2224 1074 2333 1132 quo
2350 1076 2473 1121 esse
2497 1061 2721 1132 accepit,
2754 1061 2992 1131 unpievit
3020 1079 3035 1116 :
3066 1060 3114 1119 si
3154 1070 3333 1119 tamen
3357 1104 3374 1132 ,
3405 1066 3630 1134 accepit,
3656 1083 3762 1123 non

2170 1150 2462 1225 incongrue
2485 1152 2703 1221 dicitur,
2732 1167 2832 1224 pro
2850 1168 2917 1210 ea
2940 1152 3463 1225 signiﬁcatione,qua
3489 1154 3651 1213 Filius
3671 1173 3767 1227 ai:-

2171 1242 2417 1313 pellatur,
2441 1243 2563 1315 quia
2587 1259 2697 1303 non
2719 1244 2788 1300 de
2811 1244 2990 1315 seipse
3016 1252 3120 1311 est,
3143 1244 3241 1302 sed
3282 1244 3353 1303 de
3394 1247 3569 1318 primo
3606 1264 3757 1305 suni-

2171 1348 2368 1406 tuoque
2393 1335 2653 1406 principio
2668 1378 2686 1406 ,
2708 1337 2802 1408 qui
2826 1336 2985 1401 Pater
3010 1336 3235 1405 dicitur;
3256 1354 3322 1397 es
3346 1355 3447 1412 quo
3472 1340 3635 1397 omnis
3666 1358 3766 1411 να-

2171 1426 2380 1487 ttrnitas
2400 1428 2457 1485 in
2481 1427 2606 1487 mlo
2632 1437 2680 1485 et
2706 1431 2762 1489 in
2788 1439 2925 1491 terra
2944 1432 3235 1491 nominatur
3272 1431 3490 1506 (Ep/tes.
3515 1450 3571 1493 lii
3598 1477 3612 1501 ,
3647 1433 3765 1508 l5).

2172 1517 2332 1579 Pater
2354 1536 2484 1593 ergo
2512 1539 2615 1579 non
2628 1522 2832 1595 iudicat
2852 1540 3154 1597 quem»
3171 1566 3188 1595 ,
3217 1526 3307 1583 sed
3334 1543 3482 1585 omne

2171 1611 2310 1670 dedit
2334 1613 2472 1673 Filio
2501 1613 2682 1688 (Joan.
2705 1631 2763 1685 v,
2788 1614 2883 1687 22)
2910 1636 2924 1672 :
2960 1628 3035 1684 et,
3062 1618 3347 1688 spiritantia
3390 1620 3541 1675 homo
3567 1621 3768 1690 iudicat

2172 1706 2363 1775 omnia,
2388 1707 2500 1778 ipse
2521 1716 2689 1767 autem
2719 1724 2753 1763 α
2780 1708 3258 1780 nomineitdicetur
3285 1709 3335 1781 (I
3354 1709 3472 1767 Cor.
3489 1709 3678 1783 11,15),
3712 1711 3769 1768 id

2172 1807 2257 1857 est
2292 1814 2327 1859 a
2372 1800 2517 1859 nullo
2546 1800 2797 1868 homine,
2821 1799 2917 1857 sed
2944 1814 2974 1859 a
3015 1801 3129 1861 sola
3156 1801 3271 1871 ipsa
3312 1801 3429 1872 legs
3470 1801 3771 1861 secundum

2173 1904 2331 1961 quam
2352 1889 2554 1962 iudicat
2578 1891 2798 1958 omnia;
2834 1891 3089 1962 quoniam
3116 1902 3171 1949 et
3197 1892 3330 1949 illud
3368 1893 3648 1951 verissime
3678 1894 3771 1949 di-

2172 1990 2315 2041 ctum
2359 1994 2481 2051 est,
2525 1982 2739 2055 Oportet
2772 2001 2867 2041 nos
2904 2000 3079 2043 cumet
3119 1985 3346 2043 exhibui
3385 1996 3505 2045 ante
3544 1987 3775 2043 tribunal

2173 2073 2363 2132 Christi
2389 2075 2464 2153 (ll
2485 2075 2603 2132 Cor.
2628 2090 2685 2146 v,
2714 2076 2825 2149 10).
2847 2076 3036 2133 Omnia
3064 2090 3193 2149 ergo
3215 2077 3438 2149 judicat,
3456 2079 3580 2149 quia
3606 2094 3775 2150 super

2175 2169 2353 2225 omnia
2380 2178 2483 2239 est,
2512 2170 2724 2245 quando
2749 2186 2870 2227 cum
2899 2171 3011 2227 Deo
3036 2178 3137 2226 est.
3178 2171 3309 2227 Cum
3335 2171 3428 2227 illo
3455 2178 3636 2229 autem
3660 2181 3771 2241 est,

2174 2261 2385 2332 quando
2408 2261 2688 2332 purissime
2713 2261 2978 2334 intelligit,
3001 2270 3055 2318 et
3079 2268 3190 2316 tota
3213 2261 3493 2333 charitate,
3519 2262 3663 2335 quod
3688 2264 3776 2319 in-

2177 2352 2395 2424 telligit,
2425 2352 2612 2425 diligit.
2655 2352 2730 2408 ita
2778 2353 2939 2409 etiam
2959 2394 2973 2421 ,
3004 2360 3258 2424 quantum
3289 2360 3504 2424 potest,
3529 2338 3617 2410 lex
3652 2353 3778 2425 ipsa

2177 2445 2336 2501 etiam
2363 2444 2476 2519 ipse
2507 2444 2583 2514 fit,
2611 2444 2909 2501 secundum
2945 2460 3104 2519 quam
3138 2443 3339 2516 iudicat
3376 2445 3552 2500 omnia
3576 2487 3591 2510 ,
3621 2453 3677 2501 et
3702 2445 3780 2503 de

2178 2552 2278 2610 qua
2305 2536 2544 2609 iudicare
2573 2538 2752 2596 nullus
2768 2545 2971 2623 potest.
2994 2538 3142 2595 Sicut
3165 2539 3217 2594 in
3244 2539 3362 2596 istis
3387 2538 3777 2611 temporalibus

2176 2630 2403 2703 legibus,
2435 2647 2737 2707 quanquam
2767 2628 2836 2689 de
2861 2631 2945 2689 his
2973 2630 3217 2688 homines
3256 2629 3498 2701 judicent
3528 2647 3650 2688 cum
3676 2644 3779 2689 eas

2179 2722 2479 2792 instituunt,
2511 2732 2685 2780 tamen
2728 2739 2849 2780 cum
2875 2722 3074 2779 fuerint
3102 2722 3364 2785 instituta:
3401 2731 3560 2795 atque
3588 2722 3780 2779 ﬁrma-

2181 2823 2267 2881 tae,
2302 2830 2409 2875 non
2436 2814 2619 2871 licebit
2641 2814 2805 2887 iudici
2835 2815 2902 2871 de
2925 2814 3053 2888 ipsis
3076 2812 3339 2891 iudicare,
3363 2812 3457 2871 sed
3478 2813 3781 2872 secundum

2180 2907 2343 2983 ipsas.
2384 2908 2642 2965 Conditor
2669 2918 2847 2965 tamen
2874 2909 3047 2983 legum
3080 2907 3475 2981 temporalium,
3501 2906 3549 2967 si
3573 2906 3657 2961 vir
3674 2906 3784 2962 bo-

2182 3016 2284 3057 nus
2308 3007 2392 3058 est
2416 3010 2470 3056 et
2495 3000 2705 3074 sapiens
2724 3041 2740 3066 ,
2767 3000 2914 3057 illam
2944 2996 3112 3075 ipsam
3141 2999 3371 3055 consulit
3397 3005 3674 3064 aeternam,
3702 2996 3784 3056 de

2183 3109 2286 3169 qua
2315 3092 2447 3153 nulli
2491 3090 2684 3167 animo:
2722 3092 2967 3167 iudicare
2995 3093 3176 3149 datum
3222 3100 3342 3159 est;
3390 3098 3449 3149 ut
3484 3090 3785 3148 secundum

2184 3168 2300 3255 cius
2341 3168 2801 3241 incommutabiles
2845 3184 3093 3257 regulas,
3126 3182 3252 3259 quid
3292 3184 3361 3240 sit
3407 3198 3506 3255 pro
3534 3190 3788 3257 tempore

2180 3280 2475 3353 iubendum
2528 3279 2917 3363 vetandumque
2964 3277 3250 3354 discernat.
3293 3275 3572 3334 Etcrnam
3616 3277 3788 3353 igitur

2185 3374 2358 3447 legem
2381 3373 2591 3431 mundis
2618 3372 2810 3429 animis
2832 3368 2911 3445 fas
2935 3380 3018 3429 est
3040 3386 3386 3443 cognoscere,
3405 3369 3643 3442 iudicare
3667 3386 3787 3427 non

2185 3465 2269 3523 fas
2296 3474 2398 3522 est.
2440 3464 2553 3522 Hoc
2578 3475 2754 3522 autem
2803 3465 3052 3531 interest,
3085 3463 3228 3536 quod
3251 3462 3319 3519 ad
3347 3458 3789 3533 cognoscendum

2187 3560 2317 3619 satis
2344 3569 2427 3616 est
2454 3567 2513 3614 ut
2538 3557 2812 3619 videamus
2840 3559 2910 3612 ita
2938 3571 3056 3613 esse
3082 3554 3280 3629 aliquid
3307 3552 3393 3613 vel
3423 3568 3528 3611 non
3572 3552 3641 3607 ita
3668 3568 3682 3605 :
3706 3551 3791 3609 ad

2183 3652 2529 3726 iudicandum
2571 3667 2699 3708 vero
2739 3651 2983 3707 addimus
3012 3648 3209 3723 aliquid
3260 3662 3369 3721 quo
3418 3643 3792 3719 signiﬁcemus

2188 3759 2347 3817 posse
2369 3759 2489 3801 esse
2518 3752 2573 3801 et
2599 3744 2790 3811 aliter;
2823 3741 2964 3799 velut
2991 3756 3111 3795 cum
3141 3739 3366 3796 dicimus
3389 3778 3405 3805 ,
3438 3737 3513 3795 ita
3536 3751 3659 3794 esse
3678 3736 3791 3795 de-

2187 3836 2300 3905 bet,
2330 3846 2441 3902 aut,
2472 3837 2544 3907 ita
2571 3850 2691 3895 esse
2716 3833 2919 3907 debuit,
2951 3840 3062 3898 aut,
3090 3831 3163 3886 ita
3191 3845 3312 3891 esse
3337 3828 3588 3898 debebit;
3622 3838 3682 3886 ut
3722 3829 3787 3888 in
3888 3854 3896 3860 -

2187 3930 2301 3988 suis
2327 3929 2578 4005 operibus
2619 3926 2849 3983 artiﬁces
2876 3924 3091 3983 faciunt.

2190 4020 2416 4081 CAPUT
2440 4016 2730 4079 XXXII.—-
2758 4015 2978 4073 "uitatis
2997 4016 3050 4070 in
3085 4012 3378 4085 corporibus
3399 4020 3473 4070 est
3496 4010 3791 4101 uestigiumz

2389 4114 2478 4171 sed
2499 4113 2613 4185 ipsa
2636 4110 2807 4168 unitas
2835 4109 3035 4165 nonnisi
3059 4115 3220 4163 mente
3247 4106 3574 4179 conspicitur.

2262 4207 2353 4263 59.
2395 4205 2503 4283 Sed
2544 4204 2725 4263 multis
2764 4203 2884 4263 linis
2921 4209 3004 4261 est
3051 4200 3283 4256 humana
3332 4198 3646 4265 delectatio,
3678 4212 3793 4257 nec

2190 4298 2378 4357 volunt
2405 4296 2626 4357 tendere
2652 4295 2719 4355 ad
2744 4295 3042 4371 superiora,
3061 4302 3121 4349 ut
3144 4292 3385 4365 iudicent
3409 4307 3505 4353 cur
3528 4292 3627 4353 ista
3652 4292 3793 4348 visi-

2190 4390 2318 4449 bilia
2345 4390 2609 4465 placeant.
2649 4387 2831 4461 Itaque
2855 4387 2902 4449 si
2926 4401 3160 4458 quaeram
3186 4385 3256 4442 ab
3272 4385 3496 4451 artiﬁce,
3523 4398 3630 4443 uno
3650 4398 3792 4445 arcu

2189 4489 2518 4555 constructo,
2541 4495 2638 4535 cur
2661 4479 2885 4537 alterum
2913 4493 3095 4549 parem
3121 4486 3307 4537 contra
3345 4476 3400 4535 in
3436 4476 3598 4533 altera
3627 4484 3793 4547 parte

2191 4573 2475 4639 moliatur;
2500 4569 2880 4643 respondebit,
2909 4569 3105 4638 credo,
3134 4580 3193 4625 ut
3232 4570 3379 4641 paria
3406 4566 3623 4641 paribus
3648 4566 3793 4625 mdi-

2192 4664 2297 4723 ticii
2324 4663 2564 4719 membra
2588 4660 2967 4733 respondeant.
3007 4661 3176 4717 Porro
3203 4658 3250 4719 si
3276 4674 3493 4733 pergam
3514 4672 3789 4730 quaerere,

2191 4756 2420 4828 idipsum
2451 4770 2546 4813 cur
2587 4754 2784 4829 eligat;
2830 4753 2971 4813 dicet
2997 4752 3100 4813 hoc
3132 4752 3324 4813 decem
3346 4793 3361 4819 ,
3388 4752 3493 4811 hoc
3516 4766 3636 4809 esse
3662 4751 3792 4822 pul-

2191 4847 2402 4919 chrum,
2420 4845 2524 4905 hoc
2536 4845 2802 4907 delectare
2821 4852 3102 4905 cernentes
3120 4860 3134 4899 :
3155 4843 3286 4903 nihil
3299 4842 3516 4907 audebit
3530 4843 3787 4913 amplius.

2190 4939 2477 4999 lnclinatus
2505 4937 2647 4995 enim
2671 4936 2936 4995 recumbit
2959 4937 3147 5000 oculis.
3174 4943 3231 4993 et
3252 4933 3391 4993 unde
3416 4934 3647 5009 pendeat
3670 4947 3788 4991 non

2192 5030 2455 5102 intelligit.
2494 5031 2565 5085 At
2588 5042 2689 5103 ego
2715 5028 2889 5085 virum
2909 5027 3228 5085 intrinsecus
3251 5025 3541 5094 oculatum,
3565 5032 3618 5082 et
3639 5024 3785 5081 invi-

2191 5122 2417 5181 sibiliter
2442 5118 2709 5177 videntem
2738 5126 2866 5179 non'
2887 5118 3127 5179 desinam
3168 5131 3509 5177 commonere
3547 5132 3644 5175 cur
3679 5117 3789 5175 ista

2192 5215 2455 5290 placeant,
2478 5221 2538 5270 ut
2552 5212 2713 5284 iudex
2740 5226 2862 5270 esse
2879 5213 3074 5273 audeat
3102 5212 3266 5284 ipsius
3286 5210 3652 5273 delectationis
3679 5211 3788 5275 bu-

2192 5322 2385 5373 manze.
2426 5305 2501 5363 ita
2526 5305 2673 5363 enim
2713 5303 3047 5376 superfertur
3080 5304 3155 5361 illi
3178 5343 3195 5372 ,
3226 5318 3326 5361 nec
3365 5304 3433 5361 ab
3461 5319 3523 5363 ea
3547 5311 3785 5375 tacetur,

2192 5401 2319 5459 dum
2339 5414 2445 5459 non
2467 5397 2759 5455 secundum
2775 5396 2966 5471 ipsam,
2988 5395 3085 5461 sed
3108 5396 3280 5471 ipsam
3298 5395 3522 5469 iudicat.
3544 5397 3611 5457 Et
3634 5396 3790 5466 prius

2192 5509 2426 5569 quaeram
2456 5501 2634 5548 utrum
2662 5489 2785 5548 ideo
2813 5490 3034 5561 pulchra
3061 5490 3201 5561 sint,
3224 5490 3347 5563 quia
3381 5488 3685 5557 delectant;
3713 5504 3789 5546 an

2160 5628 2163 5631 ι
2193 5588 2314 5647 ideo
2328 5587 2616 5656 delectent,
2629 5586 2752 5657 quia
2772 5583 2996 5656 pulchra
3010 5592 3152 5643 sunt.
3185 5584 3283 5640 ilic
3295 5583 3429 5651 mihi
3443 5585 3559 5643 sine
3572 5584 3787 5645 dubita-

2191 5683 2339 5739 tione
2356 5678 2789 5752 respondebitur,
2807 5677 2930 5735 ideo
2952 5676 3221 5737 delectare
3242 5676 3371 5749 quia
3389 5675 3612 5750 pulchra
3632 5685 3781 5735 sunt.

2193 5773 2439 5842 Quarum
2466 5785 2597 5842 ergo
2622 5770 2901 5840 deinceps,
2930 5780 3106 5839 quare
3122 5767 3230 5823 sint
3264 5766 3526 5839 pulchra;
3551 5776 3609 5825 et
3634 5768 3679 5823 si
3710 5767 3791 5823 tio-

2192 5863 2480 5932 inhabitant,
2500 5861 2797 5935 subiiciam,
2815 5869 2990 5923 utrum
3012 5859 3137 5921 ideo
3161 5860 3284 5933 quia
3303 5859 3505 5923 similes
3526 5860 3628 5925 sibi
3651 5874 3777 5931 par--

2141 5981 2181 5991 '"
2257 5972 3789 6044 iuss.duodedmhabent:Nonenimminutratquanipta.

4015 5852 4017 5887 l
