4056 6482
412 516 520 573 M9

413 642 501 688 tes
528 639 688 700 sunt,
716 639 774 687 et
813 630 987 703 aliqua
1014 628 1352 703 copulatione
1378 626 1447 684 ad
1482 641 1642 684 unam
1673 626 1997 682 convenien-

412 724 543 779 tiam
570 722 898 793 rediguntur.

488 815 577 872 60.
615 814 769 883 Quod
810 830 932 871 cum
973 814 1045 870 ita
1096 828 1217 870 esse
1260 812 1615 883 compererit.
1663 810 1998 881 interrogabo

411 916 591 963 utrum
620 907 761 962 hanc
786 907 953 976 ipsam
981 904 1235 960 unitatem
1256 945 1272 973 ,
1298 918 1455 975 quam
1494 904 1878 956 convincuntur
1905 916 1999 971 ap-

412 1009 619 1071 petere,
645 1015 853 1056 summe
875 1000 1164 1070 impleant,
1193 1013 1259 1052 an
1298 997 1454 1068 longe
1494 994 1627 1050 infra
1664 994 1877 1065 jaceant
1898 1035 1912 1059 ,
1944 1002 1998 1049 et

414 1108 535 1149 am
560 1093 954 1163 quodammodo
976 1092 1316 1148 mentiantur.
1358 1089 1509 1158 Quod
1553 1089 1597 1143 si
1626 1090 1697 1143 ita
1740 1096 1820 1142 est
1849 1085 1993 1162 (nam

406 1186 532 1255 quis
556 1201 664 1240 non
691 1184 993 1240 admonitus
1017 1183 1212 1251 videat,
1237 1198 1409 1252 neque
1434 1182 1595 1236 ullam
1626 1180 1879 1251 speciem,
1900 1195 1997 1233 ne-

404 1292 515 1348 que
541 1276 707 1332 ullum
738 1276 955 1331 omnino
979 1289 1099 1332 esse
1122 1288 1316 1344 corpus
1343 1271 1481 1343 quod
1512 1286 1616 1327 non
1646 1270 1835 1326 habeat
1874 1267 1962 1324 uni
1986 1301 1996 1310 ι

405 1370 533 1424 tatis
558 1368 944 1438 qualecumque
969 1366 1285 1437 vestigium;
1316 1378 1487 1436 neque
1512 1362 1845 1436 quantumvis
1872 1360 1991 1431 pul-

404 1460 730 1516 chen-imum
752 1474 967 1532 corpus,
984 1474 1107 1515 cum
1126 1458 1417 1513 intervallis
1437 1456 1671 1511 locorum
1694 1454 1992 1510 necessario

404 1552 549 1607 aliud
577 1552 703 1606 alibi
731 1551 941 1618 habeat,
974 1565 1132 1621 posse
1159 1549 1370 1619 assequi
1410 1562 1526 1603 eam
1570 1562 1727 1620 quam
1756 1547 1993 1617 sequitur

404 1644 667 1698 unitatem
684 1641 729 1714 ἲ)
760 1660 774 1695 :
796 1658 959 1713 quare
986 1644 1031 1698 si
1058 1642 1160 1697 hoc
1188 1642 1259 1697 ita
1283 1650 1384 1708 est,
1412 1640 1657 1711 ﬂagitabo
1682 1648 1741 1694 ut
1766 1655 1989 1709 respon-

400 1735 547 1801 deat,
578 1736 669 1791 ubi
701 1735 875 1791 videat
893 1736 1008 1807 ipse
1031 1736 1287 1792 unitatem
1314 1735 1472 1802 hanc,
1493 1742 1585 1790 aut
1611 1734 1751 1790 unde
1778 1734 1986 1789 videat:

392 1842 563 1896 quam
584 1828 632 1882 si
659 1842 766 1881 non
794 1826 1021 1895 videret,
1055 1827 1192 1883 unde
1212 1838 1555 1898 cognosceret
1582 1834 1635 1883 et
1661 1827 1787 1898 quid
1810 1828 1986 1882 imita-

400 1922 553 1967 retur
578 1926 864 1981 corporum
895 1912 1129 1982 species,
1152 1918 1207 1968 et
1231 1911 1356 1982 quid
1385 1912 1607 1981 implere
1634 1926 1739 1966 non
1766 1920 1941 1982 posset
1965 1912 1990 1967 ?

399 2006 555 2061 Nam
600 2021 730 2062 vero
772 2021 892 2061 eum
941 2004 1070 2061 dicit
1109 2005 1441 2075 corporibus,
1488 2006 1593 2060 Vos
1633 2005 1845 2075 quidem
1888 2006 1987 2060 nisi

398 2098 578 2168 aliqua
619 2098 790 2152 unitas
818 2097 1147 2163 contineret,
1176 2096 1305 2151 nihil
1344 2097 1532 2152 essetis
1556 2138 1569 2162 ,
1601 2096 1695 2151 sed
1730 2111 1913 2151 rursus
1943 2097 1986 2151 si

399 2206 497 2246 vos
528 2191 717 2245 essetis
747 2190 857 2259 ipsa
889 2188 1085 2255 unitas,
1110 2203 1333 2259 corpora
1360 2204 1464 2244 non
1492 2188 1712 2254 essetis;
1747 2196 1890 2243 recte
1912 2186 1985 2242 illi

399 2282 616 2347 dicitur,
648 2281 799 2337 Unde
827 2282 970 2336 illam
1000 2282 1137 2335 nosti
1178 2279 1433 2336 miitatem
1459 2320 1474 2346 ,
1502 2278 1789 2334 secundum
1825 2294 1983 2348 quam

394 2372 605 2441 jndicas
631 2388 875 2443 corpora,
898 2388 1057 2442 quam
1086 2371 1187 2429 nisi
1216 2371 1449 2438 videres,
1476 2370 1713 2439 judicare
1739 2384 1842 2424 non
1866 2384 1989 2439 pos-

397 2479 488 2519 ses
514 2464 656 2535 quod
682 2480 800 2520 eam
840 2480 946 2519 non
986 2464 1242 2534 impleant
1271 2481 1284 2517 :
1313 2463 1358 2518 si
1385 2471 1561 2517 autem
1605 2462 1687 2516 his
1714 2462 1986 2531 corporeis

397 2558 573 2612 oculis
599 2574 718 2613 eam
738 2557 948 2613 videres
964 2598 979 2623 ,
1007 2572 1114 2612 non
1138 2572 1261 2612 vere
1286 2555 1489 2610 diceres
1506 2596 1519 2621 ,
1547 2570 1848 2625 quanquam
1872 2552 1985 2624 ejus

398 2649 630 2719 vestigio
654 2659 935 2705 teneantur
955 2690 972 2717 ,
1002 2648 1156 2719 longe
1186 2658 1361 2702 tamen
1390 2647 1456 2700 ab
1497 2662 1555 2701 ea
1599 2646 1835 2701 distare?
1862 2662 1983 2717 nam

394 2741 518 2795 istis
543 2742 710 2796 oculis
730 2741 1004 2811 corporeis
1028 2755 1133 2795 non
1158 2739 1260 2795 nisi
1286 2739 1579 2809 corporalia
1596 2738 1743 2793 vides
1767 2756 1779 2791 :
1804 2746 1984 2793 mente

394 2832 558 2903 igitur
577 2850 694 2888 eam
716 2834 975 2890 videmus.
994 2833 1096 2890 Sed
1120 2833 1206 2889 ubi
1228 2832 1466 2887 videmus
1484 2832 1505 2885 ?
1522 2832 1575 2886 Si
1592 2831 1692 2886 hoc
1710 2832 1825 2886 loco
1844 2839 1985 2887 esset

394 2923 487 2978 ubi
509 2939 706 2995 corpus
725 2935 965 2981 nostrum
991 2934 1092 2990 est,
1112 2940 1217 2981 non
1240 2940 1355 2979 eam
1378 2924 1583 2979 videret
1607 2925 1693 2994 qui
1711 2923 1813 2978 hoc
1826 2924 1985 2979 modo

394 3017 451 3072 in
472 3018 693 3075 Oriente
711 3019 779 3075 de
794 3020 1104 3089 corporibus
1117 3018 1333 3089 judicat.
1356 3018 1469 3073 Non
1490 3033 1618 3089 ergo
1634 3019 1730 3072 ista
1747 3017 1985 3073 contine-

392 3117 484 3164 tur
501 3111 637 3176 loco;
652 3119 837 3165 etcum
850 3110 1000 3165 adest
1017 3111 1332 3179 ubicumque
1340 3109 1615 3179 judicanti,
1632 3124 1887 3180 nusquam
1904 3119 1985 3164 est

396 3216 495 3272 per
514 3203 683 3274 spatia
696 3203 953 3268 locorum,
978 3211 1031 3257 et
1049 3217 1144 3271 per
1162 3202 1449 3271 potentiam
1472 3217 1727 3272 nusquam
1750 3217 1853 3256 non
1877 3212 1978 3258 est.

391 3313 623 3370 CAPUT
652 3313 891 3369 XXXIII.
915 3346 985 3355 —
1008 3314 1128 3369 Non
1156 3331 1387 3385 corpora,
1419 3330 1509 3368 nec
1536 3330 1707 3369 sensus
1736 3316 1980 3385 corporis,

430 3406 525 3459 sed
545 3390 796 3476 judicium
823 3407 1081 3461 mentitur.
1128 3405 1385 3473 Differam
1408 3406 1648 3459 mentiens
1677 3416 1721 3459 et
1744 3408 1945 3477 fallens.

465 3496 556 3551 61.
600 3496 749 3563 Quod
780 3498 823 3551 si
853 3512 968 3551 eam
995 3511 1217 3568 corpora
1247 3496 1592 3562 mentiuntur,
1624 3512 1728 3550 non
1756 3506 1837 3551 est
1861 3513 1982 3551 cre-

391 3588 630 3645 dendum
657 3590 1037 3646 mentientibus
1058 3631 1071 3655 ,
1102 3604 1169 3643 ne
1195 3588 1488 3643 incidamus
1528 3588 1580 3642 in
1610 3589 1866 3643 vanitates
1893 3605 1985 3644 va-

394 3683 679 3737 nitantium
704 3699 716 3737 :
742 3682 837 3739 sed
867 3682 1208 3753 qliazrendum
1230 3683 1405 3752 potius
1425 3690 1525 3745 est,
1553 3696 1675 3735 cum
1697 3681 1815 3736 ideo
1835 3697 1985 3737 men-

393 3773 599 3827 tiantur
618 3814 632 3839 ,
659 3774 781 3844 quia
828 3788 944 3827 eam
974 3772 1220 3828 videntur
1246 3772 1528 3827 ostendere
1556 3771 1722 3837 oculis
1750 3773 1978 3841 carneis,

391 3880 519 3919 cum
550 3866 635 3919 illa
662 3872 840 3920 mente
867 3880 997 3935 pura
1022 3865 1289 3929 videatur,
1316 3874 1492 3919 utrum
1515 3865 1564 3918 in
1591 3872 1791 3919 tantum
1832 3881 1983 3920 men-

391 3958 611 4023 tiantur,
631 3956 683 4011 in
705 3965 957 4027 quantum
984 3957 1033 4012 ei
1054 3956 1250 4011 similia
1267 3965 1411 4023 sunt,
1426 3972 1495 4011 an
1518 3958 1569 4010 in
1590 3966 1842 4026 quantum
1862 3972 1979 4012 eam

392 4064 503 4104 non
540 4057 916 4119 assequuntur.
955 4047 1088 4104 Nam
1126 4049 1171 4103 si
1215 4056 1659 4120 assequercntur,
1687 4050 1828 4119 quod
1858 4050 1981 4104 imi-

393 4148 575 4194 tantur
602 4140 901 4209 implerent.
942 4139 998 4195 Si
1024 4147 1200 4194 autem
1232 4139 1530 4209 implerent,
1557 4142 1776 4195 omnino
1801 4149 1982 4196 essent

389 4230 607 4286 similia.
648 4229 705 4286 Si
754 4231 971 4285 omnino
1013 4240 1193 4286 essent
1234 4232 1463 4299 similia,
1495 4232 1624 4286 nihil
1667 4232 1807 4288 inter
1836 4234 1979 4288 illam

390 4331 639 4376 naturam
679 4328 734 4377 et
759 4323 915 4377 istam
945 4322 1242 4377 interesset.
1293 4323 1443 4390 Quod
1492 4324 1536 4378 si
1576 4325 1645 4379 ita
1675 4334 1843 4391 esset,
1870 4341 1978 4381 non

391 4427 511 4469 eam
540 4413 930 4470 mentirentur:
958 4412 1010 4468 id
1053 4413 1195 4468 enim
1221 4421 1400 4468 essent
1433 4414 1574 4483 quod
1615 4413 1700 4467 ilia
1729 4422 1829 4469 est.
1870 4416 1979 4471 Nec

391 4510 572 4558 tamen
610 4502 939 4559 mentiuntur
974 4504 1278 4574 diligentius
1324 4504 1781 4559 considerantibus
1813 4524 1825 4559 :
1856 4506 1979 4576 quia

388 4594 481 4649 ille
506 4594 758 4650 mentitur
778 4594 997 4665 quivult
1016 4594 1183 4649 videri
1210 4596 1259 4649 id
1286 4594 1425 4665 quod
1453 4611 1557 4650 non
1584 4604 1699 4663 est;
1722 4597 1860 4667 quod
1886 4613 1977 4652 au-

391 4694 501 4741 tem
527 4699 634 4740 non
658 4686 841 4740 volens
866 4686 1006 4741 aliud
1033 4695 1243 4756 putatur
1261 4702 1418 4756 quam
1445 4696 1545 4754 est,
1570 4703 1674 4742 non
1700 4688 1973 4757 mentitur,

391 4777 491 4835 sed
517 4776 652 4833 fallit
683 4785 907 4833 tantum.
945 4776 1079 4833 Nam
1108 4778 1176 4833 ita
1199 4778 1518 4835 discernitur
1541 4781 1804 4835 mentiens
1828 4795 1857 4834 a
1884 4781 1979 4837 fal-

386 4868 569 4937 lente,
600 4869 743 4940 quod
771 4871 909 4925 inest
951 4871 1094 4925 omni
1140 4870 1416 4927 mentienti
1457 4872 1698 4927 voluntas
1737 4873 1973 4943 fallendi,

388 4961 721 5017 etiamsinon
744 4962 793 5017 ei
816 4963 1061 5018 credatur
1081 4980 1093 5016 :
1114 4963 1301 5019 fallens
1317 4972 1493 5019 autem
1513 4979 1632 5021 esse
1650 4981 1755 5021 non
1778 4975 1973 5037 potest,

385 5056 479 5125 qui
505 5070 610 5109 non
636 5053 789 5111 fallit.
819 5056 957 5125 Ergo
982 5070 1236 5126 corporea
1262 5056 1483 5127 species,
1513 5058 1634 5129 quia
1656 5059 1855 5114 nullam
1884 5075 1977 5115 vo-

385 5148 648 5203 luntatem
674 5146 853 5211 habet,
880 5162 985 5202 non
1011 5149 1301 5203 mentitur:
1330 5150 1374 5203 si
1405 5162 1531 5205 vero
1557 5150 1717 5205 etiam
1744 5166 1849 5205 non
1872 5168 1972 5221 pu-

386 5250 533 5297 tetur
560 5255 679 5297 esse
707 5240 845 5311 quod
874 5257 981 5296 non
1005 5249 1106 5309 est,
1136 5255 1235 5297 nec
1258 5241 1408 5296 fallit.

460 5334 549 5390 62.
590 5334 697 5390 Sed
724 5350 791 5389 ne
818 5334 915 5404 ipsi
938 5334 1148 5405 quidem
1170 5335 1310 5391 oculi
1339 5336 1564 5401 fallunt;
1592 5350 1695 5391 non
1721 5336 1862 5393 enim
1886 5354 1972 5394 rc-

386 5428 637 5483 nuntiare
661 5436 885 5496 possunt
913 5426 1091 5482 animo
1120 5427 1220 5482 nisi
1247 5427 1576 5483 all'ectionem
1611 5443 1781 5484 suam.
1822 5429 1973 5496 Quod

386 5520 433 5575 si
465 5536 568 5574 non
612 5519 785 5574 solum
820 5519 954 5589 ipsi,
983 5519 1077 5575 sed
1118 5520 1275 5576 etiam
1307 5536 1492 5576 omnes
1518 5523 1760 5592 corporis
1788 5537 1975 5580 sensus

386 5613 460 5668 ita
489 5612 797 5668 renuntiant
824 5617 880 5665 ut
908 5609 1240 5678 afﬁciuntur;
1268 5611 1391 5681 quid
1420 5612 1486 5667 ab
1511 5614 1587 5668 eis
1614 5615 1837 5684 amplius
1863 5617 1974 5671 exi-

387 5721 517 5776 gere
559 5705 849 5760 debeamus
896 5703 1103 5775 ignoro.
1155 5704 1305 5761 Tolle
1347 5706 1521 5776 itaque
1560 5707 1888 5773 vanitantes,
1922 5717 1976 5763 et

388 5796 537 5851 nulla
566 5795 669 5851 erit
694 5795 921 5851 vanitas.
952 5794 1010 5851 Si
1037 5795 1152 5866 quis
1176 5812 1380 5851 remum
1412 5796 1575 5867 frangi
1606 5797 1654 5851 in
1695 5815 1830 5870 aqua
1854 5800 1972 5869 opi-

388 5898 585 5955 natur,
612 5897 667 5943 et
712 5902 832 5943 cum
876 5888 998 5942 inde
1035 5888 1270 5943 aufertur
1311 5890 1599 5960 integrari;
1630 5907 1734 5945 non
1777 5893 1972 5947 malum

390 5980 553 6036 habet
574 5982 975 6049 internuntium,
1000 5982 1091 6038 sed
1115 5984 1283 6038 malus
1298 5993 1379 6038 est
1398 5984 1577 6053 judcx.
1609 5984 1740 6040 Nam
1763 5986 1850 6043 ille
1874 6002 1971 6057 pro

1819 510 2022 566 LIBER
2058 510 2257 569 UNUS.

2115 644 2209 683 sua
2236 638 2420 684 natura
2446 645 2550 685 non
2577 630 2744 702 potuit
2760 630 2917 689 aliter
2936 632 2987 688 in
3014 649 3149 705 aqua
3169 635 3384 703 sentire,
3408 654 3507 695 nec
3527 641 3680 697 aliter

2028 742 2029 745 η
2109 720 2327 775 debuit:
2356 722 2399 778 si
2423 724 2562 779 enim
2588 724 2733 781 aliud
2761 734 2841 782 est
2864 741 2975 795 aer,
3008 727 3147 783 aliud
3175 743 3311 799 aqua
3334 772 3351 799 ,
3373 729 3571 801 justum
3599 746 3680 789 est

2108 821 2161 866 ut
2192 812 2343 868 aliter
2370 814 2421 868 in
2450 831 2590 883 aere,
2624 817 2775 873 aliter
2798 819 2847 872 in
2880 834 3012 890 aqua
3044 820 3319 876 sentiatur.
3350 820 3523 891 Quare
3548 839 3679 880 ocu-

2108 903 2189 959 lus
2217 917 2395 974 recte;
2434 908 2498 963 ad
2528 910 2628 964 hoc
2666 911 2806 966 enim
2847 910 3015 968 factus
3043 922 3124 968 est
3149 924 3203 969 ut
3233 922 3435 970 tantum
3463 917 3674 974 videat:

2107 997 2198 1051 sed
2217 1000 2423 1055 animus
2442 1015 2708 1070 perverse,
2732 1004 2814 1058 cui
2837 1004 2902 1058 ad
2931 1006 3389 1076 contemplandam
3415 1025 3674 1067 summam

2105 1088 2547 1158 pulchritudinem
2584 1111 2753 1163 mens,
2782 1112 2888 1153 non
2920 1099 3102 1155 oculus
3133 1098 3300 1157 factus
3324 1112 3424 1158 est.
3463 1101 3557 1159 Ille
3582 1119 3679 1159 au-

2106 1190 2210 1235 tem
2236 1183 2346 1237 vult
2388 1195 2616 1239 mentem
2660 1196 2969 1244 convertere
3011 1188 3075 1245 ad
3110 1180 3370 1263 corpora,
3402 1193 3583 1249 oculos
3611 1196 3676 1250 ad

2103 1272 2291 1329 Deum.
2321 1276 2522 1344 Quaerit
2550 1277 2690 1334 enim
2719 1280 3007 1351 intelligere
3026 1284 3276 1352 carnalia,
3300 1292 3352 1341 et
3372 1286 3551 1345 videre
3570 1289 3678 1358 spi-

2100 1365 2340 1436 ritualia;
2378 1370 2512 1439 quod
2544 1369 2656 1425 fieri
2688 1388 2791 1428 non
2817 1380 3011 1443 potest.

2134 1457 2361 1517 CAPUT
2388 1459 2626 1518 XXXIV.
2655 1494 2727 1504 —
2744 1461 2993 1589 .anﬁcga
3018 1467 3371 1539 phantasmata
3393 1471 3642 1542 quomodo

2737 1552 2789 1589 ru
2829 1551 3039 1589 tceniur.

2726 1551 3039 1605 Juatcenmr.

2170 1620 2257 1676 6'5.
2294 1622 2468 1689 Quare
2493 1623 2590 1679 ista
2621 1626 2935 1695 perversitas
2959 1628 3267 1700 corrigenda
3291 1640 3395 1700 est,
3423 1634 3547 1704 quia
3569 1635 3671 1692 nisi

2096 1709 2281 1768 fecerit
2304 1715 2443 1783 quod
2471 1730 2680 1771 sursum
2702 1726 2780 1773 est
2801 1718 3067 1786 deorsum,
3091 1731 3145 1777 et
3164 1722 3304 1793 quod
3326 1723 3571 1781 deorsum
3589 1734 3674 1783 est

2096 1818 2328 1872 sursum,
2344 1822 2507 1878 regno
2527 1810 2780 1865 caelorum
2805 1819 2958 1883 aptus
2979 1828 3084 1867 non
3103 1815 3225 1869 erit.
3246 1813 3364 1870 Non
3384 1831 3511 1889 ergo
3529 1832 3675 1874 sum-

2094 1911 2180 1950 ma
2211 1912 2510 1968 qumramus
2546 1900 2597 1954 in
2628 1900 2851 1968 inﬁmis,
2880 1919 2977 1957 nec
3003 1902 3132 1974 ipsis
3171 1904 3365 1962 infimis
3408 1908 3672 1967 inhaerea-

2093 2002 2213 2043 mus
2245 1990 2283 2042 ί.
2323 1988 2624 2047 iudicemus
2645 2007 2725 2059 ea,
2755 2010 2821 2049 ne
2842 2008 2959 2049 cum
2987 1994 3115 2065 ipsis
3135 1996 3461 2067 iudicemur;
3491 2000 3542 2055 id
3568 2010 3670 2071 est,

2094 2090 2297 2137 tantum
2326 2084 2401 2137 eis
2434 2084 2721 2141 tribuamus
2742 2126 2758 2155 ,
2787 2096 3039 2157 quantum
3078 2090 3284 2159 species
3312 2102 3548 2149 meretur
3575 2109 3663 2149 ext

2092 2180 2277 2240 trema,
2314 2191 2380 2230 ne
2408 2190 2528 2231 cum
2559 2176 2609 2231 in
2641 2176 2940 2233 novissimis
2965 2181 3133 2249 prima
3159 2182 3444 2251 quaerimus
3462 2224 3477 2250 ,
3502 2199 3529 2237 a
3556 2184 3655 2254 prie

2091 2267 2193 2321 mis
2220 2266 2356 2323 inter
2384 2269 2669 2323 novissima
2696 2286 3050 2326 numeremur.
3085 2272 3238 2339 Quod
3266 2273 3398 2329 nihil
3422 2276 3553 2345 ipsis
3577 2291 3657 2332 ne

2092 2358 2323 2415 vissimis
2348 2361 2517 2429 obest,
2544 2363 2634 2418 sed
2663 2364 2816 2419 nobis
2846 2365 3151 2435 plurimum.
3196 2364 3306 2423 Nec
3334 2368 3455 2424 ideo
3481 2369 3661 2426 divin:

2092 2454 2437 2524 providentiae
2476 2456 2860 2513 administratio
2908 2460 3082 2516 minus
3109 2460 3301 2517 decora
3330 2461 3428 2530 fit;
3474 2463 3593 2534 quia
3620 2478 3677 2520 et.

2091 2546 2270 2617 injusti
2306 2549 2481 2618 juste,
2510 2558 2563 2604 et
2596 2549 2724 2605 fo~di
2765 2552 2983 2622 pulchre
3009 2554 3337 2610 ordinantur.
3380 2555 3447 2611 Et
3470 2558 3514 2610 si
3545 2572 3673 2627 pro-

2090 2647 2269 2708 pterea
2301 2655 2398 2695 nos
2441 2635 2573 2695 fallit
2615 2657 2789 2696 rerum
2818 2643 3106 2700 visibilium
3146 2646 3481 2716 pulchritudo
3503 2690 3517 2713 ,
3548 2650 3671 2719 quia

2089 2731 2291 2787 unitate
2318 2733 2635 2799 continetur,
2666 2745 2720 2791 et
2748 2752 2850 2791 non
2881 2737 3067 2807 implet
3089 2740 3377 2807 unitatem;
3405 2742 3671 2813 intelliga-

2090 2838 2240 2889 mus,
2271 2823 2315 2879 si
2346 2839 2660 2895 possumus,
2696 2844 2801 2882 non
2827 2844 2893 2883 ex
2922 2843 2985 2883 eo
3010 2829 3150 2900 quod
3179 2840 3261 2886 est
3293 2848 3389 2887 nos
3419 2832 3544 2901 falli,
3576 2835 3669 2890 sed

2089 2930 2155 2971 ex
2182 2932 2247 2972 eo
2274 2918 2410 2987 quod
2442 2934 2546 2973 non
2578 2927 2680 2976 est.
2721 2919 2890 2977 Omne
2915 2923 3108 2995 quippe
3128 2939 3323 2996 corpus
3342 2941 3525 2981 verum
3546 2942 3669 2983 cor-

2088 3024 2189 3080 pus
2209 3019 2310 3074 est,
2341 3010 2433 3065 sed
2464 3009 2597 3065 falsa
2626 3013 2822 3067 unitas.
2848 3012 2961 3069 Non
2984 3014 3125 3070 enim
3153 3030 3359 3072 summe
3384 3032 3547 3073 unum
3566 3026 3667 3085 est,

2088 3106 2181 3153 aut
2209 3101 2260 3153 in
2294 3109 2497 3156 tantum
2539 3103 2587 3157 id
2632 3102 2866 3160 imitatur
2914 3114 2971 3161 ut
3003 3106 3259 3178 impleat:
3288 3117 3342 3165 et
3364 3116 3537 3165 tamen
3573 3126 3670 3166 nec

2088 3205 2282 3261 corpus
2308 3193 2476 3262 ipsum
2499 3202 2659 3263 esset,
2686 3197 2783 3251 nisi
2808 3206 3095 3271 utcumque
3125 3215 3285 3255 unum
3312 3210 3474 3257 esset.
3501 3201 3668 3259 Porro

2090 3292 2370 3356 utcumque
2394 3303 2553 3341 Unum
2576 3303 2693 3343 esse
2715 3305 2819 3345 non
2842 3299 3037 3361 posset,
3064 3291 3165 3347 nisi
3189 3291 3257 3349 ab
3275 3307 3340 3348 eo
3365 3293 3505 3365 quod
3525 3310 3669 3350 sum-

2087 3391 2174 3430 me
2204 3393 2363 3431 unum
2395 3386 2493 3443 est,
2527 3378 2577 3432 id
2609 3379 2847 3435 haberet.

2148 3468 2234 3523 64.
2252 3467 2295 3523 Ο
2310 3470 2499 3523 aninmo
2526 3472 2824 3539 pervicaces
2842 3470 2914 3545 (α)
2934 3515 2947 3539 ,
2963 3472 3084 3529 date
3101 3474 3227 3528 mihi
3246 3474 3333 3546 qui
3358 3475 3533 3531 videat
3553 3476 3668 3532 sine

2088 3557 2195 3611 ulla
2214 3560 2588 3629 imaginatione
2606 3563 2835 3617 visorum
2854 3565 3159 3619 carnalium.
3186 3566 3316 3621 Date
3338 3564 3464 3620 mihi
3487 3568 3574 3637 qui
3598 3569 3668 3622 vi-

2087 3648 2208 3705 deat
2227 3653 2396 3705 omnis
2410 3651 2563 3707 unius
2574 3653 2886 3726 principium
2904 3670 3007 3710 non
3020 3658 3263 3724 esse,nisi
3278 3674 3435 3711 unum
3453 3657 3623 3713 solum
3637 3676 3668 3715 a

2086 3758 2192 3813 quo
2219 3746 2288 3798 sit
2313 3761 2469 3800 omne
2495 3762 2656 3801 unum
2679 3788 2693 3811 ,
2723 3747 2840 3803 sive
2870 3746 2997 3802 illud
3030 3748 3262 3818 impleat,
3281 3749 3397 3805 sive
3426 3766 3532 3807 non
3562 3752 3667 3806 im.

2086 3833 2243 3902 pleat.
2282 3834 2379 3902 Qui
2407 3836 2584 3891 videat
2613 3835 2755 3905 date,
2786 3854 2889 3893 non
2912 3836 3000 3907 qui
3029 3837 3219 3908 litiget,
3250 3854 3354 3894 non
3380 3839 3467 3909 qui
3500 3840 3669 3897 videri

2085 3927 2209 3979 velit
2223 3943 2280 3982 se
2292 3928 2471 3982 videre
2488 3927 2626 3998 qtmd
2646 3945 2750 3983 non
2768 3928 2931 3983 videt.
2948 3929 3077 3985 Date
3096 3930 3183 4002 qui
3200 3930 3411 3986 resistat
3426 3931 3667 3987 sensibus

2086 4020 2283 4086 carnis,
2316 4028 2368 4073 et
2396 4019 2564 4091 plagis
2590 4020 2778 4090 quibus
2808 4036 2904 4090 per
2934 4020 3052 4076 illos
3082 4022 3133 4076 in
3164 4021 3335 4076 anima
3363 4022 3663 4093 vapulavit:

2085 4107 2172 4178 qui
2214 4110 2424 4163 resistat
2464 4110 2831 4164 consuetudini
2858 4111 3164 4180 hominum,
3189 4113 3400 4168 resistat
3424 4111 3667 4171 laudibus

2085 4197 2394 4263 hominum,
2418 4199 2508 4269 qui
2534 4210 2916 4272 compungatur
2945 4202 2995 4258 in
3025 4203 3181 4259 cubili
3202 4218 3319 4272 suo,
3347 4205 3438 4275 qui
3457 4206 3665 4261 rescul-

2084 4297 2174 4358 pat
2197 4304 2346 4343 suum
2375 4292 2645 4361 spiritum,
2671 4294 2760 4363 qui
2788 4306 2895 4348 non
2924 4291 3050 4349 foris
3087 4293 3266 4367 diligat
3304 4297 3584 4365 vanitates,
3612 4306 3667 4353 et

2084 4392 2285 4452 quzerat
2314 4383 2589 4438 mendacia
2618 4382 2787 4449 (Psai.
2813 4400 2884 4451 tv,
2909 4387 2943 4441 5
2962 4427 2976 4452 ,
3003 4384 3095 4459 4);
3126 4389 3212 4458 qui
3237 4388 3344 4457 jam
3374 4389 3473 4443 sibi
3500 4405 3666 4445 nove-

2082 4477 2152 4531 rit
2178 4476 2392 4532 dicere:
2427 4475 2483 4533 Si
2524 4494 2626 4532 una
2677 4478 2844 4534 Roma
2888 4488 3001 4547 est,
3048 4496 3207 4551 quam
3248 4483 3387 4536 circa
3413 4480 3662 4547 ,Tiberim

2084 4569 2264 4623 nescio
2292 4568 2409 4639 quis
2437 4568 2692 4626 Romulus
2718 4569 2909 4624 dicitur
2937 4571 3236 4628 condidisse
3255 4615 3268 4637 ,
3298 4570 3428 4628 falsa
3458 4583 3538 4628 est
3563 4576 3664 4630 ista

2082 4676 2241 4730 quam
2270 4661 2506 4731 cogitans
2537 4658 2676 4732 fingo
2701 4679 2713 4714 :
2738 4678 2845 4715 non
2873 4664 3013 4716 enim
3044 4671 3126 4718 est
3152 4664 3285 4735 ipsa,
3310 4678 3407 4719 nec
3437 4664 3509 4719 ibi
3545 4678 3661 4720 sum

2080 4755 2258 4811 animo
2284 4757 2339 4821 ²;
2368 4772 2488 4809 nam
2519 4755 2643 4826 quid
2681 4755 2752 4811 ibi
2792 4764 2975 4827 agatur
3012 4756 3189 4822 modo,
3229 4758 3408 4829 utique
3447 4758 3659 4814 scirem.

2082 4844 2141 4901 Si
2168 4861 2302 4901 unus
2326 4845 2515 4902 estasol
2534 4888 2547 4912 ,
2575 4842 2740 4901 falsus
2775 4855 2857 4902 est
2884 4848 2982 4903 iste
3008 4864 3163 4917 quem
3189 4850 3428 4919 cogitans
3471 4849 3613 4919 {lngo
3644 4866 3659 4904 :

2081 4955 2203 4995 nam
2232 4940 2320 4995 ille
2339 4940 2600 4995 curricula
2628 4956 2719 4995 sua
2748 4941 2907 4995 certis
2934 4939 3067 4997 locis
3093 4948 3146 4995 et
3179 4940 3506 5011 temporibus
3536 4957 3662 5012 per-

2080 5032 2215 5103 agit;
2250 5032 2407 5086 istum
2434 5048 2532 5103 ego
2564 5032 2652 5086 ubi
2677 5034 2816 5097 volo,
2859 5038 2913 5087 et
2955 5033 3165 5103 quando
3207 5034 3326 5089 volo
3372 5033 3657 5092 constituo.

2081 5124 2137 5180 Si
2168 5140 2302 5180 unus
2332 5134 2413 5179 est
2440 5124 2526 5179 ille
2555 5123 2757 5180 amicus
2801 5139 2985 5191 meus,
3032 5123 3194 5179 falsus
3234 5135 3314 5179 est
3361 5124 3459 5179 iste
3503 5140 3660 5195 quem

2080 5220 2316 5289 cogitans
2347 5218 2487 5288 ﬁngo
2511 5235 2524 5272 :
2548 5232 2670 5272 nam
2714 5216 2802 5272 ille
2842 5215 2928 5272 ubi
2953 5216 3024 5273 sit
3048 5216 3260 5281 nescio;
3286 5217 3383 5271 iste
3414 5215 3483 5271 ibi
3509 5216 3663 5288 ﬁngi-

2080 5317 2185 5375 tur,
2208 5308 2297 5365 ubi
2337 5308 2477 5364 volo.
2524 5308 2637 5379 Ego
2680 5308 2795 5379 ipse
2824 5317 2967 5364 certe
2996 5322 3135 5363 unus
3160 5324 3275 5363 sum
3294 5350 3309 5377 ,
3337 5316 3389 5363 et
3418 5307 3518 5364 hoc
3541 5310 3660 5365 loco

2080 5415 2199 5455 esse
2227 5400 2399 5455 sentio
2435 5415 2629 5470 corpus
2660 5415 2835 5456 meum
2857 5415 2872 5465 ;
2896 5407 2950 5454 et
2974 5407 3147 5454 tamen
3176 5398 3425 5470 ﬁgmento
3457 5400 3658 5470 cogita-

2080 5493 2239 5548 tionis
2283 5508 2445 5562 pergo
2489 5507 2593 5563 quo
2633 5492 2795 5560 libet,
2826 5493 3013 5565 loquor
3033 5502 3153 5547 cum
3182 5508 3288 5563 quo
3314 5492 3462 5548 libet.
3504 5490 3658 5547 Falsa

2080 5594 2201 5642 sunt
2230 5586 2374 5652 haec;
2399 5601 2498 5642 nec
2526 5587 2805 5657 quisquam
2834 5587 3076 5657 intelligit
3102 5584 3252 5642 falsa.
3284 5584 3396 5642 Non
3429 5600 3555 5656 ergo
3578 5586 3661 5640 in-

2081 5680 2259 5749 telligo
2278 5719 2294 5744 ,
2317 5694 2435 5734 cum
2463 5679 2561 5734 ista
2585 5681 2931 5750 contemplor,
2964 5690 3017 5735 et
3042 5681 3154 5736 istis
3182 5678 3377 5745 credo;
3409 5681 3541 5751 quia
3557 5696 3655 5734 ve-

2142 5774 2158 5804 ί
2184 5780 2290 5825 Mss.
2315 5776 2587 5837 duodecim,
2609 5776 2920 5828 invideamus.

2112 5837 2161 5906 ,³
2180 5836 2421 5906 Bad._Lov,
2462 5846 2513 5890 et
2536 5848 2643 5887 Am.
2664 5872 2680 5900 ,
2704 5851 2796 5906 nec
2824 5837 2894 5890 ibi
2920 5851 3027 5891 sum
3056 5838 3216 5906 modo.
3242 5838 3333 5891 sed
3356 5836 3658 5906 praeferenda

2077 5898 2179 5963 visa
2194 5906 2279 5963 est
2301 5898 2445 5963 lectio
2466 5906 2539 5949 Er.
2567 5908 2618 5951 et
2639 5898 2744 5952 Mss.
2769 5903 2959 5963 decem,
2983 5916 3070 5953 nec
3090 5902 3161 5953 ibi
3178 5916 3282 5955 sum

2082 5960 2221 6071 (stati?)
2233 5962 2471 6075 MDan
2496 5964 2903 6027 phanwsmaubus
2923 5960 3114 6028 addidi:
3248 5965 3528 6027 300nfess.,
3547 5975 3589 6015 ε.
3603 5961 3654 6022 6.

3585 530 3769 588 150‘
