4032 6350
510 349 610 408 151

509 484 631 524 rum
658 484 778 526 esse
802 477 1013 541 oportet
1036 469 1178 541 quod
1218 469 1487 526 intellectu
1528 470 1860 540 contemplor
1888 487 1900 523 :
1924 485 2082 524 num-

508 562 634 630 quid
676 561 815 619 forte
855 571 982 619 sunt
1023 563 1121 618 ista
1158 580 1277 634 qua:
1315 563 1679 635 phantasmata
1726 563 1829 618 dici
1873 563 2084 619 solent?

505 650 660 710 Unde
692 670 821 725 ergo
861 654 1081 738 impleta
1116 663 1198 711 est
1235 655 1410 710 anima
1440 671 1558 711 mea
1585 654 1952 710 illusionibus?
1978 654 2081 711 Ubi

503 753 585 799 est
610 760 814 812 verum,
842 745 985 816 quod
1009 754 1187 801 mente
1215 746 1572 818 conspicitur?
1595 745 1671 801 lta
1698 746 1946 817 cogitanti
1966 744 2077 815 jam

502 836 610 892 dici
650 844 862 907 potest:
886 837 976 894 Illa
1002 838 1090 895 lux
1114 854 1241 894 vera
1275 847 1357 894 est
1386 854 1491 910 qua
1515 840 1627 895 haec
1666 855 1771 894 non
1798 854 1915 895 esse
1952 854 2076 895 vera

503 929 802 999 cognoscis.
838 930 942 986 Per
971 930 1107 986 hanc
1136 930 1261 986 illud
1317 947 1479 986 unum
1507 931 1685 999 vides,
1729 946 1833 1003 quo
1871 931 2075 1002 judicas

501 1033 667 1073 unum
695 1034 814 1076 esse
833 1020 1087 1090 quidquid
1117 1020 1259 1076 aliud
1284 1020 1453 1087 vides,
1487 1036 1585 1076 nec
1614 1030 1791 1077 tamen
1818 1020 1920 1077 hoc
1957 1035 2075 1076 esse

500 1109 643 1178 quod
668 1110 794 1173 illud
820 1120 921 1177 est,
953 1111 1207 1182 quidquid
1236 1112 1489 1169 mutabile
1516 1113 1682 1168 vides.

535 1201 758 1260 CAPUT
790 1201 1096 1260 XXXV.—
1123 1204 1420 1259 Vacandum
1454 1215 1509 1260 ut
1533 1205 1667 1261 Deus
1689 1214 2032 1277 cognoscatur.

569 1295 657 1351 65.
697 1294 848 1363 Quod
886 1296 932 1351 si
975 1296 1089 1352 haec
1126 1297 1314 1352 intueri
1344 1297 1560 1368 palpitat
1584 1297 1778 1352 mentis
1803 1305 2069 1367 aspectus,

494 1387 782 1457 quiescite;
815 1388 977 1443 nolite
1005 1396 1235 1456 certare,
1265 1388 1365 1443 nisi
1385 1402 1505 1443 cum
1533 1387 1918 1443 consuetudine
1945 1401 2067 1441 cor-

487 1492 682 1549 porum
719 1495 733 1532 :
775 1480 943 1549 ipsam
971 1479 1193 1545 vincite,
1222 1489 1276 1534 et
1301 1478 1437 1534 victa
1466 1486 1620 1532 erunt
1647 1478 1843 1533 omnia.
1891 1474 2068 1532 Unum

491 1581 636 1629 certe
654 1573 961 1644 quaerimus,
984 1587 1089 1643 quo
1112 1572 1403 1642 simplicius
1426 1571 1555 1625 nihil
1575 1579 1673 1626 est.
1702 1570 1842 1641 Ergo
1864 1569 1915 1623 in
1941 1569 2068 1623 sim-

489 1664 727 1735 plicitate
749 1665 926 1721 cordis
953 1679 1250 1734 quzeramus
1274 1662 1439 1717 illum.
1467 1661 1612 1733 Agite
1639 1662 1825 1723 otium,
1848 1659 2031 1730 oinquit
2047 1700 2062 1726 ,

496 1765 545 1811 et
571 1759 847 1827 agnoscatis
884 1757 1001 1827 quia
1044 1773 1132 1828 ego
1160 1773 1271 1810 sum
1293 1753 1542 1809 Dominus
1572 1752 1739 1824 (Psal.
1774 1768 1900 1817 XLV,
1933 1752 2020 1825 ll)
2048 1770 2060 1806 :

485 1864 596 1904 non
615 1849 781 1903 otium
810 1848 1050 1917 desidiae,
1075 1849 1169 1904 sed
1194 1848 1363 1903 otium
1400 1846 1759 1917 cogitationis,
1790 1854 1847 1900 ut
1874 1861 1903 1899 a
1933 1845 2065 1900 locis

486 1948 541 1996 et
566 1941 892 2012 temporibus
923 1951 1089 1996 vacet.
1116 1940 1241 1995 Haec
1268 1942 1409 1996 enim
1432 1940 1797 2008 phantasmata
1841 1940 2064 1994 tumoris

487 2038 544 2087 et
568 2031 933 2099 volubilitatis,
962 2040 1287 2087 constantem
1319 2031 1571 2086 unitatem
1614 2030 1794 2085 videre
1837 2046 1942 2085 non
1987 2031 2061 2084 si-

482 2128 638 2178 nunt.
667 2120 809 2177 Loca
828 2122 1057 2177 oll‘erunt
1075 2122 1215 2193 quod
1236 2137 1490 2187 amemus,
1515 2130 1753 2191 tempora
1773 2122 2063 2191 surripiunt

481 2214 627 2285 quod
642 2229 904 2281 amamus,
919 2214 1291 2285 etrelinquunt
1324 2214 1376 2268 in
1415 2213 1589 2267 anima
1625 2213 1803 2267 turbas
1833 2214 2059 2283 phanta-

481 2314 735 2374 smatum,
753 2307 945 2377 quibus
959 2308 1012 2361 in
1027 2306 1168 2361 aliud
1186 2314 1344 2376 atque
1355 2304 1495 2359 aliud
1512 2304 1769 2375 cupiditas
1790 2305 2056 2359 incitetur.

476 2398 558 2453 Ita
589 2397 648 2453 ﬁt
665 2398 931 2468 inquietus
956 2406 1011 2453 et
1034 2412 1366 2453 aerumnosus
1393 2396 1620 2461 animus,
1651 2394 1844 2450 frustra
1879 2401 2061 2451 tenere

478 2503 512 2543 a
543 2488 735 2560 quibus
764 2496 994 2556 tenetur,
1017 2495 1295 2559 exoptans.
1325 2486 1557 2542 Vocatur
1599 2501 1727 2556 ergo
1765 2486 1831 2540 ad
1855 2487 2020 2540 otium
2041 2527 2055 2549 ,

474 2577 534 2633 id
559 2586 674 2642 est,
704 2587 763 2633 ut
792 2580 890 2633 ista
917 2593 1024 2634 non
1055 2578 1258 2649 diligat,
1287 2593 1402 2647 qua:
1427 2576 1573 2647 diligi
1601 2577 1719 2633 sine
1744 2576 1926 2632 labore
1950 2592 2058 2632 non

478 2676 721 2738 possunt.
752 2668 842 2723 Sic
870 2669 1011 2724 enim
1034 2668 1111 2723 eis
1129 2667 1507 2732 dominabitur,
1536 2668 1610 2721 sic
1635 2683 1740 2722 non
1767 2667 2053 2732 tenebitur,

476 2759 575 2814 sed
601 2758 819 2814 tenebit.
843 2758 1036 2830 Iugum
1056 2774 1240 2825 meum,
1266 2757 1452 2828 inquit,
1485 2758 1588 2812 leve
1615 2769 1688 2813 est
1719 2758 1929 2829 (Matth.
1961 2775 2051 2825 x1,

477 2849 595 2918 30).
629 2849 763 2903 Huic
784 2849 911 2919 jugo
939 2850 1029 2919 qui
1057 2848 1327 2918 subjectus
1353 2858 1467 2915 est,
1496 2849 1732 2919 subjecta
1766 2850 1926 2904 habet
1948 2864 2056 2905 cm-

476 2948 615 2997 tera.
641 2940 757 2997 Non
776 2956 904 3012 ergo
924 2941 1218 3008 laborabit;
1247 2957 1352 2995 non
1373 2941 1513 2996 enim
1538 2942 1736 2996 resistit
1765 2941 1907 3012 quod
1932 2942 2057 2996 sub-

475 3032 675 3102 jectum
703 3040 803 3087 est.
827 3032 931 3088 Sed
956 3032 1141 3087 miseri
1170 3032 1326 3088 amici
1352 3031 1509 3102 hujus
1534 3032 1747 3099 mundi,
1777 3032 1930 3101 cujus
1963 3032 2059 3101 do-

474 3122 605 3178 mini
625 3131 809 3189 emat,
836 3123 881 3179 si
903 3122 996 3176 filii
1018 3122 1112 3178 Dei
1134 3136 1254 3178 esse
1290 3123 1587 3188 voluerint,
1620 3124 1866 3193 quoniam
1910 3122 2057 3178 dedit

474 3214 555 3269 eis
581 3223 899 3283 potestatem
922 3212 1155 3267 ﬁliosDei
1185 3213 1299 3268 fieri
1330 3211 1504 3286 (Joan.
1529 3229 1567 3279 ι,
1597 3213 1719 3284 19.);
1748 3213 1904 3268 amici
1930 3229 2056 3284 ergo

473 3304 633 3375 hujus
656 3304 839 3361 mundi
877 3313 985 3359 tam
1008 3305 1193 3359 timent
1211 3305 1277 3359 ab
1302 3304 1419 3374 ejus
1446 3305 1691 3374 amplexu
1716 3306 1969 3375 separari,
1997 3313 2057 3360 ut

475 3396 608 3452 nihil
636 3399 714 3454 eis
742 3398 810 3453 sit
835 3397 1168 3463 laboriosius,
1195 3411 1354 3466 quam
1381 3412 1486 3451 non
1516 3396 1773 3451 laborare.

472 3489 698 3547 CAPUT
735 3489 977 3545 XXXVI.
998 3520 1072 3531 -
1097 3488 1313 3543 Verbum
1337 3488 1435 3544 Dei
1461 3490 1576 3559 ipsa
1608 3500 1672 3544 est
1699 3491 1877 3544 veritas
1894 3530 1910 3557 ,
1936 3491 2056 3561 quia

545 3584 747 3637 omnino
791 3581 964 3652 implet
990 3583 1044 3635 id
1069 3598 1101 3635 a
1126 3598 1225 3653 quo
1258 3581 1509 3651 principio
1529 3598 1684 3635 unum
1711 3590 1784 3635 est
1811 3582 2055 3651 quidquid

547 3684 621 3729 est
647 3690 825 3730 unum.
853 3674 1073 3729 Falsitas
1096 3691 1198 3729 non
1223 3691 1286 3729 ea:
1308 3675 1474 3740 rebus,
1498 3676 1586 3728 sed
1624 3691 1687 3729 ea:
1709 3684 1943 3746 peccatis.

543 3764 632 3820 66.
675 3763 781 3819 Sed
810 3764 894 3817 cui
923 3763 1111 3817 saltem
1132 3763 1261 3818 illud
1283 3762 1619 3818 manifestum
1640 3774 1741 3829 est,
1771 3765 2051 3822 falsitatem

470 3871 611 3921 esse,
639 3870 742 3926 qua
766 3854 821 3910 id
851 3861 1063 3924 putatur
1080 3868 1202 3910 esse
1229 3854 1371 3925 quod
1395 3871 1499 3910 non
1527 3863 1630 3921 est,
1663 3855 1908 3927 intelligit
1934 3873 2052 3913 eam

470 3963 592 4005 esse
608 3947 916 4012 veritatem,
946 3960 1066 4016 quae
1101 3943 1332 4001 ostendit
1353 3945 1406 4000 id
1434 3946 1575 4016 quod
1604 3956 1702 4002 est.
1739 3948 1809 4003 At
1845 3950 1890 4004 si
1930 3964 2051 4004 cor-

470 4053 600 4109 pora
627 4038 684 4094 in
710 4046 910 4093 tantum
938 4036 1146 4104 fallunt,
1172 4036 1224 4091 in
1246 4046 1497 4107 quantum
1536 4053 1641 4092 non
1666 4038 1888 4109 implent
1922 4041 2051 4096 illud

471 4146 634 4185 unum
680 4130 823 4202 quod
867 4128 1250 4185 convincuntur
1291 4128 1520 4198 imitari,
1565 4146 1595 4185 a
1632 4148 1737 4202 quo
1784 4133 2050 4202 Principio

470 4238 636 4277 unum
665 4229 748 4278 est
769 4220 1023 4292 quidquid
1047 4228 1157 4288 est,
1183 4221 1249 4277 ad
1275 4222 1426 4293 cujus
1458 4222 1855 4280 similitudinem
1896 4226 2051 4296 quid-

468 4314 592 4385 quid
623 4314 826 4380 nititur,
852 4313 1161 4369 naturaliter
1187 4314 1569 4385 approhamus;
1595 4318 1716 4386 quia
1738 4320 2050 4374 naturaliter

470 4406 835 4476 intprobamus
856 4404 1109 4476 quidquid
1128 4405 1195 4461 ab
1211 4406 1410 4461 unitate
1425 4405 1669 4476 discedit,
1685 4416 1843 4479 atque
1862 4410 1915 4464 in
1934 4410 2048 4479 ejus

469 4496 954 4552 dissimilitudinem
985 4496 1151 4552 tendit
1174 4513 1189 4551 :
1212 4496 1365 4551 datur
1395 4496 1616 4569 intelligi
1654 4514 1775 4555 esse
1814 4502 2008 4572 aliquid
2028 4544 2043 4570 ,

468 4586 611 4657 quod
653 4587 791 4642 illius
835 4587 990 4642 unius
1036 4587 1218 4655 solius,
1249 4603 1280 4642 a
1306 4604 1411 4659 quo
1450 4588 1714 4661 Principio
1759 4607 1923 4648 unum
1966 4602 2049 4649 est

468 4675 723 4747 quidquid
754 4676 930 4745 aliquo
953 4677 1112 4733 modo
1140 4693 1300 4732 unum
1326 4687 1443 4746 est,
1473 4679 1545 4734 ita
1566 4682 1740 4737 simile
1770 4684 1839 4738 sit
1864 4692 1923 4738 ut
1946 4683 2047 4740 hoc
2085 4748 2091 4753 I

469 4768 687 4822 omnino
726 4767 941 4837 impleat
969 4782 1031 4823 ac
1056 4768 1124 4822 sit
1152 4767 1412 4838 idipsum;
1443 4779 1498 4825 et
1525 4771 1639 4826 haec
1664 4781 1745 4827 est
1761 4772 1968 4830 Veritas
1993 4785 2047 4831 ct

468 4856 702 4912 Verbum
750 4857 802 4910 in
846 4857 1127 4927 Principio,
1154 4866 1210 4913 et
1236 4858 1465 4915 Verbum
1505 4860 1646 4916 Deus
1684 4863 1823 4933 apud
1855 4865 2041 4922 Deum.

468 4948 524 5004 Si
559 4947 701 5003 enim
740 4948 940 5003 falsitas
978 4965 1043 5005 ex
1078 4949 1145 5004 iis
1170 4960 1253 5005 est
1274 4966 1392 5022 qua:
1420 4952 1690 5007 imitantur
1714 4970 1874 5009 ttnum
1895 4998 1909 5022 ,
1938 4974 2043 5014 non

473 5041 526 5094 in
546 5048 800 5109 quantum
828 5039 878 5093 id
909 5041 1201 5108 imitantur,
1230 5042 1324 5098 sed
1348 5042 1402 5097 in
1416 5052 1669 5114 quantum
1691 5045 1909 5115 implere
1936 5063 2045 5104 non

474 5139 730 5200 possunt;
764 5130 852 5185 illa
876 5140 957 5185 est
976 5130 1183 5187 Veritas
1208 5147 1327 5202 qua:
1364 5133 1415 5187 id
1440 5133 1659 5203 implere
1688 5138 1888 5205 potuit,
1917 5148 1971 5194 et
1990 5138 2045 5194 id

475 5237 598 5276 esse
645 5221 784 5291 quod
814 5231 893 5276 est
923 5220 1087 5286 illud;
1114 5222 1228 5292 ipsa
1256 5231 1338 5276 est
1362 5238 1480 5293 quae
1506 5223 1632 5279 illud
1658 5227 1886 5282 ostendit
1909 5229 2047 5287 siem

470 5322 554 5369 est
573 5329 588 5366 :
614 5313 751 5367 unde
768 5321 820 5367 et
838 5311 1070 5368 Verbum
1087 5312 1202 5383 ejus
1220 5320 1272 5367 et
1284 5312 1400 5368 Lux
1414 5314 1529 5383 ejus
1545 5317 1837 5374 rectissime
1854 5319 2045 5375 dicitur

477 5406 654 5476 (Joan.
682 5420 722 5470 ι,
750 5405 827 5476 9).
858 5405 1060 5461 Caetera
1100 5405 1238 5459 illius
1265 5405 1421 5461 unius
1456 5406 1646 5464 similia
1680 5410 1786 5466 dici
1825 5422 2047 5483 possunt

428 5486 431 5489 ⁷
474 5499 530 5561 in
560 5503 812 5567 quantum
835 5506 983 5563 sunt,
1014 5496 1067 5551 in
1106 5504 1307 5551 tantum
1337 5497 1478 5553 enim
1508 5508 1562 5554 et
1596 5517 1720 5557 vera
1745 5512 1867 5559 sunt
1888 5523 1909 5565 ς,
1930 5505 2044 5561 haec

470 5598 552 5645 est
594 5596 768 5643 autem
820 5588 932 5657 ipsa
973 5588 1090 5661 ejus
1134 5587 1441 5656 similitudo,
1473 5599 1527 5646 et
1554 5591 1673 5648 ideo
1700 5594 1929 5651 Veritas.
1976 5597 2046 5653 Ut

468 5680 615 5736 enim
642 5678 866 5735 veritate
891 5688 1012 5733 sunt
1049 5695 1197 5747 vera,
1224 5695 1341 5750 qua:
1366 5696 1491 5737 vera
1514 5692 1663 5750 sunt;
1694 5686 1762 5739 ita
1803 5688 2047 5743 similitu-

466 5768 598 5826 dine
644 5769 836 5825 similia
879 5777 1034 5837 sunt,
1064 5787 1409 5843 quacumque
1436 5774 1623 5831 similia
1663 5786 1800 5833 sunt.
1830 5779 1895 5833 Ut
1918 5795 2042 5850 ergo

1532 354 1621 410 DE
1662 354 1844 411 VERA
1884 354 2267 425 RELIGIONE,
2305 358 2361 415 S.
2393 353 2759 417 AUGUSTINI

3662 372 3760 429 159

2191 472 2383 526 veritas
2407 471 2574 528 forma
2603 489 2845 529 verorum
2871 484 2970 541 est,
2995 475 3066 531 ita
3090 476 3376 534 similitudo
3401 478 3570 535 forma
3602 481 3752 537 simi-

2189 561 2316 617 lium
2362 573 2461 618 est.
2504 564 2833 636 Quapropter
2869 582 2994 622 vera
3035 569 3281 638 quoniam
3304 570 3356 624 in
3386 580 3585 626 tantum
3626 589 3750 629 vera

2188 663 2328 722 sunt,
2345 655 2394 709 in
2413 667 2662 726 quantum
2682 664 2833 723 sunt;
2854 659 2908 713 in
2924 666 3126 714 tantum
3150 671 3324 715 autem
3338 672 3480 726 sunt,
3510 664 3561 717 in
3578 678 3746 735 quan-

2188 756 2296 802 tum
2350 749 2654 819 principalis
2696 751 2852 805 unius
2894 751 3084 806 similia
3128 761 3250 807 sunt
3291 771 3305 806 :
3346 768 3407 809 ea
3452 753 3619 810 forma
3664 764 3748 813 est

2182 841 2418 895 omnium
2448 856 2565 912 qua:
2592 851 2741 911 sunt,
2768 859 2887 914 qua:
2917 852 2999 899 est
3043 860 3247 900 summa
3282 846 3567 904 similitudo
3594 849 3750 904 Prin-

2182 934 2338 1003 cipii;
2366 945 2420 989 et
2437 934 2643 990 Veritas
2664 944 2767 999 est,
2786 935 2905 1006 quia
2932 937 3045 991 sine
3067 936 3172 992 ulla
3199 938 3623 994 dissimilitudine
3644 950 3745 995 est.

2250 1024 2338 1081 67.
2379 1024 2529 1081 Unde
2556 1024 2755 1082 falsitas
2781 1028 2968 1093 oritur,
3004 1044 3109 1083 non
3149 1028 3307 1084 rebus
3348 1029 3474 1098 ipsis
3516 1029 3748 1085 fallenti-

2178 1114 2297 1184 bus,
2320 1131 2438 1186 qure
2458 1116 2585 1171 nihil
2607 1118 2745 1172 aliud
2769 1119 3053 1173 ostendunt
3073 1119 3316 1173 sentienti
3340 1135 3497 1189 quam
3516 1121 3749 1190 speciem

2177 1219 2517 1278 suam,quam
2547 1223 2644 1278 pro
2668 1223 2777 1263 sua:
2788 1209 3191 1280 pulchritudinis
3213 1220 3531 1282 acceperunt
3543 1212 3744 1284 gradu;

2176 1312 2347 1368 neque
2382 1299 2511 1369 ipsis
2550 1301 2793 1357 sensibus
2835 1301 3169 1370 fallentibus,
3196 1306 3285 1373 qui
3313 1319 3409 1374 pro
3442 1314 3627 1360 natura
3659 1306 3756 1369 sui

2175 1390 2411 1457 corporis
2438 1390 2614 1447 affecti
2634 1432 2645 1453 ,
2670 1406 2775 1446 non
2796 1392 2937 1447 aliud
2957 1407 3112 1462 quam
3138 1408 3262 1449 suas
3281 1394 3586 1449 all'ectiones
3610 1410 3749 1464 pra:-

2174 1477 2364 1533 sidenti
2390 1483 2568 1535 animo
2593 1482 2836 1537 nuntiant
2866 1499 2880 1535 :
2910 1483 3003 1538 sed
3041 1493 3252 1553 peccata
3293 1484 3496 1539 animas
3528 1485 3745 1553 fallunt,

2171 1585 2291 1626 cum
2312 1588 2493 1628 verum
2509 1583 2770 1645 quaerunt,
2785 1575 2971 1631 relicta
2995 1584 3050 1631 et
3074 1577 3309 1647 neglecta
3339 1577 3583 1634 veritate.
3606 1577 3741 1634 Nam

2171 1663 2417 1732 quoniam
2464 1679 2625 1735 opera
2672 1667 2839 1736 magis
2876 1681 3033 1737 quam
3075 1667 3333 1722 artificem
3373 1677 3530 1738 atque
3576 1668 3745 1738 ipsam

2171 1761 2341 1808 artem
2369 1754 2703 1823 dilexerunt,
2737 1756 2836 1812 hoc
2857 1772 3038 1813 errore
3063 1756 3373 1828 puniuntur,
3406 1767 3461 1811 ut
3482 1758 3535 1811 in
3560 1759 3744 1827 operi-

2169 1841 2270 1897 bus
2307 1843 2562 1899 artificem
2595 1855 2869 1918 artemque
2895 1846 3240 1917 conquirant;
3272 1856 3469 1902 etcum
3498 1848 3744 1905 invenire

2169 1936 2499 2003 nequiverint
2546 1935 2721 2009 (Deus
2763 1937 2904 1992 enim
2948 1953 3052 1991 non
3097 1938 3459 2009 corporalibus
3496 1938 3743 1995 sensibus

2168 2024 2435 2095 subjacet,
2474 2026 2564 2082 sed
2609 2029 2707 2097 ipsi
2746 2029 2908 2084 menti
2950 2028 3379 2102 supereminet),
3425 2031 3537 2102 ipsa
3575 2046 3745 2102 opera

2166 2116 2470 2172 existiment
2492 2133 2611 2174 esse
2636 2129 2689 2174 et
2713 2129 2879 2176 artem
2905 2130 2959 2177 et
2985 2122 3262 2177 artiﬁcem.

2166 2206 2388 2264 CAPUT
2438 2208 2785 2265 XXXVll.—
2814 2210 3056 2282 Impietas
3095 2213 3395 2268 idololatria
3432 2213 3735 2285 multiplicis

2614 2310 2723 2355 orta
2750 2319 2814 2355 ea:
2837 2319 3007 2358 amore
3025 2314 3285 2357 creatur-te.

2235 2386 2322 2443 68.
2364 2387 2498 2444 Hinc
2522 2391 2691 2445 oritur
2714 2392 2887 2446 omnis
2912 2393 3174 2461 impietas,
3205 2408 3308 2447 non
3333 2393 3493 2450 modo
3512 2408 3743 2464 peccan-

2163 2479 2292 2533 tium
2311 2520 2326 2545 ,
2357 2480 2452 2535 sed
2482 2482 2639 2537 etiam
2664 2482 3032 2537 damnatorum
3072 2500 3167 2553 pro
3204 2485 3436 2555 peccatis
3461 2486 3589 2540 suis.
3618 2484 3742 2541 Non

2162 2574 2303 2628 enim
2341 2583 2543 2628 tantum
2587 2576 2808 2629 scrutari
2852 2584 3148 2631 creaturam
3190 2584 3372 2632 contra
3414 2585 3742 2648 praeceptum

2162 2667 2283 2733 Dei,
2313 2676 2368 2723 et
2392 2683 2455 2723 ea
2484 2668 2581 2727 frtti
2610 2669 2780 2737 potius
2805 2684 2962 2736 quam
2993 2670 3104 2738 ipsa
3141 2669 3256 2739 lege
3296 2678 3351 2724 et
3387 2670 3610 2725 veritate
3636 2686 3742 2726 vo-

2163 2758 2309 2819 lunt,
2338 2756 2479 2826 quod
2515 2758 2669 2827 primi
2707 2757 2935 2812 hominis
2982 2766 3254 2828 peccatum
3294 2758 3738 2828 deprehenditur,

2160 2848 2299 2902 male
2326 2848 2521 2902 utentis
2563 2848 2729 2903 libero
2757 2848 3007 2913 arbitrio;
3045 2848 3139 2903 sed
3175 2848 3276 2905 hoc
3303 2863 3513 2920 quoque
3537 2849 3592 2903 in
3617 2849 3740 2919 ipsa

2161 2939 2500 2994 damnatione
2521 2940 2721 2994 addunt
2739 2982 2753 3005 ,
2780 2948 2838 2994 ut
2856 2956 2960 2995 non
2982 2940 3141 2997 modo
3168 2941 3421 3012 diligant,
3448 2941 3541 2997 sed
3570 2942 3741 2998 etiam

2161 3029 2400 3083 serviant
2424 3040 2677 3084 creatura:
2705 3032 2878 3100 potius
2903 3046 3060 3101 quam
3088 3032 3325 3087 Creatori
3352 3032 3524 3102 (Rom.
3554 3049 3589 3098 ι,
3614 3032 3738 3105 25),

2161 3130 2213 3174 et
2239 3135 2355 3174 eam
2376 3121 2551 3176 colant
2575 3136 2669 3190 per
2688 3131 2867 3191 partes
2895 3122 3029 3192 ejus,
3052 3137 3083 3177 a
3108 3124 3327 3178 summis
3351 3138 3518 3194 usque
3536 3122 3603 3178 ad
3624 3124 3741 3180 ima

2160 3210 2450 3264 venientes.
2482 3209 2582 3265 Sed
2609 3212 2767 3281 aliqui
2788 3227 2845 3267 se
2866 3211 2918 3266 in
2945 3212 3045 3266 hoc
3076 3220 3277 3279 tenent,
3308 3222 3366 3266 ut
3395 3229 3490 3281 pro
3519 3229 3742 3270 summo

2160 3299 2269 3353 Deo
2294 3300 2523 3353 animam
2554 3301 2759 3366 colant,
2792 3312 2846 3356 et
2877 3302 3096 3373 primam
3134 3303 3542 3359 intellectualem
3575 3318 3743 3358 crea-

2159 3398 2353 3456 turam,
2380 3406 2536 3460 quam
2560 3408 2651 3461 per
2676 3392 2963 3448 Veritatem
2984 3394 3139 3449 Pater
3159 3395 3451 3460 fabricavit,
3477 3394 3544 3450 ad
3560 3395 3744 3466 ipsam

2160 3480 2443 3537 Veritatem
2474 3497 2683 3551 semper
2700 3484 2999 3538 intuendam
3020 3526 3034 3549 ,
3057 3494 3112 3539 et
3139 3500 3197 3539 se
3223 3500 3317 3554 per
3338 3484 3509 3554 ipsam
3538 3486 3577 3552 ⁸,
3605 3487 3744 3555 quia

2156 3575 2301 3630 omni
2326 3574 2484 3631 modo
2509 3577 2557 3630 ei
2585 3576 2850 3630 simillima
2873 3586 2971 3631 est.
3006 3577 3201 3631 Deinde
3231 3578 3447 3632 veniunt
3473 3578 3539 3633 ad
3565 3581 3741 3634 vitam

2156 3668 2459 3737 genitalem,
2482 3684 2577 3737 per
2604 3683 2759 3737 quam
2797 3677 3089 3721 creaturam
3131 3667 3358 3722 visibilia
3385 3677 3439 3723 et
3465 3678 3764 3746 tempora-5

2156 3759 2227 3814 lia
2254 3760 2519 3830 gignentia
2544 3760 2680 3814 Deus
2704 3766 2932 3812 internus
2973 3767 3027 3813 et
3068 3758 3511 3814 incommutabilis
3536 3776 3743 3832 opera-

2156 3856 2260 3903 tur.
2290 3849 2424 3903 Hinc
2439 3847 2505 3903 ad
2524 3847 2788 3912 animalia,
2809 3856 2863 3902 et
2882 3846 3005 3903 inde
3029 3847 3096 3901 ad
3120 3847 3231 3917 ipsa
3254 3863 3480 3918 corpora
3500 3849 3737 3906 colenda

2154 3939 2487 4004 dilabuntur;
2510 3946 2565 3994 et
2594 3937 2645 3992 in
2672 3937 2754 3992 his
2780 3938 2951 4008 primo
2978 3940 3177 4008 eligunt
3207 3939 3590 4008 pulchriora,in
3606 3940 3740 4010 qui~

2154 4032 2254 4087 bus
2278 4033 2513 4088 coelestia
2541 4032 2772 4087 maxime
2792 4032 3074 4087 excellunt.
3104 4032 3242 4101 Ergo
3277 4032 3328 4086 in
3370 4033 3552 4101 primis
3589 4032 3736 4090 solis

2153 4138 2346 4195 corpus
2372 4125 2629 4190 occurrit,
2668 4134 2723 4180 et
2758 4125 2811 4179 in
2841 4140 2907 4180 eo
2935 4125 3174 4180 nonnulli
3206 4132 3500 4180 remanent.
3550 4126 3741 4196 Aliqui

2152 4224 2206 4270 et
2230 4215 2371 4270 luna:
2389 4214 2724 4284 splendorem
2746 4216 2999 4286 religione
3014 4216 3230 4286 dignum
3251 4224 3430 4285 putant
3451 4232 3463 4269 :
3479 4225 3560 4271 est
3578 4217 3737 4273 enim

2153 4305 2339 4370 nobis,
2377 4313 2435 4359 ut
2479 4304 2813 4376 perhibetur,
2849 4307 3220 4377 pr0pinquior;
3251 4306 3388 4361 unde
3415 4307 3740 4365 viciniorem

2152 4397 2383 4467 speciem
2413 4398 2608 4453 habere
2637 4399 2880 4453 sentitur.
2917 4400 3023 4454 Alii
3054 4400 3212 4455 etiam
3242 4410 3553 4457 caeterorum
3577 4400 3737 4457 side-

2152 4503 2269 4542 rum
2297 4503 2519 4558 corpora
2539 4488 2834 4559 adjungunt
2852 4530 2866 4555 ,
2897 4499 2951 4544 et
2974 4498 3141 4546 totum
3164 4492 3354 4547 ctelum
3394 4506 3515 4547 cum
3553 4492 3739 4550 stellis

2154 4578 2286 4633 suis.
2302 4579 2404 4634 Alii
2420 4579 2556 4635 caelo
2578 4579 2811 4635 tethereo
2828 4580 3077 4651 copulant
3093 4596 3290 4648 aerem,
3304 4591 3359 4637 et
3382 4584 3496 4639 istis
3517 4583 3739 4642 duobus

2150 4673 2510 4744 superioribus
2559 4674 2838 4728 elementis
2878 4675 3148 4744 corporeis
3193 4675 3477 4744 subjiciunt
3518 4677 3738 4733 animas

2150 4781 2292 4821 suas.
2337 4766 2443 4822 Sed
2480 4766 2619 4821 inter
2646 4766 2744 4823 hos
2770 4765 2845 4821 illi
2873 4766 2971 4821 sibi
3011 4766 3252 4821 videntur
3301 4766 3733 4837 religiosissimi,

2149 4863 2240 4932 qui
2266 4862 2562 4917 universam
2589 4861 2747 4918 simul
2774 4868 3102 4926 creaturam,
3126 4860 3179 4914 id
3206 4867 3293 4915 est
3333 4860 3584 4915 mundum
3634 4869 3733 4914 to-

2150 4961 2261 5008 tum
2293 4967 2415 5007 cum
2450 4952 2695 5007 omnibus
2719 4967 2836 5022 quae
2862 4952 2916 5005 in
2940 4966 3005 5006 eo
3027 4958 3181 5013 sunt,
3213 4960 3268 5006 et
3294 4952 3453 5005 vitam
3482 4968 3585 5021 qua
3613 4953 3738 5020 spi~

2148 5052 2295 5097 ratur
2321 5050 2377 5097 et
2400 5043 2681 5109 animatur,
2712 5057 2871 5113 quam
2898 5042 3110 5113 quidam
3136 5056 3443 5112 corpoream
3462 5084 3475 5108 ,
3506 5041 3732 5112 quidam

2149 5135 2513 5204 incorpoream
2550 5149 2669 5189 esse
2696 5135 3033 5190 crediderunt
3058 5153 3071 5188 :
3093 5135 3195 5191 hoc
3216 5149 3343 5205 ergo
3371 5143 3534 5190 totum
3560 5135 3728 5193 simul

2149 5241 2310 5281 unum
2341 5225 2510 5280 Deum
2534 5240 2779 5295 magnum
2824 5241 2944 5281 esse
2981 5227 3323 5294 arbitrantur,
3349 5228 3501 5297 cujus
3540 5235 3733 5297 partes

2149 5318 2255 5373 sint
2278 5325 2505 5372 casteria.
2539 5316 2654 5372 Non
2680 5318 2823 5373 enim
2848 5320 3107 5373 universae
3142 5330 3399 5376 creaturae
3446 5328 3733 5386 auctorem

2146 5408 2583 5479 conditoremque
2620 5418 2903 5465 noverunt.
2942 5408 3068 5466 Inde
3114 5411 3167 5466 in
3208 5412 3486 5467 simulacra
3530 5416 3735 5482 pracci—

2116 5532 2121 5547 ι
2150 5502 2401 5571 pilantur,
2429 5511 2481 5556 et
2508 5502 2575 5557 ab
2599 5502 2847 5572 operibus
2885 5502 2978 5558 Dei
3014 5519 3179 5574 usque
3223 5507 3275 5560 in
3318 5522 3477 5576 opera
3505 5522 3597 5563 sua
3624 5509 3739 5565 de-

2148 5600 2476 5664 merguntur,
2508 5608 2626 5663 qua:
2655 5602 2831 5649 tamen
2858 5592 3029 5649 adhuc
3050 5595 3275 5651 visibilia
3305 5607 3446 5652 sunt.

2148 5727 2170 5753 ⁷
2186 5729 2228 5793 __'
2256 5735 2384 5789 t.ov.,
2410 5733 2455 5778 et
2477 5742 2561 5793 per
2583 5730 2803 5793 seipsam.
2837 5730 2927 5779 sed
2956 5729 3218 5791 legendum
3238 5738 3293 5782 ut
3323 5734 3372 5793 in
3405 5731 3512 5782 aliis
3549 5733 3740 5786 editio-
3827 5714 3837 5721 ’

2150 5789 2291 5841 nibus
2320 5793 2440 5841 etin
2470 5789 2690 5841 omnibus
2721 5799 2826 5841 Mss.
2851 5790 3072 5853 habetur,
3096 5800 3140 5843 et
3162 5806 3211 5843 se
3233 5806 3319 5857 per
3348 5792 3516 5857 ipsam.
