4056 6444
311 439 419 497 155

311 552 542 612 CAPUT
571 550 855 607 XXXVIII.
873 550 1106 603 ——Aliud
1130 547 1431 602 idololatria:
1457 560 1631 616 genus,
1659 558 1753 613 quo
1775 557 1890 612 pec-

686 654 826 697 cator
852 644 1033 713 triplici
1064 641 1319 711 cupiditati
1348 638 1516 692 seruit.

383 737 475 792 69.
496 736 589 789 Est
618 736 758 789 enim
788 734 923 787 alius
949 732 1182 787 deterior
1207 741 1261 785 et
1285 729 1502 784 inferior
1522 727 1692 782 cultus
1720 726 1887 780 simu-

310 830 610 893 lacrorum,
638 844 742 897 quo
785 828 1149 897 phantasmata
1181 838 1272 879 sua
1304 823 1515 887 colunt,
1545 828 1600 877 et
1637 818 1889 890 quidquid

307 924 492 977 animo
534 930 743 977 errante
785 936 902 975 cum
946 918 1191 989 superbia
1234 916 1319 972 vel
1366 926 1570 970 tumore
1610 912 1890 983 cogitando

312 1011 587 1081 imaginati
618 1012 830 1075 fuerint,
861 1010 1131 1079 religionis
1158 1008 1372 1063 nomine
1396 1007 1699 1072 observant,
1723 1004 1890 1059 donec

313 1105 409 1157 ﬁat
435 1105 486 1157 in
528 1105 700 1157 anima
733 1102 862 1156 nihil
894 1102 1110 1155 omnino
1138 1099 1415 1154 colendum
1448 1113 1564 1153 esse
1584 1137 1599 1161 ,
1627 1105 1683 1152 et
1709 1110 1889 1149 errare

309 1195 559 1249 homines
589 1195 677 1264 qui
710 1192 1068 1264 superstitioni
1105 1206 1163 1245 se
1208 1190 1508 1250 involvunt,
1533 1196 1587 1241 et
1614 1186 1805 1240 misera
1832 1199 1890 1239 se

309 1286 585 1356 implicant
628 1285 901 1340 servitute.
946 1282 1050 1338 Sed
1094 1280 1289 1335 frustra
1332 1278 1434 1333 hoc
1476 1278 1748 1333 sentiunt:
1783 1290 1888 1329 non

306 1379 456 1433 enim
484 1377 724 1433 efﬁciunt
756 1384 813 1430 ut
834 1391 935 1429 non
962 1373 1223 1437 serviant;
1256 1378 1534 1425 remanent
1559 1368 1750 1437 quippe
1776 1366 1888 1434 ipsa

308 1472 469 1533 vitia,
525 1470 717 1539 quibus
765 1478 821 1521 ut
860 1468 969 1536 ipsa
1016 1464 1235 1519 colenda
1280 1463 1624 1530 Opinarentur
1679 1456 1889 1511 attracti

310 1570 457 1616 Sunt.
482 1560 732 1614 Serviunt
751 1559 891 1612 enim
915 1555 1185 1626 cupiditati
1213 1552 1439 1623 triplici,
1469 1550 1550 1605 vel
1582 1548 1884 1618 voluptatis,

307 1654 392 1707 vel
419 1652 780 1716 excellentim,
806 1650 888 1704 vel
922 1647 1224 1718 spectaculi.
1251 1645 1396 1715 Nego
1426 1659 1543 1699 esse
1572 1657 1887 1714 quemquam

308 1746 533 1801 istorum
584 1745 671 1813 qui
710 1743 841 1797 nihil
881 1741 1161 1797 colendum
1188 1739 1517 1804 existimant,
1544 1738 1632 1806 qui
1662 1752 1767 1790 non
1798 1743 1889 1787 aut

309 1838 613 1892 carnalibus
636 1835 837 1905 gaudiis
863 1834 1105 1887 subditus
1131 1833 1227 1896 sit,
1255 1838 1346 1885 aut
1384 1829 1668 1899 p0tentiam
1698 1841 1886 1879 vanam

308 1928 516 1993 foveat,
552 1936 641 1981 aut
674 1925 851 1994 aliquo
880 1923 1181 1993 spectaculo
1220 1922 1507 1975 delectatus
1538 1917 1781 1971 insaniat.
1815 1915 1887 1969 lta

311 2020 614 2074 nescientes
645 2017 867 2087 diligunt
894 2012 1203 2083 temporalia
1228 2053 1242 2079 ,
1275 2020 1332 2064 ut
1358 2010 1481 2064 inde
1511 2007 1887 2062 beatitudinem

309 2116 641 2179 exspectent.
666 2107 761 2160 llis
785 2114 960 2159 autem
1006 2103 1164 2157 rebus
1207 2100 1397 2170 quibus
1443 2099 1662 2168 quisque
1707 2097 1889 2151 beatus

309 2200 425 2252 vult
451 2198 620 2261 efﬁci,
657 2195 856 2250 serviat
876 2207 1095 2249 necesse
1117 2201 1224 2256 est,
1254 2191 1381 2246 velit
1419 2189 1567 2243 nolit.
1599 2187 1729 2241 Nam
1755 2201 1889 2256 quo-

309 2304 540 2359 cumque
567 2287 829 2348 duxeriut,
854 2284 1123 2354 sequitur;
1154 2290 1209 2337 et
1230 2280 1467 2351 quisquis
1486 2294 1547 2334 ea
1568 2280 1711 2332 visus
1730 2276 1888 2331 fuerit

308 2381 523 2435 auferre
551 2394 725 2449 posse,
754 2378 1025 2453 metuitur.
1055 2374 1285 2428 Possunt
1318 2379 1493 2426 autem
1524 2368 1732 2423 auferre
1758 2369 1886 2433 ista,

308 2483 364 2528 et
391 2472 622 2527 scintilla
642 2470 796 2539 ,ignis
836 2475 891 2522 et
933 2466 1106 2535 aliqua
1132 2478 1291 2534 parva
1320 2461 1560 2516 bestiola.
1592 2460 1886 2523 Postremo,

307 2574 369 2619 ut
393 2564 633 2618 omittam
661 2557 1071 2615 innumerabiles
1100 2555 1472 2615 adversitates,
1492 2560 1702 2620 tempus
1719 2548 1889 2619 ipsum

308 2656 521 2710 auferat
564 2666 783 2707 necesse
828 2657 909 2705 est
953 2648 1129 2703 omnia
1170 2643 1514 2700 transeuntia.
1548 2642 1725 2711 Itaque
1771 2655 1891 2694 cum

308 2748 490 2804 omnia
536 2744 843 2814 temporalia
883 2740 1115 2796 mundus
1159 2742 1260 2793 iste
1303 2736 1617 2800 concludat,
1649 2733 1892 2789 omnibus

308 2837 495 2894 mundi
525 2837 756 2907 partibus
795 2833 1061 2895 serviunt,
1093 2831 1182 2900 qui
1226 2838 1503 2899 propterea
1542 2834 1726 2897 putant
1763 2823 1893 2878 nihil

307 2929 593 2986 colendum
619 2942 738 2982 esse
763 2941 829 2979 ne
849 2923 1100 2978 serviant.

384 3020 475 3075 70.
516 3019 894 3074 Verumtamen
919 3028 1217 3085 quanquam
1244 3012 1295 3065 in
1318 3010 1416 3064 hac
1439 3024 1616 3064 rerum
1647 3008 1893 3063 extremi-

319 3122 433 3168 tate
456 3111 635 3166 miseri
656 3110 896 3179 jaceant,
921 3115 977 3159 ut
1007 3105 1129 3158 vitia
1153 3118 1246 3157 sua
1278 3102 1373 3156 sibi
1402 3099 1659 3154 dominari
1691 3099 1895 3168 patian-

314 3216 429 3272 tur,
449 3203 533 3258 vel
554 3201 787 3264 libidine,
811 3198 895 3252 vel
917 3195 1183 3265 superbia,
1206 3193 1289 3249 vel
1318 3191 1622 3246 curiositate
1641 3188 1893 3253 damnati,

311 3298 401 3350 vel
434 3293 640 3349 duobus
660 3291 871 3354 horum,
891 3288 974 3342 vel
996 3285 1242 3341 omnibus
1265 3302 1278 3339 :
1303 3282 1552 3354 quamdiu
1574 3290 1695 3335 sunt
1716 3281 1766 3334 in
1796 3281 1897 3334 hoc

314 3387 493 3443 stadio
522 3386 643 3439 vitae
670 3383 911 3436 humanae
932 3422 946 3447 ,
980 3380 1102 3433 licet
1127 3379 1203 3433 eis
1227 3375 1481 3446 congredi
1504 3385 1555 3430 et
1592 3375 1823 3439 vincere,
1853 3372 1898 3426 si

315 3479 466 3549 prius
488 3476 707 3531 credant
728 3473 868 3545 quod
893 3472 1184 3541 intelligere
1224 3469 1456 3524 nondum
1484 3468 1692 3532 valent,
1715 3474 1771 3521 et
1794 3481 1899 3520 non

319 3570 545 3640 diligant
575 3567 861 3630 mundum;
902 3564 1139 3633 quoniam
1167 3579 1311 3616 omne
1338 3560 1472 3631 quod
1499 3562 1552 3613 in
1576 3560 1762 3613 mundo
1789 3568 1859 3613 est
1883 3600 1898 3624 ,

319 3662 460 3716 sicut
477 3660 729 3714 divinitus
749 3658 946 3712 dictum
974 3664 1076 3721 est,
1098 3655 1501 3724 concupiscentia
1528 3654 1693 3707 carnis
1718 3662 1825 3719 est,
1856 3660 1902 3705 et

319 3753 724 3822 concupiscentia
744 3751 1073 3815 oculorum,“
1084 3747 1286 3801 ambitio
1303 3747 1472 3801 saeculi
1490 3745 1531 3817 (l
1547 3745 1700 3799 Joan.
1721 3745 1900 3814 ".16).

318 3844 437 3899 lloc
452 3842 613 3898 modo
650 3842 748 3896 tria
785 3842 873 3895 illa
915 3848 1038 3894 sunt
1071 3848 1287 3894 notata.-
1312 3854 1433 3892 nam
1477 3838 1904 3908 concupiscentia

318 3934 520 4000 carnis,
547 3932 826 4003 voluptatis
863 3931 1057 3984 inﬁma:
1094 3938 1358 3983 amatores
1399 3929 1685 3997 significat;
1718 3943 1905 3983 concu-

322 4023 580 4094 piscentia
598 4022 867 4077 oculorum
878 4020 1161 4086 ,curiosos;
1179 4017 1398 4073 ambitio
1410 4018 1610 4085 saaculi,
1624 4017 1903 4087 superbos.

398 4116 485 4169 71.
513 4115 734 4184 Triplex
758 4114 916 4169 etiam
944 4111 1165 4166 tentatio
1187 4111 1239 4165 in
1266 4110 1499 4176 homine,
1526 4125 1680 4179 quem
1700 4107 1906 4164 Veritas

322 4209 441 4278 ima
469 4208 723 4277 suscepit,
753 4205 986 4261 cavenda
1013 4213 1302 4259 monstrata
1328 4210 1431 4257 est.
1455 4202 1569 4268 Dic,
1594 4203 1761 4272 inquit
1789 4210 1904 4255 ten-

323 4311 487 4368 tator,
517 4301 767 4371 lapidibus
793 4301 919 4366 istis,
943 4308 997 4352 ut
1012 4314 1167 4369 panes
1196 4298 1340 4367 ﬁant.
1374 4297 1442 4349 At
1468 4295 1554 4350 ille
1580 4310 1717 4349 unus
1742 4304 1793 4349 et
1820 4309 1905 4347 so-

324 4396 413 4449 lus
455 4394 709 4464 magister
743 4409 756 4446 :
801 4391 921 4445 Non
942 4433 959 4455 ,
991 4391 1187 4460 inquit,
1216 4391 1269 4443 in
1296 4389 1402 4444 solo
1432 4406 1561 4458 pane
1585 4389 1701 4442 vivit
1730 4388 1901 4454 homo,

323 4487 416 4542 sed
451 4486 506 4538 in
544 4484 681 4537 omni
708 4483 854 4538 verbo
874 4482 988 4536 Dei.
1014 4482 1090 4536 lta
1121 4481 1261 4536 enim
1289 4480 1541 4534 domitam
1568 4479 1749 4533 docuit
1788 4493 1905 4533 esse

324 4585 578 4646 oportere
610 4573 951 4643 cupiditatem
978 4570 1282 4640 voluptatis,
1317 4578 1373 4623 ut
1406 4584 1505 4624 nec
1539 4568 1665 4622 fami
1706 4566 1906 4622 ceden-

328 4666 459 4721 dum
487 4666 575 4720 sit.
608 4663 716 4719 Sed
744 4662 880 4717 forte
908 4661 1281 4717 dominationis
1313 4660 1615 4729 temporalis
1647 4659 1781 4713 fastu
1808 4657 1903 4713 de-

328 4760 438 4829 cipi
467 4764 706 4828 poterat,
734 4756 821 4826 qui
847 4755 1019 4809 carnis
1061 4754 1328 4823 voluptate
1352 4767 1458 4806 non
1488 4752 1682 4821 potuit;
1728 4750 1906 4805 omnia

325 4867 458 4921 ergo
506 4850 689 4905 mundi
740 4863 902 4919 regna
945 4855 1232 4903 monstrata
1284 4856 1426 4913 sunt,
1465 4855 1519 4901 et
1558 4846 1752 4900 dictum
1783 4854 1904 4899 est:

330 4947 519 5000 Omnia
547 4944 635 4998 tibi
663 4944 821 5008 dabo,
854 4944 896 4996 si
935 4949 1212 5012 prostratus
1240 4940 1528 4994 adoraveris
1566 4956 1665 4992 me.
1696 4937 1790 4992 Cui
1819 4954 1907 4993 re-

324 5053 583 5109 sponsum
623 5045 705 5092 est
729 5053 744 5089 :
768 5034 1040 5088 Dominum
1075 5032 1237 5087 Deum
1268 5042 1408 5086 tuum
1452 5031 1710 5097 adorabis,
1755 5037 1799 5083 et
1830 5029 1909 5083 illi

324 5131 427 5185 soli
452 5130 651 5184 seruies.
680 5128 755 5182 lta
784 5126 982 5183 calcata
1011 5134 1095 5181 est
1122 5124 1387 5196 superbia.
1420 5123 1667 5193 Subiecta
1699 5132 1781 5177 est
1810 5136 1907 5176 au-

329 5232 443 5278 tem
485 5228 719 5276 extrema
762 5219 919 5273 etiam
947 5216 1266 5272 curiositatis
1294 5216 1538 5270 illecebra
1572 5231 1585 5268 :
1620 5228 1723 5268 non
1766 5213 1908 5269 enim

324 5323 392 5370 ut
436 5329 497 5369 se
540 5313 609 5368 de
653 5312 857 5383 fastigio
897 5310 1080 5379 templi
1121 5309 1473 5379 praecipitaret
1507 5308 1759 5378 urgebat,
1808 5305 1908 5361 nisi

323 5422 489 5463 causa
513 5414 717 5461 tantum
740 5404 935 5475 aliquid
956 5402 1278 5473 experiendi.
1307 5400 1412 5456 Sed
1432 5415 1603 5471 neque
1627 5400 1714 5455 hic
1740 5400 1909 5454 victus

320 5506 433 5563 εει,
462 5508 518 5552 et
547 5495 665 5550 ideo
694 5496 769 5549 sic
799 5494 1091 5563 reSpondit,
1126 5500 1183 5547 ut
1212 5491 1622 5561 intelligeremus
1650 5505 1756 5546 non
1778 5504 1908 5560 opus

322 5605 455 5645 esse
480 5589 547 5643 ad
571 5586 994 5664 cognoscendum
1021 5587 1209 5652 Deum,
1237 5584 1612 5641 tentationibus
1635 5583 1909 5639 visibiliter

323 5682 511 5738 divina
551 5682 830 5751 explorare
867 5678 1207 5735 molientibus
1233 5696 1246 5732 :
1272 5677 1393 5733 Non
1431 5678 1669 5747 tentabis,
1702 5679 1906 5750 inquit,

328 5772 613 5827 Dominum
650 5770 815 5826 Deum
859 5781 998 5826 tuum
1035 5770 1261 5842 (Matth.
1292 5786 1365 5839 ιν,
1403 5770 1565 5837 1-10,
1597 5780 1642 5824 et
1667 5768 1795 5825 Luc.
1833 5788 1904 5838 tv,

322 5862 513 5935 2-12).
545 5863 898 5932 Quamobrem
922 5862 1159 5935 quisquis
1179 5863 1321 5919 intus
1345 5862 1506 5919 verbo
1532 5861 1626 5919 Dei
1652 5863 1901 5934 pascitur,

1719 422 1919 482 LIBER
1960 424 2156 484 UNUS.

3460 434 3565 492 154

1996 558 2100 599 non
2140 547 2325 616 quaerit
2356 546 2408 601 in
2448 547 2546 603 ista
2583 561 2761 604 eremo
2803 548 3145 620 voluptatem.
3173 548 3272 618 Qui
3312 548 3404 605 uni
3446 551 3560 607 Deo

1994 644 2193 691 tantum
2219 639 2482 709 subjectus
2504 651 2608 708 est,
2636 657 2741 697 non
2765 644 2953 714 quaerit
2989 643 3041 698 in
3069 651 3278 708 monte,
3313 643 3364 697 id
3392 650 3476 698 est
3504 643 3559 706 in

1994 734 2202 783 terrena
2234 732 2460 786 elatione
2493 733 2818 803 iactantiam.
2839 733 3084 805 Quisquis
3112 742 3310 789 aeterno
3343 742 3558 805 specta-

1994 821 2114 876 culo
2137 822 2577 881 incommutabilis
2604 828 2839 882 veritatis
2862 827 3193 895 adhaerescit,
3221 844 3325 883 non
3357 843 3451 897 per
3475 826 3559 882 fa-

1994 912 2201 983 stigium
2234 914 2387 985 hujus
2414 919 2668 987 corporis,
2698 918 2750 973 id
2769 927 2850 974 est
2875 934 2970 988 per
2992 917 3090 973 hos
3115 919 3299 974 oculos
3317 917 3557 988 ρι’ωοίρί-

1993 1012 2155 1070 tatur,
2189 1016 2244 1061 ut
2270 1009 2575 1076 temporalia
2603 1020 2655 1065 et
2683 1010 2927 1065 inferiora
2947 1019 3248 1082 cognoscat.

1992 1095 2213 1154 CAPUT
2239 1099 2478 1155 XXXIX.
2496 1131 2567 1141 —
2588 1100 2671 1156 Ea:
2691 1090 2971 1171 ipsisi‘vitiis
2995 1102 3098 1155 suis
3122 1101 3345 1154 animam
3376 1100 3555 1153 admo-

2063 1193 2170 1245 neri
2202 1200 2253 1244 ut
2287 1193 2499 1262 primam
2521 1192 2935 1262 pulchritudinem
2948 1192 3166 1261 requirat
3188 1208 3208 1245 :
3229 1190 3362 1260 quod
3400 1192 3560 1260 primo

2063 1287 2125 1339 de
2149 1286 2266 1339 vitio
2281 1284 2548 1352 voluptatis
2577 1284 2854 1337 ostenditur
2879 1299 3033 1354 usque
3056 1284 3124 1337 ad
3148 1290 3301 1351 caput
3329 1282 3418 1337 45.

2065 1380 2150 1434 72.
2179 1378 2315 1447 Quid
2342 1378 2499 1448 igitur
2523 1385 2707 1443 restat,
2749 1377 2887 1433 unde
2932 1392 3037 1431 non
3073 1377 3240 1446 possit
3274 1375 3449 1429 anima
3475 1388 3561 1429 re-

1994 1470 2200 1525 cordari
2220 1469 2440 1539 primam
2457 1468 2896 1539 pulchritudinem
2916 1482 3073 1538 quam
3095 1466 3325 1537 reliquit,
3349 1462 3560 1536 quando

1992 1561 2058 1615 de
2082 1561 2207 1631 ipsis
2233 1561 2341 1614 suis
2363 1560 2499 1614 vitiis
2527 1561 2735 1630 potest?
2760 1560 2833 1613 Ita
2866 1560 3006 1613 enim
3030 1557 3295 1627 Sapientia
3321 1556 3414 1612 Dei
3441 1570 3564 1625 per-

1995 1652 2159 1706 tendit
2196 1668 2224 1705 a
2257 1653 2359 1706 ﬁne
2402 1667 2568 1722 usque
2610 1652 2675 1706 ad
2712 1652 2867 1706 ﬁnem
2912 1650 3119 1705 fortiter
3145 1649 3309 1721 (Sap.
3334 1650 3446 1712 vin,
3481 1646 3556 1719 l).

1992 1743 2066 1798 lta
2102 1759 2195 1813 per
2223 1743 2357 1798 hanc
2383 1759 2617 1799 summus
2641 1744 2728 1798 ille
2760 1742 2949 1799 artifex
2980 1756 3139 1811 opera
3173 1755 3267 1796 sua
3307 1740 3359 1793 in
3397 1752 3559 1793 unum

1991 1835 2149 1889 linem
2196 1834 2403 1888 decoris
2449 1834 2689 1888 ordinata
2729 1834 3013 1888 contexuit.
3042 1832 3117 1886 lta
3159 1831 3247 1884 illa
3276 1830 3483 1884 bonitas
3520 1844 3552 1882 a

1992 1942 2198 1981 Summe
2242 1940 2405 1994 usque
2442 1924 2508 1978 ad
2541 1933 2833 1979 extremum
2861 1923 2988 1977 nulli
3021 1920 3416 1992 pulchritudini,
3442 1933 3561 1988 qua:

1993 2017 2059 2070 ab
2083 2016 2196 2085 ipso
2218 2016 2330 2070 solo
2357 2030 2476 2070 esse
2503 2024 2703 2086 posset,
2733 2014 2946 2079 invidit;
2976 2022 3034 2067 ut
3054 2027 3209 2068 nemo
3236 2011 3302 2065 ab
3330 2012 3440 2079 ipsa
3468 2023 3561 2062 ve-

1985 2110 2147 2183 ritate
2178 2107 2471 2177 dejiciatur,
2501 2107 2590 2177 qui
2624 2121 2729 2160 non
2759 2105 3048 2175 excipiatur
3073 2103 3139 2158 ab
3175 2102 3347 2172 aliqua
3387 2099 3563 2170 efﬁgie

1992 2196 2251 2254 veritatis.
2290 2198 2480 2265 Quaere
2520 2199 2571 2251 in
2610 2197 2851 2266 corporis
2890 2195 3159 2265 voluptate
3196 2192 3322 2263 quid
3364 2197 3558 2256 teneat,

1992 2292 2125 2347 nihil
2151 2291 2292 2346 aliud
2326 2292 2561 2347 invenies
2586 2306 2740 2361 quam
2769 2288 3187 2345 convenientiam
3211 2305 3224 2342 :
3259 2301 3378 2341 nam
3405 2286 3449 2341 si
3474 2300 3563 2339 rc-

1993 2385 2233 2442 sistentia
2262 2386 2464 2455 pariant
2490 2384 2727 2440 dolorem
2745 2425 2759 2447 ,
2786 2382 3147 2439 convenientia
3176 2380 3385 2451 pariunt
3408 2378 3561 2433 volu-

1995 2486 2212 2548 ptatem.
2227 2477 2565 2547 Recognosce
2582 2477 2739 2545 igitur
2748 2491 2865 2546 quae
2883 2476 3163 2529 sitsumma
3179 2470 3565 2528 convenientia.

1996 2569 2114 2624 Noli
2138 2569 2282 2624 foras
2314 2570 2417 2635 ire,
2450 2569 2503 2623 in
2529 2569 2754 2638 teipsum
2789 2567 2939 2633 redi;
2970 2567 3023 2620 in
3066 2565 3315 2620 interiore
3352 2563 3567 2617 homine

1997 2660 2199 2715 habitat
2224 2662 2455 2724 veritas;
2496 2669 2548 2714 et
2574 2660 2617 2713 si
2648 2668 2788 2713 tuam
2815 2666 3053 2712 naturam
3084 2655 3387 2710 mutabilem
3419 2654 3567 2709 inve-

1997 2752 2140 2807 neris
2164 2794 2177 2816 ,
2220 2750 2530 2806 transcende
2565 2759 2619 2805 et
2650 2750 2895 2819 teipsum.
2924 2748 3029 2803 Sed
3068 2753 3333 2802 memento
3366 2760 3486 2800 cum
3516 2752 3568 2799 te

1998 2841 2362 2908 transcendis,
2393 2841 2791 2895 ratiocinantem
2821 2839 3048 2893 animam
3082 2846 3135 2892 te
3173 2834 3564 2893 transcendere.

2000 2934 2129 2988 Illuc
2153 2950 2279 3003 ergo
2304 2932 2481 2999 tende,
2515 2930 2653 2987 unde
2682 2931 2851 3001 ipsum
2878 2930 3055 2984 lumen
3084 2928 3301 2982 rationis
3327 2924 3572 2981 accendi-

2001 3035 2103 3080 tur.
2151 3025 2266 3091 Quo
2309 3024 2452 3078 enim
2497 3022 2735 3093 pervenit
2779 3022 2951 3076 omnis
2992 3020 3162 3074 bonus
3208 3017 3569 3084 ratiocinator,

2001 3117 2101 3171 nisi
2126 3116 2191 3170 ad
2216 3116 2485 3169 veritatem
2508 3116 2530 3168 ?
2555 3130 2673 3169 cum
2700 3114 2764 3168 ad
2791 3113 3020 3183 seipsam
3046 3112 3242 3165 veritas
3266 3124 3369 3165 non
3392 3108 3573 3179 utique

2001 3208 2365 3262 ratiocinando
2394 3207 2691 3275 perveniat,
2722 3205 2815 3259 sed
2840 3204 2979 3274 quod
3012 3202 3384 3258 ratiocinantes
3408 3215 3572 3270 appe-

2004 3309 2139 3364 tunt,
2177 3300 2288 3367 ipsa
2327 3300 2414 3352 sit.
2445 3298 2575 3352 Vide
2618 3298 2688 3351 ibi
2729 3296 3149 3351 convenientiam
3191 3310 3294 3364 qua
3336 3292 3576 3363 superior

2004 3406 2123 3447 esse
2148 3407 2253 3445 non
2289 3392 2471 3461 possit,
2505 3398 2559 3443 et
2582 3390 2693 3458 ipse
2718 3389 2940 3443 conveni
2964 3402 3085 3451 cum
3112 3401 3193 3441 ea.
3235 3386 3500 3440 Conﬁtere
3525 3394 3577 3439 te

2006 3498 2111 3537 non
2136 3497 2252 3537 esse
2272 3482 2408 3551 quod
2437 3482 2545 3551 ipsa
2567 3489 2648 3535 est
2674 3500 2686 3534 :
2715 3480 2972 3549 siquidem
2997 3494 3056 3534 se
3076 3479 3186 3548 ipsa
3213 3493 3319 3532 non
3346 3477 3535 3546 qumrit
3558 3494 3572 3542 ;

2008 3584 2062 3627 tu
2099 3584 2272 3627 autem
2312 3572 2377 3625 ad
2418 3571 2584 3641 ipsam
2625 3570 2909 3641 quaerendo
2946 3570 3154 3633 venisti,
3196 3583 3299 3622 non
3339 3567 3576 3622 locorum

2006 3666 2195 3733 spatio,
2225 3662 2317 3716 sed
2343 3661 2536 3716 mentis
2562 3661 2771 3721 aﬂ‘ectu,
2799 3669 2854 3714 ut
2883 3661 2997 3729 ipse
3021 3658 3243 3713 interior
3268 3657 3427 3712 homo
3454 3671 3575 3712 cum

2007 3771 2103 3810 suo
2130 3755 2497 3819 iuhabitatore,
2521 3767 2624 3808 non
2651 3752 2828 3807 inﬁma
2854 3761 2907 3807 et
2928 3752 3147 3818 carnali,
3170 3750 3265 3806 sed
3290 3764 3495 3805 summa
3521 3757 3580 3805 et

2007 3850 2264 3921 spirituali
2292 3849 2556 3917 voluptate
2585 3848 2602 3879 ί
2632 3847 2931 3902 conveniat.

2081 3944 2165 3997 75.
2210 3945 2313 3998 Aut
2350 3943 2395 3997 si
2436 3957 2537 3995 non
2577 3941 2753 3996 cernis
2792 3955 2910 4010 qum
2946 3939 3086 4005 dico,
3114 3946 3169 3994 et
3207 3953 3273 3992 an
3312 3953 3433 3992 vera
3476 3937 3581 3991 sint

2008 4034 2249 4100 dubitas,
2279 4048 2438 4089 cerne
2479 4034 2665 4088 saltem
2706 4041 2881 4087 utrum
2918 4040 2970 4086 te
3011 4031 3079 4086 de
3116 4031 3181 4085 iis
3208 4030 3451 4085 dubitare
3474 4045 3580 4085 non

2009 4126 2254 4191 dubites;
2287 4133 2340 4181 et
2364 4125 2409 4180 si
2439 4133 2639 4180 certum
2682 4132 2765 4178 est
2804 4134 2855 4178 te
2883 4137 3001 4178 esse
3028 4122 3375 4186 dubitantem,
3403 4136 3581 4191 quaere

2008 4220 2149 4275 unde
2190 4221 2259 4274 sit
2295 4227 2497 4274 certum
2541 4236 2554 4271 :
2596 4232 2701 4273 non
2746 4217 2853 4272 illic
2897 4217 3012 4285 tibi,
3042 4232 3147 4271 non
3194 4217 3409 4271 omnino
3454 4217 3581 4272 solis

2011 4313 2171 4383 hujus
2196 4313 2371 4367 lumen
2404 4320 2647 4367 occurret
2669 4312 2712 4375 ⁸,
2741 4308 2835 4364 sed
2864 4310 3041 4364 lumen
3068 4325 3252 4363 verum
3288 4308 3426 4379 quod
3456 4309 3578 4362 illu-

2010 4405 2176 4459 minat
2199 4418 2410 4458 omnem
2441 4402 2707 4456 hominem
2741 4401 3037 4454 venientem
3068 4400 3120 4453 in
3150 4399 3290 4453 hunc
3325 4397 3580 4453 mundum

2013 4494 2201 4569 (Joan.
2232 4510 2269 4559 ι,
2298 4493 2389 4567 9).
2420 4492 2571 4561 Quod
2601 4492 2683 4546 bis
2710 4490 2877 4546 oculis
2904 4489 3071 4544 videri
3100 4505 3202 4543 non
3239 4497 3451 4558 potest;
3481 4504 3579 4544 nec

2011 4587 2111 4643 illis
2140 4587 2329 4657 quibus
2357 4585 2720 4654 phantasmata
2749 4582 3063 4652 cogitantur,
3092 4595 3187 4651 per
3211 4579 3427 4636 eosdem
3457 4594 3583 4635 ocu-

2013 4680 2094 4735 los
2118 4678 2307 4733 animae
2336 4678 2558 4747 impacta
2583 4694 2598 4743 ;
2625 4676 2718 4731 sed
2748 4676 2850 4731 illis
2876 4673 3062 4745 quibus
3088 4675 3216 4744 ipsis
3241 4673 3581 4744 phantasma-

2014 4771 2153 4826 tibus
2189 4770 2418 4825 dicitur:
2449 4768 2564 4824 Non
2593 4768 2719 4823 estis
2743 4781 2838 4822 vos
2874 4766 3015 4837 quod
3040 4781 3139 4837 ego
3172 4782 3351 4837 quaero
3370 4809 3383 4833 ,
3412 4783 3583 4838 neque

2012 4861 2143 4916 illud
2182 4862 2309 4916 estis
2350 4860 2490 4915 unde
2529 4875 2628 4930 ego
2657 4874 2751 4914 vos
2780 4858 3006 4923 ordino;
3036 4867 3087 4914 et
3112 4859 3251 4929 quod
3277 4859 3408 4913 mihi
3447 4860 3585 4914 inter

2012 4966 2106 5007 vos
2135 4949 2330 5006 ftedum
2359 4950 2666 5013 occurrerit,
2696 4949 2963 5018 improbo;
2987 4949 3128 5019 quod
3154 4949 3452 5018 pulchrum,
3488 4963 3583 5018 ap-

2011 5043 2217 5115 probo;
2248 5056 2368 5097 cum
2410 5041 2678 5111 pulchrius
2702 5041 2769 5095 sit
2794 5039 2919 5094 illud
2956 5038 3097 5095 unde
3134 5041 3375 5110 improbo
3403 5047 3457 5094 et
3492 5054 3587 5109 ap-

2012 5137 2180 5207 probo
2204 5151 2218 5189 :
2246 5148 2411 5205 quare
2431 5134 2531 5188 hoc
2550 5134 2719 5203 ipsum
2745 5133 2912 5203 magis
2935 5132 3189 5203 approbo,
3211 5141 3265 5187 et
3285 5146 3388 5186 non
3411 5131 3584 5187 solum

2012 5228 2185 5294 vobis,
2218 5226 2315 5283 sed
2355 5227 2458 5280 illis
2485 5225 2730 5280 omnibus
2757 5224 3068 5294 corporibus
3109 5223 3248 5278 unde
3276 5238 3369 5278 vos
3408 5222 3580 5292 hausi,

2012 5329 2294 5387 antepono.
2338 5316 2539 5372 Deinde
2580 5315 2815 5385 regulam
2852 5315 3018 5384 ipsam
3055 5329 3211 5385 quam
3239 5314 3421 5378 vides,
3450 5329 3581 5370 cou-

2012 5411 2129 5480 cipe
2168 5410 2268 5465 hoc
2306 5408 2502 5463 modo:
2544 5407 2730 5463 Omnis
2757 5407 2847 5478 qui
2876 5422 2934 5462 se
2962 5407 3283 5462 dubitantem
3317 5407 3580 5479 intelligit,

2014 5517 2198 5557 verum
2240 5500 2503 5571 intelligit,
2535 5508 2590 5555 et
2623 5499 2693 5554 de
2731 5499 2832 5553 hac
2859 5513 2917 5554 re
2938 5513 3095 5568 quam
3123 5497 3365 5569 intelligit
3401 5510 3577 5558 certus

2004 5611 2016 5638 I

2077 5684 2095 5715 ί
2120 5680 2298 5732 Lov.'et
2312 5685 2438 5741 Arn.,
2457 5676 2690 5728 volimtate
2702 5689 2721 5739 ;
2736 5689 2823 5739 pro
2844 5688 2940 5739 quo
2961 5676 3069 5726 Bad.
3089 5683 3164 5726 Er.
3188 5684 3238 5727 et
3253 5684 3359 5727 Mss.
3376 5684 3585 5739 septem,

2280 5811 2387 5854 Lov.
2408 5806 2477 5853 sic
2500 5808 2669 5865 tegunt
2690 5801 2816 5850 hunc
2837 5800 2997 5853 locum
3023 5816 3035 5853 :
3062 5810 3162 5853 Non
3181 5800 3279 5853 illic
3298 5802 3381 5853 tibi
3401 5801 3589 5856 omnino

2012 5868 2125 5923 solis
2148 5867 2286 5930 hujus
2298 5865 2454 5917 (unum
2474 5871 2705 5919 occurret.
2774 5871 2829 5913 Μ.
