4056 6454
554 487 663 549 155

553 618 640 677 est
660 627 678 669 :
700 611 771 671 de
790 624 919 669 vero
946 608 1105 684 igitur
1121 613 1299 673 certus
1326 610 1425 661 est.
1447 599 1633 658 Omnis
1659 599 1815 671 igitur
1836 600 1925 670 qui
1954 605 2128 652 utrum

553 707 627 773 sit
649 706 847 762 veritas
873 703 1105 772 dubitat,
1143 700 1201 758 in
1225 699 1400 771 seipse
1434 695 1595 753 habet
1630 708 1814 750 verum
1855 691 1995 747 unde
2024 704 2128 746 non

544 798 793 869 ‘dubitet;
824 813 925 856 nec
958 798 1122 855 ullum
1166 807 1349 853 verum
1385 791 1489 847 nisi
1529 788 1753 846 veritate
1794 800 1977 842 verum
2021 790 2125 841 est.

550 892 671 950 Non
699 893 876 964 itaque
899 897 1109 962 oportet
1138 902 1258 944 eum
1285 884 1351 941 de
1375 883 1597 941 veritate
1622 880 1882 948 dubitare,
1913 876 2002 949 qui
2030 892 2128 948 po-

557 984 656 1041 tuit
687 983 1056 1053 undecumque
1092 979 1358 1041 dubitare.
1390 975 1490 1033 Ubi
1516 974 1756 1035 videntur
1782 972 1916 1037 hzec,
1948 969 2019 1026 ibi
2048 976 2129 1025 est

555 1076 736 1133 lumen
761 1076 878 1133 sine
905 1072 1076 1145 spatio
1103 1071 1344 1129 locum
1371 1076 1426 1126 et
1452 1056 1775 1138 temporum,
1802 1072 1857 1121 et
1883 1063 1996 1119 sine
2020 1060 2128 1119 ullo

551 1168 843 1239 spatiorum
874 1165 1054 1231 talium
1092 1163 1477 1235 phantasmate.
1509 1157 1773 1231 Numquid
1808 1157 1908 1213 ista
1935 1170 2003 1212 ex
2027 1150 2127 1209 ali-

553 1274 655 1331 qua
694 1266 845 1330 parte
870 1255 1141 1327 corrumpi
1176 1262 1433 1327 possunt,
1465 1251 1672 1310 etiamsi
1700 1249 1873 1306 omnis
1908 1245 2128 1303 ratioci-

552 1358 707 1409 nator
732 1349 977 1414 intereat,
1007 1354 1099 1403 aut
1124 1345 1264 1416 apud
1293 1344 1537 1401 carnales
1560 1340 1762 1398 inferos
1791 1333 2128 1395 veterascat?

550 1441 671 1499 Non
707 1440 848 1496 enim
888 1439 1219 1505 ratiocinatio
1257 1438 1383 1496 talia
1426 1437 1571 1506 facit,
1599 1434 1694 1495 sed
1737 1433 1954 1491 invenit.
1986 1431 2129 1501 Ergo

552 1540 835 1603 antequam
872 1531 1237 1599 inveniantur,
1266 1531 1322 1595 in
1356 1544 1416 1587 se
1440 1534 1683 1595 manent,
1728 1534 1780 1581 et
1817 1538 1938 1580 cum
1976 1522 2127 1578 inve-

550 1624 787 1690 niuntur,
814 1637 913 1680 nos
937 1624 1211 1689 innovant.

551 1715 779 1775 CAPUT
805 1715 916 1773 XL.
953 1746 1029 1762 -—-
1051 1715 1131 1771 De
1157 1712 1531 1789 pulchritudine
1562 1726 1831 1782 corporum
1870 1708 2130 1779 carnisque

865 1808 1136 1878 voluptate,
1162 1814 1211 1861 et
1230 1807 1293 1861 de
1315 1803 1625 1878 peccantium
1649 1819 1815 1874 poma.

624 1897 715 1955 74.
752 1896 829 1952 ita
866 1898 1161 1954 renascitur
1185 1897 1406 1953 interior
1443 1895 1637 1963 homo,
1665 1902 1718 1949 et
1754 1892 1989 1949 exterior
2013 1907 2130 1948 cor-

553 1988 817 2058 rumpitur
840 1990 906 2045 de
930 1989 1017 2045 die
1041 1990 1095 2047 in
1126 1989 1266 2046 diem
1299 1988 1365 2061 (ll
1392 1986 1509 2044 Cor.
1538 2003 1611 2056 tv,
1642 1985 1750 2058 l6).
1778 1985 1881 2042 Sed
1908 1985 2131 2041 interior

553 2081 873 2138 exteriorem
913 2082 1145 2151 respicit,
1176 2089 1232 2141 et
1269 2082 1321 2137 in
1364 2096 1460 2137 sua
1499 2080 1893 2151 comparatione
1933 2078 2130 2135 fmdnm

553 2170 734 2239 videt;
764 2172 818 2228 in
845 2173 1061 2244 proprio
1087 2180 1264 2230 tamen
1303 2187 1498 2244 genere
1530 2170 1810 2243 pulchrum
1841 2179 1896 2226 et
1936 2185 2129 2241 corpo-

555 2279 673 2321 rum
704 2265 1074 2322 convenientia
1113 2266 1378 2323 laetantem
1399 2305 1416 2332 ,
1441 2274 1497 2321 et
1536 2272 1960 2334 corrumpentem
1989 2261 2130 2335 quod

557 2353 613 2411 in
650 2354 851 2413 bonum
888 2370 1044 2415 suum
1084 2357 1364 2423 convertit,
1396 2356 1644 2411 alimenta
1685 2355 1888 2411 scilicet
1915 2356 2128 2409 carnis:

554 2460 674 2517 quae
700 2455 873 2507 tamen
898 2455 1167 2518 corrupta,
1192 2448 1246 2503 id
1271 2456 1354 2505 est
1381 2448 1674 2504 amittentia
1704 2446 1929 2505 formam
1954 2462 2127 2515 suam,

556 2536 612 2593 in
636 2536 994 2595 membrorum
1014 2538 1235 2595 istorum
1260 2538 1511 2597 fabricam
1536 2538 1783 2610 migrant,
1807 2546 1860 2595 et
1884 2548 2133 2610 corrupta

553 2628 816 2696 reﬁciunt,
846 2630 904 2686 in
933 2630 1088 2689 aliam
1117 2628 1341 2687 formam
1380 2645 1475 2702 per
1512 2629 1935 2685 convenientiam
1963 2640 2136 2685 trans-

554 2720 733 2777 cuntia
757 2736 774 2788 ;
798 2729 856 2777 et
890 2734 987 2791 per
1013 2721 1228 2795 vitalem
1264 2729 1465 2781 motum
1495 2720 1849 2791 dijudicantur
1872 2720 2132 2792 quodam-

556 2814 747 2882 modo.
775 2824 832 2879 ut
855 2830 923 2871 ex
949 2814 1029 2870 eis
1052 2815 1106 2871 in
1132 2823 1448 2873 structuram
1492 2814 1649 2884 hujus
1678 2814 1903 2870 visibilis
1927 2814 2135 2885 pulchri

556 2920 678 2978 quae
718 2914 842 2976 apta
877 2914 1001 2963 sunt
1028 2916 1383 2974 assumantur,
1412 2921 1516 2961 non
1549 2914 1671 2975 apta
1709 2922 1836 2962 vero
1876 2922 1970 2975 per
2003 2923 2133 2962 con-

554 3011 718 3070 gruos
747 3000 764 3031 ¹
790 3007 1000 3057 meatus
1023 2998 1319 3068 ejiciantur.
1347 2997 1580 3065 Quorum
1604 2999 1746 3054 aliud
1770 2999 2138 3056 faeculentissi-

556 3107 707 3151 mum
750 3091 988 3150 redditur
1031 3100 1189 3149 terrae
1230 3092 1296 3148 ad
1340 3092 1471 3151 alias
1512 3091 1712 3149 formas
1753 3093 2132 3161 assumendus,

558 3183 703 3241 aliud
730 3199 826 3254 per
857 3192 1025 3242 totum
1061 3198 1256 3256 corpus
1281 3185 1514 3252 exhalat,
1542 3184 1684 3241 aliud
1715 3186 1874 3241 totius
1896 3187 2138 3243 animalis

557 3274 783 3333 latentes
810 3270 1063 3335 humeros
1099 3278 1319 3347 accipit,
1353 3285 1409 3332 et
1446 3276 1722 3339 inchoatur
1747 3277 1797 3331 in
1828 3277 2051 3346 prolem,
2084 3286 2139 3333 et

557 3366 675 3424 sive
700 3368 1065 3445 convenientia
1095 3367 1319 3423 duorum
1357 3382 1663 3437 corporum,
1690 3368 1804 3423 sive
1836 3368 1929 3423 tali
1962 3369 2138 3439 aliquo

558 3457 927 3529 phantasmate
963 3467 1307 3527 commotum,
1337 3474 1430 3529 per
1467 3458 1727 3529 genitales
1763 3462 1876 3516 vias
1913 3460 1982 3515 ab
2020 3461 2138 3531 ipso

559 3550 758 3607 vertice
780 3549 963 3608 deﬂuit
985 3550 1039 3605 in
1066 3550 1247 3607 inﬁma
1270 3550 1543 3620 voluptate
1560 3551 1602 3603 ³.
1619 3549 1865 3606 Jamvero
1889 3551 1943 3606 in
1968 3562 2140 3608 matre

562 3656 658 3712 per
682 3649 862 3698 certos
893 3655 1144 3699 namus
1172 3649 1469 3710 temporum
1504 3641 1559 3697 in
1596 3641 1833 3698 locorum
1858 3658 2139 3699 numerum

560 3742 855 3804 coaptatar,
890 3740 949 3789 ut
987 3747 1110 3789 suas
1146 3732 1393 3803 regiones
1439 3747 1661 3803 quaeque
1698 3735 1937 3791 membra
1981 3749 2141 3791 oceu-

562 3833 725 3896 pent;
751 3831 806 3880 et
829 3824 874 3879 si
898 3824 1113 3879 modum
1139 3824 1418 3893 parilitatis
1438 3823 1786 3891 servaverint,
1808 3825 1926 3880 luce
1944 3825 2143 3882 coloris

561 3915 829 3987 adjuncta,
855 3915 1092 3971 nascitur
1114 3929 1307 3984 corpus
1332 3914 1472 3985 quod
1500 3915 1792 3971 formosum
1819 3925 2056 3984 vocatur,
2087 3927 2144 3974 et

561 4020 593 4062 a
629 4006 742 4063 suis
781 4007 1122 4067 dilectoribus
1157 4014 1363 4061 amatur
1397 4007 1694 4063 acerrime:
1729 4022 1832 4063 non
1873 4017 2049 4063 tamen
2088 4010 2143 4064 in

563 4113 631 4155 eo
670 4098 789 4168 plus
824 4098 1001 4168 placet
1038 4097 1207 4157 forma
1236 4113 1356 4168 quae
1384 4107 1661 4165 movetur,
1688 4115 1848 4170 quam
1878 4101 1982 4157 vita
2022 4117 2144 4171 qure

563 4198 759 4246 movet.
789 4188 920 4246 Nam
956 4188 1083 4245 illud
1121 4189 1316 4253 animal
1341 4189 1387 4243 si
1414 4204 1512 4247 nos
1540 4196 1717 4255 amet,
1742 4190 1908 4249 allicit
1930 4190 2142 4246 violen-

565 4283 705 4339 tius:
733 4282 781 4339 si
803 4281 974 4339 oderit
996 4289 1193 4347 autem,
1220 4294 1613 4350 suscensemus,
1642 4289 1696 4336 et
1718 4280 1861 4337 ferre
1886 4297 1991 4339 non
2021 4297 2144 4352 pos-

562 4389 768 4442 sumus,
796 4373 1003 4437 etiamsi
1044 4372 1269 4431 formam
1308 4373 1476 4443 ipsam
1520 4372 1754 4443 praebeat
1790 4373 2004 4435 fruenti.
2034 4374 2145 4431 Hoc

563 4473 735 4527 totum
780 4473 863 4527 est
904 4464 1188 4534 voluptatis
1231 4478 1474 4535 regnum,
1521 4473 1575 4519 et
1616 4463 1725 4519 ima
1765 4462 2140 4535 pulchritudo;

566 4556 805 4627 subjamt
823 4556 966 4617 enim
992 4555 1316 4626 corruptioni
1340 4572 1353 4608 :
1380 4554 1522 4626 quod
1550 4554 1596 4610 si
1619 4568 1729 4617 non
1752 4563 1916 4624 esset,
1936 4570 2143 4613 summa

565 4655 856 4717 putaretur-
1884 4675 1888 4678 ⁴

642 4738 731 4795 75.
771 4737 879 4797 Sed
903 4737 1053 4799 adest
1078 4736 1255 4799 divina
1281 4735 1630 4809 providentia,
1657 4751 1777 4807 qua
1799 4734 1938 4795 hanc
1961 4747 2145 4795 osten-

567 4829 663 4893 dat
704 4840 763 4889 et
796 4846 904 4887 non
940 4829 1157 4897 malam,
1198 4837 1415 4902 propter
1460 4838 1565 4889 tam
1607 4828 1888 4887 manifesta
1927 4830 2145 4902 vestigia

565 4922 858 4994 primorum
897 4936 1272 4987 numerorum,
1302 4921 1357 4976 in
1382 4920 1571 4991 quibus
1597 4920 1871 5000 sapientiae
1906 4920 2003 4979 Dei
2037 4936 2146 4979 non

567 5022 655 5072 est
690 5028 981 5080 numerus;
1015 5022 1068 5079 et
1107 5022 1397 5072 extremam
1444 5021 1619 5069 tamen
1656 5025 1795 5080 esse,
1824 5012 2056 5073 miscens
2095 5013 2147 5070 ei

569 5108 783 5166 dolores
809 5115 865 5169 et
890 5106 1107 5173 morbos
1129 5115 1185 5161 et
1210 5105 1552 5165 distortiones
1580 5103 1963 5174 membrorum,
1985 5114 2041 5163 et
2070 5114 2147 5161 te-

569 5201 767 5263 nebras
790 5200 1004 5266 coloris,
1031 5207 1086 5263 et
1110 5198 1409 5257 animorum
1432 5196 1726 5253 simultates
1761 5212 1827 5255 ac
1861 5198 2150 5257 dissensio-

573 5306 690 5357 nes,
730 5301 790 5351 ut
830 5307 898 5346 ex
941 5291 1026 5351 bis
1062 5288 1446 5351 admoneamur
1482 5287 1918 5346 incommutabile
1952 5290 2148 5362 aliquid

570 5398 692 5441 esse
717 5381 1081 5456 quaerendum.
1104 5379 1174 5438 Et
1195 5378 1297 5443 hoc
1316 5379 1439 5435 facit
1463 5393 1558 5449 per
1580 5379 1763 5437 intima
1787 5380 2078 5441 ministeria
2102 5379 2144 5448 ³,

632 5517 653 5550 ί
676 5524 785 5567 Lov.
813 5521 865 5566 et
894 5508 1578 5576 nonnulll_uss.,uwongruos.
1603 5510 1694 5576 sed
1722 5510 1892 5576 verius
1925 5509 2033 5576 uad.
2058 5516 2145 5576 _Er.

568 5589 681 5633 arn.
708 5587 761 5631 et
779 5585 884 5630 Mss.
902 5576 982 5626 alii
1003 5571 1545 5639 duodetam,_congruos.
1565 5573 1749 5639 Quippe
1770 5572 1849 5621 hic
1861 5571 2151 5639 desa'ibitur

572 5642 834 5703 exterioris
866 5640 1074 5691 hominis
1112 5634 1413 5700 pulchritudo
1429 5670 1444 5698 ,
1481 5637 1532 5687 in
1573 5634 1711 5698 cujus
1754 5641 1996 5687 structura
2031 5634 2151 5683 nihil

971 5757 1136 5834 άειιαξι
1146 5756 1595 5834 etiam.

632 5828 654 5863 ³
675 5836 727 5879 tn
751 5818 963 5884 excusis,
981 5818 1067 5886 per
1088 5818 1255 5885 btﬁnia
1267 5818 1709 5886 ηιξηὶεεείθὲᾳερτωπ
1724 5818 1913 5886 quibus,
1937 5827 2033 5886 etc.
2052 5828 2108 5872 At
2122 5834 2153 5874 a

633 5856 654 5863 ν
676 5856 727 5879 ..ι
751 5856 963 5884 usus”,
981 5856 1054 5886 μυ.
1089 5856 1529 5885 ...,................,....
1543 5856 1611 5874 ου.
1629 5856 1709 5872 η...
1724 5856 1892 5884 .,........,
1937 5856 2033 5870 νη.
2052 5856 2108 5872 η.
2122 5856 2151 5874 ..

568 5900 676 5954 atas.
700 5891 841 5954 abest
860 5899 975 5954 vox,
1231 5884 1363 5954 Unde
1386 5881 1701 5954 tuteliigimus
1723 5895 1819 5954 non
1842 5856 1994 5954 οώςὶει
2017 5896 2151 5954 qua;t

568 5953 677 6007 dam
706 5952 842 6006 hisce
864 5943 1031 6002 verbis
1057 5943 1298 6006 denotari,
1328 5944 1419 5995 sed
1452 5943 1583 6010 ipso's
1617 5945 1819 6011 angelos
1858 5943 2048 6008 malos,'
2066 5948 2152 6010 qui

1554 478 1643 536 DE
1680 474 1867 533 VERA
1905 470 2291 540 RELIGIONE,
2332 474 2391 532 S.
2430 474 2795 536 AUGUSTINI

3715 476 3821 536 156

2235 593 2425 664 quibus
2454 595 2507 652 id
2534 611 2694 668 agere
2736 595 3019 668 voluptatis
3051 602 3132 653 est
3155 613 3171 664 ;
3198 610 3334 668 quos
3371 595 3822 655 exterminatores

2233 696 2289 746 et
2331 689 2547 762 angelos
2589 689 2905 757 iracundiae,
2945 690 3137 747 divinae
3178 688 3467 761 Scriptum
3508 689 3812 759 nominant,

2233 783 2470 854 quamvis
2498 782 2599 854 ipsi
2636 783 2871 843 nesciant
2898 784 3022 855 quid
3050 782 3117 843 de
3143 798 3202 839 se
3225 792 3412 855 agatur
3440 781 3585 840 boni.
3615 781 3710 841 His
3736 784 3818 840 si-

2236 873 2387 929 miles
2426 881 2549 931 sunt
2585 872 2827 932 homines
2865 876 2953 947 qui
2989 876 3218 948 gaudent
3252 874 3480 932 miseriis
3516 875 3724 945 alienis,
3762 883 3823 932 et

2232 966 2372 1025 risus
2396 966 2495 1022 sibi
2522 982 2586 1024 ac
2613 967 2815 1025 ludicra
2839 968 3138 1040 spectacula
3165 966 3438 1038 exhibent,
3464 967 3549 1025 vel
3576 967 3820 1025 exhiberi

2233 1057 2418 1113 volunt
2456 1058 2822 1117 eversionibus
2857 1067 2911 1117 et
2947 1059 3215 1116 erroribus
3254 1060 3478 1119 aliorum
3516 1056 3613 1133 (a).
3641 1060 3821 1132 Atque

2234 1149 2311 1222 ita,
2343 1150 2396 1209 in
2434 1149 2519 1207 his
2554 1151 2799 1208 omnibus
2825 1151 2951 1209 boni
2984 1151 3357 1222 admonentur,
3387 1160 3442 1208 et
3478 1162 3818 1221 exercentur,

2234 1248 2289 1297 et
2312 1240 2545 1310 vincunt,
2573 1252 2628 1299 et
2651 1242 2993 1315 triumphant,
3022 1251 3076 1300 et
3099 1252 3346 1316 regnant.
3369 1244 3494 1301 Mali
3514 1260 3643 1301 vero
3666 1245 3819 1305 deci-

2233 1332 2468 1404 piuntur,
2508 1334 2830 1403 cruciantur,
2876 1336 3176 1404 vincuntur,
3222 1335 3559 1405 damnantur,
3606 1344 3661 1391 et
3702 1351 3821 1392 ser-

2235 1426 2418 1494 viunt;
2452 1442 2557 1483 non
2586 1428 2677 1484 uni
2699 1427 2938 1485 omnium
2978 1443 3189 1487 summo
3215 1428 3465 1496 Domino,
3495 1429 3591 1486 sed
3620 1430 3823 1485 ultimis

2234 1519 2422 1585 servis,
2446 1518 2551 1574 illis
2592 1519 2835 1576 videlicet
2858 1519 3080 1591 angelis,
3107 1520 3197 1592 qui
3222 1519 3493 1577 doloribus
3520 1528 3577 1577 et
3600 1521 3819 1577 miseria

2226 1609 2604 1682 (damnatorum
2646 1620 2929 1682 pascuntur
2945 1651 2959 1679 ,
2987 1619 3044 1668 et
3066 1625 3167 1683 pro
3194 1610 3296 1668 ista
3322 1610 3689 1668 malevolentia
3715 1612 3824 1668 bo-

2234 1716 2426 1758 norum
2454 1701 2769 1758 liberatione
2793 1709 3122 1775 torquentur.

2307 1793 2393 1850 76.
2434 1793 2511 1849 lta
2538 1793 2849 1851 ordinantur
2874 1808 3061 1852 omnes
3098 1792 3286 1851 ofﬁciis
3311 1801 3366 1850 et
3394 1793 3586 1855 ﬁnibus
3621 1794 3732 1851 suis
3760 1794 3820 1851 in

2234 1884 2681 1957 pulchritudinem
2728 1885 3113 1952 universitatis,
3160 1894 3217 1942 ut
3257 1886 3397 1958 quod
3439 1885 3719 1947 horremus
3760 1888 3822 1945 in

2235 1987 2401 2048 parte,
2428 1976 2476 2032 si
2512 1992 2631 2032 cum
2662 1985 2773 2033 toto
2809 1976 3230 2043 consideremus,
3260 1977 3543 2049 plurimum
3568 1978 3817 2049 placeat:

2236 2071 2357 2141 quia
2381 2086 2480 2125 nec
2504 2071 2557 2125 in
2582 2069 2807 2125 aediﬁcio
2827 2068 3114 2140 judicando
3138 2077 3536 2126 unum‘tantum
3563 2070 3820 2142 angulum

2236 2161 2574 2219 considerare
2618 2162 2893 2228 debemus,
2923 2176 3023 2219 nec
3060 2162 3112 2219 in
3154 2162 3368 2219 homine
3405 2163 3630 2234 pulchro
3672 2164 3821 2223 solos

2235 2254 2476 2323 capillos,
2506 2268 2607 2308 nec
2644 2253 2697 2307 in
2736 2252 2873 2308 bene
2911 2253 3289 2323 pronuntiante
3324 2254 3494 2311 solum
3532 2254 3822 2327 digitorum

2236 2354 2459 2411 motum,
2487 2360 2586 2402 nec
2610 2345 2662 2400 in
2691 2345 2829 2401 lunae
2851 2359 3012 2403 cursu
3039 2345 3240 2419 aliquas
3263 2347 3421 2402 tridui
3448 2356 3653 2404 tantum
3682 2347 3820 2418 ligu-

2237 2454 2344 2495 ras.
2378 2438 2480 2494 ista
2503 2439 2644 2497 enim
2663 2480 2679 2504 ,
2710 2455 2828 2509 qua:
2856 2448 3135 2510 propterea
3160 2448 3286 2495 sunt
3313 2439 3514 2511 inﬁma,
3544 2441 3667 2513 quia
3693 2456 3822 2511 par-

2239 2531 2379 2587 tibus
2403 2530 2726 2602 imperfectis
2752 2539 2859 2588 tota
2887 2531 3118 2603 perfecta
3142 2540 3286 2600 sunt,
3309 2532 3421 2589 sive
3443 2531 3497 2588 in
3523 2541 3684 2603 statu,
3706 2534 3825 2590 sive

2238 2626 2293 2681 in
2318 2634 2463 2681 motu
2501 2625 2722 2695 pulchra
2759 2626 3084 2693 sentiantur,
3125 2634 3233 2681 tota
3259 2624 3644 2683 consideranda
3674 2636 3823 2695 sunt,

2240 2718 2284 2773 si
2314 2724 2458 2773 recte
2479 2718 2722 2775 volumus
2747 2716 3006 2787 judicare.
3028 2715 3225 2779 Verum
3250 2718 3392 2775 enim
3416 2727 3657 2777 nostrum
3680 2718 3832 2790 judi-

2240 2808 2380 2865 cium
2400 2848 2416 2875 ,
2443 2809 2554 2865 sive
2581 2807 2649 2867 de
2674 2815 2787 2865 toto
2809 2848 2825 2876 ,
2855 2808 2969 2865 sive
2997 2808 3069 2865 de
3097 2818 3245 2878 parte
3277 2809 3480 2880 iudicet
3497 2851 3514 2879 ,
3539 2810 3828 2882 pulchrum

2242 2909 2359 2955 est:
2391 2900 2637 2956 universo
2664 2900 2858 2970 quippe
2901 2900 3101 2957 mundo
3138 2903 3500 2973 superfcrtur,
3526 2916 3625 2959 nec
3665 2902 3832 2959 alicui

2242 2994 2380 3063 parti
2405 2994 2541 3063 ejus,
2568 2992 2622 3049 in
2640 2992 2896 3063 quantum
2913 3007 3099 3053 verum
3121 2992 3441 3063 iudicamus,
3466 2993 3831 3053 adliceremus.

2245 3088 2408 3143 Error
2431 3094 2609 3141 autem
2638 3093 2819 3141 noster
2844 3085 2981 3154 parti
3015 3084 3295 3141 adhaerens
3321 3079 3456 3155 ejus,
3483 3087 3599 3156 ipse
3638 3100 3733 3157 per
3767 3102 3835 3143 se

2244 3177 2418 3234 {rudus
2454 3187 2557 3233 est.
2596 3175 2701 3232 Sed
2727 3175 2863 3232 sicut
2889 3175 3040 3246 niger
3062 3174 3212 3231 color
3239 3176 3291 3229 in
3323 3175 3528 3246 pictura
3560 3190 3685 3231 cum
3714 3185 3836 3233 toto

2245 3271 2305 3325 ﬁt
2336 3269 2590 3339 pulcher;
2636 3267 2714 3323 sic
2750 3273 2919 3325 totum
2955 3266 3114 3323 istum
3161 3281 3383 3337 agonem
3425 3267 3680 3325 decenter
3716 3267 3837 3324 edit:

2246 3358 2694 3417 incommutabilis
2719 3358 2895 3415 divina
2920 3356 3275 3429 providentia,
3308 3357 3452 3413 aliud
3480 3358 3655 3423 victis,
3685 3359 3837 3415 aliud

2246 3451 2607 3517 certantibus,
2656 3449 2801 3507 aliud
2844 3449 3173 3516 victoribus,
3223 3448 3365 3506 aliud
3411 3450 3832 3520 spectatoribus,

2246 3545 2387 3602 aliud
2433 3545 2627 3616 quietis
2668 3553 2723 3601 et
2765 3544 2939 3601 solum
2993 3545 3158 3603 Deum
3205 3545 3683 3616 contemplantibus
3730 3547 3837 3601 tri-

2248 3637 2455 3695 buens:
2486 3651 2607 3693 eum
2636 3636 2691 3692 in
2718 3634 2804 3691 his
2830 3635 3076 3691 omnibus
3099 3649 3206 3692 non
3246 3635 3315 3690 sit
3342 3635 3541 3691 malum
3577 3636 3680 3692 nisi
3705 3626 3838 3707 pec-

2249 3738 2447 3795 catum,
2472 3735 2528 3784 et
2554 3740 2709 3797 pinna
2735 3727 2941 3797 peccati
2957 3766 2972 3791 ,
3001 3726 3101 3783 hoc
3122 3735 3207 3783 est
3234 3725 3474 3785 defectus
3498 3726 3833 3786 voluntarius

2247 3835 2281 3876 a
2305 3834 2509 3877 summa
2527 3819 2779 3883 essentia,
2803 3826 2860 3875 et
2882 3818 3033 3875 labor
3050 3818 3102 3875 in
3126 3817 3307 3875 ultima
3331 3833 3441 3875 non
3462 3817 3789 3877 voluntarius
3811 3835 3832 3885 ;

2249 3912 2392 3985 quod
2419 3913 2523 3968 alio
2550 3911 2711 3968 modo
2734 3912 2813 3967 sie
2835 3910 2936 3969 diei
2975 3918 3180 3982 potest,
3207 3909 3426 3969 libertas
3451 3925 3483 3967 a
3516 3910 3743 3982 justitia.
3774 3922 3838 3969 et

2251 4005 2479 4061 servitus
2504 4003 2606 4059 sub
2636 4010 2875 4073 peccato.

2250 4097 2476 4154 CAPUT
2494 4096 2631 4155 XLI.
2653 4125 2729 4139 —-
2744 4094 2813 4152 In
2835 4095 3087 4167 peccasti:
3108 4096 3295 4153 enim
3314 4113 3461 4169 pura
3482 4098 3833 4169 pulchritudo.

2322 4189 2411 4245 77.
2451 4188 2823 4257 Corrumpitur
2838 4195 3017 4245 autem
3037 4187 3199 4245 homo
3221 4189 3455 4245 exterior
3477 4197 3568 4247 aut
3590 4189 3839 4260 profectu

2254 4278 2546 4346 interioris,
2576 4288 2668 4336 aut
2695 4278 2905 4337 delectu
2929 4293 3047 4337 suo.
3074 4277 3179 4337 Sed
3203 4278 3439 4349 profectu
3465 4279 3734 4367 interioris
3759 4281 3837 4337 ita

2250 4370 2637 4441 corrumpitur,
2671 4376 2730 4425 ut
2754 4377 2897 4428 totus
2924 4370 2978 4429 in
3002 4370 3193 4429 melius
3220 4369 3557 4439 reformetur,
3593 4381 3648 4428 et
3674 4373 3840 4431 resti-

2252 4469 2433 4517 tuatur
2470 4462 2523 4517 in
2567 4462 2833 4534 integrum
2872 4461 2925 4519 in
2963 4462 3251 4521 novissima
3290 4463 3435 4530 tuba,
3474 4470 3536 4518 ut
3569 4462 3680 4534 jam
3725 4480 3839 4522 non

2250 4565 2624 4627 corrumpatur
2647 4571 2821 4627 neque
2854 4565 3179 4626 corrumpat.
3209 4555 3425 4614 Defectu
3449 4565 3625 4614 autem
3654 4572 3755 4614 suo
3780 4559 3839 4615 in

2251 4653 2674 4725 pulchritudines
2710 4652 3168 4723 corruptibilium
3191 4694 3204 4719 ,
3234 4651 3287 4707 id
3312 4660 3396 4708 est
3432 4665 3711 4722 prunarum
3738 4667 3837 4707 or-

2251 4746 2430 4804 dinem
2471 4746 2848 4818 praacipitatur.
2886 4743 2998 4801 Nec
3023 4745 3278 4799 miremur
3317 4743 3458 4814 quod
3501 4743 3677 4800 adhuc
3717 4745 3841 4814 pul-

2251 4840 2583 4896 chritudines
2620 4839 2875 4895 nomine:
2904 4838 3034 4893 nihil
3058 4838 3201 4893 enim
3229 4847 3309 4905 est
3334 4837 3657 4903 ordinatum,
3689 4839 3835 4908 quod

2253 4950 2360 4992 non
2388 4936 2459 4991 sit
2488 4934 2805 5007 pulchrum;
2836 4941 2911 5000 et,
2939 4932 3077 4987 sicut
3104 4931 3179 4987 ait
3211 4930 3500 5001 Apostolus
3529 4928 3640 5004 (ὁ),
3670 4932 3838 4987 omnis

2254 5027 2378 5082 ordo
2418 5026 2453 5079 ὰ
2498 5023 2607 5079 Deo
2651 5033 2725 5079 est
2758 5021 2949 5095 (Rom.
2992 5037 3108 5086 xm,
3135 5020 3230 5093 1).
3266 5020 3495 5078 Necesse
3530 5030 3615 5078 est
3653 5030 3836 5078 autem

2253 5119 2513 5173 fateamur
2534 5114 2812 5173 meliorem
2842 5127 2961 5173 esse
2988 5112 3258 5168 hominem
3298 5112 3629 5184 plorantem,
3670 5129 3838 5185 quam

2255 5212 2522 5267 lmtantem
2564 5204 2913 5261 vermiculum
2950 5214 3050 5260 τοι
3089 5213 3264 5261 tamen
3303 5204 3577 5261 vermiculi
3619 5203 3837 5262 laudem

2253 5303 2372 5359 sine
2397 5300 2508 5356 ullo
2545 5297 2822 5354 mendacio
2844 5297 3061 5368 copiose
3096 5312 3315 5369 possum
3341 5298 3554 5367 dicere,
3582 5298 3836 5356 conside-

2254 5407 2380 5450 rans
2398 5391 2625 5447 nitorem
2644 5389 2861 5457 coloris,
2883 5388 3105 5461 ﬁguram
3128 5398 3346 5447 teretem
3367 5391 3628 5462 corporis,
3654 5392 3838 5463 priora

2255 5500 2376 5543 cum
2401 5483 2612 5551 mediis,
2638 5482 2813 5538 media
2841 5497 2959 5539 eum
2989 5482 3369 5554 posterioribus
3392 5484 3758 5555 congruentia,
3781 5494 3839 5543 et

2256 5578 2476 5636 unitatis
2497 5577 2855 5649 appetendam
2880 5591 2981 5649 pro
3015 5591 3126 5634 sum
3154 5586 3356 5634 natura
3394 5578 3690 5635 humilitate
3713 5592 3836 5635 ser-

2254 5748 2368 5810 εηρκ
2385 5712 2701 5810 summa?
2716 5768 2733 5795 υ
2749 5808 2755 5810 Α
3162 5740 3329 5810 causa
3342 5731 3837 5810 secessisse?

2255 5791 2477 5858 inferius;
2501 5810 2607 5861 cap.
2629 5796 2706 5859 se,
2719 5791 3147 5855 'excetlentissima,
3173 5802 3225 5846 et
3244 5799 3409 5847 metu
3430 5792 3521 5847 Dei
3549 5791 3832 5847 Materia.

2319 5881 2393 6006 Et}
2414 5879 2657 5995 mea:
2681 5890 2786 6004 $3:
2810 5876 3031 6001 isf‘tf’a.
