4056 6446
278 525 386 588 157

278 641 502 704 vantia;
535 636 669 694 nihil
703 651 771 692 ex
798 648 901 691 una
941 642 1093 707 parte
1131 632 1456 700 formatum,
1483 631 1623 703 quod
1667 646 1770 685 non
1811 645 1875 685 ex

280 733 456 788 altera
501 731 655 803 parili
697 730 1032 787 dimensione
1087 727 1428 799 respondeat.
1478 725 1613 794 Quid
1657 725 1766 794 jam
1809 723 1878 779 de

281 827 466 882 anima
506 827 619 896 ipsa
662 824 836 882 dicam
879 831 1154 896 vegetante
1192 822 1463 878 modulum
1494 819 1733 890 corporis
1771 818 1873 886 sui,

282 921 559 992 quomodo
597 935 721 976 eum
766 933 1050 975 numerose
1088 926 1318 986 moveat,
1360 915 1626 987 quomodo
1666 918 1880 984 appetat

283 1011 681 1078 convenientia,
709 1010 978 1082 quomodo
1005 1010 1184 1065 vincat
1222 1017 1315 1064 aut
1355 1016 1540 1062 caveat
1567 1003 1877 1060 obsistentia

285 1117 550 1178 quantum
591 1113 788 1178 potest,
823 1113 877 1162 et
921 1104 989 1181 ad
1033 1120 1199 1160 unum
1245 1116 1462 1158 sensum
1502 1098 1878 1156 incolumitatis
1924 1169 1927 1172 .

284 1200 531 1255 referens
572 1197 783 1265 omnia,
814 1195 1073 1253 unitatem
1118 1195 1258 1251 illam
1290 1193 1635 1250 conditricem
1666 1201 1880 1245 natura-

284 1307 410 1346 rum
432 1291 693 1358 omninm,
713 1289 882 1344 multo
897 1288 1193 1346 evidentius
1217 1302 1374 1358 quam
1398 1301 1589 1356 corpus
1610 1281 1878 1340 insinuet?

285 1383 484 1454 loquor
517 1382 586 1438 de
621 1381 911 1437 vermiculo
949 1380 1217 1435 animante
1253 1377 1644 1449 qualicumque.
1672 1373 1878 1429 Gincris

285 1485 343 1530 et
361 1474 616 1530 stercoris
636 1473 844 1529 laudem
871 1473 1148 1527 verissime
1172 1479 1331 1541 atque
1351 1469 1618 1524 uberrime
1645 1467 1880 1537 plerique

284 1551 545 1623 dixerunt
582 1565 749 1641 (Cato
790 1566 929 1636 apud
965 1563 1275 1632 Ciceronem,
1315 1565 1368 1618 in
1413 1563 1603 1618 Catone
1637 1558 1874 1632 majore).

287 1657 426 1723 Quid
457 1672 585 1729 ergo
613 1655 807 1712 mirum
837 1664 946 1723 est,
978 1654 1026 1711 si
1053 1654 1284 1709 hominis
1311 1653 1576 1718 animam,
1612 1665 1730 1722 qua:
1760 1649 1879 1704 ubi-

289 1765 523 1821 cumque
548 1751 618 1804 sit
642 1758 699 1805 et
716 1747 1114 1820 qualiscumque
1134 1746 1222 1813 sit,
1240 1745 1382 1801 omni
1408 1758 1634 1813 corpore
1661 1749 1742 1796 est
1762 1756 1878 1795 me-

287 1841 392 1896 lior
411 1883 427 1906 ,
466 1840 641 1895 dicam
684 1839 904 1909 pulchre
941 1837 1206 1902 ordinari,
1235 1846 1289 1892 et
1315 1836 1380 1891 de
1408 1835 1579 1904 poenis
1608 1833 1722 1903 ejus
1750 1833 1879 1887 alias

287 1925 718 2004 pulchritudines
744 1932 881 2001 ﬁeri,
916 1947 1036 1989 cum
1072 1931 1144 1986 ibi
1183 1945 1288 1985 non
1333 1931 1400 1985 sit
1434 1929 1645 2000 quando
1685 1930 1879 1983 misera

285 2040 391 2093 cst,
416 2027 506 2082 ubi
537 2027 724 2082 beatos
744 2041 864 2082 esse
887 2025 1064 2093 decet,
1087 2024 1181 2080 sed
1204 2024 1274 2081 ibi
1302 2025 1374 2080 sit
1400 2023 1486 2078 ubi
1506 2037 1626 2080 esse
1654 2021 1880 2077 miseros

287 2121 483 2176 decet?

359 2214 449 2269 78.
479 2213 707 2269 Prorsus
739 2227 898 2268 nemo
925 2226 1024 2267 nos
1053 2209 1218 2268 fallat.
1249 2209 1515 2281 Quidquid
1553 2217 1699 2265 recte
1734 2208 1880 2266 vitu-

285 2314 540 2379 peratur,
597 2304 655 2358 in
705 2302 942 2360 melioris
1001 2301 1399 2372 comparatione
1455 2301 1723 2371 respuitur
1779 2300 1878 2374 (α).

284 2397 476 2452 Omnis
505 2406 683 2452 autem
714 2405 903 2452 natura
943 2395 1183 2466 quamvis
1227 2404 1462 2450 extrema
1483 2437 1498 2458 ,
1530 2395 1770 2464 quamvis
1801 2394 1881 2450 in-

285 2492 448 2558 ﬁma,
476 2489 531 2544 in
572 2487 971 2560 comparatione
999 2485 1147 2541 nihili
1175 2488 1294 2556 jure
1334 2485 1598 2541 laudatur.
1647 2486 1715 2540 Et
1757 2495 1881 2542 tunc

282 2585 482 2654 cuique
507 2597 616 2637 non
645 2589 728 2637 est
752 2581 920 2644 bene,
951 2581 996 2635 si
1024 2580 1214 2656 melius
1252 2591 1370 2634 esse
1399 2586 1590 2650 potest.
1637 2578 1814 2646 Quare
1836 2579 1881 2634 si

285 2674 446 2731 nobis
476 2681 652 2746 potest
674 2675 813 2729 bene
842 2686 960 2727 esse
980 2688 1101 2727 cum
1129 2674 1241 2742 ipsa
1263 2673 1510 2739 veritate,
1536 2672 1672 2726 male
1698 2687 1881 2727 sumus

282 2785 411 2823 cum
439 2767 679 2838 quolibet
707 2765 928 2836 vestigio
966 2763 1245 2842 veritatis;
1280 2764 1450 2819 multo
1482 2778 1610 2835 ergo
1649 2763 1882 2820 deterius

281 2875 414 2915 cum
452 2857 797 2926 extremitate
821 2855 1050 2928 vestigii,
1079 2855 1290 2926 quando
1319 2855 1497 2911 carnis
1526 2855 1882 2930 voluptatibus

281 2951 650 3006 adlueremus.
672 2947 961 3004 Vincamus
977 2962 1104 3018 ergo
1125 2945 1281 3018 hujus
1299 2945 1706 3018 cupiditatiﬂel
1731 2946 1884 3002 blan-

283 3044 451 3100 ditias
499 3043 584 3098 vel
625 3041 931 3107 molestias;
974 3039 1320 3112 subjugemus
1357 3040 1512 3096 nobis
1555 3040 1693 3096 hanc
1732 3043 1882 3095 l'emi-

284 3151 434 3200 nam,
469 3135 514 3188 si
542 3133 639 3188 viri
664 3147 866 3188 sumus.
889 3127 1053 3188 Nobis
1075 3131 1298 3187 ducibus
1325 3138 1381 3188 et
1401 3132 1511 3204 ipsa
1549 3117 1648 3187 erit
1668 3132 1878 3200 melior,

283 3242 388 3283 nec
407 3223 516 3297 jam
544 3224 826 3295 cupiditas,
850 3222 942 3278 sed
965 3221 1315 3293 temperantia
1340 3223 1715 3279 nominabitur.
1747 3223 1879 3280 Nam

284 3333 417 3373 cum
446 3317 558 3386 ipsa
587 3315 754 3382 ducit,
779 3328 877 3369 nos
902 3321 1080 3369 autem
1103 3314 1394 3384 sequimur,
1423 3313 1683 3387 cupiditas
1709 3315 1798 3370 illa
1829 3326 1881 3371 et

284 3410 477 3474 libido,
522 3423 622 3463 nos
667 3421 792 3463 vero
833 3409 1107 3462 temeritas
1133 3415 1188 3462 et
1225 3407 1445 3462 stultitia
1491 3424 1878 3478 nuucupamur.

279 3503 587 3576 Sequamur
612 3503 880 3560 Christum
906 3515 1065 3578 caput
1093 3513 1336 3561 nostrum
1353 3547 1368 3573 ,
1398 3513 1454 3560 ut
1481 3514 1534 3561 et
1558 3520 1654 3561 nos
1685 3521 1881 3578 sequa-

283 3604 374 3670 tur
412 3597 499 3652 cui
535 3606 694 3670 caput
720 3612 922 3652 sumus.
953 3597 1065 3653 Hoc
1094 3606 1147 3654 et
1183 3595 1394 3654 fctninis
1434 3597 1647 3668 praecipi
1677 3607 1878 3667 potest,

282 3705 398 3746 non
429 3690 677 3765 maritali,
710 3688 806 3745 sed
845 3689 1079 3765 fraterno
1104 3689 1257 3760 jure;
1290 3704 1395 3760 quo
1428 3688 1548 3760 jure
1584 3689 1634 3742 in
1669 3686 1882 3745 Christo

282 3796 388 3838 nec
415 3780 683 3848 masculus
711 3796 811 3838 nec
837 3777 1032 3836 femina
1057 3795 1261 3834 sumus.
1291 3777 1499 3835 ilabent
1526 3779 1667 3834 enim
1701 3790 1752 3833 et
1780 3780 1882 3834 illm

280 3874 442 3948 virile
472 3875 722 3948 quiddam
763 3873 902 3932 unde
926 3871 1190 3931 femineas
1219 3873 1504 3945 subjugent
1541 3873 1841 3946 voluptates
1861 3915 1877 3942 ,

283 3969 431 4024 unde
474 3968 688 4034 Christo
715 3969 982 4040 serviant,
1024 3978 1078 4024 et
1114 3969 1378 4042 imperent
1405 3967 1697 4040 cupiditati.
1728 3968 1913 4047 Quod,

282 4062 336 4116 in
365 4060 551 4132 multis
577 4058 750 4114 viduis
771 4070 824 4137 et
847 4059 1138 4132 virginibus
1162 4057 1279 4127 Dei,
1303 4058 1354 4112 in
1382 4055 1562 4114 multis
1588 4059 1744 4113 etiam
1769 4075 1880 4113 ma-

283 4152 460 4226 ritalis
480 4194 494 4218 ,
528 4151 622 4222 sed
647 4152 758 4222 jam
785 4151 1020 4206 fraterne
1048 4150 1342 4224 conjugalia
1362 4151 1481 4221 jura
1509 4151 1841 4206 servantibus
1860 4193 1878 4220 ,

283 4244 566 4318 christiani
592 4243 775 4319 populi
804 4235 1204 4317 dispensatione
1237 4240 1572 4297 manifestum
1600 4251 1698 4297 est.
1728 4242 1880 4311 Quod

284 4339 330 4395 si
357 4339 426 4394 ab
455 4354 520 4393 ea
543 4346 696 4410 parte
727 4337 811 4391 cui
838 4335 1101 4406 dominari
1139 4336 1277 4391 Deus
1305 4351 1402 4390 nos
1424 4335 1607 4406 jubet,
1637 4345 1794 4408 atque
1824 4346 1881 4390 ut

284 4433 338 4488 in
368 4441 613 4487 nostram
654 4429 1047 4508 possessionem
1078 4430 1438 4496 restituamur,
1468 4437 1521 4484 et
1557 4429 1799 4485 hortatur
1828 4440 1881 4486 et

285 4526 619 4598 opitulatur:
647 4525 692 4582 si
732 4540 860 4602 ergo
897 4523 964 4578 ab
992 4523 1093 4594 hac
1131 4533 1278 4596 parte
1307 4539 1402 4600 per
1426 4524 1800 4598 negligentiam
1827 4537 1882 4581 et

284 4617 616 4690 impietatem
645 4617 727 4673 vir
756 4616 999 4690 subditus
1024 4613 1218 4686 fuerit,
1256 4617 1307 4674 id
1333 4625 1414 4672 est
1438 4632 1586 4672 mens
1627 4627 1680 4673 ct
1705 4619 1842 4674 ratio
1862 4660 1877 4686 ,

284 4712 388 4768 erit
413 4709 631 4786 quidem
673 4708 834 4778 homo
869 4711 1037 4778 turpis
1067 4718 1120 4764 et
1159 4708 1350 4776 miser;
1382 4709 1475 4764 sed
1506 4710 1802 4765 destinatur
1826 4712 1880 4766 in

284 4804 390 4876 hac
417 4803 544 4868 vita,
574 4810 630 4862 et
664 4811 786 4876 post
818 4801 954 4856 hanc
979 4801 1143 4858 vitam
1173 4799 1466 4871 ordinatur,
1499 4817 1604 4872 quo
1643 4818 1760 4856 eum
1789 4803 1880 4858 dc-

283 4895 476 4952 stinari
501 4905 556 4951 et
583 4895 672 4950 ubi
700 4894 934 4966 ordinari
961 4909 1200 4950 sunnnus
1223 4894 1310 4950 ille
1336 4905 1512 4952 rector
1540 4905 1592 4950 et
1627 4896 1881 4952 Dominus

286 4988 509 5050 iudicat.
536 4987 694 5042 Nulla
722 4988 896 5058 itaque
935 4985 1174 5042 fmditatc
1203 4988 1450 5058 universa
1486 4996 1726 5043 creatura
1768 5005 1880 5044 ma-

285 5080 460 5156 culari
491 5077 832 5156 permittitur.

286 5155 520 5229 CAPUT
558 5168 716 5227 XLII.
748 5199 820 5210 —
858 5167 1102 5240 Voluptas
1141 5170 1307 5224 carnis
1342 5171 1575 5226 admonet
1614 5182 1670 5227 ut
1708 5190 1883 5228 nume-

360 5279 448 5318 ros
476 5261 801 5318 indivisibiles
834 5276 1140 5332 queremus.
1169 5261 1248 5315 An
1276 5261 1399 5318 tales
1424 5264 1474 5317 in
1515 5264 1611 5319 sint
1637 5265 1688 5319 in
1713 5265 1880 5336 aliqua

360 5354 505 5409 vitali
526 5361 683 5408 motu.

363 5447 454 5503 79.
500 5446 848 5502 Ambulemus
876 5459 1005 5518 ergo
1032 5443 1158 5500 dum
1189 5444 1328 5501 diem
1360 5445 1650 5513 habemus,
1685 5448 1736 5503 id
1764 5459 1844 5505 est
1864 5490 1879 5515 ,

285 5540 422 5596 dum
465 5539 672 5594 ratione
708 5537 784 5593 uti
827 5552 1143 5609 possumus,
1176 5547 1232 5592 ut
1274 5539 1338 5592 ad
1385 5539 1551 5595 Deum
1601 5543 1880 5608 conversi,

289 5631 475 5689 Verbo
505 5633 620 5702 ejus
640 5673 654 5698 ,
679 5631 819 5702 quod
845 5649 1027 5687 verum
1059 5632 1238 5687 lumen
1269 5640 1352 5688 est
1384 5633 1656 5702 illustrari,
1680 5651 1884 5691 merea-

289 5739 437 5789 mur,
467 5738 536 5779 ne
561 5738 658 5779 nos
683 5721 916 5780 tenebrae
944 5723 1400 5795 comprehendant
1445 5725 1620 5799 (Joan.
1647 5743 1740 5793 xu,
1770 5728 1882 5801 35).

290 5817 424 5874 Dies
463 5827 545 5872 est
569 5817 710 5873 enim
739 5817 1020 5888 praesentia
1060 5816 1204 5872 illius
1227 5814 1445 5873 luminis
1472 5817 1612 5888 quod
1637 5818 1886 5874 illuminat

291 5925 504 5965 omnem
528 5910 778 5963 hominem
797 5910 1070 5963 venientem
1093 5910 1148 5964 in
1171 5909 1305 5965 hunc
1329 5910 1576 5968 mundum
1605 5910 1710 5985 (Id.
1734 5929 1772 5974 ι,
1803 5913 1880 5982 9).

350 6024 439 6087 ΑΒ)
465 6029 482 6071 I
504 6029 706 6076 ttetract.
733 6035 835 6087 cap.
863 6023 939 6088 l3,
965 6036 1016 6075 n.
1039 6022 1089 6074 8.

1701 516 1904 574 LIBER
1940 515 2138 575 UNUS.

2526 435 2546 460 Κ

3451 533 3551 590 158

1984 630 2252 690 Hominem
2275 635 2426 705 dixit,
2449 639 2571 710 quia
2594 640 2800 697 ratione
2821 640 2898 698 uti
2911 648 3085 713 potest
3100 641 3140 710 ⁸,
3154 649 3210 700 et
3224 641 3313 700 ubi
3331 643 3543 712 cecidit,

1981 726 2050 780 ibi
2084 727 2389 792 incumbere
2414 739 2466 785 ut
2489 741 2692 805 surgat.
2723 733 2782 790 Si
2798 749 2926 805 ergo
2952 735 3194 806 voluptas
3221 736 3397 792 carnis
3431 737 3553 791 dili-

1979 819 2139 890 gitur,
2169 837 2230 876 ea
2257 822 2368 892 ipsa
2395 824 2695 895 diligentius
2721 825 3122 894 consideretur;
3151 835 3206 883 et
3231 841 3352 883 cum
3377 828 3448 882 ibi
3469 843 3557 884 re-

1980 914 2188 983 cognita
2253 915 2446 971 fuerint
2494 918 2845 988 quorumdam
2897 921 3118 991 vestigia
3167 933 3551 989 numerorum,

1981 1007 2322 1076 quaerendum
2349 1018 2432 1064 est
2455 1009 2545 1064 ubi
2575 1011 2690 1075 sine
2716 1019 2925 1068 tumore
2947 1012 3072 1068 sint.
3111 1012 3190 1069 lbi
3219 1013 3360 1068 enim
3389 1015 3556 1084 magis

1983 1114 2143 1154 unum
2183 1109 2267 1156 est
2296 1101 2439 1171 quod
2476 1109 2580 1158 est.
2606 1103 2674 1158 Et
2697 1105 2742 1159 si
2785 1104 2916 1160 tales
2941 1113 3067 1161 sunt
3093 1105 3150 1160 in
3181 1106 3296 1176 ipsa
3325 1106 3557 1162 motione

1980 1192 2147 1257 vitali,
2175 1209 2294 1264 quae
2332 1195 2384 1249 in
2415 1196 2705 1252 seminibus
2728 1207 2996 1269 operatur,
3025 1198 3196 1270 magis
3218 1199 3290 1254 ibi
3331 1199 3554 1255 mirandi

1981 1296 2105 1341 sunt
2127 1302 2282 1358 quam
2311 1287 2365 1343 in
2391 1302 2631 1360 corpore.
2659 1289 2712 1346 Si
2735 1291 2876 1347 enim
2897 1291 3106 1347 numeri
3134 1291 3394 1346 seminum
3421 1291 3558 1347 sicut

1981 1379 2094 1448 ipsa
2122 1381 2326 1436 semina
2352 1388 2651 1452 tumerent,
2695 1382 2763 1439 de
2802 1383 3024 1440 dimidio
3046 1399 3210 1456 grano
3248 1382 3370 1452 ﬁci,
3398 1384 3556 1440 arbor

1983 1469 2198 1524 dimidia
2238 1481 2560 1540 nasceretur,
2599 1489 2772 1545 neque
2812 1475 2881 1532 de
2916 1475 3223 1531 animalium
3268 1476 3558 1531 seminibus

1982 1563 2141 1617 etiam
2165 1578 2271 1618 non
2301 1565 2454 1633 totis,
2484 1567 2732 1623 animalia
2762 1576 2870 1623 tota
2892 1575 2947 1623 et
2968 1567 3168 1639 integra
3196 1568 3556 1639 gignerentur,

1984 1667 2155 1724 neque
2187 1654 2442 1710 tantillum
2470 1666 2524 1712 et
2547 1673 2709 1714 unum
2736 1673 2919 1715 semen
2945 1659 3050 1714 vim
3096 1659 3316 1714 haberet
3356 1660 3436 1714 sui
3466 1673 3557 1714 cu-

1979 1744 2173 1816 jusque
2193 1749 2404 1816 generis
2432 1749 2890 1807 innumerabilem.
2924 1752 2999 1807 De
3025 1767 3131 1807 uno
3158 1753 3352 1822 quippe
3379 1766 3559 1807 secun-

1984 1839 2110 1895 dum
2135 1855 2285 1895 suam
2319 1850 2557 1898 naturam
2583 1853 2825 1912 possunt,
2851 1844 2936 1899 vel
2961 1851 3170 1914 segetes
3189 1829 3446 1911 segetum,
3475 1843 3559 1898 vel

1984 1930 2131 1985 silva:
2159 1932 2439 1996 silvarum,
2470 1934 2554 1989 vel
2583 1949 2770 2005 greges
2793 1950 3010 2006 gregum
3032 1976 3046 1999 ,
3076 1935 3158 1990 vel
3188 1935 3364 2004 populi
3393 1949 3560 2004 popu-

1982 2023 2154 2079 lorum
2185 2041 2278 2094 per
2301 2027 2493 2081 sarcula
2522 2026 2823 2097 propagari,
2849 2034 2907 2081 ut;
2933 2027 3134 2081 nullum
3155 2025 3334 2080 folium
3361 2026 3452 2092 sit,
3476 2026 3559 2081 vel

1983 2116 2162 2172 nullus
2188 2116 2327 2187 pilus
2356 2133 2452 2186 per
2475 2125 2582 2172 tam
2613 2133 2944 2174 numerosam
2972 2117 3382 2182 successionem,
3410 2116 3560 2187 cujus

1984 2223 2090 2264 non
2117 2209 2253 2264 ratio
2278 2210 2330 2265 in
2359 2210 2448 2264 illo
2479 2210 2652 2280 primo
2689 2220 2744 2265 et
2781 2225 2885 2265 uno
2912 2209 3114 2264 semine
3143 2208 3316 2264 fuerit.
3361 2206 3563 2263 Deinde

1983 2299 2111 2357 illud
2141 2302 2474 2372 cngitaildum
2505 2312 2605 2368 est,
2631 2316 2788 2373 quam
2819 2315 3158 2368 numerosas,
3185 2315 3340 2370 quam
3367 2313 3556 2354 suaves

1985 2410 2238 2451 sonorum
2279 2395 2696 2466 pulchritudines
2722 2395 3031 2449 verberatus
3071 2407 3162 2448 aer
3187 2390 3411 2462 trajiciat
3437 2406 3563 2446 can—

1988 2495 2132 2543 tante
2156 2487 2382 2545 luscinia
2404 2529 2418 2554 ,
2449 2502 2581 2558 quas
2607 2486 2746 2542 illius
2775 2486 2994 2543 aviculae
3017 2485 3193 2540 anima
3216 2498 3321 2539 non
3360 2493 3466 2537 tam
3497 2482 3562 2537 li-

1985 2575 2112 2635 bere
2133 2579 2176 2645 ¹,
2205 2595 2326 2634 cum
2356 2580 2572 2645 liberet,
2605 2570 2970 2643 fabricaretur,
3001 2577 3099 2632 nisi
3127 2575 3269 2630 vitali
3307 2583 3451 2628 motu
3481 2572 3562 2628 iu-

1985 2671 2334 2741 corporaliter
2362 2671 2583 2726 haberet
2607 2669 2912 2740 impressas.
2936 2668 3048 2723 Hoc
3067 2674 3119 2722 et
3144 2666 3198 2720 in
3223 2665 3430 2720 caeteris
3449 2664 3564 2718 ani-

1987 2762 2259 2817 mantibus
2281 2804 2294 2828 ,
2346 2775 2464 2832 qua:
2491 2761 2698 2816 ratione
2736 2759 2968 2816 carentia
2989 2800 3004 2826 ,
3053 2772 3212 2814 sensu
3243 2767 3418 2811 tamen
3457 2771 3563 2810 non

1986 2862 2190 2920 carent,
2228 2853 2575 2908 animadverti
2601 2861 2797 2925 petest.
2823 2852 3033 2908 Nullum
3059 2851 3199 2907 enim
3227 2850 3418 2905 horutn
3446 2857 3528 2904 est
3546 2890 3562 2916 ,

1987 2945 2127 3016 quod
2151 2959 2256 3000 non
2285 2947 2365 3000 vel
2390 2946 2439 2999 in
2464 2959 2598 3001 sono
2620 2943 2786 3014 vocis,
2812 2944 2898 2999 vel
2927 2944 2980 2998 in
3011 2951 3206 2998 caetero
3234 2949 3376 2996 motu
3405 2948 3564 3010 atque

1985 3037 2294 3112 Operatioue
2319 3037 2699 3103 membrorum,
2730 3051 3072 3092 numerosum
3095 3033 3292 3104 aliquid
3315 3041 3369 3088 et
3387 3033 3440 3086 in
3469 3044 3565 3087 suo

1986 3145 2182 3201 genere
2205 3130 2536 3186 moderatum
2559 3138 2726 3201 gerat,
2757 3145 2864 3184 non
2891 3129 3066 3201 aliqua
3094 3125 3337 3192 scientia,
3369 3123 3459 3178 sed
3489 3131 3568 3177 ta-

1987 3237 2110 3277 men
2141 3220 2340 3276 intimis
2377 3232 2579 3276 natura:
2604 3220 2874 3288 terminis,
2913 3220 2980 3275 ab
3017 3219 3106 3275 illa
3147 3214 3566 3274 iucommutabili

1986 3328 2330 3368 numerorum
2357 3313 2471 3384 lege
2501 3313 2804 3368 modulatis.

1986 3402 2210 3459 CAPUT
2247 3402 2429 3458 XLIII.
2455 3433 2528 3444 —
2557 3403 2620 3458 In
2649 3403 2848 3460 homine
2887 3404 2960 3459 vis
2987 3403 3257 3477 judicandt'
3299 3402 3362 3458 de
3387 3417 3569 3474 corpo-

2057 3511 2169 3548 rum
2199 3503 2246 3548 et
2275 3505 2555 3565 temporum
2589 3496 2929 3568 proportione.
2961 3494 3060 3561 Qui
3086 3496 3139 3550 in
3165 3504 3406 3567 perpetua
3431 3495 3562 3550 veri-

2058 3595 2158 3641 tate
2181 3586 2360 3641 modus
2384 3586 2592 3643 ordinis.

2061 3679 2149 3736 80.
2182 3679 2484 3736 Redeamus
2511 3680 2577 3735 ad
2622 3696 2718 3736 nos
2737 3722 2754 3748 ,
2781 3690 2834 3736 et
2859 3681 3166 3736 omittamus
3206 3693 3270 3737 ea
3299 3696 3416 3752 qua:
3445 3697 3566 3738 cum

1986 3770 2216 3826 arbustis
2242 3780 2295 3826 et
2321 3771 2504 3826 bestiis
2546 3769 2804 3828 habemus
2831 3773 3152 3827 communia.
3191 3771 3310 3829 Uno
3337 3788 3570 3844 namque

1987 3864 2146 3917 modo
2172 3863 2398 3918 hirundo
2424 3864 2674 3930 nidiﬁcat,
2699 3871 2754 3920 et
2773 3866 3186 3936 unumquodque
3205 3865 3378 3922 avium
3405 3881 3571 3937 genus

1987 3969 2095 4008 uno
2120 3954 2299 4026 aliquo
2329 3971 2424 4010 suo
2455 3956 2632 4011 modo.
2661 3955 2797 4024 Quid
2825 3966 2906 4012 est
2935 3971 3062 4028 ergo
3087 3959 3138 4012 in
3174 3959 3353 4023 nobis,
3387 3973 3490 4030 quo
3516 3968 3571 4014 et

1985 4048 2054 4104 de
2083 4049 2188 4104 illis
2216 4049 2461 4104 omnibus
2480 4049 2803 4120 iudicamus,
2831 4067 2963 4121 quas
2992 4052 3185 4122 ﬁguras
3212 4059 3483 4123 appetant,
3515 4059 3568 4107 et

1987 4151 2245 4213 quatenus
2283 4143 2552 4212 impleant,
2578 4152 2632 4198 et
2657 4157 2753 4197 nos
2782 4141 2833 4197 in
2865 4141 3101 4197 aediﬁciis
3125 4144 3348 4214 aliisque
3377 4157 3569 4212 corpo-

1988 4235 2095 4292 reis
2123 4235 2402 4306 operibus,
2435 4244 2683 4306 tanquam
2715 4234 2916 4289 domini
2957 4233 3193 4290 omnium
3224 4234 3407 4290 talium
3439 4234 3571 4304 ﬁgu-

1988 4344 2193 4396 rarum,
2218 4328 2622 4383 innumerabilia
2644 4327 3045 4383 machinamur?
3066 4328 3202 4396 Quid
3222 4327 3375 4384 estin
3394 4329 3568 4396 nobis,

1992 4422 2133 4492 quod
2185 4422 2326 4475 intus
2372 4419 2618 4491 intelligit
2669 4423 2764 4476 has
2814 4419 2956 4493 ipsas
3004 4421 3243 4476 visibiles
3283 4436 3572 4492 corporum

1987 4513 2157 4568 moles
2183 4512 2523 4583 proportione
2552 4523 2770 4582 magnas
2799 4526 2936 4577 esse,
2960 4509 3043 4566 vel
3071 4525 3296 4583 parvas;
3329 4520 3384 4568 et
3413 4527 3572 4569 omne

1987 4620 2180 4674 corpus
2222 4604 2420 4659 habere
2461 4602 2735 4658 dimidium
2757 4646 2771 4670 ,
2813 4603 3356 4676 quantulumcumque
3383 4606 3486 4672 sit;
3519 4618 3574 4661 et

1989 4693 2030 4750 si
2062 4693 2362 4762 dimidium,
2394 4693 2806 4750 innumerabiles
2835 4704 3046 4767 partes:
3076 4695 3252 4767 itaque
3278 4712 3435 4752 omne
3461 4712 3571 4768 gra-

1988 4802 2115 4842 num
2147 4785 2282 4840 milii
2312 4801 2422 4840 suae
2467 4786 2603 4856 parti
2646 4793 2804 4841 tanta:
2825 4828 2838 4852 ,
2885 4799 3134 4858 quantam
3165 4789 3220 4843 in
3246 4788 3348 4846 hoc
3373 4791 3572 4846 mundo

1987 4890 2228 4935 nostrum
2258 4895 2452 4950 COI‘pUS
2479 4887 2642 4946 tenet,
2677 4889 2781 4934 tam
2811 4895 3056 4951 magnum
3084 4897 3201 4937 CSSC
3227 4899 3383 4954 quam
3412 4899 3567 4937 mun-

1987 4971 2086 5030 dus
2114 4978 2196 5027 est
2219 4970 2391 5038 nobis,
2421 4979 2691 5043 totumque
2717 4973 2874 5028 istum
2896 4976 3151 5030 mundum
3179 4976 3467 5047 ﬁgurarum
3493 4992 3573 5033 ra-

1988 5076 2133 5119 tione
2159 5069 2438 5134 putehrum
2479 5078 2626 5130 esse,
2658 5079 2761 5119 non
2791 5065 2962 5132 mole;
3007 5082 3255 5138 magnum
3282 5077 3460 5124 autem
3490 5071 3572 5123 vi-

1988 5154 2122 5222 deri,
2147 5169 2252 5209 non
2282 5170 2376 5224 pro
2396 5168 2488 5209 sua
2510 5156 2821 5226 quantitate,
2856 5155 2950 5211 sed
2974 5173 3067 5227 pro
3088 5157 3347 5214 brevitate
3366 5165 3570 5227 nostra,

1987 5246 2041 5302 id
2069 5254 2152 5302 est
2179 5245 2484 5300 animalium
2514 5246 2704 5316 quibus
2726 5256 2807 5301 est
2842 5247 3058 5318 plenus;
3092 5264 3209 5318 quae
3235 5263 3422 5304 rursus
3447 5263 3569 5305 cum

1989 5335 2220 5408 habeant
2246 5336 2556 5392 inﬁnitatem
2584 5336 2893 5406 divisionis,
2935 5354 3038 5395 non
3081 5341 3192 5409 ipsa
3223 5353 3318 5410 per
3341 5354 3432 5409 se,
3475 5343 3571 5398 sed

1989 5429 2042 5485 in
2073 5429 2297 5486 aliorum
2327 5472 2342 5498 ,
2373 5438 2429 5485 et
2466 5429 2698 5486 maxime
2724 5430 2888 5502 ipsius
2914 5432 3143 5487 universi
3172 5435 3572 5503 comparatione

1992 5532 2096 5578 tam
2125 5538 2287 5595 parva
2332 5522 2493 5578 sunt?
2521 5522 2630 5579 Nec
2659 5523 2712 5579 in
2743 5525 2913 5594 spatio
2961 5533 3259 5594 temporum
3303 5525 3406 5580 alia
3436 5530 3572 5586 ratio

1989 5623 2101 5681 est;
2133 5615 2253 5686 quia
2281 5625 2336 5668 ut
2360 5615 2531 5669 omnis
2558 5615 2690 5683 loci,
2719 5616 2797 5670 sic
2821 5618 2991 5671 omnis
3022 5619 3275 5691 temporis
3299 5619 3572 5695 longitudo

1991 5707 2153 5762 habet
2180 5706 2452 5762 dimidium
2481 5708 2563 5762 sui
2588 5725 2601 5762 :
2633 5709 2873 5778 quamvis
2899 5711 3038 5764 enim
3066 5711 3136 5767 sit
3157 5713 3489 5785 brevissima,
3518 5727 3573 5774 et

1999 5901 2010 5912 .
2057 5844 2074 5874 ί
2102 5841 2244 5912 Ed‘iti,
2258 5841 2544 5912 eiuratione
2559 5841 2632 5894 uti
2649 5846 2830 5905 potest;
2854 5850 2915 5912 et
2926 5845 3066 5912 paulo

1990 5902 2264 5976 utczttrtbere
2273 5902 2419 5955 debet
2440 5912 2491 5956 ut
2505 5902 2759 5976 surgat._At
2780 5902 2885 5976 esss.
2904 5902 3104 5976 habent;
3120 5902 3233 5976 quia
3255 5915 3451 5975 ratium,
3472 5902 3568 5966 etc:

1995 5973 2043 6016 et
2056 5965 2210 6034 altero
2225 5965 2330 6016 loco
2350 5976 2516 6017 carent
2531 5965 2649 6017 voce
2666 5966 2820 6034 debet,
2834 5984 2944 6034 qua:
2960 5965 3103 6022 etiam
3117 5965 3255 6027 abest
3269 5990 3295 6026 a
3314 5965 3417 6026 Bad.
3434 5965 3485 6028 et
3497 5965 3570 6028 Er.

2058 6031 2076 6059 ²
2102 6036 2148 6077 tu
2176 6037 2277 6080 foss.
2315 6044 2407 6078 non
2434 6038 2526 6094 est,
2552 6037 2649 6080 tot):
2672 6029 2832 6083 libere.

3089 5856 3323 5911 positor.
3358 5858 3411 5901 et.
3439 5859 3571 5914 Am.,
3646 5896 3648 5898 ,
