4056 6450
608 427 713 486 159

609 541 825 614 incipit,
870 550 926 599 et
973 541 1320 613 progreditur,
1353 547 1408 596 et
1435 538 1646 595 desinit.
1674 537 1852 608 Itaque
1877 549 1984 590 non
2008 539 2183 604 potest

611 634 713 688 nisi
753 634 948 690 habere
973 633 1250 689 dimidium
1269 675 1285 701 ,
1313 632 1437 688 dum
1476 632 1548 686 ibi
1583 629 1833 685 dividitur
1865 642 1966 698 qua
1993 625 2182 681 transit

608 723 675 778 ad
711 722 890 778 ﬁnem.
919 725 997 778 Ac
1038 739 1136 794 per
1171 724 1271 779 hoc
1297 731 1353 778 et
1398 722 1574 778 brevis
1612 719 1830 793 syllabae
1876 727 2084 787 tempus
2125 715 2180 770 iu

610 816 1004 884 comparatione
1019 816 1270 888 longioris
1287 816 1466 882 breve,
1488 813 1689 878 ethora
1710 812 1960 868 brumalis
1980 809 2182 866 aestivae

609 902 756 960 horae
780 914 1083 978 comparata
1110 907 1284 961 minor
1309 913 1389 961 est
1430 905 1525 977 (a).
1556 903 1646 959 Sic
1673 917 1820 958 mora
1850 901 2004 957 unius
2032 899 2180 956 hom

607 996 674 1052 ad
700 997 859 1064 diem,
889 1005 944 1053 et
970 997 1076 1054 diei
1099 998 1164 1053 ad
1185 1012 1443 1061 mensem,
1469 1005 1523 1052 et
1547 995 1747 1050 mensis
1771 994 1838 1048 ad
1866 1007 2093 1058 annum,
2126 997 2182 1045 et

537 1100 563 1159 ⁸,
607 1089 735 1144 anni
761 1088 828 1145 ad
849 1091 1092 1157 lustrum,
1115 1097 1169 1146 et
1194 1090 1346 1145 lustri
1367 1089 1434 1144 ad
1459 1089 1687 1159 majores
1706 1085 1978 1152 circuitus,
2002 1090 2057 1138 et
2076 1081 2177 1152 ipsi

528 1161 562 1181 ν
604 1181 672 1236 ad
701 1181 1003 1237 universum
1049 1189 1255 1251 tempus
1300 1181 1452 1236 relati
1494 1179 1683 1236 breves
1726 1186 1879 1242 sunt;
1923 1190 2044 1230 cum
2087 1173 2178 1227 illa

605 1272 718 1342 ipsa
744 1287 1025 1328 numerosa
1049 1273 1314 1328 successio
1333 1313 1348 1338 ,
1396 1281 1451 1327 et
1493 1271 1733 1342 quaedam
1761 1267 1998 1341 gradatio
2017 1307 2033 1334 ,
2065 1265 2178 1320 sive

604 1363 884 1433 localium,
932 1365 1046 1422 sive
1070 1366 1438 1437 temporalium
1467 1365 1786 1436 spatiorum,
1834 1377 1940 1418 non
1970 1369 2178 1416 tumore

604 1456 688 1511 vel
710 1471 857 1511 mora
877 1498 892 1524 ,
907 1457 1000 1512 sed
1018 1458 1257 1512 ordinata
1272 1457 1639 1514 convenientia
1661 1453 1877 1525 pulchra
1886 1451 2172 1523 judicetur.

673 1545 761 1601 8l.
795 1545 912 1616 Ipse
939 1556 1117 1603 autem
1141 1549 1342 1604 ordinis
1367 1548 1556 1603 modus
1579 1546 1707 1601 vivit
1730 1546 1785 1600 in
1809 1544 2029 1600 veritate
2057 1557 2178 1612 per-

576 1645 759 1706 ‘petua
783 1679 797 1704 ,
829 1653 927 1693 nec
954 1639 1096 1693 mole
1117 1647 1297 1694 vastus
1315 1679 1332 1706 ,
1371 1653 1470 1693 nec
1513 1635 1868 1707 protractione
1893 1631 2175 1699 volubilis;

599 1724 691 1781 sed
721 1728 953 1796 potentia
993 1743 1153 1799 supra
1189 1743 1378 1784 omnes
1420 1728 1567 1783 locos
1592 1740 1850 1798 magnus,
1882 1723 2178 1779 teternitate

600 1828 760 1884 super
786 1818 962 1871 omnia
987 1826 1227 1888 tempora
1252 1817 1538 1874 immobilis
1565 1835 1578 1872 :
1609 1817 1725 1872 sine
1749 1831 1854 1886 quo
1879 1824 2053 1870 tamen
2078 1827 2178 1868 nec

600 1905 757 1961 ullius
786 1909 940 1963 molis
963 1909 1181 1964 vastitas
1210 1909 1263 1964 in
1291 1924 1454 1964 unum
1484 1907 1651 1978 redigi
1677 1948 1689 1972 ,
1716 1921 1816 1961 nec
1843 1904 2002 1960 ullius
2038 1911 2174 1958 tem-

602 1998 746 2066 poris
773 1997 1049 2068 productio
1089 2007 1262 2070 potest
1299 1999 1368 2054 ab
1395 2013 1576 2054 errore
1599 1995 1869 2062 cohiberi,
1901 2003 1954 2050 et
1977 1993 2176 2064 aliquid

599 2099 721 2142 esse
746 2087 832 2142 vel
858 2102 1050 2158 corpus
1079 2097 1137 2143 ut
1161 2103 1350 2159 corpus
1373 2089 1458 2155 sit,
1487 2089 1566 2143 vel
1597 2094 1773 2142 motus
1798 2094 1853 2140 ut
1879 2094 2053 2140 motus
2083 2085 2172 2139 sit.

599 2175 778 2246 ipsum
807 2188 889 2236 cst
910 2196 1070 2236 unum
1111 2181 1401 2252 principale
1419 2222 1434 2247 ,
1476 2195 1575 2236 nec
1603 2194 1701 2250 per
1725 2178 1928 2233 ﬁnitum
1953 2191 2054 2232 nec
2075 2190 2174 2248 per

599 2269 868 2325 inﬁnitum
899 2287 1156 2340 crassum,
1185 2287 1284 2329 nec
1311 2288 1406 2343 per
1434 2272 1636 2326 ﬁnitum
1662 2285 1772 2326 nec-
1789 2285 1883 2340 per
1911 2267 2172 2323 inﬁnitum

597 2363 863 2421 mutabile.
905 2364 1018 2419 Non
1043 2365 1184 2420 enim
1212 2365 1368 2421 habet
1393 2363 1535 2418 aliud
1561 2362 1677 2430 hic,
1706 2360 1850 2416 aliud
1888 2359 2046 2424 alibi;
2079 2366 2174 2412 aut

599 2453 740 2508 aliud
767 2469 926 2520 nunc,
957 2455 1099 2510 aliud
1127 2464 1306 2526 postea
1330 2472 1343 2509 :
1373 2455 1492 2526 quia
1519 2468 1726 2509 summe
1745 2467 1882 2507 unus
1908 2459 1990 2507 est
2015 2451 2172 2505 Pater

598 2546 878 2614 Veritatis,
910 2547 1066 2602 Pater
1099 2562 1208 2602 sua:
1235 2547 1550 2618 Sapientiae,
1591 2561 1709 2616 quae
1747 2544 1888 2599 nulla
1916 2559 1981 2598 ex
2022 2550 2171 2614 parte

595 2636 896 2704 dissimilis,
928 2637 1216 2693 similitudo
1242 2638 1359 2708 ejus
1383 2637 1520 2693 dicta
1548 2647 1629 2692 est
1659 2644 1712 2691 et
1735 2636 1926 2706 imago,
1955 2634 2074 2703 quia
2103 2632 2170 2688 de

593 2729 710 2800 ipso
729 2737 829 2784 est.
857 2729 1039 2800 Itaque
1059 2730 1217 2785 etiam
1246 2729 1408 2785 Filius
1432 2737 1581 2785 recte
1605 2727 1796 2784 dicitur
1818 2742 1881 2782 ex
1904 2727 2038 2796 ipso,
2067 2739 2170 2780 cae-

594 2829 708 2877 tera
729 2837 824 2892 per
843 2822 1036 2892 ipsum.
1062 2823 1339 2878 Praecessit
1359 2823 1500 2878 enim
1519 2822 1688 2877 forma
1709 2821 1943 2876 omnium
1964 2833 2170 2875 summe

593 2911 818 2982 implens
846 2929 1006 2968 unum
1047 2913 1115 2969 de
1166 2928 1273 2984 quo
1295 2921 1408 2980 est,
1441 2921 1498 2967 ut
1537 2921 1728 2968 caetera
1757 2927 1875 2981 qua:
1912 2918 2066 2976 sunt,
2112 2908 2166 2964 in

592 3013 844 3073 quantum
868 3014 990 3059 sunt
1012 3005 1104 3060 uni
1129 3005 1344 3072 similia,
1377 3019 1471 3076 per
1495 3019 1612 3060 eam
1634 3005 1856 3059 formam
1887 3003 2094 3058 ﬁerent.

592 3093 816 3151 CAPUT
853 3094 1036 3150 XLIV.
1073 3125 1142 3136 —
1170 3095 1266 3152 Dei
1292 3096 1457 3167 imago
1501 3095 1695 3161 Filius,
1738 3094 1806 3148 ad
1843 3111 1994 3165 quam
2031 3095 2168 3164 facta

1253 3188 1501 3257 quadam.

663 3275 749 3330 82.
782 3274 980 3330 Horum
1009 3276 1112 3331 alia
1155 3277 1232 3331 sic
1260 3285 1384 3330 sunt
1421 3292 1518 3346 per
1543 3275 1744 3345 ipsam,
1797 3283 1855 3330 ut
1893 3275 1959 3329 ad
1999 3275 2164 3344 ipsam

593 3365 753 3421 etiam
779 3367 917 3431 sint,
949 3376 1009 3421 ut
1033 3367 1204 3423 omnis
1242 3367 1514 3422 rationalis
1537 3375 1591 3421 et
1616 3367 1982 3422 intellectualis
2011 3381 2166 3421 crea-

596 3467 732 3524 tura,
760 3459 814 3512 in
841 3475 943 3529 qua
971 3459 1130 3514 homo
1157 3459 1450 3514 rectissime
1475 3458 1666 3513 dicitur
1696 3458 1864 3513 factus
1891 3458 1958 3511 ad
1983 3458 2165 3529 imagi-

591 3564 713 3603 nem
743 3557 798 3603 et
821 3548 1216 3604 similitudinem
1237 3549 1331 3604 Dei
1355 3567 1368 3602 :
1398 3563 1501 3602 non
1532 3547 1670 3603 enim
1697 3547 1850 3602 aliter
1872 3547 2166 3602 incommu-

591 3640 804 3695 tabilem
826 3641 1102 3696 veritatem
1131 3647 1310 3710 posset
1335 3647 1515 3694 mente
1540 3639 1868 3708 conspicere.
1901 3638 2019 3693 Alia
2039 3652 2165 3692 vero

590 3731 660 3785 ita
699 3739 824 3786 sunt
863 3746 960 3802 per
989 3731 1158 3802 ipsam
1202 3730 1370 3797 facta,
1414 3739 1472 3784 ut
1499 3743 1604 3784 non
1635 3729 1742 3783 sint
1777 3728 1840 3783 ad
1882 3729 2067 3798 ipsam.
2099 3728 2166 3782 Et

590 3823 711 3878 idco
737 3824 1009 3878 rationalis
1045 3824 1221 3878 anima
1259 3824 1304 3878 si
1331 3822 1568 3879 Creatori
1606 3838 1704 3878 suo
1742 3820 1968 3887 serviat,
2001 3838 2030 3876 a
2059 3836 2164 3894 quo

588 3916 724 3972 facta
751 3927 865 3982 est,
892 3933 987 3986 per
1018 3933 1177 3988 quem
1205 3916 1340 3972 facta
1378 3925 1492 3980 est,
1523 3925 1576 3970 et
1601 3916 1668 3970 ad
1696 3931 1853 3986 quem
1880 3916 2014 3970 facta
2050 3923 2161 3982 est,

588 4017 774 4063 cuncta
817 4007 867 4064 ei
895 4016 1086 4063 caetera
1124 4008 1391 4064 servient:
1425 4017 1479 4062 et
1502 4007 1608 4062 vita
1651 4007 1868 4072 ultima,
1907 4023 2024 4076 qua:
2054 4014 2162 4062 tam

589 4099 759 4154 vicina
787 4099 858 4154 illi
889 4108 988 4163 est,
1011 4107 1067 4154 et
1091 4107 1173 4153 est
1199 4097 1514 4168 adjutorium
1539 4097 1673 4168 ejus,
1706 4112 1803 4168 per
1826 4097 1966 4167 quod
1991 4097 2162 4166 impe-

588 4199 671 4246 rat
695 4190 938 4260 corpori;
971 4197 1024 4246 et
1048 4189 1220 4260 ipsum
1254 4203 1477 4260 corpus,
1507 4198 1744 4244 extrema
1772 4196 1961 4242 natura
1994 4195 2049 4241 et
2071 4200 2162 4241 es-

590 4281 780 4348 sentia,
808 4281 892 4336 cui
917 4281 1062 4336 omni
1087 4279 1246 4335 modo
1269 4279 1479 4335 cedenti
1503 4279 1582 4350 {ad
1607 4279 1881 4334 arbitrium
1915 4276 2162 4331 domina-

586 4371 744 4438 bitur,
781 4371 978 4426 nullam
1007 4371 1076 4427 de
1118 4371 1210 4426 illo
1247 4371 1482 4427 sentiens
1524 4369 1852 4434 molestiam;
1899 4368 2019 4438 quia
2052 4367 2162 4437 jam

589 4483 696 4524 non
725 4484 793 4524 ex
821 4469 930 4535 illo,
973 4483 1072 4523 nec
1109 4482 1205 4538 per
1230 4467 1357 4522 illud
1387 4473 1588 4537 quaeret
1626 4463 2034 4527 beatitudinem,
2067 4459 2162 4516 sed

588 4573 655 4614 ex
684 4559 792 4614 Deo
821 4573 916 4628 per
939 4557 1166 4628 seipsam
1193 4557 1466 4627 percipiet.
1500 4553 1861 4610 Reformatum
1892 4566 2017 4622 ergo
2037 4565 2162 4606 cor-

587 4666 686 4722 pus
715 4666 778 4706 ac
797 4650 1198 4714 sanctiﬁcatum,
1225 4650 1340 4705 sine
1365 4648 1684 4703 detrimento
1711 4644 2082 4714 corruptionis,
2110 4650 2165 4698 et

587 4743 703 4800 sine
729 4757 890 4814 onere
913 4741 1241 4797 difﬁcultatis
1269 4738 1673 4795 administrabit.
1706 4735 1772 4790 In
1805 4735 2164 4790 resurrectione

587 4839 719 4893 enim
746 4854 901 4908 neque
927 4836 1129 4902 nubent,
1153 4851 1307 4902 neque
1335 4833 1601 4898 nubentur,
1633 4830 1720 4884 sed
1743 4838 1886 4883 erunt
1910 4829 2038 4882 sicut
2056 4825 2164 4880 An-

585 4929 685 5002 geli
709 4929 762 4984 in
783 4929 918 4983 cretis
947 4925 1158 4998 (Matth.
1181 4939 1311 4990 xm,
1333 4923 1447 4988 '50).
1477 4921 1612 4975 Esca
1629 4933 1756 4975 vero
1776 4919 1954 4986 ventri,
1982 4928 2027 4972 et
2055 4933 2165 4972 ven-

587 5030 660 5076 ter
691 5020 855 5076 escis:
881 5018 1020 5073 Deus
1047 5027 1213 5071 autem
1245 5025 1291 5070 et
1318 5015 1449 5068 hunc
1483 5023 1531 5068 et
1568 5013 1685 5068 illas
1722 5011 1942 5065 destruet
1971 5010 2013 5082 (l
2040 5009 2160 5065 Cor.

585 5130 660 5183 Vl,
679 5114 770 5186 15)
791 5132 806 5181 ;
829 5113 1076 5184 quoniam
1097 5128 1200 5166 non
1221 5118 1295 5164 est
1308 5124 1517 5180 regnum
1541 5105 1636 5160 Dei
1660 5123 1773 5160 esca
1800 5114 1845 5160 et
1866 5115 2012 5176 potus
2030 5145 2045 5172 ,
2075 5104 2165 5159 sed

577 5207 780 5279 justitia
805 5214 852 5260 et
879 5220 982 5276 pax
999 5213 1046 5258 et
1072 5201 1315 5274 gaudium
1345 5198 1518 5272 (Rom.
1546 5213 1652 5262 xlv,
1684 5197 1796 5269 17).

586 5297 812 5354 CAPUT
851 5295 1010 5352 XLV.
1036 5323 1107 5335 ——
1143 5291 1427 5362 Voluptatis
1455 5289 1769 5345 imbecillitas
1797 5289 2044 5362 protrudit
2073 5305 2163 5343 nos

658 5391 727 5446 ad
751 5389 1061 5446 sublimiora.
1083 5385 1162 5440 De
1179 5385 1424 5455 superbiat
1449 5384 1596 5452 uitio,
1626 5399 1785 5453 usque
1807 5383 1874 5436 ad
1912 5399 2026 5453 cap.
2052 5381 2122 5438 49
2146 5398 2159 5435 :

657 5483 905 5558 quomodo
941 5497 1028 5552 per
1057 5480 1150 5534 hoc
1188 5479 1517 5534 admonemur
1550 5477 1618 5532 ad
1647 5476 2041 5548 amplectendam
2064 5474 2164 5528 vir-

657 5586 832 5632 tatem.

659 5671 749 5728 83.
777 5669 1129 5738 Quapropter,
1157 5649 1396 5720 etiamin
1415 5663 1514 5719 ista
1534 5661 1772 5733 corporis
1791 5660 2056 5730 voluptate
2081 5658 2164 5712 in-

651 5784 725 5849 (α)
746 5788 814 5849 Εῗί
839 5790 1009 5849 θρτωη
1023 5777 1379 5849 metum
1396 5777 1479 5840 Ψιί
1514 5775 1576 5849 ³3)
1595 5772 1840 5849 οῗωβρξβ
1857 5773 1918 5849 a‘.‘

588 5836 844 5897 duodecim
865 5843 1007 5893 horas
1028 5847 1302 5890 constanter
1334 5836 1672 5898 uulnerabant,
1711 5836 1873 5887 hieme
1893 5836 2162 5896 breviores,

590 5913 762 5958 estate
780 5904 1042 5966 longiores.

1625 422 1714 479 DE
1753 419 1936 475 VERA
1973 414 2362 485 RELIGIONE,
2400 415 2459 473 S.
2499 415 2859 474 AUGUSTINI

3762 424 3869 485 160

2288 531 2531 586 venimus
2556 530 2695 586 unde
2730 525 3163 588 commoneamur
3189 545 3308 588 eam
3344 543 3722 604 contemnere;
3751 553 3861 597 non

2284 623 2406 694 quia
2433 624 2629 678 malum
2659 631 2741 678 est
2763 631 2949 678 natura
2974 624 3213 694 corporis
3232 665 3247 691 ,
3275 625 3370 681 sed
3393 629 3516 698 quia
3553 628 3606 683 in
3632 631 3857 686 extremi

2283 713 2410 769 boni
2451 713 2732 769 dilectione
2772 713 2998 785 turpiter
3025 714 3310 784 volutatur,
3350 717 3436 772 cui
3475 717 3662 788 primis
3689 719 3862 778 inhae-

2283 820 2402 860 rere
2425 803 2632 875 fruique
2659 819 2972 860 concessum
3017 813 3120 862 est.
3156 807 3286 862 Cum
3313 806 3541 864 trahitur
3564 811 3746 881 auriga
3764 851 3779 876 ,
3809 821 3866 868 et

2283 911 2395 951 suae
2423 896 2735 952 temeritatis
2763 897 2853 952 dat
2887 911 3102 968 pcenas,
3142 897 3397 969 quidquid
3453 899 3582 954 illud
3631 909 3714 956 est
3757 918 3864 973 quo

2283 986 2548 1052 utebatur,
2581 997 2831 1042 accusat:
2864 987 2960 1044 sed
2980 988 3228 1058 imploret
3245 989 3520 1058 auxilium,
3545 991 3729 1060 jubeat
3756 992 3862 1048 Do-

2282 1078 2457 1132 minus
2480 1094 2678 1146 rerum,
2702 1078 2993 1134 obsistatur
3016 1079 3187 1150 equis,
3219 1080 3321 1136 alia
3337 1080 3447 1152 jam
3474 1084 3772 1152 spectacula
3792 1085 3861 1140 de

2282 1167 2423 1222 illius
2457 1169 2875 1240 praecipitatione
2903 1170 3245 1238 facientibus,
3281 1179 3336 1226 ει
3375 1172 3476 1227 nisi
3518 1173 3862 1230 subveniatur

2280 1258 2349 1314 de
2377 1268 2548 1315 morte
2575 1260 2814 1330 facturis,
2859 1263 3168 1318 restituatur
3195 1264 3249 1319 in
3277 1263 3480 1330 locum,
3529 1280 3690 1337 super
3714 1277 3864 1324 rotas

2279 1352 2590 1420 collocetur,
2620 1354 2942 1410 habenarum
2984 1355 3104 1426 jura
3129 1355 3438 1423 reddantur,
3480 1366 3628 1428 regat
3654 1360 3861 1415 cautius

2280 1441 2728 1513 obtemperantes,
2752 1453 2806 1498 et
2821 1444 3080 1500 edomitas
3096 1445 3324 1509 bestias;
3348 1455 3473 1502 tunc
3490 1448 3684 1505 sentiet
3701 1455 3860 1520 quam

2278 1533 2416 1590 bene
2459 1549 2678 1602 currus,
2721 1543 2775 1591 et
2813 1544 2922 1592 tota
2956 1536 3043 1590 illa
3083 1536 3286 1607 junctio
3311 1537 3565 1594 fabricata
3593 1539 3696 1608 sit,
3741 1556 3862 1614 quae

2280 1625 2433 1680 ruina
2461 1625 2596 1696 ejus,
2645 1637 2700 1682 et
2727 1627 2902 1698 ipsum
2927 1627 3228 1698 affligebat,
3261 1638 3316 1684 et
3352 1644 3565 1686 cursum
3590 1630 3860 1688 decentis-

2279 1717 2435 1772 simze
2481 1717 2858 1774 moderationis
2904 1720 3195 1775 amiserat:
3226 1721 3348 1791 quia
3393 1729 3449 1776 et
3487 1720 3609 1777 huic
3647 1725 3860 1793 corpori

2279 1808 2690 1865 imbecillitatem
2737 1811 2940 1881 peperit
2983 1814 3174 1866 animae
3197 1812 3336 1868 male
3365 1813 3383 1844 ⁸
3416 1813 3614 1870 utentis
3635 1815 3862 1874 aviditas

2279 1899 2332 1954 in
2357 1901 2622 1971 paradiso,
2663 1917 2928 1974 usurpans
2970 1905 3189 1959 vetitum
3231 1905 3410 1960 cibum
3452 1915 3634 1962 contra
3665 1907 3858 1964 medici

2278 1991 2634 2063 disciplinam,
2662 2009 2765 2065 qua
2792 1995 3114 2066 sempiterna
3136 1998 3438 2052 continetur
3461 1998 3624 2054 salus.

2348 2084 2435 2138 84.
2475 2085 2530 2140 Si
2560 2100 2686 2157 ergo
2714 2086 2766 2142 in
2816 2087 2915 2142 ista
2958 2088 3071 2158 ipsa
3100 2089 3318 2144 visibilis
3347 2091 3520 2146 carnis
3572 2091 3858 2149 imbecilli-

2278 2181 2406 2242 tate,
2439 2175 2526 2232 ubi
2551 2175 2705 2233 beata
2747 2177 2853 2232 vita
2875 2193 2996 2234 esse
3020 2194 3124 2234 non
3154 2189 3351 2251 potest,
3379 2181 3644 2238 invenitur
3669 2184 3860 2241 admo-

2276 2270 2406 2324 nitio
2429 2271 2597 2326 beatae
2621 2272 2742 2326 vitae
2763 2281 2976 2344 propter
2991 2274 3221 2344 speciem
3247 2273 3314 2330 de
3328 2289 3536 2331 summo
3565 2290 3733 2348 usque
3752 2278 3859 2334 ’ad

2280 2361 2386 2416 ima
2402 2363 2736 2430 venientem;
2777 2372 2973 2435 quanto
3003 2366 3170 2436 magis
3217 2366 3270 2421 in
3315 2367 3637 2437 appetitione
3661 2369 3862 2426 nobili-

2275 2454 2396 2508 tatis
2449 2463 2504 2508 et
2531 2454 2882 2521 excellentiae,
2934 2463 2988 2511 ct
3024 2455 3077 2511 in
3121 2457 3267 2512 omni
3318 2459 3564 2529 superbia
3617 2475 3863 2532 vanaque

2273 2558 2463 2614 pompa
2491 2545 2647 2616 hujus
2670 2545 2887 2602 mundi?
2914 2546 3048 2614 Quid
3074 2548 3216 2603 enim
3243 2549 3387 2604 aliud
3415 2549 3470 2604 in
3495 2565 3556 2606 ea
3579 2551 3742 2607 homo
3759 2567 3862 2624 ap-

2273 2637 2422 2706 petit,
2444 2637 2544 2692 nisi
2566 2638 2711 2694 solus
2729 2653 2870 2706 esse,
2901 2640 2946 2695 si
2973 2639 3087 2695 ﬁeri
3123 2641 3308 2710 possit,
3339 2642 3425 2696 cui
3447 2651 3635 2698 cuncta
3672 2643 3861 2714 subje-

2271 2737 2354 2783 cta
2415 2728 2539 2793 sint,
2591 2744 2840 2799 perversa
2883 2731 3085 2788 scilicet
3130 2731 3428 2788 imitatione
3476 2735 3862 2805 omnipotentis

2273 2819 2592 2886 Dei?Quem
2620 2821 2663 2875 si
2693 2821 2935 2897 subditus
2975 2823 3290 2890 imitaretur,
3333 2825 3621 2880 secundum
3648 2841 3861 2899 praece-

2271 2922 2359 2983 pta
2383 2913 2497 2986 ejt;
2515 2915 2760 2980 vivendo,
2787 2930 2881 2985 per
2905 2931 3027 2972 eum
3054 2916 3274 2972 haberet
3299 2917 3506 2972 subdita
3525 2928 3736 2986 czctera,
3755 2934 3865 2976 nec

2269 3002 2335 3057 ad
2367 3013 2562 3059 tantam
2613 3004 3005 3061 deformitatem
3035 3007 3260 3074 veniret,
3287 3015 3345 3062 ut
3381 3007 3661 3064 hestiolam
3701 3010 3864 3066 time-

2270 3103 2370 3160 ret,
2401 3096 2489 3166 qui
2513 3096 2625 3151 vult
2651 3095 2954 3152 hominibus
2978 3099 3257 3168 imperare.
3291 3084 3461 3156 Habet
3499 3115 3626 3172 ergo
3666 3110 3721 3158 et
3749 3118 3860 3160 su-

2269 3185 2451 3255 perbia
2479 3186 2759 3256 quemdam
2780 3189 3070 3258 appetitum
3097 3189 3310 3244 unitatis
3329 3197 3384 3244 et
3410 3191 3807 3260 omnipotentiae
3836 3211 3856 3262 ;

2269 3279 2362 3334 sed
2390 3279 2441 3334 in
2497 3295 2676 3335 rerum
2720 3281 3089 3351 temporalium
3141 3282 3458 3352 principatu,
3503 3299 3622 3354 qua:
3671 3285 3860 3342 omnia

2269 3375 2546 3424 transeunt
2571 3379 2816 3441 tanquam
2831 3371 3036 3427 umbra.

2337 3459 2427 3514 85.
2469 3459 2652 3516 invicti
2671 3475 2792 3517 esse
2820 3462 3085 3529 volumus,
3117 3469 3171 3516 et
3199 3469 3373 3529 recte;
3398 3462 3560 3520 habet
3585 3464 3729 3520 enim
3747 3466 3862 3524 hoc

2267 3551 2430 3605 animi
2468 3554 2636 3607 nostri
2663 3561 2850 3608 natura
2881 3563 3000 3623 post
3027 3554 3194 3608 Deum
3218 3569 3248 3607 a
3270 3569 3375 3623 quo
3416 3554 3482 3609 ad
3521 3555 3636 3625 ejus
3659 3555 3861 3628 imagi-

2269 3657 2388 3696 nem
2433 3643 2602 3697 factus
2625 3652 2706 3698 est
2749 3661 2763 3698 :
2810 3643 2902 3698 sed
2927 3643 3042 3712 ejus
3077 3651 3338 3712 praecepta
3381 3654 3531 3699 erant
3568 3647 3860 3716 servanda,

2267 3732 2455 3802 quibus
2489 3733 2711 3788 servatis
2753 3748 2910 3788 nemo
2953 3747 3051 3787 nos
3074 3733 3329 3788 vinceret.
3364 3733 3515 3788 Nunc
3542 3750 3692 3804 vero,
3723 3737 3862 3793 dum

2267 3825 2379 3894 ipsa
2403 3825 2552 3894 cujus
2576 3825 2754 3880 verbis
2782 3825 3004 3894 turpiter
3049 3825 3438 3891 consensimus,
3476 3825 3724 3882 domatur
3749 3828 3861 3885 do-

2265 3915 2378 3972 lore
2402 3915 2660 3985 pariendi,
2681 3923 2737 3971 et
2762 3929 2858 3970 nos
2896 3915 2948 3968 in
2975 3923 3117 3970 terra
3145 3914 3467 3980 laboramus,
3502 3924 3558 3971 et
3595 3931 3716 3972 cum
3737 3933 3863 3975 ma—

2264 4022 2368 4076 gno
2393 4006 2654 4061 dedecore
2697 4020 3009 4075 superamur
3027 4005 3094 4060 ab
3122 4006 3368 4061 omnibus
3409 4022 3527 4076 qua:
3571 4022 3669 4062 nos
3696 4023 3859 4066 com-

2266 4112 2480 4152 movere
2507 4111 2572 4152 ac
2617 4097 2926 4167 perturbare
2955 4096 3239 4166 potuerint.
3284 4095 3468 4167 Itaque
3509 4097 3759 4154 nolumus
3781 4100 3860 4156 ab

2266 4190 2568 4246 hominibus
2597 4189 2758 4255 vinci,
2795 4197 2850 4245 et
2875 4189 3007 4244 iram
3033 4205 3140 4244 non
3167 4204 3448 4259 possumus
3472 4191 3702 4247 vincere.
3730 4192 3854 4259 Qua

2268 4282 2589 4352 turpitudine
2631 4281 2758 4352 quid
2799 4281 3176 4337 exsecrabilius
3217 4280 3320 4336 dici
3359 4281 3569 4352 potest?
3596 4281 3855 4340 Fatemur

2265 4373 2532 4430 hominem
2547 4374 2650 4428 hoc
2677 4388 2794 4429 esse
2821 4373 2960 4444 quod
2975 4388 3074 4428 nos
3093 4373 3388 4443 sumus,qui
3419 4381 3594 4428 tamen
3620 4373 3722 4430 etsi
3744 4373 3848 4430 ha-

2263 4467 2386 4522 beat
2409 4467 2555 4532 vitia,
2607 4481 2712 4521 non
2761 4475 2844 4522 est
2874 4476 3050 4521 tamen
3077 4465 3190 4535 ipse
3215 4463 3419 4520 vitium.
3450 4465 3660 4531 Quanto
3683 4465 3850 4536 igitur

2266 4557 2542 4613 honestius
2565 4556 2726 4612 homo
2748 4544 2848 4612 nos
2862 4556 3044 4622 vincit,
3076 4571 3234 4627 quam
3261 4555 3490 4610 vitium?
3514 4555 3644 4623 Quis
3664 4565 3847 4613 autem

2265 4649 2470 4705 dubitet
2497 4650 2728 4706 immane
2755 4650 2940 4705 vitium
2960 4665 3080 4705 esse
3101 4649 3464 4716 invidentiam,
3490 4664 3594 4720 qua
3620 4663 3847 4706 necesse

2265 4750 2348 4798 est
2387 4751 2695 4814 torqueatur
2721 4752 2775 4798 et
2803 4742 3109 4813 subjiciatur
3136 4742 3226 4812 qui
3280 4756 3388 4798 non
3435 4741 3549 4796 vult
3589 4742 3644 4796 in
3681 4741 3846 4799 rebus

2265 4834 2646 4904 temporalibus
2667 4832 2846 4889 vinci?
2870 4831 3056 4888 Melius
3079 4839 3163 4886 est
3179 4846 3305 4902 ergo
3325 4839 3382 4886 ut
3400 4831 3560 4886 homo
3595 4845 3696 4886 nos
3727 4831 3847 4888 vin-

2265 4936 2366 4994 cat,
2396 4942 2555 4999 quam
2583 4926 2868 4982 invidentia
2890 4925 2973 4981 vel
2998 4923 3269 4996 quodlibet
3291 4923 3431 4979 aliud
3455 4923 3662 4979 vitium.

2265 5041 2490 5099 CAPUT
2522 5041 2705 5097 XLVI.
2748 5039 3065 5094 —Inuictus
3109 5040 3196 5109 qui
3227 5038 3282 5093 id
3322 5038 3487 5093 solum
3537 5047 3675 5094 urnat
3707 5041 3846 5110 quod

2336 5134 2524 5189 amanti
2549 5133 2673 5204 eripi
2699 5149 2798 5186 non
2839 5139 3018 5201 potest,
3042 5129 3098 5184 id
3130 5138 3202 5184 est
3224 5128 3390 5185 Deum
3413 5145 3476 5184 an
3495 5137 3596 5185 toto
3622 5130 3775 5186 corde
3797 5139 3845 5185 et

2337 5227 2622 5298 proximum
2640 5224 2766 5278 sicut
2793 5221 3032 5293 seipsum.

2337 5315 2426 5372 86.
2465 5315 2569 5371 Sed
2594 5329 2691 5370 nec
2727 5314 2794 5368 ab
2820 5313 3035 5370 homine
3075 5313 3212 5368 vinci
3239 5320 3432 5384 potest,
3461 5311 3550 5383 qui
3594 5311 3720 5366 vitia
3749 5327 3846 5368 sua

2265 5407 2468 5462 vicerit.
2496 5403 2616 5460 Non
2633 5405 2775 5460 enim
2798 5404 3046 5469 vincitur,
3074 5405 3176 5459 nisi
3202 5403 3286 5459 cui
3315 5402 3536 5472 eripitur
3561 5402 3628 5457 ab
3647 5401 3843 5457 adver-

2267 5500 2407 5556 sario
2431 5497 2572 5568 quod
2594 5496 2872 5566 amat.Qui
2891 5513 3018 5569 ergo
3039 5506 3181 5552 amat
3206 5495 3259 5551 id
3287 5495 3459 5552 solum
3477 5493 3618 5566 quod
3644 5494 3844 5549 amanti

2267 5591 2399 5662 eripi
2427 5605 2533 5645 non
2563 5597 2754 5660 potest,
2805 5589 2893 5645 ille
2922 5589 3280 5645 indubitanter
3336 5587 3562 5642 invictus
3611 5595 3713 5652 est,
3746 5601 3845 5640 nec

2333 5773 2425 5821 1In
2446 5776 2518 5831 8.,
2556 5769 2714 5822 matur.
2760 5770 3084 5831 uestituimus,
3107 5768 3250 5831 male,
3299 5781 3365 5818 ex
3407 5774 3483 5818 Er.
3507 5777 3626 5819 ven.
3659 5775 3712 5819 et
3732 5775 3841 5819 Lov.

2541 5904 2612 5947 De
2633 5908 2814 5948 statim
2842 5895 3140 5958 bonousque,
3159 5901 3254 5946 etc.
3278 5894 3496 5946 Atabest
3527 5894 3644 5946 bono
3677 5906 3706 5944 a
3733 5859 3846 5947 Mss.I
