  <div class='ocr_page' id='page_1' title='image "/cluster/home/n/w/nwhite01/storage/ocr_20150623/34/hvd.32044015706310/086.png"; bbox 0 0 4032 6350; ppageno 0'>
   <div class='ocr_carea' id='block_1_1' title="bbox 170 542 1748 622">
    <p class='ocr_par' dir='ltr' id='par_1_1' title="bbox 170 542 1748 622">
     <span class='ocr_line' id='line_1_1' title="bbox 170 542 1748 622; baseline -0.017 -1"><span class='ocrx_word' id='word_1_1' title='bbox 170 566 260 621; x_wconf 79' lang='lat' dir='ltr'><strong>ulla</strong></span> <span class='ocrx_word' id='word_1_2' title='bbox 282 561 558 619; x_wconf 84' lang='lat' dir='ltr'><strong>cruciatur</strong></span> <span class='ocrx_word' id='word_1_3' title='bbox 586 558 812 616; x_wconf 80' lang='lat' dir='ltr'><strong>invidia.</strong></span> <span class='ocrx_word' id='word_1_4' title='bbox 841 555 898 611; x_wconf 94' lang='lat' dir='ltr'><strong>Id</strong></span> <span class='ocrx_word' id='word_1_5' title='bbox 926 553 1069 610; x_wconf 91' lang='lat' dir='ltr'><strong>enim</strong></span> <span class='ocrx_word' id='word_1_6' title='bbox 1099 550 1300 622; x_wconf 92' lang='lat' dir='ltr'><strong>diligit,</strong></span> <span class='ocrx_word' id='word_1_7' title='bbox 1361 546 1426 601; x_wconf 87' lang='lat' dir='ltr'><strong>ad</strong></span> <span class='ocrx_word' id='word_1_8' title='bbox 1455 543 1595 617; x_wconf 89' lang='lat' dir='ltr'><strong>quod</strong></span> <span class='ocrx_word' id='word_1_9' title='bbox 1623 542 1748 597; x_wconf 83' lang='lat' dir='ltr'><strong>dili-</strong></span> 
     </span>
    </p>
   </div>
   <div class='ocr_carea' id='block_1_2' title="bbox 177 638 1754 730">
    <p class='ocr_par' dir='ltr' id='par_1_2' title="bbox 177 638 1754 730">
     <span class='ocr_line' id='line_1_2' title="bbox 177 638 1754 730; baseline -0.015 -17"><span class='ocrx_word' id='word_1_10' title='bbox 177 656 380 730; x_wconf 80' lang='lat' dir='ltr'><strong>gendum</strong></span> <span class='ocrx_word' id='word_1_11' title='bbox 406 664 462 710; x_wconf 90' lang='lat' dir='ltr'><strong>et</strong></span> <span class='ocrx_word' id='word_1_12' title='bbox 479 652 892 725; x_wconf 89' lang='lat' dir='ltr'><strong>percipiendum</strong></span> <span class='ocrx_word' id='word_1_13' title='bbox 917 656 1114 719; x_wconf 88' lang='lat' dir='ltr'><strong>quanto</strong></span> <span class='ocrx_word' id='word_1_14' title='bbox 1131 645 1308 716; x_wconf 93' lang='lat' dir='ltr'><strong>plures</strong></span> <span class='ocrx_word' id='word_1_15' title='bbox 1333 638 1754 708; x_wconf 58' lang='lat' dir='ltr'><strong>venerint,&#39;,tanto</strong></span> 
     </span>
    </p>
   </div>
   <div class='ocr_carea' id='block_1_3' title="bbox 183 733 1756 816">
    <p class='ocr_par' dir='ltr' id='par_1_3' title="bbox 183 733 1756 816">
     <span class='ocr_line' id='line_1_3' title="bbox 183 733 1756 816; baseline -0.016 -11"><span class='ocrx_word' id='word_1_16' title='bbox 183 753 249 806; x_wconf 85' lang='lat' dir='ltr'><strong>eis</strong></span> <span class='ocrx_word' id='word_1_17' title='bbox 284 748 498 803; x_wconf 84' lang='lat' dir='ltr'><strong>uberius</strong></span> <span class='ocrx_word' id='word_1_18' title='bbox 548 746 869 816; x_wconf 84' lang='lat' dir='ltr'><strong>gratulatur.</strong></span> <span class='ocrx_word' id='word_1_19' title='bbox 916 740 1094 810; x_wconf 86' lang='lat' dir='ltr'><strong>Diligit</strong></span> <span class='ocrx_word' id='word_1_20' title='bbox 1144 736 1285 791; x_wconf 88' lang='lat' dir='ltr'><strong>enim</strong></span> <span class='ocrx_word' id='word_1_21' title='bbox 1327 733 1494 788; x_wconf 92' lang='lat' dir='ltr'><strong>Deum</strong></span> <span class='ocrx_word' id='word_1_22' title='bbox 1540 745 1605 784; x_wconf 75' lang='lat' dir='ltr'><strong>ex</strong></span> <span class='ocrx_word' id='word_1_23' title='bbox 1644 735 1756 781; x_wconf 90' lang='lat' dir='ltr'><strong>toto</strong></span> 
     </span>
    </p>
   </div>
   <div class='ocr_carea' id='block_1_4' title="bbox 189 817 1759 919">
    <p class='ocr_par' dir='ltr' id='par_1_4' title="bbox 189 817 1759 919">
     <span class='ocr_line' id='line_1_4' title="bbox 189 817 1759 919; baseline -0.017 -22"><span class='ocrx_word' id='word_1_24' title='bbox 189 841 341 905; x_wconf 74' lang='lat' dir='ltr'><strong>corde,</strong></span> <span class='ocrx_word' id='word_1_25' title='bbox 364 846 417 894; x_wconf 88' lang='lat' dir='ltr'><strong>ct</strong></span> <span class='ocrx_word' id='word_1_26' title='bbox 442 852 514 893; x_wconf 78' lang='lat' dir='ltr'><strong>ex</strong></span> <span class='ocrx_word' id='word_1_27' title='bbox 542 845 658 890; x_wconf 89' lang='lat' dir='ltr'><strong>tota</strong></span> <span class='ocrx_word' id='word_1_28' title='bbox 688 836 885 897; x_wconf 88' lang='lat' dir='ltr'><strong>anima,</strong></span> <span class='ocrx_word' id='word_1_29' title='bbox 915 841 969 887; x_wconf 91' lang='lat' dir='ltr'><strong>et</strong></span> <span class='ocrx_word' id='word_1_30' title='bbox 1010 846 1073 884; x_wconf 81' lang='lat' dir='ltr'><strong>ex</strong></span> <span class='ocrx_word' id='word_1_31' title='bbox 1104 836 1214 882; x_wconf 88' lang='lat' dir='ltr'><strong>tota</strong></span> <span class='ocrx_word' id='word_1_32' title='bbox 1249 832 1455 888; x_wconf 93' lang='lat' dir='ltr'><strong>mente;</strong></span> <span class='ocrx_word' id='word_1_33' title='bbox 1504 829 1561 919; x_wconf 80' lang='lat' dir='ltr'><strong>et</strong></span> <span class='ocrx_word' id='word_1_34' title='bbox 1582 817 1759 919; x_wconf 74' lang='lat' dir='ltr'><strong>diligit</strong></span> 
     </span>
    </p>
   </div>
   <div class='ocr_carea' id='block_1_5' title="bbox 191 911 1761 1005">
    <p class='ocr_par' dir='ltr' id='par_1_5' title="bbox 191 911 1761 1005">
     <span class='ocr_line' id='line_1_5' title="bbox 191 911 1761 1005; baseline -0.015 -17"><span class='ocrx_word' id='word_1_35' title='bbox 191 934 460 1005; x_wconf 79' lang='lat' dir='ltr'><strong>proximum</strong></span> <span class='ocrx_word' id='word_1_36' title='bbox 479 939 739 998; x_wconf 84' lang='lat' dir='ltr'><strong>tanquam</strong></span> <span class='ocrx_word' id='word_1_37' title='bbox 753 928 1002 997; x_wconf 89' lang='lat' dir='ltr'><strong>seipsum.</strong></span> <span class='ocrx_word' id='word_1_38' title='bbox 1017 922 1134 977; x_wconf 88' lang='lat' dir='ltr'><strong>Non</strong></span> <span class='ocrx_word' id='word_1_39' title='bbox 1147 934 1275 990; x_wconf 86' lang='lat' dir='ltr'><strong>ergo</strong></span> <span class='ocrx_word' id='word_1_40' title='bbox 1292 917 1364 971; x_wconf 84' lang='lat' dir='ltr'><strong>illi</strong></span> <span class='ocrx_word' id='word_1_41' title='bbox 1381 911 1596 981; x_wconf 74' lang='lat' dir='ltr'><strong>invidet,</strong></span> <span class='ocrx_word' id='word_1_42' title='bbox 1616 920 1672 1005; x_wconf 72' lang='lat' dir='ltr'><strong>ut</strong></span> <span class='ocrx_word' id='word_1_43' title='bbox 1682 911 1761 1005; x_wconf 76' lang='lat' dir='ltr'><strong>sit</strong></span> 
     </span>
    </p>
   </div>
   <div class='ocr_carea' id='block_1_6' title="bbox 190 1001 1762 1107">
    <p class='ocr_par' dir='ltr' id='par_1_6' title="bbox 190 1001 1762 1107">
     <span class='ocr_line' id='line_1_6' title="bbox 190 1001 1762 1107; baseline -0.017 -25"><span class='ocrx_word' id='word_1_44' title='bbox 190 1001 312 1098; x_wconf 84' lang='lat' dir='ltr'><strong>quod</strong></span> <span class='ocrx_word' id='word_1_45' title='bbox 337 1025 448 1094; x_wconf 89' lang='lat' dir='ltr'><strong>ipse</strong></span> <span class='ocrx_word' id='word_1_46' title='bbox 480 1031 596 1086; x_wconf 88' lang='lat' dir='ltr'><strong>est;</strong></span> <span class='ocrx_word' id='word_1_47' title='bbox 621 1020 732 1074; x_wconf 89' lang='lat' dir='ltr'><strong>imo</strong></span> <span class='ocrx_word' id='word_1_48' title='bbox 747 1018 956 1087; x_wconf 84' lang='lat' dir='ltr'><strong>adjuvat</strong></span> <span class='ocrx_word' id='word_1_49' title='bbox 983 1016 1139 1070; x_wconf 90' lang='lat' dir='ltr'><strong>etiam</strong></span> <span class='ocrx_word' id='word_1_50' title='bbox 1157 1019 1407 1107; x_wconf 78' lang='lat' dir='ltr'><strong>quantum</strong></span> <span class='ocrx_word' id='word_1_51' title='bbox 1426 1011 1617 1077; x_wconf 83' lang='lat' dir='ltr'><strong>potest.</strong></span> <span class='ocrx_word' id='word_1_52' title='bbox 1652 1001 1762 1107; x_wconf 67' lang='lat' dir='ltr'><strong>Ncc</strong></span> 
     </span>
    </p>
   </div>
   <div class='ocr_carea' id='block_1_7' title="bbox 191 1103 1761 1199">
    <p class='ocr_par' dir='ltr' id='par_1_7' title="bbox 191 1103 1761 1199">
     <span class='ocr_line' id='line_1_7' title="bbox 191 1103 1761 1199; baseline -0.016 -25"><span class='ocrx_word' id='word_1_53' title='bbox 191 1116 606 1191; x_wconf 87' lang='lat' dir='ltr'><strong>potestamittere</strong></span> <span class='ocrx_word' id='word_1_54' title='bbox 626 1111 955 1181; x_wconf 76' lang='lat' dir='ltr'><strong>proximum,</strong></span> <span class='ocrx_word' id='word_1_55' title='bbox 989 1122 1144 1179; x_wconf 88' lang='lat' dir='ltr'><strong>quem</strong></span> <span class='ocrx_word' id='word_1_56' title='bbox 1172 1103 1342 1173; x_wconf 82' lang='lat' dir='ltr'><strong>diligit</strong></span> <span class='ocrx_word' id='word_1_57' title='bbox 1358 1112 1607 1199; x_wconf 75' lang='lat' dir='ltr'><strong>tanquam</strong></span> <span class='ocrx_word' id='word_1_58' title='bbox 1621 1103 1761 1199; x_wconf 69' lang='lat' dir='ltr'><strong>seip-</strong></span> 
     </span>
    </p>
   </div>
   <div class='ocr_carea' id='block_1_8' title="bbox 193 1186 1764 1278">
    <p class='ocr_par' dir='ltr' id='par_1_8' title="bbox 193 1186 1764 1278">
     <span class='ocr_line' id='line_1_8' title="bbox 193 1186 1764 1278; baseline -0.017 -12"><span class='ocrx_word' id='word_1_59' title='bbox 193 1186 295 1267; x_wconf 77' lang='lat' dir='ltr'><strong>sum</strong></span> <span class='ocrx_word' id='word_1_60' title='bbox 318 1206 474 1278; x_wconf 88' lang='lat' dir='ltr'><strong>;quia</strong></span> <span class='ocrx_word' id='word_1_61' title='bbox 496 1219 673 1274; x_wconf 90' lang='lat' dir='ltr'><strong>neque</strong></span> <span class='ocrx_word' id='word_1_62' title='bbox 693 1203 746 1256; x_wconf 92' lang='lat' dir='ltr'><strong>in</strong></span> <span class='ocrx_word' id='word_1_63' title='bbox 775 1200 954 1270; x_wconf 91' lang='lat' dir='ltr'><strong>seipso</strong></span> <span class='ocrx_word' id='word_1_64' title='bbox 970 1214 1032 1253; x_wconf 87' lang='lat' dir='ltr'><strong>ea</strong></span> <span class='ocrx_word' id='word_1_65' title='bbox 1054 1196 1224 1266; x_wconf 77' lang='lat' dir='ltr'><strong>diligit</strong></span> <span class='ocrx_word' id='word_1_66' title='bbox 1251 1208 1368 1264; x_wconf 78' lang='lat' dir='ltr'><strong>quae</strong></span> <span class='ocrx_word' id='word_1_67' title='bbox 1395 1191 1561 1247; x_wconf 88' lang='lat' dir='ltr'><strong>oculis</strong></span> <span class='ocrx_word' id='word_1_68' title='bbox 1588 1186 1764 1257; x_wconf 86' lang='lat' dir='ltr'><strong>subja-</strong></span> 
     </span>
    </p>
   </div>
   <div class='ocr_carea' id='block_1_9' title="bbox 193 1280 1767 1366">
    <p class='ocr_par' dir='ltr' id='par_1_9' title="bbox 193 1280 1767 1366">
     <span class='ocr_line' id='line_1_9' title="bbox 193 1280 1767 1366; baseline -0.014 -9"><span class='ocrx_word' id='word_1_69' title='bbox 193 1310 320 1366; x_wconf 87' lang='lat' dir='ltr'><strong>cent,</strong></span> <span class='ocrx_word' id='word_1_70' title='bbox 345 1308 437 1354; x_wconf 91' lang='lat' dir='ltr'><strong>aut</strong></span> <span class='ocrx_word' id='word_1_71' title='bbox 456 1298 582 1353; x_wconf 90' lang='lat' dir='ltr'><strong>ullis</strong></span> <span class='ocrx_word' id='word_1_72' title='bbox 599 1296 720 1351; x_wconf 89' lang='lat' dir='ltr'><strong>aliis</strong></span> <span class='ocrx_word' id='word_1_73' title='bbox 746 1294 985 1364; x_wconf 90' lang='lat' dir='ltr'><strong>corporis</strong></span> <span class='ocrx_word' id='word_1_74' title='bbox 1008 1290 1268 1347; x_wconf 87' lang='lat' dir='ltr'><strong>sensibus.</strong></span> <span class='ocrx_word' id='word_1_75' title='bbox 1293 1287 1430 1356; x_wconf 81' lang='lat' dir='ltr'><strong>Ergo</strong></span> <span class='ocrx_word' id='word_1_76' title='bbox 1456 1281 1597 1353; x_wconf 85' lang='lat' dir='ltr'><strong>apud</strong></span> <span class='ocrx_word' id='word_1_77' title='bbox 1624 1280 1767 1351; x_wconf 89' lang='lat' dir='ltr'><strong>seip-</strong></span> 
     </span>
    </p>
   </div>
   <div class='ocr_carea' id='block_1_10' title="bbox 194 1379 1458 1461">
    <p class='ocr_par' dir='ltr' id='par_1_10' title="bbox 194 1379 1458 1461">
     <span class='ocr_line' id='line_1_10' title="bbox 194 1379 1458 1461; baseline -0.016 -12"><span class='ocrx_word' id='word_1_78' title='bbox 194 1409 295 1449; x_wconf 89' lang='lat' dir='ltr'><strong>sum</strong></span> <span class='ocrx_word' id='word_1_79' title='bbox 326 1392 487 1446; x_wconf 81' lang='lat' dir='ltr'><strong>habet</strong></span> <span class='ocrx_word' id='word_1_80' title='bbox 507 1404 671 1461; x_wconf 86' lang='lat' dir='ltr'><strong>quem</strong></span> <span class='ocrx_word' id='word_1_81' title='bbox 699 1387 869 1457; x_wconf 78' lang='lat' dir='ltr'><strong>diligit</strong></span> <span class='ocrx_word' id='word_1_82' title='bbox 898 1394 1141 1455; x_wconf 84' lang='lat' dir='ltr'><strong>tanquam</strong></span> <span class='ocrx_word' id='word_1_83' title='bbox 1171 1379 1403 1449; x_wconf 89' lang='lat' dir='ltr'><strong>seipsum</strong></span> <span class='ocrx_word' id='word_1_84' title='bbox 1444 1415 1458 1429; x_wconf 95' lang='lat'><strong>.</strong></span> 
     </span>
    </p>
   </div>
   <div class='ocr_carea' id='block_1_11' title="bbox 254 1467 1768 1549">
    <p class='ocr_par' dir='ltr' id='par_1_11' title="bbox 254 1467 1768 1549">
     <span class='ocr_line' id='line_1_11' title="bbox 254 1467 1768 1549; baseline -0.013 -8"><span class='ocrx_word' id='word_1_85' title='bbox 254 1487 338 1541; x_wconf 80' lang='lat'><strong>87.</strong></span> <span class='ocrx_word' id='word_1_86' title='bbox 376 1483 457 1538; x_wconf 87' lang='lat' dir='ltr'><strong>Ea</strong></span> <span class='ocrx_word' id='word_1_87' title='bbox 491 1492 672 1538; x_wconf 90' lang='lat' dir='ltr'><strong>autem</strong></span> <span class='ocrx_word' id='word_1_88' title='bbox 699 1489 781 1536; x_wconf 87' lang='lat' dir='ltr'><strong>est</strong></span> <span class='ocrx_word' id='word_1_89' title='bbox 831 1477 1011 1549; x_wconf 87' lang='lat' dir='ltr'><strong>regula</strong></span> <span class='ocrx_word' id='word_1_90' title='bbox 1048 1473 1367 1539; x_wconf 88' lang='lat' dir='ltr'><strong>dilectionis,</strong></span> <span class='ocrx_word' id='word_1_91' title='bbox 1413 1478 1473 1525; x_wconf 93' lang='lat' dir='ltr'><strong>ut</strong></span> <span class='ocrx_word' id='word_1_92' title='bbox 1511 1485 1629 1541; x_wconf 80' lang='lat' dir='ltr'><strong>qua:</strong></span> <span class='ocrx_word' id='word_1_93' title='bbox 1665 1467 1768 1523; x_wconf 87' lang='lat' dir='ltr'><strong>sibi</strong></span> 
     </span>
    </p>
   </div>
   <div class='ocr_carea' id='block_1_12' title="bbox 191 1558 1768 1643">
    <p class='ocr_par' dir='ltr' id='par_1_12' title="bbox 191 1558 1768 1643">
     <span class='ocr_line' id='line_1_12' title="bbox 191 1558 1768 1643; baseline -0.011 -12"><span class='ocrx_word' id='word_1_94' title='bbox 191 1577 293 1630; x_wconf 76' lang='lat' dir='ltr'><strong>vult</strong></span> <span class='ocrx_word' id='word_1_95' title='bbox 309 1576 445 1629; x_wconf 87' lang='lat' dir='ltr'><strong>bona</strong></span> <span class='ocrx_word' id='word_1_96' title='bbox 477 1571 781 1643; x_wconf 80' lang='lat' dir='ltr'><strong>provenire,</strong></span> <span class='ocrx_word' id='word_1_97' title='bbox 812 1568 963 1624; x_wconf 90' lang='lat' dir='ltr'><strong>etilli</strong></span> <span class='ocrx_word' id='word_1_98' title='bbox 996 1567 1152 1631; x_wconf 89' lang='lat' dir='ltr'><strong>velit;</strong></span> <span class='ocrx_word' id='word_1_99' title='bbox 1184 1573 1237 1620; x_wconf 89' lang='lat' dir='ltr'><strong>et</strong></span> <span class='ocrx_word' id='word_1_100' title='bbox 1264 1578 1383 1635; x_wconf 69' lang='lat' dir='ltr'><strong>quae</strong></span> <span class='ocrx_word' id='word_1_101' title='bbox 1406 1560 1647 1617; x_wconf 84' lang='lat' dir='ltr'><strong>accidere</strong></span> <span class='ocrx_word' id='word_1_102' title='bbox 1668 1558 1768 1614; x_wconf 89' lang='lat' dir='ltr'><strong>sibi</strong></span> 
     </span>
    </p>
   </div>
   <div class='ocr_carea' id='block_1_13' title="bbox 194 1651 1770 1730">
    <p class='ocr_par' dir='ltr' id='par_1_13' title="bbox 194 1651 1770 1730">
     <span class='ocr_line' id='line_1_13' title="bbox 194 1651 1770 1730; baseline -0.013 -6"><span class='ocrx_word' id='word_1_103' title='bbox 194 1668 320 1723; x_wconf 84' lang='lat' dir='ltr'><strong>mala</strong></span> <span class='ocrx_word' id='word_1_104' title='bbox 346 1681 454 1721; x_wconf 91' lang='lat' dir='ltr'><strong>non</strong></span> <span class='ocrx_word' id='word_1_105' title='bbox 494 1664 632 1730; x_wconf 87' lang='lat' dir='ltr'><strong>vult,</strong></span> <span class='ocrx_word' id='word_1_106' title='bbox 656 1670 712 1717; x_wconf 92' lang='lat' dir='ltr'><strong>et</strong></span> <span class='ocrx_word' id='word_1_107' title='bbox 738 1661 815 1715; x_wconf 89' lang='lat' dir='ltr'><strong>illi</strong></span> <span class='ocrx_word' id='word_1_108' title='bbox 838 1660 969 1715; x_wconf 91' lang='lat' dir='ltr'><strong>nolit</strong></span> <span class='ocrx_word' id='word_1_109' title='bbox 993 1657 1141 1728; x_wconf 85' lang='lat' dir='ltr'><strong>(Tob.</strong></span> <span class='ocrx_word' id='word_1_110' title='bbox 1166 1671 1241 1722; x_wconf 85' lang='lat' dir='ltr'><strong>tv,</strong></span> <span class='ocrx_word' id='word_1_111' title='bbox 1273 1654 1397 1724; x_wconf 84' lang='lat' dir='ltr'><strong>l6):</strong></span> <span class='ocrx_word' id='word_1_112' title='bbox 1428 1654 1565 1707; x_wconf 86' lang='lat' dir='ltr'><strong>hanc</strong></span> <span class='ocrx_word' id='word_1_113' title='bbox 1584 1651 1770 1705; x_wconf 92' lang='lat' dir='ltr'><strong>volun-</strong></span> 
     </span>
    </p>
   </div>
   <div class='ocr_carea' id='block_1_14' title="bbox 192 1741 1769 1826">
    <p class='ocr_par' dir='ltr' id='par_1_14' title="bbox 192 1741 1769 1826">
     <span class='ocr_line' id='line_1_14' title="bbox 192 1741 1769 1826; baseline -0.01 -14"><span class='ocrx_word' id='word_1_114' title='bbox 192 1768 341 1813; x_wconf 81' lang='lat' dir='ltr'><strong>tatem</strong></span> <span class='ocrx_word' id='word_1_115' title='bbox 368 1772 495 1826; x_wconf 88' lang='lat' dir='ltr'><strong>erga</strong></span> <span class='ocrx_word' id='word_1_116' title='bbox 517 1768 708 1811; x_wconf 91' lang='lat' dir='ltr'><strong>omnes</strong></span> <span class='ocrx_word' id='word_1_117' title='bbox 723 1751 969 1807; x_wconf 85' lang='lat' dir='ltr'><strong>homines</strong></span> <span class='ocrx_word' id='word_1_118' title='bbox 995 1755 1190 1804; x_wconf 84' lang='lat' dir='ltr'><strong>servat.</strong></span> <span class='ocrx_word' id='word_1_119' title='bbox 1208 1745 1339 1801; x_wconf 89' lang='lat' dir='ltr'><strong>Nam</strong></span> <span class='ocrx_word' id='word_1_120' title='bbox 1364 1758 1487 1815; x_wconf 89' lang='lat' dir='ltr'><strong>erga</strong></span> <span class='ocrx_word' id='word_1_121' title='bbox 1506 1741 1769 1798; x_wconf 90' lang='lat' dir='ltr'><strong>neminem</strong></span> 
     </span>
    </p>
   </div>
   <div class='ocr_carea' id='block_1_15' title="bbox 192 1833 1773 1919">
    <p class='ocr_par' dir='ltr' id='par_1_15' title="bbox 192 1833 1773 1919">
     <span class='ocr_line' id='line_1_15' title="bbox 192 1833 1773 1919; baseline -0.012 -16"><span class='ocrx_word' id='word_1_122' title='bbox 192 1846 511 1919; x_wconf 86' lang='lat' dir='ltr'><strong>operandum</strong></span> <span class='ocrx_word' id='word_1_123' title='bbox 544 1853 633 1900; x_wconf 84' lang='lat' dir='ltr'><strong>est</strong></span> <span class='ocrx_word' id='word_1_124' title='bbox 682 1843 881 1899; x_wconf 90' lang='lat' dir='ltr'><strong>malum</strong></span> <span class='ocrx_word' id='word_1_125' title='bbox 912 1858 926 1895; x_wconf 88' lang='lat'><strong>:</strong></span> <span class='ocrx_word' id='word_1_126' title='bbox 954 1850 1009 1896; x_wconf 89' lang='lat' dir='ltr'><strong>et</strong></span> <span class='ocrx_word' id='word_1_127' title='bbox 1058 1837 1257 1892; x_wconf 82' lang='lat' dir='ltr'><strong>dilectio</strong></span> <span class='ocrx_word' id='word_1_128' title='bbox 1306 1834 1527 1906; x_wconf 79' lang='lat' dir='ltr'><strong>proximi</strong></span> <span class='ocrx_word' id='word_1_129' title='bbox 1582 1833 1773 1886; x_wconf 85' lang='lat' dir='ltr'><strong>malum</strong></span> 
     </span>
    </p>
   </div>
   <div class='ocr_carea' id='block_1_16' title="bbox 192 1930 1775 2011">
    <p class='ocr_par' dir='ltr' id='par_1_16' title="bbox 192 1930 1775 2011">
     <span class='ocr_line' id='line_1_16' title="bbox 192 1930 1775 2011; baseline -0.012 -14"><span class='ocrx_word' id='word_1_130' title='bbox 192 1960 284 1996; x_wconf 76' lang='lat' dir='ltr'><strong>non</strong></span> <span class='ocrx_word' id='word_1_131' title='bbox 333 1949 580 2011; x_wconf 78' lang='lat' dir='ltr'><strong>operatur</strong></span> <span class='ocrx_word' id='word_1_132' title='bbox 620 1937 801 2010; x_wconf 86' lang='lat' dir='ltr'><strong>(Rom.</strong></span> <span class='ocrx_word' id='word_1_133' title='bbox 865 1951 983 1998; x_wconf 78' lang='lat' dir='ltr'><strong>xm,</strong></span> <span class='ocrx_word' id='word_1_134' title='bbox 1030 1932 1142 2005; x_wconf 81' lang='lat' dir='ltr'><strong>IO).</strong></span> <span class='ocrx_word' id='word_1_135' title='bbox 1202 1930 1488 2000; x_wconf 88' lang='lat' dir='ltr'><strong>Diligamus</strong></span> <span class='ocrx_word' id='word_1_136' title='bbox 1537 1940 1684 1996; x_wconf 85' lang='lat' dir='ltr'><strong>ergo,</strong></span> <span class='ocrx_word' id='word_1_137' title='bbox 1718 1932 1775 1978; x_wconf 93' lang='lat' dir='ltr'><strong>ut</strong></span> 
     </span>
    </p>
   </div>
   <div class='ocr_carea' id='block_1_17' title="bbox 191 2014 1771 2105">
    <p class='ocr_par' dir='ltr' id='par_1_17' title="bbox 191 2014 1771 2105">
     <span class='ocr_line' id='line_1_17' title="bbox 191 2014 1771 2105; baseline -0.014 -15"><span class='ocrx_word' id='word_1_138' title='bbox 191 2042 512 2105; x_wconf 64' lang='lat' dir='ltr'><strong>prxceptum</strong></span> <span class='ocrx_word' id='word_1_139' title='bbox 537 2038 642 2096; x_wconf 89' lang='lat' dir='ltr'><strong>est,</strong></span> <span class='ocrx_word' id='word_1_140' title='bbox 662 2029 822 2085; x_wconf 84' lang='lat' dir='ltr'><strong>etiam</strong></span> <span class='ocrx_word' id='word_1_141' title='bbox 844 2025 1086 2081; x_wconf 89' lang='lat' dir='ltr'><strong>inimicos</strong></span> <span class='ocrx_word' id='word_1_142' title='bbox 1112 2030 1324 2077; x_wconf 89' lang='lat' dir='ltr'><strong>nostros</strong></span> <span class='ocrx_word' id='word_1_143' title='bbox 1343 2018 1551 2093; x_wconf 79' lang='lat' dir='ltr'><strong>(Matth.</strong></span> <span class='ocrx_word' id='word_1_144' title='bbox 1578 2033 1632 2082; x_wconf 88' lang='lat' dir='ltr'><strong>v,</strong></span> <span class='ocrx_word' id='word_1_145' title='bbox 1656 2014 1771 2086; x_wconf 68' lang='grc'><strong>44),</strong></span> 
     </span>
    </p>
   </div>
   <div class='ocr_carea' id='block_1_18' title="bbox 191 2108 1775 2180">
    <p class='ocr_par' dir='ltr' id='par_1_18' title="bbox 191 2108 1775 2180">
     <span class='ocr_line' id='line_1_18' title="bbox 191 2108 1775 2180; baseline -0.011 -2"><span class='ocrx_word' id='word_1_146' title='bbox 191 2125 233 2178; x_wconf 88' lang='lat' dir='ltr'><strong>si</strong></span> <span class='ocrx_word' id='word_1_147' title='bbox 260 2139 385 2179; x_wconf 87' lang='lat' dir='ltr'><strong>vere</strong></span> <span class='ocrx_word' id='word_1_148' title='bbox 415 2122 601 2177; x_wconf 87' lang='lat' dir='ltr'><strong>invicti</strong></span> <span class='ocrx_word' id='word_1_149' title='bbox 632 2135 752 2175; x_wconf 90' lang='lat' dir='ltr'><strong>esse</strong></span> <span class='ocrx_word' id='word_1_150' title='bbox 776 2119 1038 2173; x_wconf 90' lang='lat' dir='ltr'><strong>volumus.</strong></span> <span class='ocrx_word' id='word_1_151' title='bbox 1071 2113 1184 2168; x_wconf 88' lang='lat' dir='ltr'><strong>Non</strong></span> <span class='ocrx_word' id='word_1_152' title='bbox 1228 2112 1373 2166; x_wconf 90' lang='lat' dir='ltr'><strong>enim</strong></span> <span class='ocrx_word' id='word_1_153' title='bbox 1419 2125 1516 2180; x_wconf 91' lang='lat' dir='ltr'><strong>per</strong></span> <span class='ocrx_word' id='word_1_154' title='bbox 1542 2108 1775 2178; x_wconf 90' lang='lat' dir='ltr'><strong>seipsum</strong></span> 
     </span>
    </p>
   </div>
   <div class='ocr_carea' id='block_1_19' title="bbox 191 2199 1776 2285">
    <p class='ocr_par' dir='ltr' id='par_1_19' title="bbox 191 2199 1776 2285">
     <span class='ocr_line' id='line_1_19' title="bbox 191 2199 1776 2285; baseline -0.01 -16"><span class='ocrx_word' id='word_1_155' title='bbox 191 2216 460 2285; x_wconf 85' lang='lat' dir='ltr'><strong>quisquam</strong></span> <span class='ocrx_word' id='word_1_156' title='bbox 513 2210 791 2266; x_wconf 84' lang='lat' dir='ltr'><strong>hominum</strong></span> <span class='ocrx_word' id='word_1_157' title='bbox 845 2207 1070 2263; x_wconf 90' lang='lat' dir='ltr'><strong>invictus</strong></span> <span class='ocrx_word' id='word_1_158' title='bbox 1098 2213 1213 2268; x_wconf 85' lang='lat' dir='ltr'><strong>est;</strong></span> <span class='ocrx_word' id='word_1_159' title='bbox 1245 2202 1341 2258; x_wconf 91' lang='lat' dir='ltr'><strong>sed</strong></span> <span class='ocrx_word' id='word_1_160' title='bbox 1388 2217 1481 2272; x_wconf 89' lang='lat' dir='ltr'><strong>per</strong></span> <span class='ocrx_word' id='word_1_161' title='bbox 1518 2201 1664 2255; x_wconf 89' lang='lat' dir='ltr'><strong>illam</strong></span> <span class='ocrx_word' id='word_1_162' title='bbox 1692 2199 1776 2253; x_wconf 83' lang='lat' dir='ltr'><strong>in-</strong></span> 
     </span>
    </p>
   </div>
   <div class='ocr_carea' id='block_1_20' title="bbox 192 2289 1778 2371">
    <p class='ocr_par' dir='ltr' id='par_1_20' title="bbox 192 2289 1778 2371">
     <span class='ocr_line' id='line_1_20' title="bbox 192 2289 1778 2371; baseline -0.01 -11"><span class='ocrx_word' id='word_1_163' title='bbox 192 2303 622 2359; x_wconf 82' lang='lat' dir='ltr'><strong>commutabilem</strong></span> <span class='ocrx_word' id='word_1_164' title='bbox 648 2302 841 2371; x_wconf 80' lang='lat' dir='ltr'><strong>legem,</strong></span> <span class='ocrx_word' id='word_1_165' title='bbox 890 2298 974 2354; x_wconf 94' lang='lat' dir='ltr'><strong>cui</strong></span> <span class='ocrx_word' id='word_1_166' title='bbox 1013 2296 1331 2367; x_wconf 91' lang='lat' dir='ltr'><strong>quicumque</strong></span> <span class='ocrx_word' id='word_1_167' title='bbox 1380 2292 1635 2355; x_wconf 88' lang='lat' dir='ltr'><strong>serviunt,</strong></span> <span class='ocrx_word' id='word_1_168' title='bbox 1678 2289 1778 2344; x_wconf 93' lang='lat' dir='ltr'><strong>soli</strong></span> 
     </span>
    </p>
   </div>
   <div class='ocr_carea' id='block_1_21' title="bbox 192 2385 1780 2460">
    <p class='ocr_par' dir='ltr' id='par_1_21' title="bbox 192 2385 1780 2460">
     <span class='ocr_line' id='line_1_21' title="bbox 192 2385 1780 2460; baseline -0.008 -9"><span class='ocrx_word' id='word_1_169' title='bbox 192 2405 311 2451; x_wconf 85' lang='lat' dir='ltr'><strong>sunt</strong></span> <span class='ocrx_word' id='word_1_170' title='bbox 359 2395 537 2451; x_wconf 86' lang='lat' dir='ltr'><strong>liberi.</strong></span> <span class='ocrx_word' id='word_1_171' title='bbox 579 2394 672 2450; x_wconf 90' lang='lat' dir='ltr'><strong>Sic</strong></span> <span class='ocrx_word' id='word_1_172' title='bbox 699 2393 840 2449; x_wconf 90' lang='lat' dir='ltr'><strong>enim</strong></span> <span class='ocrx_word' id='word_1_173' title='bbox 892 2390 972 2446; x_wconf 86' lang='lat' dir='ltr'><strong>eis</strong></span> <span class='ocrx_word' id='word_1_174' title='bbox 1014 2388 1152 2460; x_wconf 89' lang='lat' dir='ltr'><strong>quod</strong></span> <span class='ocrx_word' id='word_1_175' title='bbox 1195 2386 1419 2457; x_wconf 87' lang='lat' dir='ltr'><strong>diligunt</strong></span> <span class='ocrx_word' id='word_1_176' title='bbox 1450 2385 1645 2441; x_wconf 88' lang='lat' dir='ltr'><strong>auferri</strong></span> <span class='ocrx_word' id='word_1_177' title='bbox 1674 2400 1780 2439; x_wconf 92' lang='lat' dir='ltr'><strong>non</strong></span> 
     </span>
    </p>
   </div>
   <div class='ocr_carea' id='block_1_22' title="bbox 195 2474 1777 2556">
    <p class='ocr_par' dir='ltr' id='par_1_22' title="bbox 195 2474 1777 2556">
     <span class='ocr_line' id='line_1_22' title="bbox 195 2474 1777 2556; baseline -0.01 -14"><span class='ocrx_word' id='word_1_178' title='bbox 195 2494 363 2556; x_wconf 82' lang='lat' dir='ltr'><strong>potest</strong></span> <span class='ocrx_word' id='word_1_179' title='bbox 391 2504 406 2541; x_wconf 91' lang='lat'>:</span> <span class='ocrx_word' id='word_1_180' title='bbox 434 2500 559 2555; x_wconf 68' lang='lat' dir='ltr'><strong>quae</strong></span> <span class='ocrx_word' id='word_1_181' title='bbox 578 2498 671 2540; x_wconf 88' lang='lat' dir='ltr'><strong>res</strong></span> <span class='ocrx_word' id='word_1_182' title='bbox 696 2497 799 2537; x_wconf 90' lang='lat' dir='ltr'><strong>una</strong></span> <span class='ocrx_word' id='word_1_183' title='bbox 825 2481 1049 2535; x_wconf 84' lang='lat' dir='ltr'><strong>invictos</strong></span> <span class='ocrx_word' id='word_1_184' title='bbox 1098 2478 1221 2533; x_wconf 80' lang='lat' dir='ltr'><strong>facit</strong></span> <span class='ocrx_word' id='word_1_185' title='bbox 1250 2486 1304 2532; x_wconf 91' lang='lat' dir='ltr'><strong>et</strong></span> <span class='ocrx_word' id='word_1_186' title='bbox 1333 2475 1590 2548; x_wconf 88' lang='lat' dir='ltr'><strong>perfectos</strong></span> <span class='ocrx_word' id='word_1_187' title='bbox 1616 2474 1777 2528; x_wconf 92' lang='lat' dir='ltr'><strong>viros.</strong></span> 
     </span>
    </p>
   </div>
   <div class='ocr_carea' id='block_1_23' title="bbox 194 2568 1782 2646">
    <p class='ocr_par' dir='ltr' id='par_1_23' title="bbox 194 2568 1782 2646">
     <span class='ocr_line' id='line_1_23' title="bbox 194 2568 1782 2646; baseline -0.009 -13"><span class='ocrx_word' id='word_1_188' title='bbox 194 2575 319 2632; x_wconf 79' lang='lat' dir='ltr'><strong>Nam</strong></span> <span class='ocrx_word' id='word_1_189' title='bbox 346 2576 394 2632; x_wconf 91' lang='lat' dir='ltr'><strong>si</strong></span> <span class='ocrx_word' id='word_1_190' title='bbox 422 2576 512 2630; x_wconf 85' lang='lat' dir='ltr'><strong>vel</strong></span> <span class='ocrx_word' id='word_1_191' title='bbox 537 2576 713 2646; x_wconf 89' lang='lat' dir='ltr'><strong>ipsum</strong></span> <span class='ocrx_word' id='word_1_192' title='bbox 751 2572 1019 2627; x_wconf 86' lang='lat' dir='ltr'><strong>hominem</strong></span> <span class='ocrx_word' id='word_1_193' title='bbox 1051 2569 1212 2624; x_wconf 89' lang='lat' dir='ltr'><strong>homo</strong></span> <span class='ocrx_word' id='word_1_194' title='bbox 1232 2568 1495 2630; x_wconf 82' lang='lat' dir='ltr'><strong>dilexerit,</strong></span> <span class='ocrx_word' id='word_1_195' title='bbox 1527 2580 1632 2621; x_wconf 92' lang='lat' dir='ltr'><strong>non</strong></span> <span class='ocrx_word' id='word_1_196' title='bbox 1662 2574 1782 2619; x_wconf 90' lang='lat' dir='ltr'><strong>tan-</strong></span> 
     </span>
    </p>
   </div>
   <div class='ocr_carea' id='block_1_24' title="bbox 196 2659 1777 2740">
    <p class='ocr_par' dir='ltr' id='par_1_24' title="bbox 196 2659 1777 2740">
     <span class='ocr_line' id='line_1_24' title="bbox 196 2659 1777 2740; baseline -0.008 -15"><span class='ocrx_word' id='word_1_197' title='bbox 196 2684 349 2740; x_wconf 82' lang='lat' dir='ltr'><strong>quam</strong></span> <span class='ocrx_word' id='word_1_198' title='bbox 378 2668 641 2739; x_wconf 88' lang='lat' dir='ltr'><strong>seipsum,</strong></span> <span class='ocrx_word' id='word_1_199' title='bbox 669 2664 764 2722; x_wconf 91' lang='lat' dir='ltr'><strong>sed</strong></span> <span class='ocrx_word' id='word_1_200' title='bbox 786 2674 1033 2735; x_wconf 88' lang='lat' dir='ltr'><strong>tanquam</strong></span> <span class='ocrx_word' id='word_1_201' title='bbox 1055 2664 1376 2733; x_wconf 87' lang='lat' dir='ltr'><strong>jumentum,</strong></span> <span class='ocrx_word' id='word_1_202' title='bbox 1402 2668 1492 2714; x_wconf 91' lang='lat' dir='ltr'><strong>aut</strong></span> <span class='ocrx_word' id='word_1_203' title='bbox 1538 2659 1777 2726; x_wconf 85' lang='lat' dir='ltr'><strong>balneas,</strong></span> 
     </span>
    </p>
   </div>
   <div class='ocr_carea' id='block_1_25' title="bbox 195 2750 1786 2829">
    <p class='ocr_par' dir='ltr' id='par_1_25' title="bbox 195 2750 1786 2829">
     <span class='ocr_line' id='line_1_25' title="bbox 195 2750 1786 2829; baseline -0.006 -15"><span class='ocrx_word' id='word_1_204' title='bbox 195 2770 284 2816; x_wconf 87' lang='lat' dir='ltr'><strong>aut</strong></span> <span class='ocrx_word' id='word_1_205' title='bbox 298 2761 563 2817; x_wconf 82' lang='lat' dir='ltr'><strong>aviculam</strong></span> <span class='ocrx_word' id='word_1_206' title='bbox 595 2758 790 2829; x_wconf 88' lang='lat' dir='ltr'><strong>pictam</strong></span> <span class='ocrx_word' id='word_1_207' title='bbox 813 2758 894 2812; x_wconf 90' lang='lat' dir='ltr'><strong>vel</strong></span> <span class='ocrx_word' id='word_1_208' title='bbox 911 2757 1195 2828; x_wconf 78' lang='lat' dir='ltr'><strong>garrulam,</strong></span> <span class='ocrx_word' id='word_1_209' title='bbox 1224 2753 1275 2808; x_wconf 90' lang='lat' dir='ltr'><strong>id</strong></span> <span class='ocrx_word' id='word_1_210' title='bbox 1302 2762 1404 2820; x_wconf 92' lang='lat' dir='ltr'><strong>est,</strong></span> <span class='ocrx_word' id='word_1_211' title='bbox 1432 2761 1490 2807; x_wconf 93' lang='lat' dir='ltr'><strong>ut</strong></span> <span class='ocrx_word' id='word_1_212' title='bbox 1517 2768 1585 2807; x_wconf 82' lang='lat' dir='ltr'><strong>ex</strong></span> <span class='ocrx_word' id='word_1_213' title='bbox 1599 2766 1664 2806; x_wconf 88' lang='lat' dir='ltr'><strong>eo</strong></span> <span class='ocrx_word' id='word_1_214' title='bbox 1690 2750 1786 2805; x_wconf 83' lang='lat' dir='ltr'><strong>ali-</strong></span> 
     </span>
    </p>
   </div>
   <div class='ocr_carea' id='block_1_26' title="bbox 198 2844 1787 2923">
    <p class='ocr_par' dir='ltr' id='par_1_26' title="bbox 198 2844 1787 2923">
     <span class='ocr_line' id='line_1_26' title="bbox 198 2844 1787 2923; baseline -0.008 -14"><span class='ocrx_word' id='word_1_215' title='bbox 198 2850 321 2923; x_wconf 82' lang='lat' dir='ltr'><strong>quid</strong></span> <span class='ocrx_word' id='word_1_216' title='bbox 354 2850 674 2921; x_wconf 82' lang='lat' dir='ltr'><strong>temporalis</strong></span> <span class='ocrx_word' id='word_1_217' title='bbox 718 2847 1003 2919; x_wconf 86' lang='lat' dir='ltr'><strong>voluptatis</strong></span> <span class='ocrx_word' id='word_1_218' title='bbox 1028 2855 1121 2901; x_wconf 90' lang='lat' dir='ltr'><strong>aut</strong></span> <span class='ocrx_word' id='word_1_219' title='bbox 1145 2844 1412 2902; x_wconf 91' lang='lat' dir='ltr'><strong>commodi</strong></span> <span class='ocrx_word' id='word_1_220' title='bbox 1440 2844 1642 2913; x_wconf 88' lang='lat' dir='ltr'><strong>capiat;</strong></span> <span class='ocrx_word' id='word_1_221' title='bbox 1674 2857 1787 2898; x_wconf 80' lang='lat' dir='ltr'><strong>ser-</strong></span> 
     </span>
    </p>
   </div>
   <div class='ocr_carea' id='block_1_27' title="bbox 198 2934 1785 3007">
    <p class='ocr_par' dir='ltr' id='par_1_27' title="bbox 198 2934 1785 3007">
     <span class='ocr_line' id='line_1_27' title="bbox 198 2934 1785 3007; baseline -0.004 -12"><span class='ocrx_word' id='word_1_222' title='bbox 198 2942 304 2996; x_wconf 81' lang='lat' dir='ltr'><strong>viat</strong></span> <span class='ocrx_word' id='word_1_223' title='bbox 328 2957 559 2998; x_wconf 88' lang='lat' dir='ltr'><strong>necesse</strong></span> <span class='ocrx_word' id='word_1_224' title='bbox 586 2950 691 3007; x_wconf 92' lang='lat' dir='ltr'><strong>est,</strong></span> <span class='ocrx_word' id='word_1_225' title='bbox 746 2955 855 2995; x_wconf 92' lang='lat' dir='ltr'><strong>non</strong></span> <span class='ocrx_word' id='word_1_226' title='bbox 886 2938 1104 3003; x_wconf 89' lang='lat' dir='ltr'><strong>homini,</strong></span> <span class='ocrx_word' id='word_1_227' title='bbox 1135 2937 1248 3004; x_wconf 88' lang='lat' dir='ltr'><strong>sed,</strong></span> <span class='ocrx_word' id='word_1_228' title='bbox 1280 2935 1418 3005; x_wconf 89' lang='lat' dir='ltr'><strong>quod</strong></span> <span class='ocrx_word' id='word_1_229' title='bbox 1456 2944 1537 2990; x_wconf 86' lang='lat' dir='ltr'><strong>est</strong></span> <span class='ocrx_word' id='word_1_230' title='bbox 1564 2934 1785 3004; x_wconf 88' lang='lat' dir='ltr'><strong>turpius,</strong></span> 
     </span>
    </p>
   </div>
   <div class='ocr_carea' id='block_1_28' title="bbox 200 3024 1788 3098">
    <p class='ocr_par' dir='ltr' id='par_1_28' title="bbox 200 3024 1788 3098">
     <span class='ocr_line' id='line_1_28' title="bbox 200 3024 1788 3098; baseline -0.004 -13"><span class='ocrx_word' id='word_1_231' title='bbox 200 3040 307 3086; x_wconf 84' lang='lat' dir='ltr'><strong>tam</strong></span> <span class='ocrx_word' id='word_1_232' title='bbox 348 3030 493 3087; x_wconf 73' lang='lat' dir='ltr'><strong>fcedo</strong></span> <span class='ocrx_word' id='word_1_233' title='bbox 517 3039 590 3088; x_wconf 88' lang='lat' dir='ltr'><strong>.et</strong></span> <span class='ocrx_word' id='word_1_234' title='bbox 641 3028 944 3084; x_wconf 89' lang='lat' dir='ltr'><strong>detestabili</strong></span> <span class='ocrx_word' id='word_1_235' title='bbox 973 3028 1121 3093; x_wconf 92' lang='lat' dir='ltr'><strong>vitio,</strong></span> <span class='ocrx_word' id='word_1_236' title='bbox 1159 3041 1265 3098; x_wconf 91' lang='lat' dir='ltr'><strong>quo</strong></span> <span class='ocrx_word' id='word_1_237' title='bbox 1307 3041 1415 3079; x_wconf 90' lang='lat' dir='ltr'><strong>non</strong></span> <span class='ocrx_word' id='word_1_238' title='bbox 1442 3032 1585 3079; x_wconf 89' lang='lat' dir='ltr'><strong>amat</strong></span> <span class='ocrx_word' id='word_1_239' title='bbox 1613 3024 1788 3079; x_wconf 91' lang='lat' dir='ltr'><strong>homi-</strong></span> 
     </span>
    </p>
   </div>
   <div class='ocr_carea' id='block_1_29' title="bbox 201 3116 1791 3184">
    <p class='ocr_par' dir='ltr' id='par_1_29' title="bbox 201 3116 1791 3184">
     <span class='ocr_line' id='line_1_29' title="bbox 201 3116 1791 3184; baseline -0.002 -11"><span class='ocrx_word' id='word_1_240' title='bbox 201 3135 320 3174; x_wconf 85' lang='lat' dir='ltr'><strong>nem</strong></span> <span class='ocrx_word' id='word_1_241' title='bbox 341 3121 482 3176; x_wconf 89' lang='lat' dir='ltr'><strong>sicut</strong></span> <span class='ocrx_word' id='word_1_242' title='bbox 494 3121 655 3174; x_wconf 87' lang='lat' dir='ltr'><strong>homo</strong></span> <span class='ocrx_word' id='word_1_243' title='bbox 674 3119 933 3173; x_wconf 90' lang='lat' dir='ltr'><strong>amandus</strong></span> <span class='ocrx_word' id='word_1_244' title='bbox 958 3126 1059 3173; x_wconf 89' lang='lat' dir='ltr'><strong>est.</strong></span> <span class='ocrx_word' id='word_1_245' title='bbox 1072 3117 1189 3184; x_wconf 92' lang='lat' dir='ltr'><strong>Quo</strong></span> <span class='ocrx_word' id='word_1_246' title='bbox 1204 3118 1332 3171; x_wconf 90' lang='lat' dir='ltr'><strong>vitio</strong></span> <span class='ocrx_word' id='word_1_247' title='bbox 1349 3116 1675 3182; x_wconf 90' lang='lat' dir='ltr'><strong>dominante,</strong></span> <span class='ocrx_word' id='word_1_248' title='bbox 1698 3131 1791 3170; x_wconf 89' lang='lat' dir='ltr'><strong>us-</strong></span> 
     </span>
    </p>
   </div>
   <div class='ocr_carea' id='block_1_30' title="bbox 201 3207 1871 3280">
    <p class='ocr_par' dir='ltr' id='par_1_30' title="bbox 201 3207 1871 3280">
     <span class='ocr_line' id='line_1_30' title="bbox 201 3207 1871 3280; baseline -0.004 -14"><span class='ocrx_word' id='word_1_249' title='bbox 201 3226 305 3280; x_wconf 87' lang='lat' dir='ltr'><strong>que</strong></span> <span class='ocrx_word' id='word_1_250' title='bbox 321 3210 389 3265; x_wconf 87' lang='lat' dir='ltr'><strong>ad</strong></span> <span class='ocrx_word' id='word_1_251' title='bbox 399 3221 695 3269; x_wconf 80' lang='lat' dir='ltr'><strong>extremam</strong></span> <span class='ocrx_word' id='word_1_252' title='bbox 716 3210 897 3277; x_wconf 88' lang='lat' dir='ltr'><strong>vitam,</strong></span> <span class='ocrx_word' id='word_1_253' title='bbox 915 3209 1000 3264; x_wconf 92' lang='lat' dir='ltr'><strong>vel</strong></span> <span class='ocrx_word' id='word_1_254' title='bbox 1023 3208 1199 3279; x_wconf 91' lang='lat' dir='ltr'><strong>potius</strong></span> <span class='ocrx_word' id='word_1_255' title='bbox 1220 3216 1444 3263; x_wconf 90' lang='lat' dir='ltr'><strong>mortem</strong></span> <span class='ocrx_word' id='word_1_256' title='bbox 1462 3207 1789 3277; x_wconf 90' lang='lat' dir='ltr'><strong>perducitur.</strong></span> <span class='ocrx_word' id='word_1_257' title='bbox 1856 3224 1871 3245; x_wconf 67' lang='grc' dir='ltr'><strong>ε</strong></span> 
     </span>
    </p>
   </div>
   <div class='ocr_carea' id='block_1_31' title="bbox 273 3299 1790 3373">
    <p class='ocr_par' dir='ltr' id='par_1_31' title="bbox 273 3299 1790 3373">
     <span class='ocr_line' id='line_1_31' title="bbox 273 3299 1790 3373; baseline -0.003 -14"><span class='ocrx_word' id='word_1_258' title='bbox 273 3302 360 3359; x_wconf 88' lang='lat'><strong>88.</strong></span> <span class='ocrx_word' id='word_1_259' title='bbox 401 3302 625 3359; x_wconf 87' lang='lat' dir='ltr'><strong>Sednec</strong></span> <span class='ocrx_word' id='word_1_260' title='bbox 652 3302 731 3357; x_wconf 88' lang='lat' dir='ltr'><strong>sic</strong></span> <span class='ocrx_word' id='word_1_261' title='bbox 759 3301 973 3373; x_wconf 87' lang='lat' dir='ltr'><strong>quidem</strong></span> <span class='ocrx_word' id='word_1_262' title='bbox 1014 3301 1081 3356; x_wconf 90' lang='lat' dir='ltr'><strong>ab</strong></span> <span class='ocrx_word' id='word_1_263' title='bbox 1112 3300 1327 3355; x_wconf 85' lang='lat' dir='ltr'><strong>homine</strong></span> <span class='ocrx_word' id='word_1_264' title='bbox 1378 3300 1537 3355; x_wconf 92' lang='lat' dir='ltr'><strong>homo</strong></span> <span class='ocrx_word' id='word_1_265' title='bbox 1565 3299 1790 3370; x_wconf 87' lang='lat' dir='ltr'><strong>diligen-</strong></span> 
     </span>
    </p>
   </div>
   <div class='ocr_carea' id='block_1_32' title="bbox 203 3391 1795 3464">
    <p class='ocr_par' dir='ltr' id='par_1_32' title="bbox 203 3391 1795 3464">
     <span class='ocr_line' id='line_1_32' title="bbox 203 3391 1795 3464; baseline -0.001 -17"><span class='ocrx_word' id='word_1_266' title='bbox 203 3393 303 3447; x_wconf 87' lang='lat' dir='ltr'><strong>dus</strong></span> <span class='ocrx_word' id='word_1_267' title='bbox 320 3402 421 3458; x_wconf 64' lang='lat' dir='ltr'><strong>est,</strong></span> <span class='ocrx_word' id='word_1_268' title='bbox 439 3404 496 3448; x_wconf 93' lang='lat' dir='ltr'><strong>ut</strong></span> <span class='ocrx_word' id='word_1_269' title='bbox 519 3394 811 3464; x_wconf 88' lang='lat' dir='ltr'><strong>diliguntur</strong></span> <span class='ocrx_word' id='word_1_270' title='bbox 838 3393 1078 3448; x_wconf 88' lang='lat' dir='ltr'><strong>carnales</strong></span> <span class='ocrx_word' id='word_1_271' title='bbox 1093 3391 1307 3457; x_wconf 88' lang='lat' dir='ltr'><strong>fratres,</strong></span> <span class='ocrx_word' id='word_1_272' title='bbox 1328 3392 1411 3447; x_wconf 90' lang='lat' dir='ltr'><strong>vel</strong></span> <span class='ocrx_word' id='word_1_273' title='bbox 1428 3391 1542 3459; x_wconf 87' lang='lat' dir='ltr'><strong>lilii,</strong></span> <span class='ocrx_word' id='word_1_274' title='bbox 1557 3391 1640 3446; x_wconf 91' lang='lat' dir='ltr'><strong>vel</strong></span> <span class='ocrx_word' id='word_1_275' title='bbox 1666 3406 1795 3445; x_wconf 90' lang='lat' dir='ltr'><strong>con-</strong></span> 
     </span>
    </p>
   </div>
   <div class='ocr_carea' id='block_1_33' title="bbox 199 3481 1791 3554">
    <p class='ocr_par' dir='ltr' id='par_1_33' title="bbox 199 3481 1791 3554">
     <span class='ocr_line' id='line_1_33' title="bbox 199 3481 1791 3554; baseline -0.002 -15"><span class='ocrx_word' id='word_1_276' title='bbox 199 3482 373 3554; x_wconf 82' lang='lat' dir='ltr'><strong>iuges,</strong></span> <span class='ocrx_word' id='word_1_277' title='bbox 401 3483 487 3538; x_wconf 86' lang='lat' dir='ltr'><strong>vel</strong></span> <span class='ocrx_word' id='word_1_278' title='bbox 525 3485 721 3554; x_wconf 87' lang='lat' dir='ltr'><strong>quique</strong></span> <span class='ocrx_word' id='word_1_279' title='bbox 767 3483 997 3553; x_wconf 88' lang='lat' dir='ltr'><strong>cognati,</strong></span> <span class='ocrx_word' id='word_1_280' title='bbox 1026 3482 1109 3537; x_wconf 89' lang='lat' dir='ltr'><strong>vel</strong></span> <span class='ocrx_word' id='word_1_281' title='bbox 1139 3482 1328 3537; x_wconf 86' lang='lat' dir='ltr'><strong>aflines</strong></span> <span class='ocrx_word' id='word_1_282' title='bbox 1348 3489 1441 3536; x_wconf 90' lang='lat' dir='ltr'><strong>aut</strong></span> <span class='ocrx_word' id='word_1_283' title='bbox 1469 3482 1631 3537; x_wconf 89' lang='lat' dir='ltr'><strong>cives.</strong></span> <span class='ocrx_word' id='word_1_284' title='bbox 1660 3481 1791 3537; x_wconf 86' lang='lat' dir='ltr'><strong>Nam</strong></span> 
     </span>
    </p>
   </div>
   <div class='ocr_carea' id='block_1_34' title="bbox 206 3571 1795 3644">
    <p class='ocr_par' dir='ltr' id='par_1_34' title="bbox 206 3571 1795 3644">
     <span class='ocr_line' id='line_1_34' title="bbox 206 3571 1795 3644; baseline 0 -17"><span class='ocrx_word' id='word_1_285' title='bbox 206 3582 261 3627; x_wconf 90' lang='lat' dir='ltr'><strong>et</strong></span> <span class='ocrx_word' id='word_1_286' title='bbox 285 3572 501 3629; x_wconf 88' lang='lat' dir='ltr'><strong>dilectio</strong></span> <span class='ocrx_word' id='word_1_287' title='bbox 549 3572 648 3628; x_wconf 90' lang='lat' dir='ltr'><strong>ista</strong></span> <span class='ocrx_word' id='word_1_288' title='bbox 690 3573 997 3644; x_wconf 85' lang='lat' dir='ltr'><strong>temporalis</strong></span> <span class='ocrx_word' id='word_1_289' title='bbox 1049 3580 1149 3628; x_wconf 89' lang='lat' dir='ltr'><strong>est.</strong></span> <span class='ocrx_word' id='word_1_290' title='bbox 1195 3571 1310 3627; x_wconf 86' lang='lat' dir='ltr'><strong>Non</strong></span> <span class='ocrx_word' id='word_1_291' title='bbox 1331 3571 1471 3627; x_wconf 92' lang='lat' dir='ltr'><strong>enim</strong></span> <span class='ocrx_word' id='word_1_292' title='bbox 1501 3572 1636 3627; x_wconf 83' lang='lat' dir='ltr'><strong>ullas</strong></span> <span class='ocrx_word' id='word_1_293' title='bbox 1665 3572 1795 3628; x_wconf 90' lang='lat' dir='ltr'><strong>tales</strong></span> 
     </span>
    </p>
   </div>
   <div class='ocr_carea' id='block_1_35' title="bbox 206 3663 1797 3735">
    <p class='ocr_par' dir='ltr' id='par_1_35' title="bbox 206 3663 1797 3735">
     <span class='ocr_line' id='line_1_35' title="bbox 206 3663 1797 3735; baseline 0.002 -18"><span class='ocrx_word' id='word_1_294' title='bbox 206 3664 631 3720; x_wconf 84' lang='lat' dir='ltr'><strong>necessitudines</strong></span> <span class='ocrx_word' id='word_1_295' title='bbox 652 3664 990 3729; x_wconf 89' lang='lat' dir='ltr'><strong>haberemus,</strong></span> <span class='ocrx_word' id='word_1_296' title='bbox 1008 3679 1126 3735; x_wconf 64' lang='lat' dir='ltr'><strong>quae</strong></span> <span class='ocrx_word' id='word_1_297' title='bbox 1143 3663 1414 3719; x_wconf 88' lang='lat' dir='ltr'><strong>nascendo</strong></span> <span class='ocrx_word' id='word_1_298' title='bbox 1439 3672 1493 3719; x_wconf 91' lang='lat' dir='ltr'><strong>et</strong></span> <span class='ocrx_word' id='word_1_299' title='bbox 1516 3664 1797 3720; x_wconf 90' lang='lat' dir='ltr'><strong>moriendo</strong></span> 
     </span>
    </p>
   </div>
   <div class='ocr_carea' id='block_1_36' title="bbox 205 3756 1797 3827">
    <p class='ocr_par' dir='ltr' id='par_1_36' title="bbox 205 3756 1797 3827">
     <span class='ocr_line' id='line_1_36' title="bbox 205 3756 1797 3827; baseline 0.002 -17"><span class='ocrx_word' id='word_1_300' title='bbox 205 3756 542 3826; x_wconf 87' lang='lat' dir='ltr'><strong>contingunt,</strong></span> <span class='ocrx_word' id='word_1_301' title='bbox 572 3757 618 3811; x_wconf 90' lang='lat' dir='ltr'><strong>si</strong></span> <span class='ocrx_word' id='word_1_302' title='bbox 643 3767 833 3811; x_wconf 90' lang='lat' dir='ltr'><strong>natura</strong></span> <span class='ocrx_word' id='word_1_303' title='bbox 862 3764 1041 3810; x_wconf 89' lang='lat' dir='ltr'><strong>nostra</strong></span> <span class='ocrx_word' id='word_1_304' title='bbox 1090 3757 1143 3811; x_wconf 92' lang='lat' dir='ltr'><strong>in</strong></span> <span class='ocrx_word' id='word_1_305' title='bbox 1164 3756 1463 3826; x_wconf 74' lang='lat' dir='ltr'><strong>pneceptis,</strong></span> <span class='ocrx_word' id='word_1_306' title='bbox 1491 3764 1546 3811; x_wconf 91' lang='lat' dir='ltr'><strong>et</strong></span> <span class='ocrx_word' id='word_1_307' title='bbox 1570 3756 1797 3827; x_wconf 76' lang='lat' dir='ltr'><strong>imagine</strong></span> 
     </span>
    </p>
   </div>
   <div class='ocr_carea' id='block_1_37' title="bbox 206 3848 1798 3920">
    <p class='ocr_par' dir='ltr' id='par_1_37' title="bbox 206 3848 1798 3920">
     <span class='ocr_line' id='line_1_37' title="bbox 206 3848 1798 3920; baseline 0.002 -17"><span class='ocrx_word' id='word_1_308' title='bbox 206 3848 301 3903; x_wconf 91' lang='lat' dir='ltr'><strong>Dei</strong></span> <span class='ocrx_word' id='word_1_309' title='bbox 324 3863 573 3917; x_wconf 88' lang='lat' dir='ltr'><strong>manens,</strong></span> <span class='ocrx_word' id='word_1_310' title='bbox 598 3849 651 3903; x_wconf 92' lang='lat' dir='ltr'><strong>in</strong></span> <span class='ocrx_word' id='word_1_311' title='bbox 692 3849 848 3904; x_wconf 90' lang='lat' dir='ltr'><strong>istam</strong></span> <span class='ocrx_word' id='word_1_312' title='bbox 892 3849 1288 3919; x_wconf 87' lang='lat' dir='ltr'><strong>corruptionem</strong></span> <span class='ocrx_word' id='word_1_313' title='bbox 1321 3863 1425 3903; x_wconf 91' lang='lat' dir='ltr'><strong>non</strong></span> <span class='ocrx_word' id='word_1_314' title='bbox 1463 3848 1798 3920; x_wconf 87' lang='lat' dir='ltr'><strong>relegaretur</strong></span> 
     </span>
    </p>
   </div>
   <div class='ocr_carea' id='block_1_38' title="bbox 209 3939 1799 4013">
    <p class='ocr_par' dir='ltr' id='par_1_38' title="bbox 209 3939 1799 4013">
     <span class='ocr_line' id='line_1_38' title="bbox 209 3939 1799 4013; baseline 0.004 -20"><span class='ocrx_word' id='word_1_315' title='bbox 209 3939 307 4012; x_wconf 80' lang='grc' dir='ltr'><strong>(α).</strong></span> <span class='ocrx_word' id='word_1_316' title='bbox 336 3940 527 4011; x_wconf 86' lang='lat' dir='ltr'><strong>Itaque</strong></span> <span class='ocrx_word' id='word_1_317' title='bbox 559 3940 628 3995; x_wconf 91' lang='lat' dir='ltr'><strong>ad</strong></span> <span class='ocrx_word' id='word_1_318' title='bbox 669 3941 945 4011; x_wconf 88' lang='lat' dir='ltr'><strong>pristinam</strong></span> <span class='ocrx_word' id='word_1_319' title='bbox 975 3941 1371 4013; x_wconf 83' lang='lat' dir='ltr'><strong>perfectamque</strong></span> <span class='ocrx_word' id='word_1_320' title='bbox 1410 3950 1651 3997; x_wconf 87' lang='lat' dir='ltr'><strong>naturam</strong></span> <span class='ocrx_word' id='word_1_321' title='bbox 1701 3957 1799 3999; x_wconf 86' lang='lat' dir='ltr'><strong>nos</strong></span> 
     </span>
    </p>
   </div>
   <div class='ocr_carea' id='block_1_39' title="bbox 206 4032 1797 4106">
    <p class='ocr_par' dir='ltr' id='par_1_39' title="bbox 206 4032 1797 4106">
     <span class='ocr_line' id='line_1_39' title="bbox 206 4032 1797 4106; baseline 0.003 -19"><span class='ocrx_word' id='word_1_322' title='bbox 206 4032 317 4103; x_wconf 87' lang='lat' dir='ltr'><strong>ipsa</strong></span> <span class='ocrx_word' id='word_1_323' title='bbox 349 4034 563 4091; x_wconf 83' lang='lat' dir='ltr'><strong>Veritas</strong></span> <span class='ocrx_word' id='word_1_324' title='bbox 590 4050 808 4104; x_wconf 90' lang='lat' dir='ltr'><strong>vocans,</strong></span> <span class='ocrx_word' id='word_1_325' title='bbox 840 4036 1081 4106; x_wconf 61' lang='lat' dir='ltr'><strong>praecipit</strong></span> <span class='ocrx_word' id='word_1_326' title='bbox 1117 4045 1173 4091; x_wconf 92' lang='lat' dir='ltr'><strong>ut</strong></span> <span class='ocrx_word' id='word_1_327' title='bbox 1202 4036 1400 4091; x_wconf 90' lang='lat' dir='ltr'><strong>carnali</strong></span> <span class='ocrx_word' id='word_1_328' title='bbox 1432 4037 1797 4092; x_wconf 91' lang='lat' dir='ltr'><strong>consuetudini</strong></span> 
     </span>
    </p>
   </div>
   <div class='ocr_carea' id='block_1_40' title="bbox 204 4127 1798 4200">
    <p class='ocr_par' dir='ltr' id='par_1_40' title="bbox 204 4127 1798 4200">
     <span class='ocr_line' id='line_1_40' title="bbox 204 4127 1798 4200; baseline 0.001 -19"><span class='ocrx_word' id='word_1_329' title='bbox 204 4127 546 4195; x_wconf 85' lang='lat' dir='ltr'><strong>resistamus,</strong></span> <span class='ocrx_word' id='word_1_330' title='bbox 568 4128 768 4186; x_wconf 89' lang='lat' dir='ltr'><strong>docens</strong></span> <span class='ocrx_word' id='word_1_331' title='bbox 788 4129 1065 4197; x_wconf 53' lang='lat' dir='ltr'><strong>,neminem</strong></span> <span class='ocrx_word' id='word_1_332' title='bbox 1110 4136 1289 4200; x_wconf 90' lang='lat' dir='ltr'><strong>aptum</strong></span> <span class='ocrx_word' id='word_1_333' title='bbox 1316 4141 1436 4183; x_wconf 90' lang='lat' dir='ltr'><strong>esse</strong></span> <span class='ocrx_word' id='word_1_334' title='bbox 1479 4143 1643 4199; x_wconf 90' lang='lat' dir='ltr'><strong>regno</strong></span> <span class='ocrx_word' id='word_1_335' title='bbox 1684 4128 1798 4196; x_wconf 89' lang='lat' dir='ltr'><strong>Dei,</strong></span> 
     </span>
    </p>
   </div>
   <div class='ocr_carea' id='block_1_41' title="bbox 205 4218 1798 4291">
    <p class='ocr_par' dir='ltr' id='par_1_41' title="bbox 205 4218 1798 4291">
     <span class='ocr_line' id='line_1_41' title="bbox 205 4218 1798 4291; baseline 0.001 -17"><span class='ocrx_word' id='word_1_336' title='bbox 205 4220 296 4289; x_wconf 88' lang='lat' dir='ltr'><strong>qui</strong></span> <span class='ocrx_word' id='word_1_337' title='bbox 320 4234 432 4274; x_wconf 91' lang='lat' dir='ltr'><strong>non</strong></span> <span class='ocrx_word' id='word_1_338' title='bbox 478 4220 613 4275; x_wconf 87' lang='lat' dir='ltr'><strong>istas</strong></span> <span class='ocrx_word' id='word_1_339' title='bbox 642 4220 882 4275; x_wconf 84' lang='lat' dir='ltr'><strong>carnales</strong></span> <span class='ocrx_word' id='word_1_340' title='bbox 905 4219 1325 4275; x_wconf 89' lang='lat' dir='ltr'><strong>necessitudines</strong></span> <span class='ocrx_word' id='word_1_341' title='bbox 1350 4218 1522 4275; x_wconf 90' lang='lat' dir='ltr'><strong>oderit</strong></span> <span class='ocrx_word' id='word_1_342' title='bbox 1550 4219 1698 4291; x_wconf 87' lang='lat' dir='ltr'><strong>(Luc.</strong></span> <span class='ocrx_word' id='word_1_343' title='bbox 1724 4238 1798 4287; x_wconf 77' lang='lat' dir='ltr'><strong>rx,</strong></span> 
     </span>
    </p>
   </div>
   <div class='ocr_carea' id='block_1_42' title="bbox 206 4311 1802 4384">
    <p class='ocr_par' dir='ltr' id='par_1_42' title="bbox 206 4311 1802 4384">
     <span class='ocr_line' id='line_1_42' title="bbox 206 4311 1802 4384; baseline 0 -16"><span class='ocrx_word' id='word_1_344' title='bbox 206 4311 298 4379; x_wconf 80' lang='lat'><strong>60,</strong></span> <span class='ocrx_word' id='word_1_345' title='bbox 323 4312 417 4380; x_wconf 72' lang='lat'><strong>62,</strong></span> <span class='ocrx_word' id='word_1_346' title='bbox 445 4322 494 4367; x_wconf 86' lang='lat' dir='ltr'><strong>et</strong></span> <span class='ocrx_word' id='word_1_347' title='bbox 522 4313 653 4382; x_wconf 53' lang='lat' dir='ltr'><strong>:nv,</strong></span> <span class='ocrx_word' id='word_1_348' title='bbox 678 4314 790 4384; x_wconf 72' lang='lat'><strong>26).</strong></span> <span class='ocrx_word' id='word_1_349' title='bbox 818 4312 999 4383; x_wconf 88' lang='lat' dir='ltr'><strong>Neque</strong></span> <span class='ocrx_word' id='word_1_350' title='bbox 1035 4313 1135 4368; x_wconf 89' lang='lat' dir='ltr'><strong>hoc</strong></span> <span class='ocrx_word' id='word_1_351' title='bbox 1171 4313 1418 4383; x_wconf 89' lang='lat' dir='ltr'><strong>cuiquam</strong></span> <span class='ocrx_word' id='word_1_352' title='bbox 1457 4312 1802 4368; x_wconf 90' lang='lat' dir='ltr'><strong>inhumanum</strong></span> 
     </span>
    </p>
   </div>
   <div class='ocr_carea' id='block_1_43' title="bbox 204 4402 1803 4474">
    <p class='ocr_par' dir='ltr' id='par_1_43' title="bbox 204 4402 1803 4474">
     <span class='ocr_line' id='line_1_43' title="bbox 204 4402 1803 4474; baseline 0.002 -17"><span class='ocrx_word' id='word_1_353' title='bbox 204 4404 380 4460; x_wconf 79' lang='lat' dir='ltr'><strong>videri</strong></span> <span class='ocrx_word' id='word_1_354' title='bbox 396 4403 581 4460; x_wconf 86' lang='lat' dir='ltr'><strong>debet.</strong></span> <span class='ocrx_word' id='word_1_355' title='bbox 614 4404 778 4474; x_wconf 81' lang='lat' dir='ltr'><strong>Magis</strong></span> <span class='ocrx_word' id='word_1_356' title='bbox 799 4404 941 4460; x_wconf 90' lang='lat' dir='ltr'><strong>enim</strong></span> <span class='ocrx_word' id='word_1_357' title='bbox 972 4412 1053 4459; x_wconf 89' lang='lat' dir='ltr'><strong>est</strong></span> <span class='ocrx_word' id='word_1_358' title='bbox 1082 4402 1452 4471; x_wconf 87' lang='lat' dir='ltr'><strong>inhumanum,</strong></span> <span class='ocrx_word' id='word_1_359' title='bbox 1494 4419 1597 4459; x_wconf 89' lang='lat' dir='ltr'><strong>non</strong></span> <span class='ocrx_word' id='word_1_360' title='bbox 1623 4419 1803 4460; x_wconf 90' lang='lat' dir='ltr'><strong>amare</strong></span> 
     </span>
    </p>
   </div>
   <div class='ocr_carea' id='block_1_44' title="bbox 204 4496 1799 4570">
    <p class='ocr_par' dir='ltr' id='par_1_44' title="bbox 204 4496 1799 4570">
     <span class='ocr_line' id='line_1_44' title="bbox 204 4496 1799 4570; baseline 0.001 -19"><span class='ocrx_word' id='word_1_361' title='bbox 204 4496 259 4551; x_wconf 89' lang='lat' dir='ltr'><strong>in</strong></span> <span class='ocrx_word' id='word_1_362' title='bbox 283 4497 507 4553; x_wconf 88' lang='lat' dir='ltr'><strong>homine</strong></span> <span class='ocrx_word' id='word_1_363' title='bbox 528 4497 670 4568; x_wconf 91' lang='lat' dir='ltr'><strong>quod</strong></span> <span class='ocrx_word' id='word_1_364' title='bbox 698 4496 861 4552; x_wconf 89' lang='lat' dir='ltr'><strong>homo</strong></span> <span class='ocrx_word' id='word_1_365' title='bbox 883 4505 984 4563; x_wconf 89' lang='lat' dir='ltr'><strong>est,</strong></span> <span class='ocrx_word' id='word_1_366' title='bbox 1013 4497 1109 4553; x_wconf 90' lang='lat' dir='ltr'><strong>sed</strong></span> <span class='ocrx_word' id='word_1_367' title='bbox 1136 4513 1316 4554; x_wconf 88' lang='lat' dir='ltr'><strong>amare</strong></span> <span class='ocrx_word' id='word_1_368' title='bbox 1337 4498 1477 4570; x_wconf 93' lang='lat' dir='ltr'><strong>quod</strong></span> <span class='ocrx_word' id='word_1_369' title='bbox 1497 4498 1637 4552; x_wconf 79' lang='lat' dir='ltr'><strong>filius</strong></span> <span class='ocrx_word' id='word_1_370' title='bbox 1651 4507 1729 4553; x_wconf 88' lang='lat' dir='ltr'><strong>est</strong></span> <span class='ocrx_word' id='word_1_371' title='bbox 1751 4500 1799 4552; x_wconf 72' lang='grc' dir='ltr'><strong>ίε</strong></span> 
     </span>
    </p>
   </div>
   <div class='ocr_carea' id='block_1_45' title="bbox 207 4587 1833 4667">
    <p class='ocr_par' dir='ltr' id='par_1_45' title="bbox 207 4587 1833 4667">
     <span class='ocr_line' id='line_1_45' title="bbox 207 4587 1833 4667; baseline -0.001 -23"><span class='ocrx_word' id='word_1_372' title='bbox 207 4587 315 4644; x_wconf 80' lang='lat' dir='ltr'><strong>hoc</strong></span> <span class='ocrx_word' id='word_1_373' title='bbox 350 4598 438 4646; x_wconf 88' lang='lat' dir='ltr'><strong>est</strong></span> <span class='ocrx_word' id='word_1_374' title='bbox 462 4590 608 4646; x_wconf 89' lang='lat' dir='ltr'><strong>enim</strong></span> <span class='ocrx_word' id='word_1_375' title='bbox 635 4604 741 4643; x_wconf 89' lang='lat' dir='ltr'><strong>non</strong></span> <span class='ocrx_word' id='word_1_376' title='bbox 782 4589 835 4644; x_wconf 92' lang='lat' dir='ltr'><strong>in</strong></span> <span class='ocrx_word' id='word_1_377' title='bbox 880 4604 945 4645; x_wconf 90' lang='lat' dir='ltr'><strong>eo</strong></span> <span class='ocrx_word' id='word_1_378' title='bbox 979 4604 1158 4644; x_wconf 88' lang='lat' dir='ltr'><strong>amare</strong></span> <span class='ocrx_word' id='word_1_379' title='bbox 1184 4589 1313 4645; x_wconf 93' lang='lat' dir='ltr'><strong>illud</strong></span> <span class='ocrx_word' id='word_1_380' title='bbox 1346 4588 1491 4659; x_wconf 91' lang='lat' dir='ltr'><strong>quod</strong></span> <span class='ocrx_word' id='word_1_381' title='bbox 1541 4589 1606 4645; x_wconf 91' lang='lat' dir='ltr'><strong>ad</strong></span> <span class='ocrx_word' id='word_1_382' title='bbox 1640 4590 1802 4645; x_wconf 90' lang='lat' dir='ltr'><strong>Deum</strong></span> <span class='ocrx_word' id='word_1_383' title='bbox 1830 4664 1833 4667; x_wconf 14' lang='grc' dir='ltr'><strong>η</strong></span> 
     </span>
    </p>
   </div>
   <div class='ocr_carea' id='block_1_46' title="bbox 207 4681 1804 4754">
    <p class='ocr_par' dir='ltr' id='par_1_46' title="bbox 207 4681 1804 4754">
     <span class='ocr_line' id='line_1_46' title="bbox 207 4681 1804 4754; baseline -0.001 -14"><span class='ocrx_word' id='word_1_384' title='bbox 207 4685 470 4753; x_wconf 86' lang='lat' dir='ltr'><strong>pertinet,</strong></span> <span class='ocrx_word' id='word_1_385' title='bbox 522 4683 619 4738; x_wconf 90' lang='lat' dir='ltr'><strong>sed</strong></span> <span class='ocrx_word' id='word_1_386' title='bbox 660 4698 842 4738; x_wconf 90' lang='lat' dir='ltr'><strong>amare</strong></span> <span class='ocrx_word' id='word_1_387' title='bbox 869 4682 998 4737; x_wconf 92' lang='lat' dir='ltr'><strong>illud</strong></span> <span class='ocrx_word' id='word_1_388' title='bbox 1023 4682 1165 4754; x_wconf 92' lang='lat' dir='ltr'><strong>quod</strong></span> <span class='ocrx_word' id='word_1_389' title='bbox 1211 4682 1277 4738; x_wconf 91' lang='lat' dir='ltr'><strong>ad</strong></span> <span class='ocrx_word' id='word_1_390' title='bbox 1306 4697 1365 4738; x_wconf 91' lang='lat' dir='ltr'><strong>se</strong></span> <span class='ocrx_word' id='word_1_391' title='bbox 1394 4683 1640 4752; x_wconf 89' lang='lat' dir='ltr'><strong>pertinet.</strong></span> <span class='ocrx_word' id='word_1_392' title='bbox 1668 4681 1804 4750; x_wconf 87' lang='lat' dir='ltr'><strong>Quid</strong></span> 
     </span>
    </p>
   </div>
   <div class='ocr_carea' id='block_1_47' title="bbox 202 4773 1804 4847">
    <p class='ocr_par' dir='ltr' id='par_1_47' title="bbox 202 4773 1804 4847">
     <span class='ocr_line' id='line_1_47' title="bbox 202 4773 1804 4847; baseline -0.002 -16"><span class='ocrx_word' id='word_1_393' title='bbox 202 4789 337 4847; x_wconf 83' lang='lat' dir='ltr'><strong>ergo</strong></span> <span class='ocrx_word' id='word_1_394' title='bbox 354 4776 559 4832; x_wconf 89' lang='lat' dir='ltr'><strong>mirum</strong></span> <span class='ocrx_word' id='word_1_395' title='bbox 573 4775 619 4829; x_wconf 91' lang='lat' dir='ltr'><strong>si</strong></span> <span class='ocrx_word' id='word_1_396' title='bbox 640 4773 706 4829; x_wconf 91' lang='lat' dir='ltr'><strong>ad</strong></span> <span class='ocrx_word' id='word_1_397' title='bbox 732 4788 953 4846; x_wconf 86' lang='lat' dir='ltr'><strong>regnum</strong></span> <span class='ocrx_word' id='word_1_398' title='bbox 985 4789 1091 4829; x_wconf 92' lang='lat' dir='ltr'><strong>non</strong></span> <span class='ocrx_word' id='word_1_399' title='bbox 1122 4774 1382 4844; x_wconf 88' lang='lat' dir='ltr'><strong>pervenit,</strong></span> <span class='ocrx_word' id='word_1_400' title='bbox 1408 4774 1497 4843; x_wconf 92' lang='lat' dir='ltr'><strong>qui</strong></span> <span class='ocrx_word' id='word_1_401' title='bbox 1523 4788 1626 4828; x_wconf 89' lang='lat' dir='ltr'><strong>non</strong></span> <span class='ocrx_word' id='word_1_402' title='bbox 1654 4788 1804 4827; x_wconf 92' lang='lat' dir='ltr'><strong>com-</strong></span> 
     </span>
    </p>
   </div>
   <div class='ocr_carea' id='block_1_48' title="bbox 204 4864 1808 4949">
    <p class='ocr_par' dir='ltr' id='par_1_48' title="bbox 204 4864 1808 4949">
     <span class='ocr_line' id='line_1_48' title="bbox 204 4864 1808 4949; baseline -0.003 -26"><span class='ocrx_word' id='word_1_403' title='bbox 204 4884 454 4936; x_wconf 86' lang='lat' dir='ltr'><strong>munem,</strong></span> <span class='ocrx_word' id='word_1_404' title='bbox 495 4867 595 4949; x_wconf 86' lang='lat' dir='ltr'><strong>sed</strong></span> <span class='ocrx_word' id='word_1_405' title='bbox 614 4868 871 4936; x_wconf 88' lang='lat' dir='ltr'><strong>privatam</strong></span> <span class='ocrx_word' id='word_1_406' title='bbox 893 4881 1004 4922; x_wconf 90' lang='lat' dir='ltr'><strong>rem</strong></span> <span class='ocrx_word' id='word_1_407' title='bbox 1021 4864 1228 4935; x_wconf 86' lang='lat' dir='ltr'><strong>diligit?</strong></span> <span class='ocrx_word' id='word_1_408' title='bbox 1263 4864 1373 4919; x_wconf 90' lang='lat' dir='ltr'><strong>Imo</strong></span> <span class='ocrx_word' id='word_1_409' title='bbox 1399 4875 1703 4935; x_wconf 89' lang='lat' dir='ltr'><strong>utrumque,</strong></span> <span class='ocrx_word' id='word_1_410' title='bbox 1732 4864 1808 4919; x_wconf 90' lang='lat' dir='ltr'><strong>ait</strong></span> 
     </span>
    </p>
   </div>
   <div class='ocr_carea' id='block_1_49' title="bbox 266 5015 1807 5082">
    <p class='ocr_par' dir='ltr' id='par_1_49' title="bbox 266 5015 1807 5082">
     <span class='ocr_line' id='line_1_49' title="bbox 266 5015 1807 5082; baseline -0.002 -11"><span class='ocrx_word' id='word_1_411' title='bbox 266 5023 285 5054; x_wconf 74' lang='grc'>⁸</span> <span class='ocrx_word' id='word_1_412' title='bbox 310 5027 432 5071; x_wconf 68' lang='lat' dir='ltr'><strong>nov.</strong></span> <span class='ocrx_word' id='word_1_413' title='bbox 459 5026 515 5082; x_wconf 89' lang='lat' dir='ltr'><strong>et</strong></span> <span class='ocrx_word' id='word_1_414' title='bbox 537 5025 669 5082; x_wconf 62' lang='grc' dir='ltr'><strong>ᾼιιηη</strong></span> <span class='ocrx_word' id='word_1_415' title='bbox 693 5017 821 5082; x_wconf 86' lang='lat' dir='ltr'><strong>quod</strong></span> <span class='ocrx_word' id='word_1_416' title='bbox 1009 5021 1097 5068; x_wconf 84' lang='lat' dir='ltr'><strong>est.</strong></span> <span class='ocrx_word' id='word_1_417' title='bbox 1133 5023 1189 5067; x_wconf 80' lang='lat' dir='ltr'><strong>At</strong></span> <span class='ocrx_word' id='word_1_418' title='bbox 1209 5015 1317 5082; x_wconf 81' lang='lat' dir='ltr'><strong>Bad.</strong></span> <span class='ocrx_word' id='word_1_419' title='bbox 1342 5023 1416 5082; x_wconf 81' lang='lat' dir='ltr'><strong>Er.</strong></span> <span class='ocrx_word' id='word_1_420' title='bbox 1442 5023 1494 5067; x_wconf 91' lang='lat' dir='ltr'><strong>et</strong></span> <span class='ocrx_word' id='word_1_421' title='bbox 1507 5022 1613 5082; x_wconf 79' lang='lat' dir='ltr'><strong>Mss.</strong></span> <span class='ocrx_word' id='word_1_422' title='bbox 1633 5029 1807 5079; x_wconf 86' lang='lat' dir='ltr'><strong>magno</strong></span> 
     </span>
    </p>
   </div>
   <div class='ocr_carea' id='block_1_50' title="bbox 203 5077 1808 5152">
    <p class='ocr_par' dir='ltr' id='par_1_50' title="bbox 203 5077 1808 5152">
     <span class='ocr_line' id='line_1_50' title="bbox 203 5077 1808 5152; baseline -0.002 -21"><span class='ocrx_word' id='word_1_423' title='bbox 203 5094 456 5152; x_wconf 58' lang='lat' dir='ltr'><strong>ensem</strong></span> <span class='ocrx_word' id='word_1_424' title='bbox 482 5077 689 5152; x_wconf 72' lang='lat' dir='ltr'><strong>habent,</strong></span> <span class='ocrx_word' id='word_1_425' title='bbox 700 5077 839 5152; x_wconf 5' lang='lat' dir='ltr'><strong>(quod</strong></span> <span class='ocrx_word' id='word_1_426' title='bbox 851 5078 992 5152; x_wconf 72' lang='lat' dir='ltr'><strong>ﬁlius</strong></span> <span class='ocrx_word' id='word_1_427' title='bbox 1018 5084 1104 5130; x_wconf 84' lang='lat' dir='ltr'><strong>est.</strong></span> <span class='ocrx_word' id='word_1_428' title='bbox 1128 5087 1241 5152; x_wconf 65' lang='lat' dir='ltr'><strong>Qua;</strong></span> <span class='ocrx_word' id='word_1_429' title='bbox 1274 5077 1423 5130; x_wconf 87' lang='lat' dir='ltr'><strong>lectio</strong></span> <span class='ocrx_word' id='word_1_430' title='bbox 1453 5080 1608 5142; x_wconf 85' lang='lat' dir='ltr'><strong>magis</strong></span> <span class='ocrx_word' id='word_1_431' title='bbox 1640 5077 1808 5152; x_wconf 44' lang='lat' dir='ltr'><strong>proba:</strong></span> 
     </span>
    </p>
   </div>
   <div class='ocr_carea' id='block_1_51' title="bbox 204 5139 1807 5207">
    <p class='ocr_par' dir='ltr' id='par_1_51' title="bbox 204 5139 1807 5207">
     <span class='ocr_line' id='line_1_51' title="bbox 204 5139 1807 5207; baseline -0.001 -13"><span class='ocrx_word' id='word_1_432' title='bbox 204 5150 301 5204; x_wconf 70' lang='lat' dir='ltr'><strong>tm,</strong></span> <span class='ocrx_word' id='word_1_433' title='bbox 469 5139 993 5207; x_wconf 49' lang='lat' dir='ltr'><strong>subjicit&#39;augustinus,</strong></span> <span class='ocrx_word' id='word_1_434' title='bbox 1026 5154 1191 5207; x_wconf 76' lang='lat' dir='ltr'><strong>arnore</strong></span> <span class='ocrx_word' id='word_1_435' title='bbox 1213 5139 1319 5207; x_wconf 76' lang='lat' dir='ltr'><strong>hoc,</strong></span> <span class='ocrx_word' id='word_1_436' title='bbox 1358 5154 1459 5207; x_wconf 77' lang='lat' dir='ltr'><strong>esse</strong></span> <span class='ocrx_word' id='word_1_437' title='bbox 1498 5139 1664 5207; x_wconf 59' lang='lat' dir='ltr'><strong>optare</strong></span> <span class='ocrx_word' id='word_1_438' title='bbox 1686 5141 1807 5207; x_wconf 75' lang='lat' dir='ltr'><strong>illud</strong></span> 
     </span>
    </p>
   </div>
   <div class='ocr_carea' id='block_1_52' title="bbox 204 5201 1806 5315">
    <p class='ocr_par' dir='ltr' id='par_1_52' title="bbox 204 5201 1806 5315">
     <span class='ocr_line' id='line_1_52' title="bbox 204 5201 1806 5315; baseline -0.001 -60"><span class='ocrx_word' id='word_1_439' title='bbox 204 5201 433 5315; x_wconf 45' lang='lat' dir='ltr'><strong>Ed&#39;ad</strong></span> <span class='ocrx_word' id='word_1_440' title='bbox 470 5217 523 5255; x_wconf 83' lang='lat' dir='ltr'><strong>se</strong></span> <span class='ocrx_word' id='word_1_441' title='bbox 846 5201 1097 5275; x_wconf 74' lang='lat' dir='ltr'><strong>utiturque</strong></span> <span class='ocrx_word' id='word_1_442' title='bbox 1133 5201 1284 5277; x_wconf 44' lang='lat' dir='ltr'><strong>simili.</strong></span> <span class='ocrx_word' id='word_1_443' title='bbox 1307 5201 1455 5253; x_wconf 87' lang='lat' dir='ltr'><strong>modo</strong></span> <span class='ocrx_word' id='word_1_444' title='bbox 1498 5201 1726 5266; x_wconf 87' lang='lat' dir='ltr'><strong>loquendi</strong></span> <span class='ocrx_word' id='word_1_445' title='bbox 1758 5205 1806 5277; x_wconf 76' lang='lat' dir='ltr'><strong>in</strong></span> 
     </span>
     <span class='ocr_line' id='line_1_53' title="bbox 275 5264 1806 5315; baseline 0.001 -1"><span class='ocrx_word' id='word_1_446' title='bbox 275 5302 290 5314; x_wconf 96' lang='lat'><strong>.</strong></span> <span class='ocrx_word' id='word_1_447' title='bbox 318 5267 347 5315; x_wconf 81' lang='grc'><strong>1</strong></span> <span class='ocrx_word' id='word_1_448' title='bbox 378 5268 448 5315; x_wconf 86' lang='lat' dir='ltr'><strong>de</strong></span> <span class='ocrx_word' id='word_1_449' title='bbox 468 5273 707 5315; x_wconf 84' lang='lat' dir='ltr'><strong>Sermone</strong></span> <span class='ocrx_word' id='word_1_450' title='bbox 728 5271 909 5313; x_wconf 79' lang='lat' dir='ltr'><strong>Domini</strong></span> <span class='ocrx_word' id='word_1_451' title='bbox 928 5266 978 5313; x_wconf 87' lang='lat' dir='ltr'><strong>in</strong></span> <span class='ocrx_word' id='word_1_452' title='bbox 997 5272 1179 5315; x_wconf 89' lang='lat' dir='ltr'><strong>monte.</strong></span> <span class='ocrx_word' id='word_1_453' title='bbox 1203 5267 1288 5313; x_wconf 79' lang='lat' dir='ltr'><strong>ubi</strong></span> <span class='ocrx_word' id='word_1_454' title='bbox 1308 5272 1477 5314; x_wconf 87' lang='lat' dir='ltr'><strong>rursus</strong></span> <span class='ocrx_word' id='word_1_455' title='bbox 1499 5264 1562 5313; x_wconf 89' lang='lat' dir='ltr'><strong>de</strong></span> <span class='ocrx_word' id='word_1_456' title='bbox 1595 5277 1806 5315; x_wconf 72' lang='lat' dir='ltr'><strong>necessu-</strong></span> 
     </span>
    </p>
   </div>
   <div class='ocr_carea' id='block_1_53' title="bbox 225 5264 1809 5323">
    <p class='ocr_par' dir='ltr' id='par_1_53' title="bbox 225 5264 1809 5323">
     <span class='ocr_line' id='line_1_54' title="bbox 225 5264 1809 5323; baseline 0.001 -8"><span class='ocrx_word' id='word_1_457' title='bbox 225 5267 290 5315; x_wconf 81' lang='lat' dir='ltr'><strong>ib.</strong></span> <span class='ocrx_word' id='word_1_458' title='bbox 318 5267 347 5317; x_wconf 82' lang='grc'><strong>1</strong></span> <span class='ocrx_word' id='word_1_459' title='bbox 378 5268 448 5316; x_wconf 87' lang='lat' dir='ltr'><strong>de</strong></span> <span class='ocrx_word' id='word_1_460' title='bbox 468 5264 707 5315; x_wconf 81' lang='lat' dir='ltr'><strong>Sermone</strong></span> <span class='ocrx_word' id='word_1_461' title='bbox 728 5265 909 5313; x_wconf 88' lang='lat' dir='ltr'><strong>Domini</strong></span> <span class='ocrx_word' id='word_1_462' title='bbox 928 5266 978 5313; x_wconf 87' lang='lat' dir='ltr'><strong>in</strong></span> <span class='ocrx_word' id='word_1_463' title='bbox 997 5264 1179 5323; x_wconf 82' lang='lat' dir='ltr'><strong>monte,</strong></span> <span class='ocrx_word' id='word_1_464' title='bbox 1203 5265 1288 5313; x_wconf 86' lang='lat' dir='ltr'><strong>ubi</strong></span> <span class='ocrx_word' id='word_1_465' title='bbox 1308 5272 1477 5314; x_wconf 87' lang='lat' dir='ltr'><strong>rursus</strong></span> <span class='ocrx_word' id='word_1_466' title='bbox 1499 5264 1579 5313; x_wconf 40' lang='lat' dir='ltr'><strong>de‘</strong></span> <span class='ocrx_word' id='word_1_467' title='bbox 1595 5268 1809 5316; x_wconf 88' lang='lat' dir='ltr'><strong>necessi-</strong></span> 
     </span>
    </p>
   </div>
   <div class='ocr_carea' id='block_1_54' title="bbox 202 5324 1808 5390">
    <p class='ocr_par' dir='ltr' id='par_1_54' title="bbox 202 5324 1808 5390">
     <span class='ocr_line' id='line_1_55' title="bbox 202 5324 1808 5390; baseline 0.001 -15"><span class='ocrx_word' id='word_1_468' title='bbox 202 5328 437 5383; x_wconf 83' lang='lat' dir='ltr'><strong>tudinum</strong></span> <span class='ocrx_word' id='word_1_469' title='bbox 461 5326 702 5390; x_wconf 83' lang='lat' dir='ltr'><strong>ejusmodi</strong></span> <span class='ocrx_word' id='word_1_470' title='bbox 741 5324 1076 5390; x_wconf 82' lang='lat' dir='ltr'><strong>temporalium</strong></span> <span class='ocrx_word' id='word_1_471' title='bbox 1097 5326 1207 5375; x_wconf 92' lang='lat' dir='ltr'><strong>odio</strong></span> <span class='ocrx_word' id='word_1_472' title='bbox 1237 5326 1515 5390; x_wconf 73' lang='lat' dir='ltr'><strong>disserens,</strong></span> <span class='ocrx_word' id='word_1_473' title='bbox 1553 5334 1808 5390; x_wconf 82' lang='lat' dir='ltr'><strong>postquam</strong></span> 
     </span>
    </p>
   </div>
   <div class='ocr_carea' id='block_1_55' title="bbox 205 5388 1808 5453">
    <p class='ocr_par' dir='ltr' id='par_1_55' title="bbox 205 5388 1808 5453">
     <span class='ocr_line' id='line_1_56' title="bbox 205 5388 1808 5453; baseline -0.001 -12"><span class='ocrx_word' id='word_1_474' title='bbox 205 5390 457 5453; x_wconf 73' lang='lat' dir='ltr'><strong>expliunt</strong></span> <span class='ocrx_word' id='word_1_475' title='bbox 474 5388 724 5452; x_wconf 82' lang='lat' dir='ltr'><strong>quodnam</strong></span> <span class='ocrx_word' id='word_1_476' title='bbox 752 5388 928 5453; x_wconf 85' lang='lat' dir='ltr'><strong>amoris</strong></span> <span class='ocrx_word' id='word_1_477' title='bbox 948 5388 1319 5453; x_wconf 65' lang='lat' dir='ltr'><strong>odiiquegenus</strong></span> <span class='ocrx_word' id='word_1_478' title='bbox 1345 5388 1483 5453; x_wconf 80' lang='lat' dir='ltr'><strong>uxori</strong></span> <span class='ocrx_word' id='word_1_479' title='bbox 1516 5389 1588 5436; x_wconf 88' lang='lat' dir='ltr'><strong>vir</strong></span> <span class='ocrx_word' id='word_1_480' title='bbox 1619 5388 1808 5453; x_wconf 79' lang='lat' dir='ltr'><strong>impen-</strong></span> 
     </span>
    </p>
   </div>
   <div class='ocr_carea' id='block_1_56' title="bbox 202 5449 1809 5511">
    <p class='ocr_par' dir='ltr' id='par_1_56' title="bbox 202 5449 1809 5511">
     <span class='ocr_line' id='line_1_57' title="bbox 202 5449 1809 5511; baseline 0.002 -12"><span class='ocrx_word' id='word_1_481' title='bbox 202 5449 329 5502; x_wconf 75' lang='lat' dir='ltr'><strong>dere</strong></span> <span class='ocrx_word' id='word_1_482' title='bbox 352 5449 563 5510; x_wconf 73' lang='lat' dir='ltr'><strong>debeat,</strong></span> <span class='ocrx_word' id='word_1_483' title='bbox 594 5468 619 5497; x_wconf 69' lang='grc' dir='ltr'><strong><em>α</em></strong></span> <span class='ocrx_word' id='word_1_484' title='bbox 642 5456 739 5499; x_wconf 85' lang='lat' dir='ltr'><strong>Hoc</strong></span> <span class='ocrx_word' id='word_1_485' title='bbox 770 5456 861 5509; x_wconf 85' lang='lat' dir='ltr'><strong>est,</strong></span> <span class='ocrx_word' id='word_1_486' title='bbox 905 5449 1077 5511; x_wconf 71' lang='lat' dir='ltr'><strong>inquit,</strong></span> <span class='ocrx_word' id='word_1_487' title='bbox 1109 5449 1316 5511; x_wconf 86' lang='lat' dir='ltr'><strong>diligere</strong></span> <span class='ocrx_word' id='word_1_488' title='bbox 1346 5450 1395 5505; x_wconf 83' lang='lat' dir='ltr'><strong>in</strong></span> <span class='ocrx_word' id='word_1_489' title='bbox 1429 5461 1488 5498; x_wconf 91' lang='lat' dir='ltr'><strong>ea</strong></span> <span class='ocrx_word' id='word_1_490' title='bbox 1506 5449 1634 5511; x_wconf 85' lang='lat' dir='ltr'><strong>quod</strong></span> <span class='ocrx_word' id='word_1_491' title='bbox 1667 5449 1809 5503; x_wconf 81' lang='lat' dir='ltr'><strong>homo</strong></span> 
     </span>
    </p>
   </div>
   <div class='ocr_carea' id='block_1_57' title="bbox 208 5464 1811 5575">
    <p class='ocr_par' dir='ltr' id='par_1_57' title="bbox 208 5464 1811 5575">
     <span class='ocr_line' id='line_1_58' title="bbox 208 5464 1809 5560; baseline 0.001 -61"><span class='ocrx_word' id='word_1_492' title='bbox 208 5464 329 5502; x_wconf 84' lang='lat' dir='ltr'><strong>nere</strong></span> <span class='ocrx_word' id='word_1_493' title='bbox 352 5464 563 5510; x_wconf 76' lang='lat' dir='ltr'><strong>ueneat,</strong></span> <span class='ocrx_word' id='word_1_494' title='bbox 594 5468 619 5497; x_wconf 69' lang='grc' dir='ltr'><strong><em>ι</em></strong></span> <span class='ocrx_word' id='word_1_495' title='bbox 642 5464 739 5499; x_wconf 71' lang='lat' dir='ltr'><strong>Hoc</strong></span> <span class='ocrx_word' id='word_1_496' title='bbox 770 5464 861 5509; x_wconf 82' lang='lat' dir='ltr'><strong>est,</strong></span> <span class='ocrx_word' id='word_1_497' title='bbox 905 5464 1076 5511; x_wconf 79' lang='lat' dir='ltr'><strong>inquit,</strong></span> <span class='ocrx_word' id='word_1_498' title='bbox 1109 5464 1316 5560; x_wconf 55' lang='lat' dir='ltr'><strong>cingere</strong></span> <span class='ocrx_word' id='word_1_499' title='bbox 1346 5464 1395 5505; x_wconf 82' lang='grc' dir='ltr'>ω</span> <span class='ocrx_word' id='word_1_500' title='bbox 1429 5464 1488 5498; x_wconf 89' lang='lat' dir='ltr'><strong>ea</strong></span> <span class='ocrx_word' id='word_1_501' title='bbox 1510 5464 1634 5511; x_wconf 87' lang='lat' dir='ltr'><strong>quoa</strong></span> <span class='ocrx_word' id='word_1_502' title='bbox 1667 5464 1809 5503; x_wconf 90' lang='lat' dir='ltr'><strong>nomo</strong></span> 
     </span>
     <span class='ocr_line' id='line_1_59' title="bbox 208 5510 1811 5575; baseline 0.003 -15"><span class='ocrx_word' id='word_1_503' title='bbox 208 5531 233 5560; x_wconf 84' lang='grc' dir='ltr'>ι</span> <span class='ocrx_word' id='word_1_504' title='bbox 252 5520 358 5574; x_wconf 66' lang='lat' dir='ltr'><strong>est,</strong></span> <span class='ocrx_word' id='word_1_505' title='bbox 388 5511 703 5575; x_wconf 86' lang='lat' dir='ltr'><strong>odissequod</strong></span> <span class='ocrx_word' id='word_1_506' title='bbox 720 5523 845 5575; x_wconf 80' lang='lat' dir='ltr'><strong>uxor</strong></span> <span class='ocrx_word' id='word_1_507' title='bbox 868 5518 1010 5575; x_wconf 47' lang='lat' dir='ltr'><strong>estw</strong></span> <span class='ocrx_word' id='word_1_508' title='bbox 1042 5518 1142 5575; x_wconf 83' lang='lat' dir='ltr'><strong>tum</strong></span> <span class='ocrx_word' id='word_1_509' title='bbox 1166 5542 1201 5575; x_wconf 16' lang='grc' dir='ltr'><strong>ιγ</strong></span> <span class='ocrx_word' id='word_1_510' title='bbox 1224 5510 1401 5575; x_wconf 68' lang='lat' dir='ltr'><strong>dithdc</strong></span> <span class='ocrx_word' id='word_1_511' title='bbox 1415 5516 1475 5575; x_wconf 85' lang='lat' dir='ltr'><strong>et_</strong></span> <span class='ocrx_word' id='word_1_512' title='bbox 1487 5510 1551 5559; x_wconf 91' lang='lat' dir='ltr'><strong>de</strong></span> <span class='ocrx_word' id='word_1_513' title='bbox 1584 5518 1720 5573; x_wconf 84' lang='lat' dir='ltr'><strong>patre</strong></span> <span class='ocrx_word' id='word_1_514' title='bbox 1759 5521 1811 5565; x_wconf 87' lang='lat' dir='ltr'><strong>et</strong></span> 
     </span>
    </p>
   </div>
   <div class='ocr_carea' id='block_1_58' title="bbox 202 5570 1812 5635">
    <p class='ocr_par' dir='ltr' id='par_1_58' title="bbox 202 5570 1812 5635">
     <span class='ocr_line' id='line_1_60' title="bbox 202 5570 1812 5635; baseline 0.003 -13"><span class='ocrx_word' id='word_1_515' title='bbox 202 5574 265 5626; x_wconf 90' lang='lat' dir='ltr'><strong>de</strong></span> <span class='ocrx_word' id='word_1_516' title='bbox 288 5570 462 5635; x_wconf 62' lang='lat' dir='ltr'><strong>nmtre</strong></span> <span class='ocrx_word' id='word_1_517' title='bbox 485 5581 540 5624; x_wconf 89' lang='lat' dir='ltr'><strong>et</strong></span> <span class='ocrx_word' id='word_1_518' title='bbox 567 5570 990 5635; x_wconf 17' lang='lat' dir='ltr'><strong>cleterisivinculis</strong></span> <span class='ocrx_word' id='word_1_519' title='bbox 1005 5573 1162 5622; x_wconf 90' lang='lat' dir='ltr'><strong>carnis</strong></span> <span class='ocrx_word' id='word_1_520' title='bbox 1191 5570 1562 5635; x_wconf 81' lang='lat' dir='ltr'><strong>intelligendum</strong></span> <span class='ocrx_word' id='word_1_521' title='bbox 1584 5570 1725 5635; x_wconf 68' lang='lat' dir='ltr'><strong>esse,</strong></span> <span class='ocrx_word' id='word_1_522' title='bbox 1757 5584 1812 5628; x_wconf 93' lang='lat' dir='ltr'><strong>ut</strong></span> 
     </span>
    </p>
   </div>
   <div class='ocr_carea' id='block_1_59' title="bbox 200 5633 1812 5698">
    <p class='ocr_par' dir='ltr' id='par_1_59' title="bbox 200 5633 1812 5698">
     <span class='ocr_line' id='line_1_61' title="bbox 200 5633 1812 5698; baseline 0.001 -12"><span class='ocrx_word' id='word_1_523' title='bbox 200 5636 252 5698; x_wconf 73' lang='lat' dir='ltr'><strong>in</strong></span> <span class='ocrx_word' id='word_1_524' title='bbox 274 5638 359 5686; x_wconf 77' lang='lat' dir='ltr'><strong>eis</strong></span> <span class='ocrx_word' id='word_1_525' title='bbox 382 5634 639 5686; x_wconf 85' lang='lat' dir='ltr'><strong>oderimus</strong></span> <span class='ocrx_word' id='word_1_526' title='bbox 654 5634 785 5698; x_wconf 78' lang='lat' dir='ltr'><strong>quod</strong></span> <span class='ocrx_word' id='word_1_527' title='bbox 813 5647 969 5697; x_wconf 89' lang='lat' dir='ltr'><strong>genus</strong></span> <span class='ocrx_word' id='word_1_528' title='bbox 986 5634 1244 5683; x_wconf 88' lang='lat' dir='ltr'><strong>humanum</strong></span> <span class='ocrx_word' id='word_1_529' title='bbox 1264 5633 1508 5698; x_wconf 77' lang='lat' dir='ltr'><strong>nascendo</strong></span> <span class='ocrx_word' id='word_1_530' title='bbox 1531 5641 1583 5685; x_wconf 89' lang='lat' dir='ltr'><strong>et</strong></span> <span class='ocrx_word' id='word_1_531' title='bbox 1602 5633 1812 5687; x_wconf 86' lang='lat' dir='ltr'><strong>morien-</strong></span> 
     </span>
    </p>
   </div>
   <div class='ocr_carea' id='block_1_60' title="bbox 201 5695 1811 5759">
    <p class='ocr_par' dir='ltr' id='par_1_60' title="bbox 201 5695 1811 5759">
     <span class='ocr_line' id='line_1_62' title="bbox 201 5695 1811 5759; baseline 0.002 -12"><span class='ocrx_word' id='word_1_532' title='bbox 201 5697 261 5747; x_wconf 86' lang='lat' dir='ltr'><strong>do</strong></span> <span class='ocrx_word' id='word_1_533' title='bbox 291 5698 532 5749; x_wconf 80' lang='lat' dir='ltr'><strong>sortitum</strong></span> <span class='ocrx_word' id='word_1_534' title='bbox 554 5704 634 5759; x_wconf 83' lang='lat' dir='ltr'><strong>est</strong></span> <span class='ocrx_word' id='word_1_535' title='bbox 650 5695 949 5759; x_wconf 58' lang='lat' dir='ltr'><strong>{diligamus</strong></span> <span class='ocrx_word' id='word_1_536' title='bbox 970 5703 1131 5759; x_wconf 88' lang='lat' dir='ltr'><strong>autem</strong></span> <span class='ocrx_word' id='word_1_537' title='bbox 1152 5696 1280 5759; x_wconf 93' lang='lat' dir='ltr'><strong>quod</strong></span> <span class='ocrx_word' id='word_1_538' title='bbox 1300 5696 1550 5745; x_wconf 90' lang='lat' dir='ltr'><strong>nobiseum</strong></span> <span class='ocrx_word' id='word_1_539' title='bbox 1570 5704 1730 5759; x_wconf 90' lang='lat' dir='ltr'><strong>potest</strong></span> <span class='ocrx_word' id='word_1_540' title='bbox 1751 5700 1811 5750; x_wconf 91' lang='lat' dir='ltr'><strong>ad</strong></span> 
     </span>
    </p>
   </div>
   <div class='ocr_carea' id='block_1_61' title="bbox 200 5708 1813 5834">
    <p class='ocr_par' dir='ltr' id='par_1_61' title="bbox 200 5708 1813 5834">
     <span class='ocr_line' id='line_1_63' title="bbox 201 5708 1811 5807; baseline 0.002 -60"><span class='ocrx_word' id='word_1_541' title='bbox 201 5708 261 5747; x_wconf 84' lang='lat' dir='ltr'><strong>ao</strong></span> <span class='ocrx_word' id='word_1_542' title='bbox 291 5708 532 5749; x_wconf 76' lang='lat' dir='ltr'><strong>sortitum</strong></span> <span class='ocrx_word' id='word_1_543' title='bbox 554 5708 663 5757; x_wconf 86' lang='lat' dir='ltr'><strong>est;</strong></span> <span class='ocrx_word' id='word_1_544' title='bbox 690 5708 949 5807; x_wconf 50' lang='lat' dir='ltr'><strong>(litigamus</strong></span> <span class='ocrx_word' id='word_1_545' title='bbox 970 5708 1131 5746; x_wconf 86' lang='lat' dir='ltr'><strong>autem</strong></span> <span class='ocrx_word' id='word_1_546' title='bbox 1152 5708 1280 5759; x_wconf 84' lang='lat' dir='ltr'><strong>quoa</strong></span> <span class='ocrx_word' id='word_1_547' title='bbox 1300 5708 1550 5745; x_wconf 85' lang='lat' dir='ltr'><strong>nontscum</strong></span> <span class='ocrx_word' id='word_1_548' title='bbox 1570 5708 1730 5759; x_wconf 89' lang='lat' dir='ltr'><strong>potest</strong></span> <span class='ocrx_word' id='word_1_549' title='bbox 1751 5708 1811 5750; x_wconf 89' lang='lat' dir='ltr'><strong>ad</strong></span> 
     </span>
     <span class='ocr_line' id='line_1_64' title="bbox 200 5757 1813 5834; baseline -0.001 -23"><span class='ocrx_word' id='word_1_550' title='bbox 200 5759 283 5811; x_wconf 79' lang='lat' dir='ltr'><strong>illa</strong></span> <span class='ocrx_word' id='word_1_551' title='bbox 306 5771 479 5833; x_wconf 75' lang='lat' dir='ltr'><strong>regna</strong></span> <span class='ocrx_word' id='word_1_552' title='bbox 499 5758 775 5834; x_wconf 58' lang='lat' dir='ltr'><strong>perduci,</strong></span> <span class='ocrx_word' id='word_1_553' title='bbox 790 5832 799 5834; x_wconf 23' lang='grc' dir='ltr'><strong><em>Α</em></strong></span> <span class='ocrx_word' id='word_1_554' title='bbox 816 5757 833 5834; x_wconf 82' lang='lat' dir='ltr'><strong>i</strong></span> <span class='ocrx_word' id='word_1_555' title='bbox 852 5758 1153 5834; x_wconf 73' lang='lat' dir='ltr'><strong>nemodicit,</strong></span> <span class='ocrx_word' id='word_1_556' title='bbox 1169 5764 1307 5809; x_wconf 85' lang='lat' dir='ltr'><strong>Pater</strong></span> <span class='ocrx_word' id='word_1_557' title='bbox 1328 5770 1471 5815; x_wconf 87' lang='lat' dir='ltr'><strong>meus</strong></span> <span class='ocrx_word' id='word_1_558' title='bbox 1489 5770 1501 5784; x_wconf 90' lang='grc'>·</span> <span class='ocrx_word' id='word_1_559' title='bbox 1530 5759 1619 5810; x_wconf 86' lang='lat' dir='ltr'><strong>sed</strong></span> <span class='ocrx_word' id='word_1_560' title='bbox 1642 5773 1813 5813; x_wconf 85' lang='lat' dir='ltr'><strong>omnes</strong></span> 
     </span>
    </p>
   </div>
   <div class='ocr_carea' id='block_1_62' title="bbox 200 5823 1541 5888">
    <p class='ocr_par' dir='ltr' id='par_1_62' title="bbox 200 5823 1541 5888">
     <span class='ocr_line' id='line_1_65' title="bbox 200 5823 1541 5888; baseline 0.001 -8"><span class='ocrx_word' id='word_1_561' title='bbox 200 5823 1027 5885; x_wconf 62' lang='lat' dir='ltr'><strong>Wmmvmm°</strong></span> <span class='ocrx_word' id='word_1_562' title='bbox 1234 5852 1541 5888; x_wconf 76' lang='grc'><em>,</em></span> 
     </span>
    </p>
   </div>
   <div class='ocr_carea' id='block_1_63' title="bbox 194 5902 1001 5981">
    <p class='ocr_par' dir='ltr' id='par_1_63' title="bbox 194 5902 1001 5981">
     <span class='ocr_line' id='line_1_66' title="bbox 194 5902 1001 5981; baseline 0 0"><span class='ocrx_word' id='word_1_563' title='bbox 194 5968 201 5981; x_wconf 76' lang='grc'>,</span> <span class='ocrx_word' id='word_1_564' title='bbox 279 5902 1001 5981; x_wconf 43' lang='lat' dir='ltr'><strong>ditamur-13.98»</strong></span> 
     </span>
    </p>
   </div>
   <div class='ocr_carea' id='block_1_64' title="bbox 1580 416 2017 483">
    <p class='ocr_par' dir='ltr' id='par_1_64' title="bbox 1580 416 2017 483">
     <span class='ocr_line' id='line_1_67' title="bbox 1580 416 2017 483; baseline -0.011 0"><span class='ocrx_word' id='word_1_565' title='bbox 1580 416 1782 483; x_wconf 70' lang='lat' dir='ltr'><strong>LIBER</strong></span> <span class='ocrx_word' id='word_1_566' title='bbox 1819 420 2017 481; x_wconf 84' lang='lat' dir='ltr'><strong>UNUS.</strong></span> 
     </span>
    </p>
   </div>
   <div class='ocr_carea' id='block_1_65' title="bbox 3329 422 3436 486">
    <p class='ocr_par' dir='ltr' id='par_1_65' title="bbox 3329 422 3436 486">
     <span class='ocr_line' id='line_1_68' title="bbox 3329 422 3436 486; baseline 0.019 -2"><span class='ocrx_word' id='word_1_567' title='bbox 3329 422 3436 486; x_wconf 73' lang='grc'><strong>162</strong></span> 
     </span>
    </p>
   </div>
   <div class='ocr_carea' id='block_1_66' title="bbox 1860 535 3438 609">
    <p class='ocr_par' dir='ltr' id='par_1_66' title="bbox 1860 535 3438 609">
     <span class='ocr_line' id='line_1_69' title="bbox 1860 535 3438 609; baseline 0.01 -17"><span class='ocrx_word' id='word_1_568' title='bbox 1860 537 2118 609; x_wconf 90' lang='lat' dir='ltr'><strong>quispiam</strong></span> <span class='ocrx_word' id='word_1_569' title='bbox 2142 555 2156 592; x_wconf 88' lang='lat'><strong>:</strong></span> <span class='ocrx_word' id='word_1_570' title='bbox 2180 535 2291 594; x_wconf 91' lang='lat' dir='ltr'><strong>Imo</strong></span> <span class='ocrx_word' id='word_1_571' title='bbox 2314 537 2442 594; x_wconf 89' lang='lat' dir='ltr'><strong>illud</strong></span> <span class='ocrx_word' id='word_1_572' title='bbox 2461 556 2642 607; x_wconf 90' lang='lat' dir='ltr'><strong>unum,</strong></span> <span class='ocrx_word' id='word_1_573' title='bbox 2670 541 2797 599; x_wconf 90' lang='lat' dir='ltr'><strong>dicit</strong></span> <span class='ocrx_word' id='word_1_574' title='bbox 2820 543 2979 602; x_wconf 88' lang='lat' dir='ltr'><strong>Deus.</strong></span> <span class='ocrx_word' id='word_1_575' title='bbox 3014 546 3150 604; x_wconf 90' lang='lat' dir='ltr'><strong>Dicit</strong></span> <span class='ocrx_word' id='word_1_576' title='bbox 3174 549 3317 605; x_wconf 90' lang='lat' dir='ltr'><strong>enim</strong></span> <span class='ocrx_word' id='word_1_577' title='bbox 3340 565 3438 607; x_wconf 82' lang='lat' dir='ltr'><strong>ve-</strong></span> 
     </span>
    </p>
   </div>
   <div class='ocr_carea' id='block_1_67' title="bbox 1861 629 3433 704">
    <p class='ocr_par' dir='ltr' id='par_1_67' title="bbox 1861 629 3433 704">
     <span class='ocr_line' id='line_1_70' title="bbox 1861 629 3433 704; baseline 0.009 -21"><span class='ocrx_word' id='word_1_578' title='bbox 1861 630 2069 685; x_wconf 90' lang='lat' dir='ltr'><strong>rissimc</strong></span> <span class='ocrx_word' id='word_1_579' title='bbox 2103 629 2345 685; x_wconf 82' lang='lat' dir='ltr'><strong>Veritas:</strong></span> <span class='ocrx_word' id='word_1_580' title='bbox 2377 630 2540 687; x_wconf 86' lang='lat' dir='ltr'><strong>Nemo</strong></span> <span class='ocrx_word' id='word_1_581' title='bbox 2578 644 2736 704; x_wconf 82' lang='lat' dir='ltr'><strong>potest</strong></span> <span class='ocrx_word' id='word_1_582' title='bbox 2772 636 2965 692; x_wconf 80' lang='lat' dir='ltr'><strong>duobus</strong></span> <span class='ocrx_word' id='word_1_583' title='bbox 2999 638 3217 695; x_wconf 79' lang='lat' dir='ltr'><strong>dominis</strong></span> <span class='ocrx_word' id='word_1_584' title='bbox 3246 644 3433 698; x_wconf 76' lang='lat' dir='ltr'><strong>servire</strong></span> 
     </span>
    </p>
   </div>
   <div class='ocr_carea' id='block_1_68' title="bbox 1864 720 3439 805">
    <p class='ocr_par' dir='ltr' id='par_1_68' title="bbox 1864 720 3439 805">
     <span class='ocr_line' id='line_1_71' title="bbox 1864 720 3439 805; baseline 0.011 -31"><span class='ocrx_word' id='word_1_585' title='bbox 1864 720 2073 793; x_wconf 76' lang='lat' dir='ltr'><strong>(Matth.</strong></span> <span class='ocrx_word' id='word_1_586' title='bbox 2104 738 2177 787; x_wconf 81' lang='lat' dir='ltr'><strong>vr,</strong></span> <span class='ocrx_word' id='word_1_587' title='bbox 2217 722 2332 792; x_wconf 68' lang='grc'><strong>24).</strong></span> <span class='ocrx_word' id='word_1_588' title='bbox 2375 723 2545 779; x_wconf 85' lang='lat' dir='ltr'><strong>Nemo</strong></span> <span class='ocrx_word' id='word_1_589' title='bbox 2578 728 2720 782; x_wconf 90' lang='lat' dir='ltr'><strong>enim</strong></span> <span class='ocrx_word' id='word_1_590' title='bbox 2752 738 2925 798; x_wconf 90' lang='lat' dir='ltr'><strong>potest</strong></span> <span class='ocrx_word' id='word_1_591' title='bbox 2952 730 3183 801; x_wconf 89' lang='lat' dir='ltr'><strong>perfecte</strong></span> <span class='ocrx_word' id='word_1_592' title='bbox 3214 734 3439 805; x_wconf 88' lang='lat' dir='ltr'><strong>diligere</strong></span> 
     </span>
    </p>
   </div>
   <div class='ocr_carea' id='block_1_69' title="bbox 1864 817 3435 885">
    <p class='ocr_par' dir='ltr' id='par_1_69' title="bbox 1864 817 3435 885">
     <span class='ocr_line' id='line_1_72' title="bbox 1864 817 3435 885; baseline 0.01 -17"><span class='ocrx_word' id='word_1_593' title='bbox 1864 830 1968 885; x_wconf 89' lang='lat' dir='ltr'><strong>quo</strong></span> <span class='ocrx_word' id='word_1_594' title='bbox 1984 830 2252 883; x_wconf 89' lang='lat' dir='ltr'><strong>vocamur,</strong></span> <span class='ocrx_word' id='word_1_595' title='bbox 2282 817 2381 871; x_wconf 91' lang='lat' dir='ltr'><strong>nisi</strong></span> <span class='ocrx_word' id='word_1_596' title='bbox 2410 818 2581 873; x_wconf 90' lang='lat' dir='ltr'><strong>oderit</strong></span> <span class='ocrx_word' id='word_1_597' title='bbox 2610 820 2747 875; x_wconf 90' lang='lat' dir='ltr'><strong>unde</strong></span> <span class='ocrx_word' id='word_1_598' title='bbox 2795 837 3125 881; x_wconf 89' lang='lat' dir='ltr'><strong>revocamur.</strong></span> <span class='ocrx_word' id='word_1_599' title='bbox 3170 826 3435 884; x_wconf 84' lang='lat' dir='ltr'><strong>Vocamur</strong></span> 
     </span>
    </p>
   </div>
   <div class='ocr_carea' id='block_1_70' title="bbox 1866 908 3438 989">
    <p class='ocr_par' dir='ltr' id='par_1_70' title="bbox 1866 908 3438 989">
     <span class='ocr_line' id='line_1_73' title="bbox 1866 908 3438 989; baseline 0.01 -28"><span class='ocrx_word' id='word_1_600' title='bbox 1866 914 2041 962; x_wconf 90' lang='lat' dir='ltr'><strong>autem</strong></span> <span class='ocrx_word' id='word_1_601' title='bbox 2063 908 2129 963; x_wconf 90' lang='lat' dir='ltr'><strong>ad</strong></span> <span class='ocrx_word' id='word_1_602' title='bbox 2156 908 2441 979; x_wconf 89' lang='lat' dir='ltr'><strong>perfectam</strong></span> <span class='ocrx_word' id='word_1_603' title='bbox 2466 920 2706 967; x_wconf 89' lang='lat' dir='ltr'><strong>naturam</strong></span> <span class='ocrx_word' id='word_1_604' title='bbox 2738 913 3040 984; x_wconf 90' lang='lat' dir='ltr'><strong>humanam,</strong></span> <span class='ocrx_word' id='word_1_605' title='bbox 3072 920 3280 989; x_wconf 90' lang='lat' dir='ltr'><strong>qualem</strong></span> <span class='ocrx_word' id='word_1_606' title='bbox 3314 929 3438 978; x_wconf 87' lang='lat' dir='ltr'><strong>ante</strong></span> 
     </span>
    </p>
   </div>
   <div class='ocr_carea' id='block_1_71' title="bbox 1866 1002 3445 1068">
    <p class='ocr_par' dir='ltr' id='par_1_71' title="bbox 1866 1002 3445 1068">
     <span class='ocr_line' id='line_1_74' title="bbox 1866 1002 3445 1068; baseline 0.009 -15"><span class='ocrx_word' id='word_1_607' title='bbox 1866 1007 2141 1068; x_wconf 88' lang='lat' dir='ltr'><strong>peccatum</strong></span> <span class='ocrx_word' id='word_1_608' title='bbox 2187 1010 2424 1056; x_wconf 88' lang='lat' dir='ltr'><strong>nostrum</strong></span> <span class='ocrx_word' id='word_1_609' title='bbox 2459 1002 2597 1059; x_wconf 89' lang='lat' dir='ltr'><strong>Deus</strong></span> <span class='ocrx_word' id='word_1_610' title='bbox 2639 1003 2792 1060; x_wconf 84' lang='lat' dir='ltr'><strong>fecit:</strong></span> <span class='ocrx_word' id='word_1_611' title='bbox 2820 1022 3133 1066; x_wconf 87' lang='lat' dir='ltr'><strong>revocamur</strong></span> <span class='ocrx_word' id='word_1_612' title='bbox 3168 1020 3347 1067; x_wconf 88' lang='lat' dir='ltr'><strong>autem</strong></span> <span class='ocrx_word' id='word_1_613' title='bbox 3374 1012 3445 1068; x_wconf 88' lang='lat' dir='ltr'><strong>ab</strong></span> 
     </span>
    </p>
   </div>
   <div class='ocr_carea' id='block_1_72' title="bbox 1867 1091 3445 1171">
    <p class='ocr_par' dir='ltr' id='par_1_72' title="bbox 1867 1091 3445 1171">
     <span class='ocr_line' id='line_1_75' title="bbox 1867 1091 3445 1171; baseline 0.011 -27"><span class='ocrx_word' id='word_1_614' title='bbox 1867 1092 1984 1160; x_wconf 87' lang='lat' dir='ltr'><strong>ejus</strong></span> <span class='ocrx_word' id='word_1_615' title='bbox 1998 1091 2297 1161; x_wconf 86' lang='lat' dir='ltr'><strong>dilectione,</strong></span> <span class='ocrx_word' id='word_1_616' title='bbox 2324 1110 2479 1164; x_wconf 89' lang='lat' dir='ltr'><strong>quam</strong></span> <span class='ocrx_word' id='word_1_617' title='bbox 2513 1096 2777 1166; x_wconf 89' lang='lat' dir='ltr'><strong>peccando</strong></span> <span class='ocrx_word' id='word_1_618' title='bbox 2794 1099 3098 1157; x_wconf 90' lang='lat' dir='ltr'><strong>meruimus.</strong></span> <span class='ocrx_word' id='word_1_619' title='bbox 3117 1101 3291 1171; x_wconf 84' lang='lat' dir='ltr'><strong>Quare</strong></span> <span class='ocrx_word' id='word_1_620' title='bbox 3314 1103 3445 1160; x_wconf 90' lang='lat' dir='ltr'><strong>ode-</strong></span> 
     </span>
    </p>
   </div>
   <div class='ocr_carea' id='block_1_73' title="bbox 1867 1185 3115 1263">
    <p class='ocr_par' dir='ltr' id='par_1_73' title="bbox 1867 1185 3115 1263">
     <span class='ocr_line' id='line_1_76' title="bbox 1867 1185 3115 1263; baseline 0.009 -25"><span class='ocrx_word' id='word_1_621' title='bbox 1867 1185 2033 1240; x_wconf 91' lang='lat' dir='ltr'><strong>rimus</strong></span> <span class='ocrx_word' id='word_1_622' title='bbox 2053 1195 2277 1256; x_wconf 90' lang='lat' dir='ltr'><strong>oportet,</strong></span> <span class='ocrx_word' id='word_1_623' title='bbox 2300 1188 2438 1243; x_wconf 90' lang='lat' dir='ltr'><strong>unde</strong></span> <span class='ocrx_word' id='word_1_624' title='bbox 2466 1196 2526 1243; x_wconf 90' lang='lat' dir='ltr'><strong>ut</strong></span> <span class='ocrx_word' id='word_1_625' title='bbox 2549 1189 2833 1247; x_wconf 85' lang='lat' dir='ltr'><strong>liberemur</strong></span> <span class='ocrx_word' id='word_1_626' title='bbox 2855 1201 3115 1263; x_wconf 88' lang='lat' dir='ltr'><strong>optamus.</strong></span> 
     </span>
    </p>
   </div>
   <div class='ocr_carea' id='block_1_74' title="bbox 1939 1275 3441 1355">
    <p class='ocr_par' dir='ltr' id='par_1_74' title="bbox 1939 1275 3441 1355">
     <span class='ocr_line' id='line_1_77' title="bbox 1939 1275 3441 1355; baseline 0.011 -24"><span class='ocrx_word' id='word_1_627' title='bbox 1939 1275 2027 1331; x_wconf 91' lang='lat'><strong>89.</strong></span> <span class='ocrx_word' id='word_1_628' title='bbox 2068 1276 2345 1334; x_wconf 90' lang='lat' dir='ltr'><strong>Oderimus</strong></span> <span class='ocrx_word' id='word_1_629' title='bbox 2377 1294 2502 1350; x_wconf 88' lang='lat' dir='ltr'><strong>ergo</strong></span> <span class='ocrx_word' id='word_1_630' title='bbox 2542 1282 2859 1351; x_wconf 85' lang='lat' dir='ltr'><strong>temporales</strong></span> <span class='ocrx_word' id='word_1_631' title='bbox 2896 1286 3335 1355; x_wconf 85' lang='lat' dir='ltr'><strong>necessitudines,</strong></span> <span class='ocrx_word' id='word_1_632' title='bbox 3392 1291 3441 1347; x_wconf 89' lang='lat' dir='ltr'><strong>si</strong></span> 
     </span>
    </p>
   </div>
   <div class='ocr_carea' id='block_1_75' title="bbox 1870 1367 3440 1449">
    <p class='ocr_par' dir='ltr' id='par_1_75' title="bbox 1870 1367 3440 1449">
     <span class='ocr_line' id='line_1_78' title="bbox 1870 1367 3440 1449; baseline 0.011 -29"><span class='ocrx_word' id='word_1_633' title='bbox 1870 1367 2177 1423; x_wconf 62' lang='lat' dir='ltr'><strong>aeternitatis</strong></span> <span class='ocrx_word' id='word_1_634' title='bbox 2216 1369 2472 1425; x_wconf 89' lang='lat' dir='ltr'><strong>charitate</strong></span> <span class='ocrx_word' id='word_1_635' title='bbox 2510 1371 2812 1443; x_wconf 85' lang='lat' dir='ltr'><strong>ﬂagramus.</strong></span> <span class='ocrx_word' id='word_1_636' title='bbox 2843 1374 3035 1446; x_wconf 87' lang='lat' dir='ltr'><strong>Diligat</strong></span> <span class='ocrx_word' id='word_1_637' title='bbox 3060 1376 3222 1433; x_wconf 90' lang='lat' dir='ltr'><strong>homo</strong></span> <span class='ocrx_word' id='word_1_638' title='bbox 3257 1381 3440 1449; x_wconf 79' lang='lat' dir='ltr'><strong>proxi-</strong></span> 
     </span>
    </p>
   </div>
   <div class='ocr_carea' id='block_1_76' title="bbox 1871 1461 3447 1537">
    <p class='ocr_par' dir='ltr' id='par_1_76' title="bbox 1871 1461 3447 1537">
     <span class='ocr_line' id='line_1_79' title="bbox 1871 1461 3447 1537; baseline 0.01 -25"><span class='ocrx_word' id='word_1_639' title='bbox 1871 1474 2014 1513; x_wconf 90' lang='lat' dir='ltr'><strong>mum</strong></span> <span class='ocrx_word' id='word_1_640' title='bbox 2039 1468 2285 1529; x_wconf 89' lang='lat' dir='ltr'><strong>tanquam</strong></span> <span class='ocrx_word' id='word_1_641' title='bbox 2313 1461 2564 1531; x_wconf 91' lang='lat' dir='ltr'><strong>seipsum.</strong></span> <span class='ocrx_word' id='word_1_642' title='bbox 2594 1462 2751 1520; x_wconf 85' lang='lat' dir='ltr'><strong>Certe</strong></span> <span class='ocrx_word' id='word_1_643' title='bbox 2773 1465 2914 1521; x_wconf 90' lang='lat' dir='ltr'><strong>enim</strong></span> <span class='ocrx_word' id='word_1_644' title='bbox 2945 1467 3043 1522; x_wconf 89' lang='lat' dir='ltr'><strong>sibi</strong></span> <span class='ocrx_word' id='word_1_645' title='bbox 3065 1469 3163 1537; x_wconf 89' lang='lat' dir='ltr'><strong>ipsi</strong></span> <span class='ocrx_word' id='word_1_646' title='bbox 3186 1485 3344 1526; x_wconf 90' lang='lat' dir='ltr'><strong>nemo</strong></span> <span class='ocrx_word' id='word_1_647' title='bbox 3363 1480 3447 1528; x_wconf 91' lang='lat' dir='ltr'><strong>est</strong></span> 
     </span>
    </p>
   </div>
   <div class='ocr_carea' id='block_1_77' title="bbox 1873 1549 3445 1629">
    <p class='ocr_par' dir='ltr' id='par_1_77' title="bbox 1873 1549 3445 1629">
     <span class='ocr_line' id='line_1_80' title="bbox 1873 1549 3445 1629; baseline 0.01 -28"><span class='ocrx_word' id='word_1_648' title='bbox 1873 1558 2041 1619; x_wconf 90' lang='lat' dir='ltr'><strong>pater,</strong></span> <span class='ocrx_word' id='word_1_649' title='bbox 2085 1558 2176 1604; x_wconf 91' lang='lat' dir='ltr'><strong>aut</strong></span> <span class='ocrx_word' id='word_1_650' title='bbox 2200 1549 2361 1618; x_wconf 79' lang='lat' dir='ltr'><strong>filius,</strong></span> <span class='ocrx_word' id='word_1_651' title='bbox 2391 1561 2484 1606; x_wconf 91' lang='lat' dir='ltr'><strong>aut</strong></span> <span class='ocrx_word' id='word_1_652' title='bbox 2520 1552 2723 1620; x_wconf 86' lang='lat' dir='ltr'><strong>affinis,</strong></span> <span class='ocrx_word' id='word_1_653' title='bbox 2776 1562 2868 1609; x_wconf 91' lang='lat' dir='ltr'><strong>aut</strong></span> <span class='ocrx_word' id='word_1_654' title='bbox 2892 1556 3092 1628; x_wconf 90' lang='lat' dir='ltr'><strong>aliquid</strong></span> <span class='ocrx_word' id='word_1_655' title='bbox 3116 1560 3445 1629; x_wconf 86' lang='lat' dir='ltr'><strong>hujusmodi,</strong></span> 
     </span>
    </p>
   </div>
   <div class='ocr_carea' id='block_1_78' title="bbox 1873 1640 3450 1724">
    <p class='ocr_par' dir='ltr' id='par_1_78' title="bbox 1873 1640 3450 1724">
     <span class='ocr_line' id='line_1_81' title="bbox 1873 1640 3450 1724; baseline 0.01 -29"><span class='ocrx_word' id='word_1_656' title='bbox 1873 1640 1969 1697; x_wconf 87' lang='lat' dir='ltr'><strong>sed</strong></span> <span class='ocrx_word' id='word_1_657' title='bbox 1996 1651 2196 1697; x_wconf 88' lang='lat' dir='ltr'><strong>tantum</strong></span> <span class='ocrx_word' id='word_1_658' title='bbox 2222 1644 2381 1700; x_wconf 91' lang='lat' dir='ltr'><strong>homo</strong></span> <span class='ocrx_word' id='word_1_659' title='bbox 2412 1662 2425 1699; x_wconf 91' lang='lat'><strong>:</strong></span> <span class='ocrx_word' id='word_1_660' title='bbox 2457 1645 2549 1716; x_wconf 91' lang='lat' dir='ltr'><strong>qui</strong></span> <span class='ocrx_word' id='word_1_661' title='bbox 2574 1661 2702 1718; x_wconf 88' lang='lat' dir='ltr'><strong>ergo</strong></span> <span class='ocrx_word' id='word_1_662' title='bbox 2745 1648 2915 1720; x_wconf 89' lang='lat' dir='ltr'><strong>diligit</strong></span> <span class='ocrx_word' id='word_1_663' title='bbox 2940 1651 3168 1721; x_wconf 90' lang='lat' dir='ltr'><strong>aliquem</strong></span> <span class='ocrx_word' id='word_1_664' title='bbox 3200 1662 3450 1724; x_wconf 86' lang='lat' dir='ltr'><strong>tanquam</strong></span> 
     </span>
    </p>
   </div>
   <div class='ocr_carea' id='block_1_79' title="bbox 1874 1734 3450 1815">
    <p class='ocr_par' dir='ltr' id='par_1_79' title="bbox 1874 1734 3450 1815">
     <span class='ocr_line' id='line_1_82' title="bbox 1874 1734 3450 1815; baseline 0.008 -28"><span class='ocrx_word' id='word_1_665' title='bbox 1874 1734 2126 1803; x_wconf 89' lang='lat' dir='ltr'><strong>seipsum,</strong></span> <span class='ocrx_word' id='word_1_666' title='bbox 2150 1734 2250 1790; x_wconf 89' lang='lat' dir='ltr'><strong>hoc</strong></span> <span class='ocrx_word' id='word_1_667' title='bbox 2274 1737 2325 1790; x_wconf 92' lang='lat' dir='ltr'><strong>in</strong></span> <span class='ocrx_word' id='word_1_668' title='bbox 2346 1751 2411 1791; x_wconf 90' lang='lat' dir='ltr'><strong>eo</strong></span> <span class='ocrx_word' id='word_1_669' title='bbox 2453 1737 2613 1793; x_wconf 86' lang='lat' dir='ltr'><strong>debet</strong></span> <span class='ocrx_word' id='word_1_670' title='bbox 2637 1738 2877 1810; x_wconf 90' lang='lat' dir='ltr'><strong>diligere,</strong></span> <span class='ocrx_word' id='word_1_671' title='bbox 2924 1743 3064 1812; x_wconf 91' lang='lat' dir='ltr'><strong>quod</strong></span> <span class='ocrx_word' id='word_1_672' title='bbox 3083 1744 3183 1798; x_wconf 89' lang='lat' dir='ltr'><strong>sibi</strong></span> <span class='ocrx_word' id='word_1_673' title='bbox 3209 1744 3322 1815; x_wconf 87' lang='lat' dir='ltr'><strong>ipse</strong></span> <span class='ocrx_word' id='word_1_674' title='bbox 3346 1753 3450 1801; x_wconf 89' lang='lat' dir='ltr'><strong>est.</strong></span> 
     </span>
    </p>
   </div>
   <div class='ocr_carea' id='block_1_80' title="bbox 1874 1826 3451 1909">
    <p class='ocr_par' dir='ltr' id='par_1_80' title="bbox 1874 1826 3451 1909">
     <span class='ocr_line' id='line_1_83' title="bbox 1874 1826 3451 1909; baseline 0.008 -28"><span class='ocrx_word' id='word_1_675' title='bbox 1874 1826 2111 1897; x_wconf 88' lang='lat' dir='ltr'><strong>Corpora</strong></span> <span class='ocrx_word' id='word_1_676' title='bbox 2131 1843 2259 1883; x_wconf 87' lang='lat' dir='ltr'><strong>vero</strong></span> <span class='ocrx_word' id='word_1_677' title='bbox 2284 1844 2388 1883; x_wconf 93' lang='lat' dir='ltr'><strong>non</strong></span> <span class='ocrx_word' id='word_1_678' title='bbox 2419 1839 2541 1885; x_wconf 89' lang='lat' dir='ltr'><strong>sunt</strong></span> <span class='ocrx_word' id='word_1_679' title='bbox 2563 1833 2704 1902; x_wconf 92' lang='lat' dir='ltr'><strong>quod</strong></span> <span class='ocrx_word' id='word_1_680' title='bbox 2728 1849 2825 1889; x_wconf 90' lang='lat' dir='ltr'><strong>nos</strong></span> <span class='ocrx_word' id='word_1_681' title='bbox 2853 1849 3036 1890; x_wconf 89' lang='lat' dir='ltr'><strong>sumus</strong></span> <span class='ocrx_word' id='word_1_682' title='bbox 3069 1854 3081 1890; x_wconf 93' lang='lat'>:</span> <span class='ocrx_word' id='word_1_683' title='bbox 3111 1852 3217 1892; x_wconf 89' lang='lat' dir='ltr'><strong>non</strong></span> <span class='ocrx_word' id='word_1_684' title='bbox 3244 1853 3371 1909; x_wconf 91' lang='lat' dir='ltr'><strong>ergo</strong></span> <span class='ocrx_word' id='word_1_685' title='bbox 3396 1838 3451 1894; x_wconf 91' lang='lat' dir='ltr'><strong>in</strong></span> 
     </span>
    </p>
   </div>
   <div class='ocr_carea' id='block_1_81' title="bbox 1878 1920 3455 1995">
    <p class='ocr_par' dir='ltr' id='par_1_81' title="bbox 1878 1920 3455 1995">
     <span class='ocr_line' id='line_1_84' title="bbox 1878 1920 3455 1995; baseline 0.009 -22"><span class='ocrx_word' id='word_1_686' title='bbox 1878 1920 2091 1975; x_wconf 90' lang='lat' dir='ltr'><strong>homine</strong></span> <span class='ocrx_word' id='word_1_687' title='bbox 2139 1935 2332 1991; x_wconf 90' lang='lat' dir='ltr'><strong>corpus</strong></span> <span class='ocrx_word' id='word_1_688' title='bbox 2377 1933 2460 1978; x_wconf 90' lang='lat' dir='ltr'><strong>est</strong></span> <span class='ocrx_word' id='word_1_689' title='bbox 2510 1926 2859 1995; x_wconf 86' lang='lat' dir='ltr'><strong>expetendum</strong></span> <span class='ocrx_word' id='word_1_690' title='bbox 2894 1938 2986 1983; x_wconf 91' lang='lat' dir='ltr'><strong>aut</strong></span> <span class='ocrx_word' id='word_1_691' title='bbox 3022 1929 3455 1987; x_wconf 78' lang='lat' dir='ltr'><strong>desiderantium.</strong></span> 
     </span>
    </p>
   </div>
   <div class='ocr_carea' id='block_1_82' title="bbox 1879 2011 3454 2091">
    <p class='ocr_par' dir='ltr' id='par_1_82' title="bbox 1879 2011 3454 2091">
     <span class='ocr_line' id='line_1_85' title="bbox 1879 2011 3454 2091; baseline 0.009 -26"><span class='ocrx_word' id='word_1_692' title='bbox 1879 2011 2031 2068; x_wconf 79' lang='lat' dir='ltr'><strong>Valet</strong></span> <span class='ocrx_word' id='word_1_693' title='bbox 2077 2014 2219 2068; x_wconf 91' lang='lat' dir='ltr'><strong>enim</strong></span> <span class='ocrx_word' id='word_1_694' title='bbox 2255 2014 2322 2068; x_wconf 89' lang='lat' dir='ltr'><strong>ad</strong></span> <span class='ocrx_word' id='word_1_695' title='bbox 2348 2014 2449 2070; x_wconf 90' lang='lat' dir='ltr'><strong>hoc</strong></span> <span class='ocrx_word' id='word_1_696' title='bbox 2477 2017 2638 2071; x_wconf 91' lang='lat' dir='ltr'><strong>etiam</strong></span> <span class='ocrx_word' id='word_1_697' title='bbox 2681 2019 2822 2088; x_wconf 91' lang='lat' dir='ltr'><strong>quod</strong></span> <span class='ocrx_word' id='word_1_698' title='bbox 2851 2030 3171 2091; x_wconf 71' lang='lat' dir='ltr'><strong>praeceptum</strong></span> <span class='ocrx_word' id='word_1_699' title='bbox 3214 2032 3337 2078; x_wconf 89' lang='lat' dir='ltr'><strong>est:</strong></span> <span class='ocrx_word' id='word_1_700' title='bbox 3370 2022 3454 2079; x_wconf 83' lang='lat' dir='ltr'><strong>Ne</strong></span> 
     </span>
    </p>
   </div>
   <div class='ocr_carea' id='block_1_83' title="bbox 1880 2104 3460 2184">
    <p class='ocr_par' dir='ltr' id='par_1_83' title="bbox 1880 2104 3460 2184">
     <span class='ocr_line' id='line_1_86' title="bbox 1880 2104 3460 2184; baseline 0.009 -29"><span class='ocrx_word' id='word_1_701' title='bbox 1880 2104 2205 2175; x_wconf 76' lang='lat' dir='ltr'><strong>concupiscas</strong></span> <span class='ocrx_word' id='word_1_702' title='bbox 2242 2122 2347 2159; x_wconf 90' lang='lat' dir='ltr'><strong>rem</strong></span> <span class='ocrx_word' id='word_1_703' title='bbox 2381 2107 2598 2177; x_wconf 72' lang='lat' dir='ltr'><strong>proximi</strong></span> <span class='ocrx_word' id='word_1_704' title='bbox 2625 2109 2697 2162; x_wconf 87' lang='lat' dir='ltr'><strong>tui</strong></span> <span class='ocrx_word' id='word_1_705' title='bbox 2720 2108 2909 2178; x_wconf 68' lang='lat' dir='ltr'><strong>(Exod.</strong></span> <span class='ocrx_word' id='word_1_706' title='bbox 2942 2110 3029 2177; x_wconf 72' lang='lat'><strong>20,</strong></span> <span class='ocrx_word' id='word_1_707' title='bbox 3074 2113 3184 2181; x_wconf 85' lang='lat' dir='ltr'><strong>l7).</strong></span> <span class='ocrx_word' id='word_1_708' title='bbox 3213 2113 3460 2184; x_wconf 90' lang='lat' dir='ltr'><strong>Quapro-</strong></span> 
     </span>
    </p>
   </div>
   <div class='ocr_carea' id='block_1_84' title="bbox 1882 2194 3461 2275">
    <p class='ocr_par' dir='ltr' id='par_1_84' title="bbox 1882 2194 3461 2275">
     <span class='ocr_line' id='line_1_87' title="bbox 1882 2194 3461 2275; baseline 0.01 -30"><span class='ocrx_word' id='word_1_709' title='bbox 1882 2204 1999 2263; x_wconf 90' lang='lat' dir='ltr'><strong>pter</strong></span> <span class='ocrx_word' id='word_1_710' title='bbox 2022 2194 2259 2264; x_wconf 91' lang='lat' dir='ltr'><strong>quisquis</strong></span> <span class='ocrx_word' id='word_1_711' title='bbox 2292 2196 2343 2249; x_wconf 90' lang='lat' dir='ltr'><strong>in</strong></span> <span class='ocrx_word' id='word_1_712' title='bbox 2374 2198 2615 2266; x_wconf 77' lang='lat' dir='ltr'><strong>proximo</strong></span> <span class='ocrx_word' id='word_1_713' title='bbox 2653 2199 2796 2253; x_wconf 91' lang='lat' dir='ltr'><strong>aliud</strong></span> <span class='ocrx_word' id='word_1_714' title='bbox 2822 2200 2992 2271; x_wconf 89' lang='lat' dir='ltr'><strong>diligit</strong></span> <span class='ocrx_word' id='word_1_715' title='bbox 3023 2218 3184 2273; x_wconf 90' lang='lat' dir='ltr'><strong>quam</strong></span> <span class='ocrx_word' id='word_1_716' title='bbox 3210 2204 3308 2259; x_wconf 89' lang='lat' dir='ltr'><strong>sibi</strong></span> <span class='ocrx_word' id='word_1_717' title='bbox 3343 2205 3461 2275; x_wconf 87' lang='lat' dir='ltr'><strong>ipse</strong></span> 
     </span>
    </p>
   </div>
   <div class='ocr_carea' id='block_1_85' title="bbox 1882 2287 3464 2364">
    <p class='ocr_par' dir='ltr' id='par_1_85' title="bbox 1882 2287 3464 2364">
     <span class='ocr_line' id='line_1_88' title="bbox 1882 2287 3464 2364; baseline 0.008 -26"><span class='ocrx_word' id='word_1_718' title='bbox 1882 2292 1982 2350; x_wconf 91' lang='lat' dir='ltr'><strong>est,</strong></span> <span class='ocrx_word' id='word_1_719' title='bbox 2015 2301 2118 2339; x_wconf 90' lang='lat' dir='ltr'><strong>non</strong></span> <span class='ocrx_word' id='word_1_720' title='bbox 2143 2302 2263 2341; x_wconf 91' lang='lat' dir='ltr'><strong>eum</strong></span> <span class='ocrx_word' id='word_1_721' title='bbox 2290 2287 2457 2358; x_wconf 87' lang='lat' dir='ltr'><strong>diligit</strong></span> <span class='ocrx_word' id='word_1_722' title='bbox 2478 2297 2727 2359; x_wconf 79' lang='lat' dir='ltr'><strong>umquam</strong></span> <span class='ocrx_word' id='word_1_723' title='bbox 2749 2291 3003 2361; x_wconf 88' lang='lat' dir='ltr'><strong>seipsum.</strong></span> <span class='ocrx_word' id='word_1_724' title='bbox 3046 2293 3161 2364; x_wconf 91' lang='lat' dir='ltr'><strong>Ipsa</strong></span> <span class='ocrx_word' id='word_1_725' title='bbox 3190 2295 3348 2363; x_wconf 85' lang='lat' dir='ltr'><strong>igitur</strong></span> <span class='ocrx_word' id='word_1_726' title='bbox 3370 2311 3464 2352; x_wconf 86' lang='lat' dir='ltr'><strong>na-</strong></span> 
     </span>
    </p>
   </div>
   <div class='ocr_carea' id='block_1_86' title="bbox 1887 2378 3460 2457">
    <p class='ocr_par' dir='ltr' id='par_1_86' title="bbox 1887 2378 3460 2457">
     <span class='ocr_line' id='line_1_89' title="bbox 1887 2378 3460 2457; baseline 0.008 -25"><span class='ocrx_word' id='word_1_727' title='bbox 1887 2386 2001 2432; x_wconf 90' lang='lat' dir='ltr'><strong>tura</strong></span> <span class='ocrx_word' id='word_1_728' title='bbox 2032 2378 2260 2434; x_wconf 84' lang='lat' dir='ltr'><strong>humana</strong></span> <span class='ocrx_word' id='word_1_729' title='bbox 2309 2380 2423 2434; x_wconf 89' lang='lat' dir='ltr'><strong>sine</strong></span> <span class='ocrx_word' id='word_1_730' title='bbox 2451 2381 2650 2435; x_wconf 88' lang='lat' dir='ltr'><strong>carnali</strong></span> <span class='ocrx_word' id='word_1_731' title='bbox 2692 2383 2995 2439; x_wconf 84' lang='lat' dir='ltr'><strong>conditione</strong></span> <span class='ocrx_word' id='word_1_732' title='bbox 3048 2385 3312 2456; x_wconf 90' lang='lat' dir='ltr'><strong>diligenda</strong></span> <span class='ocrx_word' id='word_1_733' title='bbox 3341 2396 3460 2457; x_wconf 88' lang='lat' dir='ltr'><strong>est,</strong></span> 
     </span>
    </p>
   </div>
   <div class='ocr_carea' id='block_1_87' title="bbox 1886 2471 3464 2543">
    <p class='ocr_par' dir='ltr' id='par_1_87' title="bbox 1886 2471 3464 2543">
     <span class='ocr_line' id='line_1_90' title="bbox 1886 2471 3464 2543; baseline 0.006 -19"><span class='ocrx_word' id='word_1_734' title='bbox 1886 2471 1997 2525; x_wconf 85' lang='lat' dir='ltr'><strong>sive</strong></span> <span class='ocrx_word' id='word_1_735' title='bbox 2026 2472 2093 2525; x_wconf 94' lang='lat' dir='ltr'><strong>sit</strong></span> <span class='ocrx_word' id='word_1_736' title='bbox 2121 2471 2435 2540; x_wconf 82' lang='lat' dir='ltr'><strong>perficienda</strong></span> <span class='ocrx_word' id='word_1_737' title='bbox 2461 2474 2572 2528; x_wconf 88' lang='lat' dir='ltr'><strong>sive</strong></span> <span class='ocrx_word' id='word_1_738' title='bbox 2601 2473 2851 2543; x_wconf 87' lang='lat' dir='ltr'><strong>perfecta.</strong></span> <span class='ocrx_word' id='word_1_739' title='bbox 2880 2475 3077 2533; x_wconf 89' lang='lat' dir='ltr'><strong>Omnes</strong></span> <span class='ocrx_word' id='word_1_740' title='bbox 3096 2478 3194 2533; x_wconf 89' lang='lat' dir='ltr'><strong>sub</strong></span> <span class='ocrx_word' id='word_1_741' title='bbox 3219 2494 3325 2534; x_wconf 92' lang='lat' dir='ltr'><strong>uno</strong></span> <span class='ocrx_word' id='word_1_742' title='bbox 3352 2480 3464 2535; x_wconf 91' lang='lat' dir='ltr'><strong>Deo</strong></span> 
     </span>
    </p>
   </div>
   <div class='ocr_carea' id='block_1_88' title="bbox 1885 2562 3465 2637">
    <p class='ocr_par' dir='ltr' id='par_1_88' title="bbox 1885 2562 3465 2637">
     <span class='ocr_line' id='line_1_91' title="bbox 1885 2562 3465 2637; baseline 0.008 -24"><span class='ocrx_word' id='word_1_743' title='bbox 1885 2569 2037 2630; x_wconf 85' lang='lat' dir='ltr'><strong>patre</strong></span> <span class='ocrx_word' id='word_1_744' title='bbox 2056 2562 2263 2629; x_wconf 81' lang='lat' dir='ltr'><strong>cognati</strong></span> <span class='ocrx_word' id='word_1_745' title='bbox 2289 2572 2431 2627; x_wconf 89' lang='lat' dir='ltr'><strong>sunt,</strong></span> <span class='ocrx_word' id='word_1_746' title='bbox 2461 2566 2550 2634; x_wconf 90' lang='lat' dir='ltr'><strong>qui</strong></span> <span class='ocrx_word' id='word_1_747' title='bbox 2571 2580 2693 2620; x_wconf 91' lang='lat' dir='ltr'><strong>eum</strong></span> <span class='ocrx_word' id='word_1_748' title='bbox 2720 2566 2943 2637; x_wconf 88' lang='lat' dir='ltr'><strong>diligunt</strong></span> <span class='ocrx_word' id='word_1_749' title='bbox 2968 2577 3022 2623; x_wconf 90' lang='lat' dir='ltr'><strong>et</strong></span> <span class='ocrx_word' id='word_1_750' title='bbox 3048 2568 3245 2624; x_wconf 90' lang='lat' dir='ltr'><strong>faciunt</strong></span> <span class='ocrx_word' id='word_1_751' title='bbox 3274 2570 3465 2625; x_wconf 87' lang='lat' dir='ltr'><strong>volun-</strong></span> 
     </span>
    </p>
   </div>
   <div class='ocr_carea' id='block_1_89' title="bbox 1889 2653 3462 2729">
    <p class='ocr_par' dir='ltr' id='par_1_89' title="bbox 1889 2653 3462 2729">
     <span class='ocr_line' id='line_1_92' title="bbox 1889 2653 3462 2729; baseline 0.006 -23"><span class='ocrx_word' id='word_1_752' title='bbox 1889 2662 2050 2708; x_wconf 87' lang='lat' dir='ltr'><strong>tatem</strong></span> <span class='ocrx_word' id='word_1_753' title='bbox 2073 2653 2256 2723; x_wconf 87' lang='lat' dir='ltr'><strong>ipsius.</strong></span> <span class='ocrx_word' id='word_1_754' title='bbox 2282 2654 2348 2708; x_wconf 86' lang='lat' dir='ltr'><strong>Et</strong></span> <span class='ocrx_word' id='word_1_755' title='bbox 2368 2655 2594 2711; x_wconf 89' lang='lat' dir='ltr'><strong>invicem</strong></span> <span class='ocrx_word' id='word_1_756' title='bbox 2633 2657 2732 2711; x_wconf 89' lang='lat' dir='ltr'><strong>sibi</strong></span> <span class='ocrx_word' id='word_1_757' title='bbox 2752 2666 2896 2725; x_wconf 89' lang='lat' dir='ltr'><strong>sunt,</strong></span> <span class='ocrx_word' id='word_1_758' title='bbox 2918 2668 2974 2713; x_wconf 89' lang='lat' dir='ltr'><strong>et</strong></span> <span class='ocrx_word' id='word_1_759' title='bbox 3002 2668 3177 2729; x_wconf 88' lang='lat' dir='ltr'><strong>patres</strong></span> <span class='ocrx_word' id='word_1_760' title='bbox 3216 2676 3336 2716; x_wconf 91' lang='lat' dir='ltr'><strong>cum</strong></span> <span class='ocrx_word' id='word_1_761' title='bbox 3359 2659 3462 2716; x_wconf 88' lang='lat' dir='ltr'><strong>sibi</strong></span> 
     </span>
    </p>
   </div>
   <div class='ocr_carea' id='block_1_90' title="bbox 1890 2745 3464 2819">
    <p class='ocr_par' dir='ltr' id='par_1_90' title="bbox 1890 2745 3464 2819">
     <span class='ocr_line' id='line_1_93' title="bbox 1890 2745 3464 2819; baseline 0.005 -20"><span class='ocrx_word' id='word_1_762' title='bbox 1890 2745 2190 2809; x_wconf 88' lang='lat' dir='ltr'><strong>consulunt,</strong></span> <span class='ocrx_word' id='word_1_763' title='bbox 2236 2755 2293 2801; x_wconf 89' lang='lat' dir='ltr'><strong>et</strong></span> <span class='ocrx_word' id='word_1_764' title='bbox 2329 2745 2420 2800; x_wconf 87' lang='lat' dir='ltr'><strong>lilii</strong></span> <span class='ocrx_word' id='word_1_765' title='bbox 2459 2762 2578 2801; x_wconf 92' lang='lat' dir='ltr'><strong>cum</strong></span> <span class='ocrx_word' id='word_1_766' title='bbox 2621 2748 2722 2803; x_wconf 87' lang='lat' dir='ltr'><strong>sibi</strong></span> <span class='ocrx_word' id='word_1_767' title='bbox 2769 2749 3157 2819; x_wconf 87' lang='lat' dir='ltr'><strong>obtemperant,</strong></span> <span class='ocrx_word' id='word_1_768' title='bbox 3182 2760 3237 2806; x_wconf 91' lang='lat' dir='ltr'><strong>et</strong></span> <span class='ocrx_word' id='word_1_769' title='bbox 3272 2750 3464 2808; x_wconf 88' lang='lat' dir='ltr'><strong>fratres</strong></span> 
     </span>
    </p>
   </div>
   <div class='ocr_carea' id='block_1_91' title="bbox 1890 2836 3468 2907">
    <p class='ocr_par' dir='ltr' id='par_1_91' title="bbox 1890 2836 3468 2907">
     <span class='ocr_line' id='line_1_94' title="bbox 1890 2836 3468 2907; baseline 0.006 -16"><span class='ocrx_word' id='word_1_770' title='bbox 1890 2836 2139 2903; x_wconf 81' lang='lat' dir='ltr'><strong>maxime,</strong></span> <span class='ocrx_word' id='word_1_771' title='bbox 2160 2836 2280 2907; x_wconf 82' lang='lat' dir='ltr'><strong>quia</strong></span> <span class='ocrx_word' id='word_1_772' title='bbox 2308 2852 2401 2893; x_wconf 90' lang='lat' dir='ltr'><strong>eos</strong></span> <span class='ocrx_word' id='word_1_773' title='bbox 2422 2853 2557 2893; x_wconf 90' lang='lat' dir='ltr'><strong>unus</strong></span> <span class='ocrx_word' id='word_1_774' title='bbox 2576 2838 2732 2895; x_wconf 84' lang='lat' dir='ltr'><strong>Pater</strong></span> <span class='ocrx_word' id='word_1_775' title='bbox 2748 2848 3063 2898; x_wconf 89' lang='lat' dir='ltr'><strong>testamento</strong></span> <span class='ocrx_word' id='word_1_776' title='bbox 3095 2857 3193 2898; x_wconf 92' lang='lat' dir='ltr'><strong>suo</strong></span> <span class='ocrx_word' id='word_1_777' title='bbox 3217 2844 3282 2899; x_wconf 90' lang='lat' dir='ltr'><strong>ad</strong></span> <span class='ocrx_word' id='word_1_778' title='bbox 3308 2858 3468 2901; x_wconf 84' lang='lat' dir='ltr'><strong>unam</strong></span> 
     </span>
    </p>
   </div>
   <div class='ocr_carea' id='block_1_92' title="bbox 1893 2927 2464 2984">
    <p class='ocr_par' dir='ltr' id='par_1_92' title="bbox 1893 2927 2464 2984">
     <span class='ocr_line' id='line_1_95' title="bbox 1893 2927 2464 2984; baseline 0.004 -3"><span class='ocrx_word' id='word_1_779' title='bbox 1893 2927 2254 2984; x_wconf 71' lang='lat' dir='ltr'><strong>hmreditatem</strong></span> <span class='ocrx_word' id='word_1_780' title='bbox 2290 2938 2464 2984; x_wconf 87' lang='lat' dir='ltr'><strong>vocat.</strong></span> 
     </span>
    </p>
   </div>
   <div class='ocr_carea' id='block_1_93' title="bbox 1892 3022 3465 3100">
    <p class='ocr_par' dir='ltr' id='par_1_93' title="bbox 1892 3022 3465 3100">
     <span class='ocr_line' id='line_1_96' title="bbox 1892 3022 3465 3100; baseline 0.005 -23"><span class='ocrx_word' id='word_1_781' title='bbox 1892 3022 2117 3078; x_wconf 82' lang='lat' dir='ltr'><strong>CAPUT</strong></span> <span class='ocrx_word' id='word_1_782' title='bbox 2156 3022 2360 3079; x_wconf 80' lang='lat' dir='ltr'><strong>XLVII.</strong></span> <span class='ocrx_word' id='word_1_783' title='bbox 2389 3054 2459 3064; x_wconf 90' lang='lat'>—</span> <span class='ocrx_word' id='word_1_784' title='bbox 2482 3022 2613 3079; x_wconf 84' lang='lat' dir='ltr'><strong>Vera</strong></span> <span class='ocrx_word' id='word_1_785' title='bbox 2660 3026 2878 3097; x_wconf 73' lang='lat' dir='ltr'><strong>proximi</strong></span> <span class='ocrx_word' id='word_1_786' title='bbox 2913 3027 3132 3096; x_wconf 85' lang='lat' dir='ltr'><strong>dilectio,</strong></span> <span class='ocrx_word' id='word_1_787' title='bbox 3185 3046 3335 3099; x_wconf 80' lang='lat' dir='ltr'><strong>quam</strong></span> <span class='ocrx_word' id='word_1_788' title='bbox 3379 3032 3465 3100; x_wconf 77' lang='lat' dir='ltr'><strong>qui</strong></span> 
     </span>
    </p>
   </div>
   <div class='ocr_carea' id='block_1_94' title="bbox 2368 3116 2981 3187">
    <p class='ocr_par' dir='ltr' id='par_1_94' title="bbox 2368 3116 2981 3187">
     <span class='ocr_line' id='line_1_97' title="bbox 2368 3116 2981 3187; baseline 0.007 -18"><span class='ocrx_word' id='word_1_789' title='bbox 2368 3116 2613 3187; x_wconf 81' lang='lat' dir='ltr'><strong>impendit</strong></span> <span class='ocrx_word' id='word_1_790' title='bbox 2637 3118 2848 3174; x_wconf 73' lang='lat' dir='ltr'><strong>invictus</strong></span> <span class='ocrx_word' id='word_1_791' title='bbox 2888 3129 2981 3175; x_wconf 71' lang='lat' dir='ltr'><strong>est.</strong></span> 
     </span>
    </p>
   </div>
   <div class='ocr_carea' id='block_1_95' title="bbox 1967 3196 3475 3277">
    <p class='ocr_par' dir='ltr' id='par_1_95' title="bbox 1967 3196 3475 3277">
     <span class='ocr_line' id='line_1_98' title="bbox 1967 3196 3475 3277; baseline 0.007 -17"><span class='ocrx_word' id='word_1_792' title='bbox 1967 3204 2053 3260; x_wconf 90' lang='lat'><strong>90.</strong></span> <span class='ocrx_word' id='word_1_793' title='bbox 2095 3205 2445 3277; x_wconf 85' lang='lat' dir='ltr'><strong>Quapropter,</strong></span> <span class='ocrx_word' id='word_1_794' title='bbox 2473 3196 2571 3263; x_wconf 80' lang='lat' dir='ltr'><strong>cur</strong></span> <span class='ocrx_word' id='word_1_795' title='bbox 2596 3210 2695 3264; x_wconf 90' lang='lat' dir='ltr'><strong>iste</strong></span> <span class='ocrx_word' id='word_1_796' title='bbox 2721 3225 2825 3264; x_wconf 92' lang='lat' dir='ltr'><strong>non</strong></span> <span class='ocrx_word' id='word_1_797' title='bbox 2855 3212 3083 3267; x_wconf 88' lang='lat' dir='ltr'><strong>invictus</strong></span> <span class='ocrx_word' id='word_1_798' title='bbox 3108 3213 3177 3268; x_wconf 91' lang='lat' dir='ltr'><strong>sit</strong></span> <span class='ocrx_word' id='word_1_799' title='bbox 3203 3212 3475 3277; x_wconf 85' lang='lat' dir='ltr'><strong>hominem</strong></span> 
     </span>
    </p>
   </div>
   <div class='ocr_carea' id='block_1_96' title="bbox 1896 3294 3475 3377">
    <p class='ocr_par' dir='ltr' id='par_1_96' title="bbox 1896 3294 3475 3377">
     <span class='ocr_line' id='line_1_99' title="bbox 1896 3294 3475 3377; baseline 0.006 -26"><span class='ocrx_word' id='word_1_800' title='bbox 1896 3294 2179 3365; x_wconf 87' lang='lat' dir='ltr'><strong>diligendo,</strong></span> <span class='ocrx_word' id='word_1_801' title='bbox 2203 3312 2324 3352; x_wconf 91' lang='lat' dir='ltr'><strong>cum</strong></span> <span class='ocrx_word' id='word_1_802' title='bbox 2343 3300 2395 3353; x_wconf 92' lang='lat' dir='ltr'><strong>in</strong></span> <span class='ocrx_word' id='word_1_803' title='bbox 2416 3314 2479 3353; x_wconf 90' lang='lat' dir='ltr'><strong>eo</strong></span> <span class='ocrx_word' id='word_1_804' title='bbox 2508 3300 2640 3355; x_wconf 89' lang='lat' dir='ltr'><strong>nihil</strong></span> <span class='ocrx_word' id='word_1_805' title='bbox 2666 3309 2858 3370; x_wconf 68' lang='lat' dir='ltr'><strong>praeter</strong></span> <span class='ocrx_word' id='word_1_806' title='bbox 2879 3302 3149 3359; x_wconf 91' lang='lat' dir='ltr'><strong>hominem</strong></span> <span class='ocrx_word' id='word_1_807' title='bbox 3187 3305 3394 3377; x_wconf 89' lang='lat' dir='ltr'><strong>diligat,</strong></span> <span class='ocrx_word' id='word_1_808' title='bbox 3423 3305 3475 3361; x_wconf 90' lang='lat' dir='ltr'><strong>id</strong></span> 
     </span>
    </p>
   </div>
   <div class='ocr_carea' id='block_1_97' title="bbox 1898 3391 3475 3465">
    <p class='ocr_par' dir='ltr' id='par_1_97' title="bbox 1898 3391 3475 3465">
     <span class='ocr_line' id='line_1_100' title="bbox 1898 3391 3475 3465; baseline 0.007 -23"><span class='ocrx_word' id='word_1_809' title='bbox 1898 3396 1979 3443; x_wconf 91' lang='lat' dir='ltr'><strong>est</strong></span> <span class='ocrx_word' id='word_1_810' title='bbox 2003 3398 2296 3444; x_wconf 87' lang='lat' dir='ltr'><strong>creaturam</strong></span> <span class='ocrx_word' id='word_1_811' title='bbox 2345 3391 2440 3446; x_wconf 90' lang='lat' dir='ltr'><strong>Dei</strong></span> <span class='ocrx_word' id='word_1_812' title='bbox 2466 3391 2532 3446; x_wconf 86' lang='lat' dir='ltr'><strong>ad</strong></span> <span class='ocrx_word' id='word_1_813' title='bbox 2576 3392 2692 3462; x_wconf 82' lang='lat' dir='ltr'><strong>ejus</strong></span> <span class='ocrx_word' id='word_1_814' title='bbox 2720 3394 3005 3464; x_wconf 88' lang='lat' dir='ltr'><strong>imaginem</strong></span> <span class='ocrx_word' id='word_1_815' title='bbox 3033 3398 3245 3465; x_wconf 83' lang='lat' dir='ltr'><strong>factam,</strong></span> <span class='ocrx_word' id='word_1_816' title='bbox 3287 3413 3389 3453; x_wconf 88' lang='lat' dir='ltr'><strong>nec</strong></span> <span class='ocrx_word' id='word_1_817' title='bbox 3423 3398 3475 3454; x_wconf 88' lang='lat' dir='ltr'><strong>ei</strong></span> 
     </span>
    </p>
   </div>
   <div class='ocr_carea' id='block_1_98' title="bbox 1897 3477 3473 3557">
    <p class='ocr_par' dir='ltr' id='par_1_98' title="bbox 1897 3477 3473 3557">
     <span class='ocr_line' id='line_1_101' title="bbox 1897 3477 3473 3557; baseline 0.008 -27"><span class='ocrx_word' id='word_1_818' title='bbox 1897 3478 2065 3546; x_wconf 89' lang='lat' dir='ltr'><strong>possit</strong></span> <span class='ocrx_word' id='word_1_819' title='bbox 2090 3477 2277 3534; x_wconf 87' lang='lat' dir='ltr'><strong>deesse</strong></span> <span class='ocrx_word' id='word_1_820' title='bbox 2299 3480 2529 3549; x_wconf 89' lang='lat' dir='ltr'><strong>perfecta</strong></span> <span class='ocrx_word' id='word_1_821' title='bbox 2557 3490 2741 3536; x_wconf 90' lang='lat' dir='ltr'><strong>natura</strong></span> <span class='ocrx_word' id='word_1_822' title='bbox 2770 3498 2927 3553; x_wconf 90' lang='lat' dir='ltr'><strong>quam</strong></span> <span class='ocrx_word' id='word_1_823' title='bbox 2962 3485 3148 3555; x_wconf 87' lang='lat' dir='ltr'><strong>diligit,</strong></span> <span class='ocrx_word' id='word_1_824' title='bbox 3198 3502 3319 3541; x_wconf 91' lang='lat' dir='ltr'><strong>cum</strong></span> <span class='ocrx_word' id='word_1_825' title='bbox 3358 3488 3473 3557; x_wconf 89' lang='lat' dir='ltr'><strong>ipse</strong></span> 
     </span>
    </p>
   </div>
   <div class='ocr_carea' id='block_1_99' title="bbox 1898 3569 3474 3650">
    <p class='ocr_par' dir='ltr' id='par_1_99' title="bbox 1898 3569 3474 3650">
     <span class='ocr_line' id='line_1_102' title="bbox 1898 3569 3474 3650; baseline 0.008 -27"><span class='ocrx_word' id='word_1_826' title='bbox 1898 3569 2162 3639; x_wconf 87' lang='lat' dir='ltr'><strong>perfectus</strong></span> <span class='ocrx_word' id='word_1_827' title='bbox 2200 3572 2318 3626; x_wconf 86' lang='lat' dir='ltr'><strong>est?</strong></span> <span class='ocrx_word' id='word_1_828' title='bbox 2345 3570 2492 3628; x_wconf 90' lang='lat' dir='ltr'><strong>Sicut</strong></span> <span class='ocrx_word' id='word_1_829' title='bbox 2520 3572 2686 3641; x_wconf 89' lang='lat' dir='ltr'><strong>enim,</strong></span> <span class='ocrx_word' id='word_1_830' title='bbox 2709 3575 2857 3630; x_wconf 88' lang='lat' dir='ltr'><strong>verbi</strong></span> <span class='ocrx_word' id='word_1_831' title='bbox 2882 3577 3068 3647; x_wconf 88' lang='lat' dir='ltr'><strong>gratia,</strong></span> <span class='ocrx_word' id='word_1_832' title='bbox 3120 3578 3165 3633; x_wconf 91' lang='lat' dir='ltr'><strong>si</strong></span> <span class='ocrx_word' id='word_1_833' title='bbox 3193 3579 3474 3650; x_wconf 84' lang='lat' dir='ltr'><strong>quisquam</strong></span> 
     </span>
    </p>
   </div>
   <div class='ocr_carea' id='block_1_100' title="bbox 1899 3660 3479 3737">
    <p class='ocr_par' dir='ltr' id='par_1_100' title="bbox 1899 3660 3479 3737">
     <span class='ocr_line' id='line_1_103' title="bbox 1899 3660 3479 3737; baseline 0.007 -22"><span class='ocrx_word' id='word_1_834' title='bbox 1899 3660 2081 3732; x_wconf 84' lang='lat' dir='ltr'><strong>diligat</strong></span> <span class='ocrx_word' id='word_1_835' title='bbox 2101 3663 2234 3717; x_wconf 89' lang='lat' dir='ltr'><strong>bene</strong></span> <span class='ocrx_word' id='word_1_836' title='bbox 2249 3672 2572 3733; x_wconf 89' lang='lat' dir='ltr'><strong>cantantem,</strong></span> <span class='ocrx_word' id='word_1_837' title='bbox 2604 3680 2711 3721; x_wconf 91' lang='lat' dir='ltr'><strong>non</strong></span> <span class='ocrx_word' id='word_1_838' title='bbox 2741 3666 2881 3723; x_wconf 88' lang='lat' dir='ltr'><strong>hunc</strong></span> <span class='ocrx_word' id='word_1_839' title='bbox 2921 3677 3013 3723; x_wconf 90' lang='lat' dir='ltr'><strong>aut</strong></span> <span class='ocrx_word' id='word_1_840' title='bbox 3039 3669 3206 3737; x_wconf 92' lang='lat' dir='ltr'><strong>illum,</strong></span> <span class='ocrx_word' id='word_1_841' title='bbox 3237 3670 3329 3725; x_wconf 91' lang='lat' dir='ltr'><strong>sed</strong></span> <span class='ocrx_word' id='word_1_842' title='bbox 3357 3679 3479 3726; x_wconf 89' lang='lat' dir='ltr'><strong>tan-</strong></span> 
     </span>
    </p>
   </div>
   <div class='ocr_carea' id='block_1_101' title="bbox 1902 3755 3478 3835">
    <p class='ocr_par' dir='ltr' id='par_1_101' title="bbox 1902 3755 3478 3835">
     <span class='ocr_line' id='line_1_104' title="bbox 1902 3755 3478 3835; baseline 0.009 -27"><span class='ocrx_word' id='word_1_843' title='bbox 1902 3761 2013 3809; x_wconf 92' lang='lat' dir='ltr'><strong>tum</strong></span> <span class='ocrx_word' id='word_1_844' title='bbox 2038 3755 2175 3810; x_wconf 90' lang='lat' dir='ltr'><strong>bene</strong></span> <span class='ocrx_word' id='word_1_845' title='bbox 2202 3766 2501 3814; x_wconf 89' lang='lat' dir='ltr'><strong>cantantem</strong></span> <span class='ocrx_word' id='word_1_846' title='bbox 2528 3760 2836 3829; x_wconf 90' lang='lat' dir='ltr'><strong>quemlibet,</strong></span> <span class='ocrx_word' id='word_1_847' title='bbox 2860 3776 2979 3817; x_wconf 92' lang='lat' dir='ltr'><strong>cum</strong></span> <span class='ocrx_word' id='word_1_848' title='bbox 3011 3763 3080 3816; x_wconf 92' lang='lat' dir='ltr'><strong>sit</strong></span> <span class='ocrx_word' id='word_1_849' title='bbox 3102 3773 3343 3819; x_wconf 89' lang='lat' dir='ltr'><strong>cantator</strong></span> <span class='ocrx_word' id='word_1_850' title='bbox 3364 3768 3478 3835; x_wconf 90' lang='lat' dir='ltr'><strong>ipse</strong></span> 
     </span>
    </p>
   </div>
   <div class='ocr_carea' id='block_1_102' title="bbox 1903 3849 3480 3928">
    <p class='ocr_par' dir='ltr' id='par_1_102' title="bbox 1903 3849 3480 3928">
     <span class='ocr_line' id='line_1_105' title="bbox 1903 3849 3480 3928; baseline 0.008 -26"><span class='ocrx_word' id='word_1_851' title='bbox 1903 3849 2201 3920; x_wconf 81' lang='lat' dir='ltr'><strong>perlectus;</strong></span> <span class='ocrx_word' id='word_1_852' title='bbox 2230 3851 2300 3928; x_wconf 77' lang='lat' dir='ltr'><strong>ita</strong></span> <span class='ocrx_word' id='word_1_853' title='bbox 2332 3851 2444 3906; x_wconf 88' lang='lat' dir='ltr'><strong>vult</strong></span> <span class='ocrx_word' id='word_1_854' title='bbox 2467 3868 2654 3910; x_wconf 86' lang='lat' dir='ltr'><strong>omnes</strong></span> <span class='ocrx_word' id='word_1_855' title='bbox 2683 3852 2817 3908; x_wconf 88' lang='lat' dir='ltr'><strong>tales</strong></span> <span class='ocrx_word' id='word_1_856' title='bbox 2843 3864 3055 3920; x_wconf 87' lang='lat' dir='ltr'><strong>esse,ut</strong></span> <span class='ocrx_word' id='word_1_857' title='bbox 3087 3865 3260 3912; x_wconf 90' lang='lat' dir='ltr'><strong>tamen</strong></span> <span class='ocrx_word' id='word_1_858' title='bbox 3299 3858 3348 3913; x_wconf 89' lang='lat' dir='ltr'><strong>ci</strong></span> <span class='ocrx_word' id='word_1_859' title='bbox 3373 3874 3480 3915; x_wconf 91' lang='lat' dir='ltr'><strong>non</strong></span> 
     </span>
    </p>
   </div>
   <div class='ocr_carea' id='block_1_103' title="bbox 1902 3941 3482 4016">
    <p class='ocr_par' dir='ltr' id='par_1_103' title="bbox 1902 3941 3482 4016">
     <span class='ocr_line' id='line_1_106' title="bbox 1902 3941 3482 4016; baseline 0.007 -19"><span class='ocrx_word' id='word_1_860' title='bbox 1902 3941 2041 3997; x_wconf 89' lang='lat' dir='ltr'><strong>desit</strong></span> <span class='ocrx_word' id='word_1_861' title='bbox 2058 3942 2199 4013; x_wconf 91' lang='lat' dir='ltr'><strong>quod</strong></span> <span class='ocrx_word' id='word_1_862' title='bbox 2224 3944 2417 4014; x_wconf 89' lang='lat' dir='ltr'><strong>diligit,</strong></span> <span class='ocrx_word' id='word_1_863' title='bbox 2458 3945 2577 4016; x_wconf 90' lang='lat' dir='ltr'><strong>quia</strong></span> <span class='ocrx_word' id='word_1_864' title='bbox 2606 3947 2718 4016; x_wconf 89' lang='lat' dir='ltr'><strong>ipse</strong></span> <span class='ocrx_word' id='word_1_865' title='bbox 2746 3946 2883 4004; x_wconf 90' lang='lat' dir='ltr'><strong>bene</strong></span> <span class='ocrx_word' id='word_1_866' title='bbox 2908 3956 3107 4004; x_wconf 88' lang='lat' dir='ltr'><strong>cantat.</strong></span> <span class='ocrx_word' id='word_1_867' title='bbox 3132 3950 3261 4005; x_wconf 87' lang='lat' dir='ltr'><strong>Nam</strong></span> <span class='ocrx_word' id='word_1_868' title='bbox 3283 3952 3328 4006; x_wconf 91' lang='lat' dir='ltr'><strong>si</strong></span> <span class='ocrx_word' id='word_1_869' title='bbox 3369 3954 3482 4008; x_wconf 87' lang='lat' dir='ltr'><strong>eui-</strong></span> 
     </span>
    </p>
   </div>
   <div class='ocr_carea' id='block_1_104' title="bbox 1904 4036 3481 4115">
    <p class='ocr_par' dir='ltr' id='par_1_104' title="bbox 1904 4036 3481 4115">
     <span class='ocr_line' id='line_1_107' title="bbox 1904 4036 3481 4115; baseline 0.009 -28"><span class='ocrx_word' id='word_1_870' title='bbox 1904 4050 2059 4105; x_wconf 89' lang='lat' dir='ltr'><strong>quam</strong></span> <span class='ocrx_word' id='word_1_871' title='bbox 2082 4036 2281 4092; x_wconf 83' lang='lat' dir='ltr'><strong>invidet</strong></span> <span class='ocrx_word' id='word_1_872' title='bbox 2298 4036 2431 4093; x_wconf 86' lang='lat' dir='ltr'><strong>bene</strong></span> <span class='ocrx_word' id='word_1_873' title='bbox 2456 4039 2712 4106; x_wconf 89' lang='lat' dir='ltr'><strong>cantanti,</strong></span> <span class='ocrx_word' id='word_1_874' title='bbox 2737 4055 2843 4095; x_wconf 90' lang='lat' dir='ltr'><strong>non</strong></span> <span class='ocrx_word' id='word_1_875' title='bbox 2877 4040 2988 4112; x_wconf 80' lang='lat' dir='ltr'><strong>jam</strong></span> <span class='ocrx_word' id='word_1_876' title='bbox 3009 4042 3138 4098; x_wconf 91' lang='lat' dir='ltr'><strong>illud</strong></span> <span class='ocrx_word' id='word_1_877' title='bbox 3155 4042 3341 4115; x_wconf 91' lang='lat' dir='ltr'><strong>diligit,</strong></span> <span class='ocrx_word' id='word_1_878' title='bbox 3385 4045 3481 4102; x_wconf 90' lang='lat' dir='ltr'><strong>sed</strong></span> 
     </span>
    </p>
   </div>
   <div class='ocr_carea' id='block_1_105' title="bbox 1906 4127 3489 4203">
    <p class='ocr_par' dir='ltr' id='par_1_105' title="bbox 1906 4127 3489 4203">
     <span class='ocr_line' id='line_1_108' title="bbox 1906 4127 3489 4203; baseline 0.009 -25"><span class='ocrx_word' id='word_1_879' title='bbox 1906 4134 1996 4180; x_wconf 90' lang='lat' dir='ltr'><strong>aut</strong></span> <span class='ocrx_word' id='word_1_880' title='bbox 2024 4127 2254 4195; x_wconf 87' lang='lat' dir='ltr'><strong>laudem,</strong></span> <span class='ocrx_word' id='word_1_881' title='bbox 2284 4137 2374 4183; x_wconf 87' lang='lat' dir='ltr'><strong>aut</strong></span> <span class='ocrx_word' id='word_1_882' title='bbox 2394 4128 2591 4200; x_wconf 92' lang='lat' dir='ltr'><strong>aliquid</strong></span> <span class='ocrx_word' id='word_1_883' title='bbox 2613 4131 2774 4197; x_wconf 88' lang='lat' dir='ltr'><strong>aliud,</strong></span> <span class='ocrx_word' id='word_1_884' title='bbox 2806 4148 2911 4203; x_wconf 92' lang='lat' dir='ltr'><strong>quo</strong></span> <span class='ocrx_word' id='word_1_885' title='bbox 2926 4133 3065 4190; x_wconf 89' lang='lat' dir='ltr'><strong>bene</strong></span> <span class='ocrx_word' id='word_1_886' title='bbox 3087 4136 3349 4191; x_wconf 85' lang='lat' dir='ltr'><strong>cantando</strong></span> <span class='ocrx_word' id='word_1_887' title='bbox 3375 4138 3489 4194; x_wconf 89' lang='lat' dir='ltr'><strong>vult</strong></span> 
     </span>
    </p>
   </div>
   <div class='ocr_carea' id='block_1_106' title="bbox 1906 4218 3485 4291">
    <p class='ocr_par' dir='ltr' id='par_1_106' title="bbox 1906 4218 3485 4291">
     <span class='ocr_line' id='line_1_109' title="bbox 1906 4218 3485 4291; baseline 0.009 -21"><span class='ocrx_word' id='word_1_888' title='bbox 1906 4218 2219 4287; x_wconf 88' lang='lat' dir='ltr'><strong>pervenire;</strong></span> <span class='ocrx_word' id='word_1_889' title='bbox 2251 4228 2306 4274; x_wconf 91' lang='lat' dir='ltr'><strong>et</strong></span> <span class='ocrx_word' id='word_1_890' title='bbox 2335 4229 2509 4289; x_wconf 91' lang='lat' dir='ltr'><strong>potest</strong></span> <span class='ocrx_word' id='word_1_891' title='bbox 2534 4221 2585 4275; x_wconf 90' lang='lat' dir='ltr'><strong>ei</strong></span> <span class='ocrx_word' id='word_1_892' title='bbox 2618 4223 2784 4278; x_wconf 92' lang='lat' dir='ltr'><strong>minui</strong></span> <span class='ocrx_word' id='word_1_893' title='bbox 2809 4225 2893 4280; x_wconf 91' lang='lat' dir='ltr'><strong>vel</strong></span> <span class='ocrx_word' id='word_1_894' title='bbox 2912 4225 3129 4291; x_wconf 88' lang='lat' dir='ltr'><strong>auferri,</strong></span> <span class='ocrx_word' id='word_1_895' title='bbox 3157 4228 3202 4282; x_wconf 92' lang='lat' dir='ltr'><strong>si</strong></span> <span class='ocrx_word' id='word_1_896' title='bbox 3252 4237 3307 4284; x_wconf 92' lang='lat' dir='ltr'><strong>et</strong></span> <span class='ocrx_word' id='word_1_897' title='bbox 3347 4229 3485 4285; x_wconf 91' lang='lat' dir='ltr'><strong>alius</strong></span> 
     </span>
    </p>
   </div>
   <div class='ocr_carea' id='block_1_107' title="bbox 1906 4310 3485 4387">
    <p class='ocr_par' dir='ltr' id='par_1_107' title="bbox 1906 4310 3485 4387">
     <span class='ocr_line' id='line_1_110' title="bbox 1906 4310 3485 4387; baseline 0.006 -22"><span class='ocrx_word' id='word_1_898' title='bbox 1906 4310 2042 4365; x_wconf 88' lang='lat' dir='ltr'><strong>bene</strong></span> <span class='ocrx_word' id='word_1_899' title='bbox 2070 4313 2380 4367; x_wconf 87' lang='lat' dir='ltr'><strong>cantavcrit.</strong></span> <span class='ocrx_word' id='word_1_900' title='bbox 2401 4313 2501 4382; x_wconf 90' lang='lat' dir='ltr'><strong>Qui</strong></span> <span class='ocrx_word' id='word_1_901' title='bbox 2529 4330 2656 4386; x_wconf 90' lang='lat' dir='ltr'><strong>ergo</strong></span> <span class='ocrx_word' id='word_1_902' title='bbox 2701 4315 2901 4372; x_wconf 90' lang='lat' dir='ltr'><strong>invidet</strong></span> <span class='ocrx_word' id='word_1_903' title='bbox 2926 4318 3060 4373; x_wconf 89' lang='lat' dir='ltr'><strong>bene</strong></span> <span class='ocrx_word' id='word_1_904' title='bbox 3092 4320 3348 4387; x_wconf 88' lang='lat' dir='ltr'><strong>cantanti,</strong></span> <span class='ocrx_word' id='word_1_905' title='bbox 3376 4335 3485 4375; x_wconf 90' lang='lat' dir='ltr'><strong>non</strong></span> 
     </span>
    </p>
   </div>
   <div class='ocr_carea' id='block_1_108' title="bbox 1905 4404 3481 4480">
    <p class='ocr_par' dir='ltr' id='par_1_108' title="bbox 1905 4404 3481 4480">
     <span class='ocr_line' id='line_1_111' title="bbox 1905 4404 3481 4480; baseline 0.006 -24"><span class='ocrx_word' id='word_1_906' title='bbox 1905 4413 2049 4457; x_wconf 90' lang='lat' dir='ltr'><strong>amat</strong></span> <span class='ocrx_word' id='word_1_907' title='bbox 2071 4404 2207 4460; x_wconf 90' lang='lat' dir='ltr'><strong>bene</strong></span> <span class='ocrx_word' id='word_1_908' title='bbox 2222 4415 2555 4460; x_wconf 86' lang='lat' dir='ltr'><strong>cantantem:</strong></span> <span class='ocrx_word' id='word_1_909' title='bbox 2588 4407 2682 4461; x_wconf 90' lang='lat' dir='ltr'><strong>sed</strong></span> <span class='ocrx_word' id='word_1_910' title='bbox 2710 4423 2891 4462; x_wconf 88' lang='lat' dir='ltr'><strong>rursus</strong></span> <span class='ocrx_word' id='word_1_911' title='bbox 2917 4410 3005 4478; x_wconf 91' lang='lat' dir='ltr'><strong>qui</strong></span> <span class='ocrx_word' id='word_1_912' title='bbox 3034 4424 3098 4463; x_wconf 91' lang='lat' dir='ltr'><strong>eo</strong></span> <span class='ocrx_word' id='word_1_913' title='bbox 3125 4409 3341 4480; x_wconf 90' lang='lat' dir='ltr'><strong>indiget,</strong></span> <span class='ocrx_word' id='word_1_914' title='bbox 3374 4426 3481 4465; x_wconf 92' lang='lat' dir='ltr'><strong>non</strong></span> 
     </span>
    </p>
   </div>
   <div class='ocr_carea' id='block_1_109' title="bbox 1906 4494 3488 4561">
    <p class='ocr_par' dir='ltr' id='par_1_109' title="bbox 1906 4494 3488 4561">
     <span class='ocr_line' id='line_1_112' title="bbox 1906 4494 3488 4561; baseline 0.006 -12"><span class='ocrx_word' id='word_1_915' title='bbox 1906 4494 2043 4550; x_wconf 89' lang='lat' dir='ltr'><strong>bene</strong></span> <span class='ocrx_word' id='word_1_916' title='bbox 2068 4504 2263 4550; x_wconf 88' lang='lat' dir='ltr'><strong>cantat.</strong></span> <span class='ocrx_word' id='word_1_917' title='bbox 2296 4495 2447 4561; x_wconf 87' lang='lat' dir='ltr'><strong>Quod</strong></span> <span class='ocrx_word' id='word_1_918' title='bbox 2475 4497 2639 4552; x_wconf 93' lang='lat' dir='ltr'><strong>multo</strong></span> <span class='ocrx_word' id='word_1_919' title='bbox 2663 4499 3116 4555; x_wconf 88' lang='lat' dir='ltr'><strong>accommodatius</strong></span> <span class='ocrx_word' id='word_1_920' title='bbox 3150 4502 3217 4557; x_wconf 93' lang='lat' dir='ltr'><strong>de</strong></span> <span class='ocrx_word' id='word_1_921' title='bbox 3251 4503 3387 4559; x_wconf 87' lang='lat' dir='ltr'><strong>bene</strong></span> <span class='ocrx_word' id='word_1_922' title='bbox 3406 4502 3488 4558; x_wconf 88' lang='lat' dir='ltr'><strong>vi-</strong></span> 
     </span>
    </p>
   </div>
   <div class='ocr_carea' id='block_1_110' title="bbox 1905 4587 3486 4666">
    <p class='ocr_par' dir='ltr' id='par_1_110' title="bbox 1905 4587 3486 4666">
     <span class='ocr_line' id='line_1_113' title="bbox 1905 4587 3486 4666; baseline 0.006 -24"><span class='ocrx_word' id='word_1_923' title='bbox 1905 4596 2063 4644; x_wconf 87' lang='lat' dir='ltr'><strong>vente</strong></span> <span class='ocrx_word' id='word_1_924' title='bbox 2087 4587 2189 4642; x_wconf 92' lang='lat' dir='ltr'><strong>dici</strong></span> <span class='ocrx_word' id='word_1_925' title='bbox 2213 4597 2403 4658; x_wconf 90' lang='lat' dir='ltr'><strong>potest,</strong></span> <span class='ocrx_word' id='word_1_926' title='bbox 2435 4589 2555 4659; x_wconf 89' lang='lat' dir='ltr'><strong>quia</strong></span> <span class='ocrx_word' id='word_1_927' title='bbox 2582 4589 2814 4646; x_wconf 90' lang='lat' dir='ltr'><strong>invidere</strong></span> <span class='ocrx_word' id='word_1_928' title='bbox 2831 4591 2959 4646; x_wconf 90' lang='lat' dir='ltr'><strong>nulli</strong></span> <span class='ocrx_word' id='word_1_929' title='bbox 2988 4602 3197 4663; x_wconf 87' lang='lat' dir='ltr'><strong>potest:</strong></span> <span class='ocrx_word' id='word_1_930' title='bbox 3222 4611 3327 4666; x_wconf 90' lang='lat' dir='ltr'><strong>quo</strong></span> <span class='ocrx_word' id='word_1_931' title='bbox 3342 4596 3486 4651; x_wconf 89' lang='lat' dir='ltr'><strong>enim</strong></span> 
     </span>
    </p>
   </div>
   <div class='ocr_carea' id='block_1_111' title="bbox 1909 4680 3482 4756">
    <p class='ocr_par' dir='ltr' id='par_1_111' title="bbox 1909 4680 3482 4756">
     <span class='ocr_line' id='line_1_114' title="bbox 1909 4680 3482 4756; baseline 0.006 -21"><span class='ocrx_word' id='word_1_932' title='bbox 1909 4680 2223 4751; x_wconf 84' lang='lat' dir='ltr'><strong>perveniunt</strong></span> <span class='ocrx_word' id='word_1_933' title='bbox 2262 4682 2395 4736; x_wconf 91' lang='lat' dir='ltr'><strong>bene</strong></span> <span class='ocrx_word' id='word_1_934' title='bbox 2437 4682 2693 4751; x_wconf 87' lang='lat' dir='ltr'><strong>viventes,</strong></span> <span class='ocrx_word' id='word_1_935' title='bbox 2731 4685 3056 4741; x_wconf 87' lang='lat' dir='ltr'><strong>tantumdem</strong></span> <span class='ocrx_word' id='word_1_936' title='bbox 3104 4695 3187 4743; x_wconf 90' lang='lat' dir='ltr'><strong>est</strong></span> <span class='ocrx_word' id='word_1_937' title='bbox 3211 4689 3482 4756; x_wconf 92' lang='lat' dir='ltr'><strong>omnibus,</strong></span> 
     </span>
    </p>
   </div>
   <div class='ocr_carea' id='block_1_112' title="bbox 1908 4770 3490 4849">
    <p class='ocr_par' dir='ltr' id='par_1_112' title="bbox 1908 4770 3490 4849">
     <span class='ocr_line' id='line_1_115' title="bbox 1908 4770 3490 4849; baseline 0.007 -24"><span class='ocrx_word' id='word_1_938' title='bbox 1908 4786 2009 4827; x_wconf 91' lang='lat' dir='ltr'><strong>nec</strong></span> <span class='ocrx_word' id='word_1_939' title='bbox 2037 4770 2211 4826; x_wconf 91' lang='lat' dir='ltr'><strong>minus</strong></span> <span class='ocrx_word' id='word_1_940' title='bbox 2236 4770 2295 4825; x_wconf 78' lang='lat' dir='ltr'><strong>fit</strong></span> <span class='ocrx_word' id='word_1_941' title='bbox 2334 4787 2455 4826; x_wconf 93' lang='lat' dir='ltr'><strong>cum</strong></span> <span class='ocrx_word' id='word_1_942' title='bbox 2502 4772 2681 4843; x_wconf 89' lang='lat' dir='ltr'><strong>plures</strong></span> <span class='ocrx_word' id='word_1_943' title='bbox 2710 4774 3010 4832; x_wconf 86' lang='lat' dir='ltr'><strong>habuerint.</strong></span> <span class='ocrx_word' id='word_1_944' title='bbox 3064 4777 3132 4832; x_wconf 90' lang='lat' dir='ltr'><strong>Et</strong></span> <span class='ocrx_word' id='word_1_945' title='bbox 3171 4788 3343 4849; x_wconf 90' lang='lat' dir='ltr'><strong>potest</strong></span> <span class='ocrx_word' id='word_1_946' title='bbox 3366 4795 3490 4836; x_wconf 89' lang='lat' dir='ltr'><strong>esse</strong></span> 
     </span>
    </p>
   </div>
   <div class='ocr_carea' id='block_1_113' title="bbox 1910 4864 3481 4933">
    <p class='ocr_par' dir='ltr' id='par_1_113' title="bbox 1910 4864 3481 4933">
     <span class='ocr_line' id='line_1_116' title="bbox 1910 4864 3481 4933; baseline 0.004 -15"><span class='ocrx_word' id='word_1_947' title='bbox 1910 4871 2115 4932; x_wconf 88' lang='lat' dir='ltr'><strong>tempus</strong></span> <span class='ocrx_word' id='word_1_948' title='bbox 2161 4879 2265 4933; x_wconf 89' lang='lat' dir='ltr'><strong>quo</strong></span> <span class='ocrx_word' id='word_1_949' title='bbox 2314 4864 2486 4919; x_wconf 91' lang='lat' dir='ltr'><strong>bonus</strong></span> <span class='ocrx_word' id='word_1_950' title='bbox 2538 4874 2777 4921; x_wconf 87' lang='lat' dir='ltr'><strong>cantator</strong></span> <span class='ocrx_word' id='word_1_951' title='bbox 2830 4876 3044 4923; x_wconf 86' lang='lat' dir='ltr'><strong>cantare</strong></span> <span class='ocrx_word' id='word_1_952' title='bbox 3073 4885 3177 4925; x_wconf 87' lang='lat' dir='ltr'><strong>non</strong></span> <span class='ocrx_word' id='word_1_953' title='bbox 3228 4869 3481 4927; x_wconf 90' lang='lat' dir='ltr'><strong>decenter</strong></span> 
     </span>
    </p>
   </div>
   <div class='ocr_carea' id='block_1_114' title="bbox 1910 4954 3484 5030">
    <p class='ocr_par' dir='ltr' id='par_1_114' title="bbox 1910 4954 3484 5030">
     <span class='ocr_line' id='line_1_117' title="bbox 1910 4954 3484 5030; baseline 0.005 -22"><span class='ocrx_word' id='word_1_954' title='bbox 1910 4962 2086 5024; x_wconf 90' lang='lat' dir='ltr'><strong>queat,</strong></span> <span class='ocrx_word' id='word_1_955' title='bbox 2120 4964 2173 5010; x_wconf 92' lang='lat' dir='ltr'><strong>et</strong></span> <span class='ocrx_word' id='word_1_956' title='bbox 2202 4954 2434 5026; x_wconf 87' lang='lat' dir='ltr'><strong>indigeat</strong></span> <span class='ocrx_word' id='word_1_957' title='bbox 2460 4970 2590 5012; x_wconf 90' lang='lat' dir='ltr'><strong>voce</strong></span> <span class='ocrx_word' id='word_1_958' title='bbox 2636 4958 2876 5025; x_wconf 88' lang='lat' dir='ltr'><strong>alterius,</strong></span> <span class='ocrx_word' id='word_1_959' title='bbox 2905 4975 3006 5030; x_wconf 91' lang='lat' dir='ltr'><strong>qua</strong></span> <span class='ocrx_word' id='word_1_960' title='bbox 3035 4960 3135 5015; x_wconf 91' lang='lat' dir='ltr'><strong>sibi</strong></span> <span class='ocrx_word' id='word_1_961' title='bbox 3170 4961 3484 5017; x_wconf 82' lang='lat' dir='ltr'><strong>exhibeatur</strong></span> 
     </span>
    </p>
   </div>
   <div class='ocr_carea' id='block_1_115' title="bbox 1910 5049 3485 5122">
    <p class='ocr_par' dir='ltr' id='par_1_115' title="bbox 1910 5049 3485 5122">
     <span class='ocr_line' id='line_1_118' title="bbox 1910 5049 3485 5122; baseline 0.006 -21"><span class='ocrx_word' id='word_1_962' title='bbox 1910 5050 2049 5119; x_wconf 89' lang='lat' dir='ltr'><strong>quod</strong></span> <span class='ocrx_word' id='word_1_963' title='bbox 2082 5049 2287 5120; x_wconf 90' lang='lat' dir='ltr'><strong>diligit;</strong></span> <span class='ocrx_word' id='word_1_964' title='bbox 2313 5059 2563 5122; x_wconf 89' lang='lat' dir='ltr'><strong>tanquam</strong></span> <span class='ocrx_word' id='word_1_965' title='bbox 2594 5050 2638 5105; x_wconf 91' lang='lat' dir='ltr'><strong>si</strong></span> <span class='ocrx_word' id='word_1_966' title='bbox 2665 5052 2855 5108; x_wconf 89' lang='lat' dir='ltr'><strong>alicubi</strong></span> <span class='ocrx_word' id='word_1_967' title='bbox 2895 5054 3223 5120; x_wconf 90' lang='lat' dir='ltr'><strong>convivetur,</strong></span> <span class='ocrx_word' id='word_1_968' title='bbox 3248 5053 3335 5109; x_wconf 90' lang='lat' dir='ltr'><strong>ubi</strong></span> <span class='ocrx_word' id='word_1_969' title='bbox 3360 5068 3485 5110; x_wconf 91' lang='lat' dir='ltr'><strong>eum</strong></span> 
     </span>
    </p>
   </div>
   <div class='ocr_carea' id='block_1_116' title="bbox 1911 5142 3487 5211">
    <p class='ocr_par' dir='ltr' id='par_1_116' title="bbox 1911 5142 3487 5211">
     <span class='ocr_line' id='line_1_119' title="bbox 1911 5142 3487 5211; baseline 0.004 -15"><span class='ocrx_word' id='word_1_970' title='bbox 1911 5150 2125 5196; x_wconf 87' lang='lat' dir='ltr'><strong>cantare</strong></span> <span class='ocrx_word' id='word_1_971' title='bbox 2143 5151 2292 5211; x_wconf 90' lang='lat' dir='ltr'><strong>turpe</strong></span> <span class='ocrx_word' id='word_1_972' title='bbox 2319 5143 2407 5209; x_wconf 88' lang='lat' dir='ltr'><strong>sit,</strong></span> <span class='ocrx_word' id='word_1_973' title='bbox 2440 5142 2535 5198; x_wconf 90' lang='lat' dir='ltr'><strong>sed</strong></span> <span class='ocrx_word' id='word_1_974' title='bbox 2565 5142 2749 5200; x_wconf 87' lang='lat' dir='ltr'><strong>deceat</strong></span> <span class='ocrx_word' id='word_1_975' title='bbox 2768 5146 2951 5202; x_wconf 89' lang='lat' dir='ltr'><strong>audire</strong></span> <span class='ocrx_word' id='word_1_976' title='bbox 2977 5155 3275 5203; x_wconf 88' lang='lat' dir='ltr'><strong>cantantem</strong></span> <span class='ocrx_word' id='word_1_977' title='bbox 3307 5165 3321 5202; x_wconf 89' lang='lat'><strong>:</strong></span> <span class='ocrx_word' id='word_1_978' title='bbox 3351 5146 3487 5202; x_wconf 84' lang='lat' dir='ltr'><strong>bene</strong></span> 
     </span>
    </p>
   </div>
   <div class='ocr_carea' id='block_1_117' title="bbox 1911 5234 3486 5309">
    <p class='ocr_par' dir='ltr' id='par_1_117' title="bbox 1911 5234 3486 5309">
     <span class='ocr_line' id='line_1_120' title="bbox 1911 5234 3486 5309; baseline 0.004 -23"><span class='ocrx_word' id='word_1_979' title='bbox 1911 5242 2085 5288; x_wconf 90' lang='lat' dir='ltr'><strong>autem</strong></span> <span class='ocrx_word' id='word_1_980' title='bbox 2107 5234 2286 5288; x_wconf 88' lang='lat' dir='ltr'><strong>vivere</strong></span> <span class='ocrx_word' id='word_1_981' title='bbox 2310 5249 2521 5303; x_wconf 85' lang='lat' dir='ltr'><strong>semper</strong></span> <span class='ocrx_word' id='word_1_982' title='bbox 2550 5235 2719 5293; x_wconf 89' lang='lat' dir='ltr'><strong>decet.</strong></span> <span class='ocrx_word' id='word_1_983' title='bbox 2747 5238 2920 5305; x_wconf 89' lang='lat' dir='ltr'><strong>Quare</strong></span> <span class='ocrx_word' id='word_1_984' title='bbox 2947 5240 3181 5309; x_wconf 86' lang='lat' dir='ltr'><strong>quisquis</strong></span> <span class='ocrx_word' id='word_1_985' title='bbox 3201 5238 3303 5293; x_wconf 86' lang='lat' dir='ltr'><strong>hoc</strong></span> <span class='ocrx_word' id='word_1_986' title='bbox 3332 5246 3385 5293; x_wconf 90' lang='lat' dir='ltr'><strong>et</strong></span> <span class='ocrx_word' id='word_1_987' title='bbox 3403 5237 3486 5293; x_wconf 86' lang='lat' dir='ltr'><strong>di-</strong></span> 
     </span>
    </p>
   </div>
   <div class='ocr_carea' id='block_1_118' title="bbox 1913 5326 3486 5397">
    <p class='ocr_par' dir='ltr' id='par_1_118' title="bbox 1913 5326 3486 5397">
     <span class='ocr_line' id='line_1_121' title="bbox 1913 5326 3486 5397; baseline 0.005 -18"><span class='ocrx_word' id='word_1_988' title='bbox 1913 5326 2028 5397; x_wconf 86' lang='lat' dir='ltr'><strong>ligit</strong></span> <span class='ocrx_word' id='word_1_989' title='bbox 2051 5338 2104 5381; x_wconf 91' lang='lat' dir='ltr'><strong>et</strong></span> <span class='ocrx_word' id='word_1_990' title='bbox 2130 5327 2274 5396; x_wconf 88' lang='lat' dir='ltr'><strong>facit,</strong></span> <span class='ocrx_word' id='word_1_991' title='bbox 2301 5344 2408 5383; x_wconf 90' lang='lat' dir='ltr'><strong>non</strong></span> <span class='ocrx_word' id='word_1_992' title='bbox 2435 5330 2608 5385; x_wconf 89' lang='lat' dir='ltr'><strong>solum</strong></span> <span class='ocrx_word' id='word_1_993' title='bbox 2638 5346 2741 5385; x_wconf 93' lang='lat' dir='ltr'><strong>non</strong></span> <span class='ocrx_word' id='word_1_994' title='bbox 2772 5331 2971 5385; x_wconf 89' lang='lat' dir='ltr'><strong>invidet</strong></span> <span class='ocrx_word' id='word_1_995' title='bbox 3005 5329 3352 5397; x_wconf 87' lang='lat' dir='ltr'><strong>imitantibus,</strong></span> <span class='ocrx_word' id='word_1_996' title='bbox 3389 5329 3486 5387; x_wconf 86' lang='lat' dir='ltr'><strong>sed</strong></span> 
     </span>
    </p>
   </div>
   <div class='ocr_carea' id='block_1_119' title="bbox 1913 5415 3493 5494">
    <p class='ocr_par' dir='ltr' id='par_1_119' title="bbox 1913 5415 3493 5494">
     <span class='ocr_line' id='line_1_122' title="bbox 1913 5415 3493 5494; baseline 0.007 -25"><span class='ocrx_word' id='word_1_997' title='bbox 1913 5425 1967 5469; x_wconf 92' lang='lat' dir='ltr'><strong>et</strong></span> <span class='ocrx_word' id='word_1_998' title='bbox 1991 5415 2072 5471; x_wconf 91' lang='lat' dir='ltr'><strong>his</strong></span> <span class='ocrx_word' id='word_1_999' title='bbox 2088 5433 2145 5473; x_wconf 88' lang='lat' dir='ltr'><strong>se</strong></span> <span class='ocrx_word' id='word_1_1000' title='bbox 2173 5418 2372 5489; x_wconf 82' lang='lat' dir='ltr'><strong>praebet</strong></span> <span class='ocrx_word' id='word_1_1001' title='bbox 2389 5419 2736 5477; x_wconf 90' lang='lat' dir='ltr'><strong>libentissime</strong></span> <span class='ocrx_word' id='word_1_1002' title='bbox 2751 5430 2908 5493; x_wconf 85' lang='lat' dir='ltr'><strong>atque</strong></span> <span class='ocrx_word' id='word_1_1003' title='bbox 2935 5420 3310 5478; x_wconf 86' lang='lat' dir='ltr'><strong>humanissime</strong></span> <span class='ocrx_word' id='word_1_1004' title='bbox 3324 5437 3493 5494; x_wconf 86' lang='lat' dir='ltr'><strong>quan-</strong></span> 
     </span>
    </p>
   </div>
   <div class='ocr_carea' id='block_1_120' title="bbox 1916 5512 3489 5585">
    <p class='ocr_par' dir='ltr' id='par_1_120' title="bbox 1916 5512 3489 5585">
     <span class='ocr_line' id='line_1_123' title="bbox 1916 5512 3489 5585; baseline 0.006 -23"><span class='ocrx_word' id='word_1_1005' title='bbox 1916 5518 2025 5563; x_wconf 91' lang='lat' dir='ltr'><strong>tum</strong></span> <span class='ocrx_word' id='word_1_1006' title='bbox 2048 5519 2252 5579; x_wconf 89' lang='lat' dir='ltr'><strong>potest;</strong></span> <span class='ocrx_word' id='word_1_1007' title='bbox 2285 5527 2384 5568; x_wconf 89' lang='lat' dir='ltr'><strong>nec</strong></span> <span class='ocrx_word' id='word_1_1008' title='bbox 2413 5522 2586 5572; x_wconf 89' lang='lat' dir='ltr'><strong>tamen</strong></span> <span class='ocrx_word' id='word_1_1009' title='bbox 2613 5515 2689 5571; x_wconf 87' lang='lat' dir='ltr'><strong>eis</strong></span> <span class='ocrx_word' id='word_1_1010' title='bbox 2714 5515 2929 5585; x_wconf 88' lang='lat' dir='ltr'><strong>indiget.</strong></span> <span class='ocrx_word' id='word_1_1011' title='bbox 2960 5512 3090 5568; x_wconf 87' lang='lat' dir='ltr'><strong>Nam</strong></span> <span class='ocrx_word' id='word_1_1012' title='bbox 3117 5514 3257 5584; x_wconf 92' lang='lat' dir='ltr'><strong>quod</strong></span> <span class='ocrx_word' id='word_1_1013' title='bbox 3306 5514 3359 5570; x_wconf 90' lang='lat' dir='ltr'><strong>in</strong></span> <span class='ocrx_word' id='word_1_1014' title='bbox 3381 5516 3489 5572; x_wconf 88' lang='lat' dir='ltr'><strong>illis</strong></span> 
     </span>
    </p>
   </div>
   <div class='ocr_carea' id='block_1_121' title="bbox 1912 5601 3491 5678">
    <p class='ocr_par' dir='ltr' id='par_1_121' title="bbox 1912 5601 3491 5678">
     <span class='ocr_line' id='line_1_124' title="bbox 1912 5601 3491 5678; baseline 0.007 -22"><span class='ocrx_word' id='word_1_1015' title='bbox 1912 5601 2099 5673; x_wconf 85' lang='lat' dir='ltr'><strong>diligit,</strong></span> <span class='ocrx_word' id='word_1_1016' title='bbox 2146 5604 2197 5657; x_wconf 92' lang='lat' dir='ltr'><strong>in</strong></span> <span class='ocrx_word' id='word_1_1017' title='bbox 2247 5606 2424 5676; x_wconf 90' lang='lat' dir='ltr'><strong>seipso</strong></span> <span class='ocrx_word' id='word_1_1018' title='bbox 2470 5608 2628 5663; x_wconf 91' lang='lat' dir='ltr'><strong>habet</strong></span> <span class='ocrx_word' id='word_1_1019' title='bbox 2666 5616 2829 5661; x_wconf 90' lang='lat' dir='ltr'><strong>totum</strong></span> <span class='ocrx_word' id='word_1_1020' title='bbox 2858 5616 3015 5677; x_wconf 89' lang='lat' dir='ltr'><strong>atque</strong></span> <span class='ocrx_word' id='word_1_1021' title='bbox 3051 5607 3364 5678; x_wconf 88' lang='lat' dir='ltr'><strong>perfectum.</strong></span> <span class='ocrx_word' id='word_1_1022' title='bbox 3413 5610 3491 5667; x_wconf 81' lang='lat' dir='ltr'><strong>Ita</strong></span> 
     </span>
    </p>
   </div>
   <div class='ocr_carea' id='block_1_122' title="bbox 1914 5698 3491 5770">
    <p class='ocr_par' dir='ltr' id='par_1_122' title="bbox 1914 5698 3491 5770">
     <span class='ocr_line' id='line_1_125' title="bbox 1914 5698 3491 5770; baseline 0.001 -16"><span class='ocrx_word' id='word_1_1023' title='bbox 1914 5714 2034 5754; x_wconf 92' lang='lat' dir='ltr'><strong>cum</strong></span> <span class='ocrx_word' id='word_1_1024' title='bbox 2054 5698 2225 5769; x_wconf 87' lang='lat' dir='ltr'><strong>diligit</strong></span> <span class='ocrx_word' id='word_1_1025' title='bbox 2246 5701 2543 5770; x_wconf 80' lang='lat' dir='ltr'><strong>proximum</strong></span> <span class='ocrx_word' id='word_1_1026' title='bbox 2579 5707 2828 5769; x_wconf 88' lang='lat' dir='ltr'><strong>tanquam</strong></span> <span class='ocrx_word' id='word_1_1027' title='bbox 2873 5698 3127 5770; x_wconf 82' lang='lat' dir='ltr'><strong>seipsum.</strong></span> <span class='ocrx_word' id='word_1_1028' title='bbox 3156 5716 3261 5756; x_wconf 91' lang='lat' dir='ltr'><strong>non</strong></span> <span class='ocrx_word' id='word_1_1029' title='bbox 3291 5701 3491 5758; x_wconf 90' lang='lat' dir='ltr'><strong>invidet</strong></span> 
     </span>
    </p>
   </div>
   <div class='ocr_carea' id='block_1_123' title="bbox 1914 5776 3488 5867">
    <p class='ocr_par' dir='ltr' id='par_1_123' title="bbox 1914 5776 3488 5867">
     <span class='ocr_line' id='line_1_126' title="bbox 1914 5776 3488 5867; baseline 0 -14"><span class='ocrx_word' id='word_1_1030' title='bbox 1914 5797 1964 5853; x_wconf 90' lang='lat' dir='ltr'><strong>ei</strong></span> <span class='ocrx_word' id='word_1_1031' title='bbox 1987 5839 2003 5864; x_wconf 92' lang='lat'><strong>,</strong></span> <span class='ocrx_word' id='word_1_1032' title='bbox 2029 5796 2151 5867; x_wconf 90' lang='lat' dir='ltr'><strong>quia</strong></span> <span class='ocrx_word' id='word_1_1033' title='bbox 2192 5776 2292 5853; x_wconf 86' lang='lat' dir='ltr'><strong>nec</strong></span> <span class='ocrx_word' id='word_1_1034' title='bbox 2319 5796 2420 5851; x_wconf 89' lang='lat' dir='ltr'><strong>sibi</strong></span> <span class='ocrx_word' id='word_1_1035' title='bbox 2457 5796 2585 5867; x_wconf 88' lang='lat' dir='ltr'><strong>ipsi;</strong></span> <span class='ocrx_word' id='word_1_1036' title='bbox 2612 5801 2827 5863; x_wconf 79' lang='lat' dir='ltr'><strong>praestat</strong></span> <span class='ocrx_word' id='word_1_1037' title='bbox 2867 5793 2918 5850; x_wconf 92' lang='lat' dir='ltr'><strong>ei</strong></span> <span class='ocrx_word' id='word_1_1038' title='bbox 2956 5795 3096 5865; x_wconf 91' lang='lat' dir='ltr'><strong>quod</strong></span> <span class='ocrx_word' id='word_1_1039' title='bbox 3126 5802 3319 5865; x_wconf 88' lang='lat' dir='ltr'><strong>potest,</strong></span> <span class='ocrx_word' id='word_1_1040' title='bbox 3365 5795 3488 5865; x_wconf 81' lang='lat' dir='ltr'><strong>quia</strong></span> 
     </span>
    </p>
   </div>
   <div class='ocr_carea' id='block_1_124' title="bbox 1917 5886 3491 5966">
    <p class='ocr_par' dir='ltr' id='par_1_124' title="bbox 1917 5886 3491 5966">
     <span class='ocr_line' id='line_1_127' title="bbox 1917 5886 3491 5966; baseline -0.004 -16"><span class='ocrx_word' id='word_1_1041' title='bbox 1917 5900 1973 5950; x_wconf 89' lang='lat' dir='ltr'><strong>et</strong></span> <span class='ocrx_word' id='word_1_1042' title='bbox 2005 5890 2107 5952; x_wconf 85' lang='lat' dir='ltr'><strong>sibi</strong></span> <span class='ocrx_word' id='word_1_1043' title='bbox 2139 5890 2270 5966; x_wconf 82' lang='lat' dir='ltr'><strong>ipsi;</strong></span> <span class='ocrx_word' id='word_1_1044' title='bbox 2296 5905 2405 5949; x_wconf 88' lang='lat' dir='ltr'><strong>non</strong></span> <span class='ocrx_word' id='word_1_1045' title='bbox 2426 5904 2492 5949; x_wconf 87' lang='lat' dir='ltr'><strong>eo</strong></span> <span class='ocrx_word' id='word_1_1046' title='bbox 2531 5888 2759 5961; x_wconf 81' lang='lat' dir='ltr'><strong>indiget,</strong></span> <span class='ocrx_word' id='word_1_1047' title='bbox 2814 5889 2938 5963; x_wconf 90' lang='lat' dir='ltr'><strong>quia</strong></span> <span class='ocrx_word' id='word_1_1048' title='bbox 2979 5902 3083 5948; x_wconf 86' lang='lat' dir='ltr'><strong>nec</strong></span> <span class='ocrx_word' id='word_1_1049' title='bbox 3119 5886 3300 5961; x_wconf 84' lang='lat' dir='ltr'><strong>seipso</strong></span> <span class='ocrx_word' id='word_1_1050' title='bbox 3326 5902 3344 5945; x_wconf 82' lang='lat'><strong>:</strong></span> <span class='ocrx_word' id='word_1_1051' title='bbox 3372 5895 3491 5958; x_wconf 70' lang='lat' dir='ltr'><strong>tan:</strong></span> 
     </span>
    </p>
   </div>
  </div>
