4056 6476
481 385 585 444 163

479 511 593 558 tum
647 500 755 555 Deo
801 490 1019 568 indiget,
1048 497 1132 552 cui
1159 495 1481 553 adhaerendo
1523 496 1708 553 beatus
1732 503 1834 552 est.
1894 492 2064 550 Nemo

480 598 660 648 autem
688 590 760 645 iiii
776 588 935 658 eripit
964 588 1152 643 Deum.
1182 588 1276 643 ille
1305 602 1433 659 ergo
1462 585 1739 644 verissime
1759 597 1917 659 atque
1942 599 2059 641 eer-

480 683 686 740 tissime
710 681 935 737 invictus
957 679 1119 735 homo
1145 688 1227 736 est
1246 680 1333 751 qui
1360 679 1594 736 conteret
1611 678 1740 747 Deo,
1772 695 1878 734 non
1898 686 1958 734 ut
1998 678 2065 735 ab

480 792 548 834 eo
576 776 770 848 aliquid
812 775 935 831 boni
983 782 1131 831 extra
1178 779 1465 842 mereatur,
1505 773 1601 830 sed
1625 772 1711 829 cui
1748 773 1880 829 nihil
1920 771 2065 829 aliud

479 883 640 942 quam
665 870 838 939 ipsum
855 867 1063 924 hazrere
1079 868 1187 923 Deo
1211 867 1409 922 bonum
1434 874 1535 922 est.

551 962 644 1019 9i.
686 961 785 1018 llic
801 960 885 1017 vir
903 960 1155 1033 quamdiu
1169 969 1250 1016 est
1266 960 1319 1014 in
1340 959 1441 1015 hac
1461 959 1591 1025 vita,
1616 961 1778 1015 utitur
1804 958 1978 1014 amico
1997 957 2065 1014 ad

480 1054 878 1126 rependendam
914 1054 1156 1125 gratiam,
1184 1052 1351 1109 utitur
1384 1052 1599 1109 inimico
1630 1051 1696 1107 ad
1733 1050 2060 1128 patientiam,

480 1148 647 1202 utitur
673 1147 862 1217 quibus
890 1152 1068 1217 potest
1089 1144 1154 1200 ad
1184 1144 1607 1210 beneﬁcentiam,
1637 1144 1800 1198 utitur
1820 1142 2067 1198 omnibus

482 1238 549 1294 ad
571 1237 1020 1294 benevolentiam.
1054 1236 1121 1292 t
1149 1250 1450 1308 quanquam
1472 1235 1783 1306 temporalia
1814 1250 1921 1291 non
1947 1233 2069 1289 dili-

481 1339 590 1402 gat,
615 1329 730 1400 ipse
756 1335 899 1384 recte
925 1328 1088 1383 utitur
1110 1328 1508 1398 temporalibus,
1531 1335 1585 1381 et
1604 1336 1700 1397 pro
1724 1340 1907 1381 eorum
1924 1328 2068 1380 sorte

482 1419 786 1478 hominibus
812 1419 1064 1486 consulit,
1089 1420 1136 1474 si
1172 1420 1573 1490 equaliternon
1596 1425 1770 1488 potest
1798 1417 2063 1473 omnibus.

480 1514 659 1583 Quare
677 1515 722 1570 si
741 1514 971 1583 aliquem
992 1514 1039 1567 fa
1048 1513 1330 1568 miliarium
1353 1524 1569 1567 suorum
1588 1511 1882 1583 promptius
1909 1516 2067 1581 quam

480 1605 775 1677 quemlibet
791 1606 1097 1677 alloquitur,
1149 1622 1257 1661 non
1298 1620 1422 1662 eum
1463 1604 1631 1674 magis
1655 1603 1846 1675 diligit,
1878 1600 1972 1657 sed
2000 1602 2069 1657 ad

480 1710 602 1754 eum
624 1695 784 1752 habet
806 1697 1065 1766 majorem
1093 1695 1359 1763 ﬁduciam,
1390 1701 1445 1751 et
1472 1694 1792 1765 apertiorem
1815 1691 2068 1764 temporis

475 1788 715 1861 ianuam.
745 1788 958 1844 Tractat
981 1793 1125 1845 enim
1166 1787 1394 1860 tempori
1419 1787 1628 1843 deditos
1657 1794 1806 1843 tanto
1852 1787 2064 1852 melius,

479 1889 681 1951 quanto
705 1882 880 1937 minus
906 1882 1020 1952 ipse
1048 1882 1310 1952 obligatus
1332 1886 1419 1937 est
1442 1880 1692 1950 tempori.
1718 1879 1853 1936 Cum
1892 1880 2069 1950 itaque

480 1972 897 2043 omnibus,an
912 1973 1113 2043 pariter
1131 1971 1321 2043 diligit,
1340 1970 1594 2044 prodesse
1626 1985 1733 2027 non
1764 1968 1950 2042 possit,
1968 1971 2070 2027 nisi

481 2062 939 2134 conjunctioribus
987 2064 1244 2135 prodesse
1295 2064 1463 2131 malit,
1495 2063 1727 2134 iniustus
1755 2070 1855 2118 est.
1889 2062 2071 2119 Animi

481 2166 661 2214 autem
694 2158 999 2229 conjunctio
1018 2160 1188 2230 major
1208 2169 1310 2228 est,
1344 2173 1503 2231 quam
1528 2160 1765 2215 locorum
1798 2169 1890 2216 aut
1939 2168 2071 2217 tem-

483 2262 674 2320 porum
699 2249 959 2320 quibusin
982 2249 1084 2306 hoc
1108 2264 1333 2322 corpore
1360 2251 1625 2323 gignimur
1642 2252 1683 2320 ις
1700 2251 1793 2307 sed
1811 2267 1875 2308 ea
1899 2252 2071 2307 maxi-

482 2354 572 2397 me
592 2351 674 2397 est
699 2354 818 2412 qua:
841 2342 1088 2398 omnibus
1112 2343 1382 2414 praevalet.
1403 2342 1518 2399 Non
1535 2358 1664 2415 ergo
1693 2345 1795 2400 iste
1823 2343 2072 2415 afﬂigitur

483 2443 658 2490 morte
676 2434 1009 2507 cujusquam,
1039 2437 1292 2508 quoniam
1323 2440 1415 2509 qui
1436 2447 1547 2494 toto
1573 2439 1755 2495 animo
1777 2439 1944 2496 Deum
1984 2439 2069 2495 di-

481 2523 615 2595 ligit,
639 2527 787 2582 novit
822 2542 924 2583 nec
960 2529 1059 2585 sibi
1089 2529 1262 2599 perire
1312 2530 1455 2601 quod
1487 2531 1596 2587 Deo
1617 2546 1723 2586 non
1756 2532 1911 2602 perit.
1931 2532 2072 2588 Deus

468 2615 660 2672 autem
682 2617 931 2675 dominus
972 2628 1055 2676 est
1100 2629 1156 2676 et
1204 2621 1444 2676 vivorum
1483 2629 1538 2678 et
1563 2631 1916 2679 mortuorum.
1953 2623 2070 2679 Non

481 2709 792 2779 cujusquam
821 2712 1035 2767 miseria
1060 2711 1223 2768 miser
1242 2721 1342 2778 est,
1365 2713 1487 2783 quia
1528 2729 1629 2770 nec
1646 2715 1960 2787 cujusquam
1988 2715 2074 2786 ju-

481 2800 629 2855 stitia
656 2802 830 2871 justus
856 2806 996 2859 cst'.
1031 2804 1093 2859 Et
1118 2813 1176 2859 ut
1192 2818 1352 2861 nemo
1395 2805 1472 2861 illi
1499 2806 1757 2877 justitiam
1780 2815 1835 2863 et
1860 2796 2067 2877 Deum“,

484 2892 561 2947 sic
590 2909 753 2949 nemo
777 2894 951 2950 aufert
995 2896 1400 2952 beatitudinem.
1432 2897 1498 2952 Et
1534 2899 1577 2953 si
1619 2898 1905 2970 aliquando
1934 2899 2071 2956 forte

485 2985 711 3057 alicujus
728 2988 985 3054 periculo,
1014 2989 1101 3043 vel
1127 3004 1336 3057 errore,
1351 2989 1435 3045 vel
1460 2989 1644 3046 dolore
1668 3001 2068 3058 commovetur;

484 3094 655 3151 usque
676 3080 740 3135 ad
773 3081 914 3137 illius
943 3082 1216 3147 auxilium,
1246 3090 1337 3137 aut
1373 3085 1784 3154 correctionem,
1816 3092 1906 3141 aut
1944 3102 2074 3142 con-

483 3172 820 3240 solationem,
852 3187 958 3228 non
988 3188 1157 3243 usque
1185 3171 1253 3229 ad
1280 3182 1437 3229 suam
1462 3175 1865 3233 subversionem
1892 3177 2073 3235 valere

483 3264 699 3335 patitur.

558 3356 645 3411 99.
677 3356 732 3411 ln
761 3356 1008 3412 omnibus
1051 3365 1230 3413 autem
1270 3355 1519 3415 officiosis
1549 3357 1840 3428 laboribus,
1879 3356 2068 3417 futurae

483 3449 677 3518 quietis
705 3457 851 3503 certa
872 3450 1287 3519 exspectatione,
1318 3462 1423 3505 non
1450 3447 1731 3521 frangitur.
1762 3450 1897 3519 Quid
1928 3453 2071 3508 cnim

482 3539 535 3595 ci
581 3538 819 3605 nocebit,
848 3540 937 3611 qui
968 3540 1106 3596 bene
1134 3540 1207 3595 uti
1238 3541 1397 3595 etiam
1438 3541 1652 3598 inimico
1696 3545 1911 3614 potest?
1942 3544 2071 3617 Ejus

486 3632 631 3689 enim
659 3633 908 3703 praesidio
936 3641 1098 3703 atque
1127 3635 1458 3690 munimento
1487 3635 1791 3697 inimicitias
1819 3653 1923 3693 non
1950 3654 2074 3708 per-

483 3727 735 3793 timescit,
779 3728 932 3797 cujus
988 3734 1253 3798 praecepto
1303 3732 1359 3784 et
1399 3729 1539 3784 dono
1586 3729 1757 3802 diligit
1804 3731 2068 3789 inimicos.

483 3816 619 3874 Huic
635 3818 748 3872 viro
768 3817 821 3871 in
849 3817 1273 3874 tribulationibus
1295 3831 1480 3889 parum
1508 3827 1589 3875 est
1614 3836 1722 3876 non
1747 3824 2068 3893 contristari,

484 3911 586 3967 nisi
628 3910 789 3967 etiam
824 3911 1085 3983 gaudeat,
1120 3913 1295 3968 sciens
1321 3912 1464 3984 quod
1494 3914 1747 3972 tribulatio
1778 3919 2072 3989 patientiam

483 4011 740 4073 aperatur,
776 4003 1021 4073 patientia
1058 3990 1431 4073 probationem,
1480 4007 1706 4077 probatio
1736 4026 1911 4081 spent,
1958 4029 2072 4082 spes

482 4102 649 4148 autem
679 4110 780 4148 non
810 4094 1077 4167 confundit
1105 4111 1123 4150 :
1148 4098 1386 4168 quoniam
1412 4097 1633 4156 charilas
1658 4098 1755 4157 Dei
1780 4102 1970 4172 cli/fusa
1999 4114 2073 4160 est

482 4186 537 4241 in
561 4187 796 4242 cordibus
822 4189 1006 4243 nostris“
1034 4198 1123 4260 per
1158 4187 1409 4260 Spiritum
1438 4201 1689 4260 sanctum,
1713 4195 1800 4264 qui
1826 4194 1976 4250 datus
1998 4205 2071 4251 cst

483 4279 628 4334 nobis
660 4278 835 4352 (Rom.
863 4296 922 4349 ν,
955 4278 1094 4352 5-5).
1125 4279 1254 4349 Quis
1302 4281 1425 4338 huic
1468 4285 1717 4340 nocebit?
1754 4286 1883 4354 Quis
1931 4286 2071 4344 hunc

483 4372 822 4443 subjugabit?
843 4371 1012 4427 Homo
1029 4374 1116 4444 qui
1138 4374 1406 4444 prosperis
1430 4376 1590 4431 rebus
1617 4378 1843 4446 prolicit,
1865 4380 2070 4449 asperis

486 4467 615 4537 quid
660 4466 945 4537 profecerit
978 4466 1153 4521 discit.
1195 4465 1329 4521 Cum
1359 4468 1500 4523 enim
1531 4469 1863 4525 mutabilium
1904 4469 2071 4526 bono-

481 4573 601 4616 rum
645 4559 797 4616 adest
848 4561 1020 4630 copia,
1074 4574 1179 4615 non
1227 4562 1304 4616 eis
1352 4560 1602 4629 conﬁdit;
1646 4563 1740 4618 sed
1778 4578 1900 4619 cum
1939 4563 2070 4621 sub-

483 4650 805 4717 trahuntur,
854 4651 1093 4721 agnoscit
1133 4660 1309 4708 utrnm
1354 4668 1477 4709 eum
1517 4666 1623 4710 non
1651 4657 2071 4729 ceperintzquia

481 4741 796 4813 plerumque
824 4754 945 4798 cum
975 4741 1166 4798 adsunt
1209 4744 1380 4812 nobis,
1422 4752 1665 4816 putamus
1694 4747 1835 4819 quod
1865 4765 1969 4805 non
2008 4766 2071 4806 ea

485 4834 798 4906 diligamus;
824 4835 918 4892 sed
943 4846 1062 4891 cum
1090 4836 1280 4894 abesse
1312 4826 1604 4908 coeperint,
1641 4840 1942 4898 invenimus
1978 4842 2071 4915 qui

483 4929 673 4985 simus.
698 4927 811 4984 Hoc
838 4929 981 4985 enim
1011 4930 1127 4985 sine
1156 4945 1342 4986 amore
1367 4940 1551 4987 nostro
1570 4932 1772 4999 aderat,
1795 4934 1936 5004 quod
1954 4935 2071 4992 sine

484 5021 675 5078 dolore
698 5022 943 5080 discedit.
968 5023 1191 5081 Videtur
1215 5038 1342 5095 ergo
1370 5026 1607 5094 vincere,
1634 5042 1755 5083 cum
1784 5028 2029 5085 vincatur
2052 5071 2068 5096 ,

481 5117 572 5187 qui
600 5117 901 5187 superando
925 5117 988 5172 ad
1012 5117 1071 5189 id,
1093 5119 1353 5188 pervenit,
1389 5119 1533 5190 quod
1552 5136 1672 5176 cum
1693 5121 1877 5179 dolore
1900 5123 2068 5180 amis~

482 5214 639 5264 δυνος
665 5216 748 5265 est
780 5226 792 5263 :
824 5218 877 5265 et
902 5210 1065 5265 vincit
1093 5220 1213 5264 cum
1241 5210 1378 5266 vinci
1410 5206 1671 5282 videatur,
1704 5214 1944 5287 quisquis
1982 5232 2072 5274 cce

483 5302 659 5357 dendo
683 5302 750 5358 ad
778 5301 830 5357 id
858 5302 1122 5373 pervenit,
1154 5303 1295 5374 quod
1325 5319 1431 5359 non
1461 5304 1655 5360 amittit
1675 5305 1889 5363 invitus.

613 5388 841 5449 CAPUT
877 5388 1110 5450 XLVIII.
1134 5425 1205 5435 —
1232 5394 1359 5461 Qua:
1384 5396 1449 5450 sit
1475 5400 1694 5471 perfecta
1710 5398 1934 5470 justitia.

553 5484 639 5541 9'5.
669 5485 837 5554 Quem
868 5498 996 5557 ergo
1026 5486 1255 5543 delectat
1296 5480 1549 5560 libertas,
1579 5488 1646 5546 ab
1673 5506 1856 5549 amore
1891 5503 2066 5551 muta-

480 5575 673 5632 bilium
716 5588 896 5632 rerum
945 5578 1078 5633 liber
1117 5592 1235 5634 esse
1273 5588 1522 5650 appetat;
1556 5588 1612 5637 et
1651 5599 1807 5654 quem
1847 5601 2071 5657 regnare

474 5711 702 5830 mags;
722 5709 1235 5840 War.
1255 5713 1367 5766 ω.
1392 5722 1447 5769 et
1474 5723 1573 5782 BL,
1584 5717 1861 5787 jungatur.
1886 5731 2068 5778 Atuss.

543 5837 558 5840 _
704 5810 719 5836 ν
984 5806 999 5822 '
1122 5833 1136 5840 -
1372 5839 1376 5840 ,
1424 5839 1427 5840 ,

540 5837 561 5870 ³
577 5840 683 5887 Mss.
704 5833 918 5901 septem,
944 5844 1035 5888 nec
1052 5833 1593 5909 σιδηφιωκδὺήωιὶιω
1612 5842 1670 5912 ﬁt
1689 5845 1909 5912 ὺήααυδ.

1470 342 1560 443 es
1599 382 1789 439 VEliA
1827 368 2216 450 numerous,
2258 378 2318 437 s.
2359 378 2731 439 AUGUSTINI
2826 334 2833 337 ’

3660 384 3764 440 iiii

2171 478 2420 561 delectat,
2450 494 2541 551 uni
2569 495 2809 550 omnium
2835 494 3101 565 regnatori
3127 493 3237 550 Deo
3263 492 3511 577 subditus
3530 492 3757 567 haereat,

2172 586 2292 657 plus
2317 603 2441 644 eum
2466 587 2734 659 diligendo
2757 594 2915 659 quam
2956 587 3207 658 seipsum.
3255 585 3325 642 Et
3358 584 3475 643 haec
3511 594 3596 644 est
3630 590 3758 659 per-

2172 677 2309 734 {ecta
2349 680 2587 750 justitia,
2636 694 2741 750 qua
2786 667 2960 749 potius
2987 677 3229 749 potiora,
3257 684 3313 733 et
3338 678 3515 733 minus
3546 677 3754 734 minora

2172 769 2461 842 diligimus.
2492 771 2800 842 Sapientem
2831 772 3061 826 animam
3087 779 3246 842 atque
3275 770 3565 843 perfectam
3593 770 3761 829 talem

2173 861 2376 933 diligat,
2418 864 2627 935 qualem
2670 864 2811 919 illam
2840 863 3018 929 videt;
3058 863 3271 919 stultam
3301 860 3410 919 nun
3441 864 3619 932 talem,
3663 864 3764 922 sed

2178 958 2300 1027 quia
2328 962 2448 1013 esse
2466 954 2698 1029 perfecta
2720 966 2775 1014 et
2804 959 3014 1029 sapiens
3037 966 3215 1030 potest
3231 976 3245 1013 :
3260 959 3381 1030 quia
3406 974 3506 1015 nec
3529 960 3767 1031 selpsum

2174 1048 2333 1105 debet
2373 1049 2592 1105 stultum
2641 1050 2882 1124 diligere.
2914 1050 3045 1107 Nam
3076 1051 3167 1122 qui
3200 1067 3259 1107 se
3296 1050 3469 1123 diligit
3496 1052 3713 1110 stultum
3743 1095 3763 1125 ,

2174 1156 2283 1197 non
2311 1142 2553 1212 proﬁciet
2594 1141 2661 1198 ad
2699 1143 3046 1214 sapientiam;
3075 1158 3175 1200 nec
3204 1143 3293 1200 ﬁet
3316 1145 3558 1216 quisquis
3591 1145 3768 1217 qualis

2175 1234 2319 1304 cupit
2344 1247 2485 1301 esse,
2516 1235 2617 1289 nisi
2649 1249 2708 1290 se
2732 1236 2905 1292 oderit
2933 1235 3104 1307 qualis
3128 1246 3230 1292 est.
3256 1236 3361 1293 Sed
3383 1236 3557 1294 donec
3583 1236 3651 1295 ad
3676 1252 3767 1295 sa-

2176 1326 2428 1398 pientiam
2482 1327 2971 1401 perfectionemque
3014 1329 3288 1395 veniatur,
3326 1342 3395 1386 eo
3426 1330 3607 1386 animo
3630 1331 3770 1389 ferat

2175 1418 2448 1472 stultitiam
2473 1418 2719 1488 proximi,
2749 1433 2855 1490 quo
2887 1434 3039 1475 suam
3066 1418 3250 1490 ferret,
3280 1421 3326 1477 si
3353 1421 3548 1478 stultus
3586 1426 3765 1491 esset,

2176 1518 2231 1566 et
2255 1519 2459 1566 amaret
2486 1511 2824 1582 sapientiam.
2850 1513 3186 1584 Quapropter
3217 1514 3262 1570 Si
3290 1523 3346 1570 et
3374 1514 3487 1587 ipsa
3514 1516 3767 1586 superbia

2176 1618 2319 1657 verae
2358 1598 2618 1658 libertatis
2642 1610 2697 1659 et
2728 1605 2841 1661 veri
2882 1606 3031 1677 regni
3080 1606 3268 1661 umbra
3307 1604 3413 1676 est,
3468 1607 3629 1664 etiam
3668 1612 3769 1679 per

2176 1695 2345 1767 ipsam
2388 1710 2485 1752 nos
2512 1706 2895 1754 commemorat
2933 1699 3109 1755 divina
3162 1700 3493 1770 providentia
3531 1701 3659 1772 quid
3692 1703 3769 1758 si-

2177 1792 2492 1866 gnificemus
2518 1782 2715 1864 vitiosi,
2745 1802 2798 1850 et
2824 1810 2929 1865 quo
2958 1795 3252 1851 debearhus‘
3279 1794 3453 1852 redire
3477 1795 3727 1852 correcti.

2176 1876 2401 1942 CAPUT
2424 1880 2609 1940 XLIX.
2640 1916 2711 1926 —
2742 1878 2817 1940 De
2845 1886 3133 1941 curiositate
3157 1876 3388 1959 deinceps
3407 1928 3423 1954 ,
3451 1894 3506 1942 at
3531 1884 3627 1943 hoc
3647 1888 3769 1943 vitio

2388 1976 2715 2031 admonemur
2739 1978 2806 2030 ad
2826 1976 3258 2047 contemplandum
3275 1976 3549 2033 veritatem.

2248 2068 2338 2124 9i.
2368 2062 2488 2124 Jam
2517 2082 2647 2123 vero
2686 2078 2875 2123 cuncta
2910 2067 3233 2139 spectacula,
3263 2074 3318 2125 et
3344 2071 3517 2126 omnis
3538 2060 3626 2126 illa
3647 2073 3771 2143 quae

2177 2159 2477 2232 appellatur
2500 2161 2801 2227 curiositas,
2831 2161 2957 2231 quid
2981 2161 3120 2216 aliud
3146 2162 3337 2233 quaerit
3368 2172 3527 2234 quam
3566 2154 3633 2219 de
3674 2180 3770 2220 re-

2176 2266 2294 2308 rum
2340 2253 2642 2324 cognitione
2678 2252 2954 2313 laetitiam?
3001 2252 3139 2322 Quid
3186 2269 3315 2326 ergo
3360 2252 3766 2325 admirabilius,

2177 2343 2303 2415 quid
2335 2346 2628 2416 speciosius
2656 2346 2769 2417 ipsa
2798 2347 3039 2413 veritate,
3067 2346 3133 2401 ad
3166 2361 3325 2418 quam
3351 2347 3527 2403 omnis
3552 2356 3766 2420 specta-

2180 2446 2262 2493 t0r
2285 2439 2565 2509 pervenire
2606 2452 2665 2494 se
2705 2454 2901 2509 cupere
2931 2436 3237 2506 conﬁtetur,
3268 2446 3391 2494 cum
3417 2441 3769 2496 vehementer

2178 2544 2247 2586 ne
2285 2528 2499 2585 fallatur
2532 2529 2788 2602 invigilat,
2821 2538 2876 2587 et
2903 2531 3026 2587 inde
3052 2547 3112 2588 se
3136 2526 3302 2605 jaclat
3327 2524 3376 2589 si
3404 2533 3532 2605 quid
3560 2534 3773 2591 acutius

2177 2622 2409 2689 caeteris,
2430 2628 2484 2676 e‘t
2510 2622 2740 2676 vivacius
2762 2626 2812 2676 in
2835 2621 3126 2692 spectando
3146 2632 3432 2695 cognoscat
3457 2632 3510 2681 et
3525 2614 3771 2697 judicet?

2176 2709 2356 2782 Ipsum
2399 2710 2631 2783 denique
2661 2713 3123 2783 praestigiatorem,
3158 2706 3291 2770 nihil
3313 2702 3456 2772 aliud
3484 2732 3640 2789 quam
3668 2714 3773 2773 ial-

2177 2801 2363 2858 laciam
2387 2804 2745 2875 profitentem,
2770 2804 3051 2876 diligenter
3077 2808 3367 2876 intuentur,
3392 2814 3445 2865 et
3463 2802 3772 2871 cautissime

2178 2894 2495 2962 observant;
2525 2904 2577 2951 et
2606 2897 2651 2952 si
2680 2896 2999 2967 eluduntur,
3047 2900 3171 2970 quia
3217 2915 3311 2956 sua
3351 2902 3457 2956 nOn
3503 2912 3769 2973 possunt,

2179 2985 2322 3041 illius
2349 2986 2688 3042 delectantur
2716 2988 2935 3043 scientia
2972 2989 3061 3059 qui
3104 3005 3197 3045 eos
3223 2990 3407 3047 eludit.
3454 2980 3588 3058 Nam
3627 2993 3675 3049 si
3714 3002 3774 3049 et

2181 3077 2273 3134 ille
2298 3079 2531 3135 nesciret
2559 3074 2749 3150 quibus
2774 3080 2949 3136 causis
2975 3080 3225 3137 fallantur
3250 3082 3533 3150 intuentes,
3561 3083 3646 3139 vel
3672 3101 3773 3142 ne-

2181 3169 2321 3225 scire
2351 3169 2679 3239 crederetur,
2712 3171 2911 3241 pariter
2941 3173 3140 3228 erranti
3169 3174 3344 3229 nullus
3383 3175 3679 3245 plauderet.
3708 3177 3769 3234 Si

2178 3262 2297 3333 quis
2323 3268 2504 3317 autem
2527 3259 2594 3317 de
2620 3261 2816 3332 populo
2842 3278 2977 3319 unus
3015 3279 3137 3320 cum
3178 3262 3611 3336 deprehenderit,
3652 3283 3772 3324 ma-

2173 3351 2345 3423 jorem
2372 3353 2462 3407 illo
2486 3352 2700 3409 laudem
2726 3368 2786 3409 se
2811 3356 3004 3410 mereri
3041 3354 3185 3426 putat
3206 3399 3221 3425 ,
3249 3372 3357 3412 non
3381 3357 3451 3413 ob
3474 3359 3639 3428 aliud,
3664 3361 3771 3417 nisi

2178 3445 2300 3517 quia
2327 3445 2500 3517 decipi
2528 3444 2747 3517 fallique
2769 3462 2873 3503 non
2895 3444 3084 3518 potuit.
3118 3447 3176 3504 Si
3205 3458 3382 3505 autem
3408 3451 3590 3507 multis
3612 3467 3772 3524 aper-

2179 3544 2264 3590 tus
2292 3536 2381 3605 sit,
2414 3551 2523 3592 non
2552 3536 2642 3591 ille
2680 3536 2957 3606 laudatur;
3002 3538 3098 3594 sed
3142 3540 3431 3597 irridentur
3460 3543 3641 3598 caeteri
3678 3543 3773 3615 qui

2178 3627 2303 3682 talia
2326 3627 2726 3699 deprehendere
2754 3640 3046 3700 nequeunt.
3076 3628 3153 3687 Ita
3174 3633 3345 3689 omnis
3370 3635 3545 3705 palma
3580 3637 3770 3707 cogni-

2178 3716 2311 3774 tioni
2324 3718 2501 3787 datur,
2515 3727 2570 3774 et
2588 3719 2833 3788 artificio,
2852 3728 2904 3776 et
2920 3722 3384 3792 comprehensioni
3407 3726 3645 3782 veritatis
3670 3708 3771 3785 :ad

2179 3822 2337 3880 quam
2363 3810 2508 3865 nullo
2532 3810 2693 3866 modo
2729 3811 3044 3882 perveniunt
3064 3814 3157 3885 qui
3200 3813 3329 3870 foris
3357 3831 3475 3872 eam
3501 3830 3767 3889 quierunt.

2251 3901 2340 3958 95.
2391 3896 2573 3974 Itaque
2608 3901 2664 3957 in
2705 3911 2878 3959 tantas
2917 3921 3083 3978 nugas
3120 3915 3175 3963 et
3212 3906 3564 3981 turpitudines
3605 3916 3768 3969 mersi

2178 4006 2393 4061 sumus,
2427 4001 2492 4049 ‘ut
2526 4009 2648 4050 cum
2677 3996 2985 4067 interrogati
3010 3997 3138 4069 quid
3166 3999 3235 4055 sit
3255 4001 3464 4071 melius,
3494 4019 3677 4059 verum
3698 4021 3769 4061 an

2178 4083 2391 4153 falsum,
2431 4100 2526 4142 ore
2552 4098 2659 4142 uno
2686 4088 3132 4160 respondeamus,
3159 4107 3344 4147 verum
3378 4081 3496 4151 esse
3534 4097 3768 4169 melius;

2172 4177 2311 4249 jocis
2336 4188 2389 4234 et
2417 4178 2553 4234 ludis
2579 4187 2777 4248 tamen,
2801 4180 2889 4235 ubi
2915 4197 3014 4237 nos
3038 4184 3217 4254 utique
3235 4200 3341 4240 non
3364 4202 3510 4256 vera,
3529 4188 3622 4243 sed
3647 4189 3769 4246 ficta

2180 4270 2474 4338 delectant,
2523 4273 2693 4328 multo
2727 4275 3046 4345 propensius
3085 4291 3244 4348 quam
3293 4281 3572 4350 praeceptis
3602 4281 3769 4352 ipsius

2178 4365 2417 4420 veritatis
2456 4364 2778 4422 haereamu's.
2829 4368 2904 4422 Ita
2955 4378 3140 4425 nostro
3176 4371 3378 4442 judicio
3404 4382 3459 4428 et
3489 4388 3583 4429 ore
3612 4376 3768 4445 puni-

2178 4470 2320 4523 mur,
2339 4456 2480 4513 aliud
2508 4458 2715 4515 ratione
2739 4458 3113 4531 approbantes,
3134 4462 3279 4519 aliud
3298 4465 3529 4521 vanitate
3553 4475 3767 4524 sectan-

2179 4554 2280 4604 tes.
2309 4546 2533 4605 Tamdiu
2560 4558 2736 4606 autem
2771 4557 2855 4607 est
2886 4548 3150 4607 ludicrum
3178 4562 3233 4609 et
3254 4553 3493 4624 joculare
3521 4546 3719 4628 aliquid
3747 4601 3764 4628 ,

2179 4639 2431 4711 quamdiu
2452 4642 2702 4698 novimus
2720 4643 2772 4699 in
2790 4644 2943 4715 cujus
2960 4642 3077 4701 veri
3091 4648 3487 4719 comparatione
3507 4649 3761 4709 rideatur.

2180 4732 2287 4790 Sed
2302 4734 2569 4806 diligendo
2588 4736 2711 4792 talia
2731 4736 3025 4794 excidimus
3049 4754 3079 4793 a
3104 4754 3250 4806 vero,
3281 4750 3334 4796 et
3361 4757 3466 4797 non
3482 4742 3591 4813 jam
3613 4744 3735 4799 inve
3750 4774 3767 4786 -

2178 4825 2355 4882 nimus
2383 4834 2606 4898 quarum
2628 4835 2807 4884 rerum
2831 4829 3161 4886 imitamenta
3172 4826 3298 4901 sint,
3311 4834 3502 4905 quibus
3519 4842 3769 4906 tanquam

2179 4920 2366 4990 primis
2400 4919 2638 4991 pulchris
2685 4921 2972 4993 inhiamus,
3015 4932 3070 4980 et
3109 4922 3177 4980 ab
3201 4926 3280 4982 eis
3308 4928 3620 4986 recedentes
3653 4946 3767 4986 am-

2178 5008 2457 5083 plexantur
2477 5021 2656 5070 nostra
2680 5012 3071 5084 phantasmata.
3098 5015 3233 5072 Nam
3247 5018 3594 5077 redeuntibus
3613 5022 3768 5078 aetiis

2178 5102 2247 5158 ad
2266 5103 2687 5177 investigandum
2712 5106 3012 5175 veritatem,
3032 5107 3149 5182 ipsa
3169 5102 3224 5166 in
3246 5109 3443 5169 itinere
3458 5122 3767 5176 occurrunt.

2178 5201 2234 5253 et
2262 5212 2362 5253 nos
2389 5197 2613 5254 transire
2634 5212 2739 5253 non
2762 5198 2965 5266 sinunt,
2994 5200 3157 5257 nullis
3179 5202 3405 5273 viribus,
3437 5205 3531 5262 sed
3559 5206 3764 5279 magnis

2179 5286 2388 5345 insidiis
2421 5289 2823 5358 latrocmantia,
2855 5306 2964 5348 non
2993 5290 3411 5366 intelligentibus
3449 5312 3607 5369 quam
3660 5290 3767 5358 late

2178 5390 2355 5452 pateat
2383 5378 2526 5453 quod
2564 5380 2762 5439 dictum
2790 5392 2872 5440 est
2898 5398 2913 5436 :
2941 5381 3121 5442 Cauete
3160 5404 3194 5442 a
3217 5387 3501 5446 mm
3528 5389 3574 5465 (I
3605 5390 3766 5450 Jun".

2179 5486 2242 5539 v,
2271 5472 2335 5528 il
2363 5470 2404 5547 ).

2249 5562 2340 5620 96.
2370 5558 2556 5636 Itaque
2584 5564 2675 5622 alii
2698 5584 2793 5638 per
2812 5569 3227 5630 innumerabiles
3258 5572 3487 5632 mundos
3509 5592 3641 5650 vaga
3668 5588 3764 5635 eoa

2176 5656 2434 5727 gitatione
2464 5658 2683 5715 voiutati
2725 5668 2867 5716 sunt.
2906 5662 3011 5718 Alii
3051 5662 3217 5721 Deum
3261 5678 3382 5723 esse
3424 5678 3530 5724 non
3560 5676 3718 5741 posse
3745 5710 3763 5740 ,

2178 5747 2280 5805 nisi
2313 5762 2503 5821 corpus
2534 5751 2745 5823 igneum
2786 5763 3121 5824 putaveram.
3165 5756 3273 5811 Alii
3299 5758 3595 5817 candorem
3631 5763 3764 5819 nmis

2178 5842 2453 5899 immensa;
2481 5861 2574 5915 per
2597 5846 2796 5901 inﬁnita
2829 5846 2993 5918 spatia
3028 5858 3402 5922 usquequaque
3434 5856 3761 5925 porrectum,
