4056 6464
230 378 335 434 16‘;

223 511 296 551 ex
323 505 424 546 una
450 498 628 544 tamen
655 489 804 556 parte
824 478 973 552 quasi
999 475 1148 549 nigro
1165 473 1395 547 quodam
1413 485 1583 528 cuneo
1607 470 1810 538 ﬁssum,

225 586 338 641 duo
365 583 591 637 adversa
631 591 792 648 regna
833 575 1132 645 opinantes,
1170 577 1223 624 et
1261 567 1381 650 talia
1425 563 1584 620 rebus
1613 563 1815 618 consti-

226 685 442 732 tuentes
469 670 750 743 principia,
793 682 912 723 cum
952 665 1063 720 suis
1105 660 1558 733 phantasmatibus
1598 656 1814 712 fabulati

227 781 374 826 51ml.
423 767 570 835 Quos
607 765 651 819 si
699 764 878 834 iurare
925 772 1110 829 cogam
1151 764 1326 810 utrum
1372 751 1486 807 lure
1527 766 1650 806 vera
1695 765 1814 806 esse

223 865 424 929 Sciant,
449 859 678 918 fortasse
705 871 809 909 non
831 851 1077 917 audeant,
1107 848 1200 903 sed
1229 845 1460 900 vicissim
1489 845 1665 898 dicant
1694 861 1707 898 :
1735 842 1814 898 Tu

224 959 392 1028 igitur
416 950 642 1009 ostende
669 948 795 1020 quid
822 960 1004 1001 verum
1028 943 1114 997 sit.
1143 933 1343 1009 Quibus
1373 940 1416 993 si
1447 936 1573 1028 nihil
1598 951 1817 1004 respon-

223 1026 411 1114 deam,
438 1044 541 1099 nisi
571 1050 627 1096 ut
656 1039 798 1094 illam
840 1038 1010 1092 lucem
1052 1040 1312 1104 quarrant,
1356 1044 1459 1099 qua
1497 1026 1574 1082 eis
1599 1031 1816 1096 apparet

224 1155 284 1202 et
313 1151 522 1198 certum
563 1145 648 1193 est
685 1133 827 1190 aliud
861 1145 982 1188 esse
1023 1127 1273 1190 credere,
1307 1122 1446 1176 aliud
1476 1120 1811 1189 intelligere;

221 1239 472 1308 iurarent
503 1239 559 1288 et
587 1229 709 1301 ipsi,
742 1241 841 1282 nec
865 1222 1031 1280 oculis
1061 1218 1228 1274 videri
1259 1230 1415 1286 posse
1444 1214 1597 1268 istam
1619 1212 1808 1276 lucem,

227 1305 333 1383 nec
353 1339 480 1380 cum
505 1322 680 1390 aliqua
701 1319 936 1372 locorum
958 1311 1199 1366 vastitate
1220 1305 1459 1376 cogitari,
1479 1313 1530 1358 et
1552 1315 1814 1371 nusquam

228 1435 336 1474 non
366 1423 565 1487 prmsto
582 1426 704 1468 esse
723 1403 1108 1479 quzerentibus,
1130 1409 1183 1456 ct
1204 1397 1333 1453 nihil
1360 1412 1421 1450 ea
1442 1393 1636 1448 certius
1657 1398 1815 1462 atque

229 1509 478 1568 serenitas
507 1501 754 1562 inveniri.
1215 1583 1228 1586 Α
1317 1583 1325 1586 Α
1461 1579 1474 1586 _
1752 1575 1782 1586 Α

303 1603 390 1658 97.
422 1599 553 1668 Qua:
582 1608 768 1650 rursus
797 1590 994 1656 omnia,
1039 1602 1156 1658 quae
1199 1583 1264 1638 de
1315 1583 1413 1634 hac
1461 1579 1580 1634 luce
1622 1579 1814 1632 mentis

228 1712 373 1754 nunc
415 1710 446 1750 a
481 1708 570 1746 me
609 1690 750 1744 dicta
794 1693 936 1750 sunt,
968 1680 1112 1736 nulla
1155 1678 1256 1732 alia
1300 1689 1455 1746 quam
1486 1670 1671 1726 eadem
1700 1669 1815 1722 luce

231 1789 514 1848 manifesta
532 1791 670 1840 sunt.
699 1783 798 1836 Per
823 1779 959 1834 hanc
980 1775 1118 1830 enim
1150 1769 1381 1839 intelligo
1409 1780 1530 1820 vera
1557 1778 1674 1818 esse
1699 1776 1815 1861 quae

230 1881 373 1937 dicta
401 1886 550 1942 sunt,
577 1882 633 1930 et
656 1875 770 1927 haec
795 1885 880 1924 me
905 1865 1198 1934 intelligere
1223 1874 1317 1930 per
1339 1859 1473 1911 hanc
1510 1867 1694 1953 rursus
1732 1859 1815 1953 in:

233 1972 432 2041 telligo.
456 1941 648 2023 Ethoc
674 1977 858 2019 rursus
883 1967 936 2015 et.
958 1970 1140 2012 rursus
1165 1968 1285 2008 cum
1305 1949 1524 2045 quisque
1543 1961 1603 2045 se
1614 1941 1816 2045 aliquid

232 2036 534 2130 intelligere
563 2054 836 2123 intelligit,
877 2059 931 2104 et
974 2047 1202 2116 idipsum
1242 2055 1424 2134 rursus
1459 2036 1720 2106 intelligit,
1764 2036 1815 2134 in

233 2129 497 2210 inﬁnittun
529 2160 750 2218 pergere
778 2140 1038 2209 intelligo,
1082 2144 1135 2190 ct
1177 2132 1320 2187 nulla
1362 2129 1449 2185 hic
1490 2142 1610 2181 esse
1651 2129 1816 2194 spatia

234 2248 550 2317 cujusquam
587 2237 812 2295 tumoris
838 2243 930 2289 aut
955 2227 1297 2287 volubilitatis
1335 2221 1570 2317 intelligo
1609 2237 1622 2273 :
1661 2218 1818 2273 intel-

231 2314 338 2410 ligo
367 2314 534 2394 etiam
560 2348 667 2387 non
693 2346 780 2385 me
801 2340 956 2397 posse
986 2321 1302 2390 intelligere,
1330 2314 1713 2410 nisi-vivamlet
1732 2324 1820 2364 me

234 2402 556 2487 vivaciorem
578 2419 918 2490 intelligendo
941 2415 1076 2481 ﬁeri,
1101 2411 1296 2468 certius
1318 2406 1571 2477 intelligo.
1596 2402 1820 2459 )Eterna

236 2528 374 2580 enim
405 2521 513 2574 vita
540 2519 704 2570 vitam
747 2507 1085 2580 temporalem
1113 2503 1388 2557 vivacitate
1414 2499 1526 2568 ipsa
1565 2501 1815 2565 superat:

235 2633 334 2674 nec
376 2612 507 2684 quid
549 2613 622 2665 sit
665 2604 955 2670 ﬁtertiitas,
995 2599 1098 2656 nisi
1143 2593 1484 2665 intelligendo
1529 2588 1818 2684 conspicio.

235 2682 426 2766 Mentis
451 2705 653 2776 quippe
680 2699 898 2769 aspectu
917 2707 1129 2751 omnem
1154 2686 1555 2744 mutabilitatem
1577 2682 1644 2735 ab
1669 2689 1812 2735 reter-

235 2803 404 2860 nitate
429 2775 676 2868 sejungo,
707 2800 762 2847 et
786 2792 838 2845 in
869 2789 978 2859 ipsa
1006 2784 1301 2840 aeternitate
1326 2779 1471 2875 nulla
1491 2775 1660 2875 spatia
1685 2782 1819 2875 teni-

236 2894 384 2968 poris
404 2893 607 2953 cerno;
637 2885 759 2956 quia
790 2876 1234 2952 spatiaiemporis
1260 2869 1544 2943 praeteritis
1563 2878 1616 2922 et
1639 2868 1824 2969 futuris

237 2967 420 3044 rarum
465 2980 702 3038 motibus
757 2979 1023 3031 constant.
1072 2967 1209 3024 Nihil
1259 2972 1434 3019 autem
1490 2967 1728 3030 prmterit
1769 2971 1822 3010 ιη

240 3089 463 3140 sterno,
494 3082 549 3129 et
577 3070 708 3126 nihil
743 3069 972 3122 futurum
1009 3069 1118 3126 est;
1150 3057 1272 3128 quia
1303 3064 1357 3110 et
1384 3051 1524 3124 quod
1548 3048 1782 3121 praiterit
1803 3088 1820 3112 ,

239 3187 358 3229 esse
374 3166 595 3231 desinit,
620 3173 672 3219 et
692 3159 832 3232 quod
855 3158 1087 3213 futurum
1108 3158 1210 3216 est,
1233 3146 1467 3206 netidum
1487 3158 1604 3198 esse
1624 3141 1820 3210 erepit:

240 3262 515 3320 :cternitas
537 3231 736 3319 autem,
763 3244 1126 3306 tantummodo
1150 3250 1262 3307 est;
1287 3253 1385 3294 nec
1411 3237 1524 3300 fuit,
1550 3234 1696 3304 quasi
1713 3231 1824 3301 iam

241 3370 348 3412 non
375 3353 476 3415 sit;
507 3363 608 3403 nec
640 3346 774 3409 erit,
821 3338 970 3411 quasi
997 3336 1170 3391 adhuc
1212 3346 1316 3386 non
1360 3329 1446 3382 sit.
1496 3326 1670 3393 Quare
1713 3323 1825 3377 sola

241 3448 356 3516 ipsa
378 3441 661 3498 verissime
686 3436 860 3490 dicere
887 3428 1056 3502 potuit
1079 3425 1324 3480 humana:
1357 3415 1682 3516 menti,_l3go
1715 3429 1825 3468 sum

242 3509 330 3610 qui
369 3552 524 3600 sum;
567 3540 623 3588 ct
649 3531 716 3585 de
751 3527 841 3583 illa
870 3521 1143 3578 verissime
1171 3517 1272 3572 dici
1301 3513 1502 3584 potuit,
1542 3509 1680 3564 Misit
1709 3524 1786 3561 me
1807 3548 1823 3572 ,

244 3631 331 3701 qui
358 3639 429 3682 est
454 3623 648 3698 (Exod.
677 3635 752 3686 ut,
781 3616 890 3688 Μ).
1200 3701 1211 3704 _
1490 3693 1501 3704 ο
1741 3689 1771 3704 ι,

245 3698 472 3778 CAPUT
521 3715 582 3771 L.
614 3741 686 3753 ——-
713 3711 1094 3779 Scripturarum
1122 3711 1166 3756 et
1194 3698 1656 3770 interpretationum
1675 3698 1822 3743 ratio.

729 3799 984 3871 Allegoria
1011 3789 1346 3866 quadruplex.

315 3905 407 3960 98.
435 3901 534 3956 Cui
560 3898 604 3953 si
636 3895 867 3952 nondum
894 3902 1171 3961 possumus
1193 3883 1472 3946 inhaerere,
1489 3878 1829 3948 obiurgemus

247 3998 438 4052 saitem
469 3999 648 4047 nostra
674 3986 1063 4058 phantasmata,
1092 3987 1146 4034 et
1176 3985 1280 4031 tam
1313 3971 1616 4044 nugatorios
1651 3976 1704 4023 et
1731 3967 1828 4022 de-

249 4087 519 4159 ceptorios
547 4081 699 4139 ludos
727 4077 794 4134 de
817 4073 1114 4146 spectaculo
1152 4068 1344 4125 mentis
1382 4060 1831 4159 ejiciamusaUta-

251 4153 371 4237 mur
394 4176 650 4250 gradibus
678 4186 809 4242 quos
839 4167 991 4222 nobis
1016 4165 1192 4220 divina
1222 4157 1545 4230 providentia
1571 4153 1831 4250 fabricare

252 4247 464 4344 digna—ta
509 4276 611 4325 est.
667 4265 798 4321 Cum
844 4259 985 4318 enim
1032 4255 1296 4328 ﬁgmentis
1348 4250 1564 4305 ludicris
1612 4247 1832 4348 nimium

255 4343 505 4422 delectati
536 4367 978 4415 evanesceremus
1003 4350 1055 4403 in
1093 4343 1497 4416 cogitationibus
1535 4343 1748 4402 nostris,
1780 4344 1834 4391 et

257 4468 415 4512 totam
448 4454 610 4508 vitam
653 4449 708 4504 in
755 4443 996 4517 qumdam
1041 4454 1174 4494 vana
1216 4436 1420 4490 somnia
1459 4441 1831 4498 verteremus;

256 4546 501 4605 rationali
539 4550 780 4599 creatura
809 4539 827 4570 ί
857 4535 1120 4592 serviente
1149 4529 1352 4601 legibus
1377 4527 1487 4583 suis
1507 4566 1522 4591 ,
1552 4541 1646 4596 per
1674 4538 1834 4579 sonos

259 4659 318 4698 ac
340 4643 568 4705 litteras,
601 4637 796 4705 ignem,
833 4633 1057 4696 fumum,
1085 4625 1304 4691 nubem,
1330 4623 1650 4686 columnam,
1683 4618 1835 4690 quasi

260 4736 500 4807 quaedam
542 4729 704 4786 verba
743 4724 1001 4790 visibilia,
1042 4735 1164 4777 cum
1209 4716 1426 4774 infantia
1471 4725 1650 4770 nostra
1681 4727 1834 4807 para-

259 4804 393 4884 bolis
417 4841 482 4881 ac
506 4817 940 4880 similitudinibus
964 4809 1354 4885 quodammodo
1387 4807 1586 4872 ludere,
1618 4813 1670 4859 et
1698 4804 1837 4860 inte-

261 4923 427 4978 riores
469 4924 652 4974 oculos
709 4920 918 4968 nostros
957 4908 1066 4962 luto
1106 4900 1467 4974 hujuscemodi
1504 4912 1689 4966 curare
1732 4911 1837 4952 non

267 5020 545 5083 aSpernata
570 5015 653 5064 est
676 5001 956 5061 ineliabilis
983 4996 1343 5054 misericordia
1375 4993 1489 5049 Dei.

333 5082 420 5159 99.
447 5101 841 5169 Distinguamus
862 5107 990 5164 ergo
1008 5106 1162 5161 quam
1188 5089 1342 5143 ﬁdem
1365 5087 1652 5142 debeamus
1675 5082 1839 5138 histo-

266 5198 374 5265 ria,
396 5209 558 5265 quam
584 5191 743 5247 ﬁdem
779 5188 1068 5244 debeamus
1108 5181 1487 5252 intelligentiae,
1524 5178 1647 5248 quid
1692 5191 1843 5232 man-

326 5353 344 5385 ι
368 5348 561 5400 Erudito
582 5346 686 5397 viro
709 5344 861 5394 visum
878 5345 981 5390 erat
999 5335 1265 5402 legendum
1297 5347 1426 5393 esse,
1442 5330 1728 5402 irratioyali.
1752 5334 1845 5385 Sed

264 5395 560 5465 assii-7&5
581 5395 634 5458 et
668 5405 779 5470 ωδ.
805 5395 1473 5470 ἰςῃιιηῑηταὶἱοῃαιὶ-ονεηιτετο
1498 5395 1712 5470 :_quibus
1732 5407 1845 5470 vei:-

265 5457 365 5534 E’
376 5457 1255 5534 ιὶἰέῖῐςῇῐιιιξψτριῃειιξεειίαῖνρρίψιι
1271 5459 1454 5534 Ληρεξῇ
1473 5464 1527 5508 ιιι
1549 5457 1746 5534 igﬁ’ann.
1763 5457 1846 5521 99,

265 5478 351 5534 bis,
376 5478 469 5524 nisi
484 5478 708 5528 fallimur,
728 5478 1030 5575 intelligunt
1053 5478 1255 5533 vetitum.
1271 5478 1454 5523 angeli,
1475 5478 1527 5508 ut.
1551 5478 1667 5507 uura
1689 5478 1746 5530 ιι..
1764 5478 1846 5521 vv,

265 5542 314 5590 in
332 5537 448 5596 ﬁne,
475 5542 526 5585 et
545 5536 593 5582 in
610 5531 693 5596 lib.
713 5531 744 5579 5
759 5529 822 5596 de
839 5529 885 5576 Li
919 5539 1007 5596 ero
1026 5521 1469 5596 Arbitrio,.ca_p.AlQ,
1492 5534 1542 5596 n.
1567 5520 1847 5596 30._puippe

267 5571 526 5661 sese?
539 5571 747 5661 esse;
761 5571 1847 5661 “necessariaearias}.seseese

267 5608 389 5650 Deus
412 5611 502 5661 per
539 5607 608 5644 an
643 5607 747 5643 etos
774 5607 1059 5658 loqueuatur
1081 5607 1291 5655 antiquis
1314 5607 1542 5641 ι’ἱιιῑωυδ,
1579 5607 1847 5644 ιςυῑιιιιιιιιιυ

267 5661 538 5712 ministerio
555 5607 820 5718 eximebat
833 5664 986 5710 serios,
1012 5648 1211 5708 tuleras,
1233 5659 1408 5718 agnem,
1433 5646 1636 5718 funium,
1655 5643 1848 5718 nubem,

593 5706 644 5769 et
676 5713 847 5766 similia
871 5706 1107 5780 portenta,
1129 5706 1240 5774 qua:
1252 5706 1321 5780 ’ξιξ
1365 5706 1514 5780 sacris
1552 5706 1702 5775 Libris
1725 5717 1848 5780 ρες-

570 5765 736 5831 autem
763 5765 1117 5841 prosequuntur
1273 5769 1514 5833 plerique,
1539 5766 1765 5818 serviente
1788 5765 1848 5818 de

269 5847 449 5913 legibus
472 5858 590 5904 suis,
610 5851 704 5894 etc.

1648 353 1849 410 LIBER
1885 352 2087 412 UNUS.

3391 360 3493 419 166

1924 469 2108 524 demus
2133 483 2422 540 memoriae,
2437 485 2620 529 verum
2635 485 2754 532 esse
2769 473 3085 536 nescientes.
3101 475 3196 532 sed
3213 475 3490 534 credentes

1923 569 2122 616 tamen.
2152 560 2221 617 Et
2249 561 2336 617 ubi
2369 563 2440 619 sit
2463 578 2670 633 verum,
2706 565 2847 638 quod
2876 581 2982 624 non
3006 569 3151 623 venit
3181 575 3235 624 et
3264 569 3494 637 transit,

1923 651 2016 708 sed
2043 667 2252 723 semper
2282 654 2467 710 eodem
2498 657 2656 712 modo
2682 666 2878 713 manet.
2898 658 2999 726 Qui
3025 660 3093 715 sit
3113 660 3302 716 modus
3328 660 3494 718 inter-

1921 743 2189 814 pretanda:
2217 746 2478 814 allegoria:
2499 789 2512 814 ,
2540 765 2658 819 quas
2700 765 2795 819 per
2819 751 3127 820 sapientiam
3155 751 3294 807 dicta
3323 754 3496 808 credi-

1922 847 2008 893 tur
2031 838 2084 892 in
2104 837 2298 908 Spiritu
2314 848 2496 895 sancto
2523 859 2536 896 :
2563 851 2737 898 utrum
2756 859 2784 896 a
2803 844 3092 901 visibilibus
3108 845 3494 915 antiquioribus

1921 927 1987 983 ad
2040 929 2262 985 visibilia
2300 932 2595 986 recentiora
2637 949 2754 988 eam
2797 935 3085 1004 perducere
3127 936 3379 1003 sufﬁciat;
3425 953 3495 994 an

1919 1034 2087 1090 usque
2114 1021 2178 1076 ad
2210 1021 2400 1077 anima:
2439 1022 2752 1080 aﬁ‘ectiones
2770 1034 2925 1098 atque
2953 1037 3212 1096 naturam,
3240 1043 3306 1084 an
3330 1044 3494 1098 usque

1919 1110 1986 1165 ad
2016 1112 2497 1170 incommutabilem
2523 1117 2872 1173 tetcrnilatcm
2908 1136 2919 1172 :
2949 1135 3014 1176 an
3045 1120 3160 1175 alia:
3199 1121 3496 1190 signiﬁcent

1917 1211 2063 1270 gesta
2114 1204 2338 1258 visibilia
2363 1244 2377 1271 ,
2417 1205 2534 1260 alia:
2581 1216 2754 1262 motus
2787 1209 3121 1276 animorum,
3167 1212 3283 1265 alia:
3326 1213 3492 1283 legem

1918 1293 2256 1361 teternitalis;
2300 1309 2366 1348 an
2408 1296 2597 1367 aliquae
2646 1297 3015 1366 inveniantur,
3055 1301 3108 1356 in
3153 1302 3340 1370 quibus
3381 1303 3494 1358 haec

1918 1385 2094 1440 omnia
2135 1387 2439 1458 vestiganda
2467 1391 2592 1443 sint.
2623 1389 2691 1444 Et
2720 1406 2835 1461 quae
2863 1392 2931 1446 sit
2957 1392 3160 1448 stabilis
3187 1392 3338 1461 ﬁdes,
3381 1399 3495 1452 sive

1919 1477 2168 1534 historica
2194 1488 2247 1535 et
2271 1483 2594 1551 temporalis,
2627 1483 2739 1538 sive
2778 1483 3067 1553 spiritualis
3100 1493 3153 1540 et
3181 1493 3400 1555 aeterna,
3427 1487 3494 1542 ad

1920 1586 2076 1642 quam
2099 1573 2269 1628 omnis
2296 1574 2661 1644 interpretatio
2685 1576 3012 1631 auctoritatis
3032 1576 3302 1647 dirigenda
3323 1578 3410 1634 sit.
3432 1580 3496 1634 Et

1920 1665 2046 1735 quid
2078 1667 2243 1734 prosit
2276 1667 2341 1720 ad
2383 1667 2718 1738 intelligenda
2759 1680 2810 1724 et
2845 1669 3130 1724 obtinenda
3159 1680 3376 1740 aeterna,
3405 1673 3494 1728 ubi

1922 1756 2043 1813 ﬁnis
2083 1767 2164 1813 est
2216 1760 2449 1814 omnium
2485 1761 2742 1816 bonarum
2785 1762 3084 1830 actionum,
3139 1761 3268 1820 ﬁdes
3318 1779 3494 1820 rerum

1923 1853 2309 1922 temporalium.
2346 1854 2412 1907 Et
2446 1854 2572 1924 quid
2601 1854 2969 1923 intersitinter
2996 1855 3302 1924 allegoriam
3329 1854 3496 1911 histo-

1922 1946 2034 2006 riae,
2075 1955 2128 2000 et
2161 1946 2465 2016 allegoriam
2512 1947 2654 2013 facti,
2697 1957 2749 2003 et
2784 1949 3086 2017 allegoriam
3126 1949 3403 2015 sermonis,
3443 1959 3498 2005 et

1921 2038 2227 2108 allegoriam
2255 2040 2587 2094 sacramenti.
2614 2040 2681 2095 Et
2702 2041 2968 2111 quomodo
2999 2042 3112 2112 ipsa
3141 2043 3336 2098 locutio
3359 2043 3494 2099 divi-

1923 2146 2108 2185 narum
2137 2131 2525 2200 Scripturarum
2558 2133 2846 2188 secundum
2876 2134 3134 2204 cujusque
3155 2135 3344 2206 linguae
3370 2150 3498 2205 pro-

1923 2225 2201 2294 prietatem
2221 2224 2521 2294 accipienda
2545 2226 2631 2279 sit.
2658 2225 2825 2281 Habet
2846 2227 2988 2282 enim
3013 2228 3186 2282 omnis
3207 2228 3383 2299 lingua
3404 2243 3498 2283 sua

1923 2315 2161 2385 quaedam
2185 2316 2393 2387 propria
2411 2331 2601 2387 genera
2623 2317 2964 2385 locutionum,
2987 2333 3104 2388 qua:
3119 2334 3239 2373 cum
3260 2319 3312 2374 in
3336 2319 3498 2374 aliam

1925 2407 2154 2476 linguam
2186 2407 2596 2475 transferuntur,
2624 2409 2868 2464 videntur
2892 2409 3139 2465 absurda.
3171 2409 3305 2477 Quid
3335 2411 3502 2480 prosit

1925 2505 2067 2554 tanta
2099 2499 2350 2568 loquendi
2392 2499 2694 2565 humilitas,
2727 2509 2784 2555 ut
2819 2515 2922 2556 non
2965 2501 3135 2556 solum
3181 2501 3256 2556 ira
3299 2500 3414 2568 Dei,
3447 2508 3503 2556 et

1925 2591 2156 2654 tristitia,
2189 2599 2239 2645 et
2281 2607 2310 2644 a
2350 2605 2538 2645 somno
2577 2592 2985 2662 expergefactio,
3036 2600 3090 2647 et
3128 2593 3402 2658 memoria,
3448 2599 3502 2646 et

1926 2682 2142 2748 oblivio,
2171 2690 2226 2736 et
2251 2682 2349 2737 alia
2374 2683 2622 2737 nonnulla
2645 2698 2760 2751 qua:
2785 2683 2835 2736 in
2861 2681 3025 2736 bonos
3048 2682 3286 2737 homines
3312 2682 3502 2737 cadere

1926 2782 2168 2844 possunt,
2197 2774 2289 2828 sed
2319 2775 2475 2828 etiam
2498 2775 2840 2844 poenitentiae,
2864 2775 2984 2840 zeli,
3011 2775 3241 2844 crapulae
3262 2775 3498 2839 nomina,

1927 2873 1981 2920 et
2022 2864 2124 2918 alia
2172 2863 2471 2934 huiusmodi
2521 2865 2573 2917 in
2619 2865 2784 2920 sacris
2830 2849 3004 2919 Libris
3043 2866 3393 2920 inveniantur.
3440 2867 3506 2920 Et

1927 2964 2104 3010 utrum
2143 2955 2282 3010 oculi
2329 2956 2442 3022 Dei,
2484 2965 2536 3011 et
2579 2971 2786 3021 manus,
2819 2965 2872 3010 et
2901 2956 3083 3026 pedes,
3125 2966 3177 3012 et
3207 2957 3308 3012 alia
3346 2956 3504 3027 huius

1926 3047 2137 3118 generis
2161 3047 2432 3114 membra,
2473 3063 2588 3117 qua:
2632 3048 2683 3101 in
2728 3047 3020 3118 Scripturis
3046 3049 3404 3118 nominantur,
3437 3051 3504 3106 ad

1927 3139 2190 3194 visibilem
2217 3139 2440 3195 formam
2471 3139 2685 3194 humani
2718 3141 2958 3210 corporis
2980 3141 3258 3198 referenda
3285 3144 3411 3210 sint;
3436 3161 3506 3200 an

1930 3231 1996 3286 ad
2032 3231 2441 3302 signiﬁcationes
2484 3231 2887 3303 intelligibilium
2920 3241 2975 3289 et
3022 3235 3370 3304 spiritualium
3414 3251 3508 3307 po-

1931 3324 2239 3391 tentiarum,
2277 3324 2412 3379 sicut
2435 3325 2581 3394 galea
2600 3366 2615 3390 ,
2644 3333 2698 3380 et
2721 3334 2948 3393 scutum,
2975 3335 3031 3382 et
3060 3328 3284 3397 gladius,
3313 3337 3366 3385 et
3391 3329 3505 3385 cin-

1929 3418 2129 3488 gulum,
2159 3425 2210 3472 et
2233 3424 2421 3472 caetera
2458 3417 2599 3470 talia.
2633 3417 2698 3472 Et
2739 3418 2880 3488 quod
2913 3420 3138 3474 maxime
3164 3422 3506 3491 quzcrcndum

1931 3518 2029 3573 est,
2055 3509 2175 3579 quid
2198 3509 2366 3579 prosit
2388 3509 2569 3580 generi
2590 3509 2839 3578 humano,
2861 3511 3003 3580 quod
3023 3512 3098 3566 sic
3118 3513 3388 3568 nobiscum
3413 3530 3506 3583 per

1930 3599 2262 3663 rationalem,
2296 3609 2350 3654 et
2383 3600 2668 3670 genitalem
2693 3643 2707 3667 ,
2754 3607 2808 3655 et
2844 3602 3170 3670 corporalem
3211 3612 3504 3658 creaturam

1932 3691 2030 3745 sibi
2053 3690 2367 3746 servientem
2393 3691 2570 3746 divina
2595 3691 2923 3761 providentia
2944 3693 3119 3748 locuta
3141 3701 3241 3750 est.
3266 3695 3382 3760 Quo
3404 3709 3508 3750 uno

1932 3783 2163 3853 cognito,
2191 3781 2364 3836 omnis
2388 3783 2454 3836 ab
2496 3783 2688 3838 animis
2713 3784 3026 3852 protervitas
3051 3781 3128 3857 (ιι)
3158 3785 3376 3855 puerilis
3417 3800 3511 3840 ex-

1935 3874 2185 3941 cluditur,
2216 3882 2270 3930 et
2296 3874 2645 3930 introducitur
2671 3883 3004 3932 sacrosancta
3030 3877 3234 3948 religio.

1936 3966 2158 4024 CAPUT
2180 3965 2266 4021 Ll.
2286 3995 2358 4006 -
2379 3965 2760 4036 Scripturarum
2784 3967 3110 4036 μενων-Μαιὶο
3128 3967 3183 4022 in
3207 3967 3509 4023 curiositatis

2323 4098 2325 4100 -
2591 4057 2854 4113 medelam.

2010 4149 2131 4206 100.
2161 4149 2387 4205 Omissis
2412 4149 2568 4219 igitur
2596 4158 2648 4204 et
2673 4150 2960 4220 repudiatis
2989 4153 3141 4223 nugis
3168 4152 3440 4209 theatrlcis
3458 4159 3512 4209 et

1936 4241 2180 4313 poeticis,
2225 4241 2521 4296 divinarum
2565 4242 2958 4312 Scripturarum
3002 4244 3426 4300 consideratione
3459 4253 3513 4300 et

1940 4332 2256 4388 tractatione
2298 4345 2574 4403 pascamus
2617 4334 2850 4387 animum
2893 4341 3049 4404 atque
3091 4342 3335 4404 petemus
3363 4351 3511 4391 vanae

1941 4426 2264 4482 curiositatis
2289 4424 2429 4480 fame
2452 4441 2515 4481 ac
2539 4426 2624 4480 siti
2655 4426 2848 4481 fessum
2876 4436 2931 4482 et
2954 4434 3284 4496 aestuantem,
3318 4437 3372 4486 et
3398 4431 3511 4485 ina-

1945 4519 2099 4573 nibus
2131 4518 2606 4595 phangasmatibus,
2633 4526 2878 4588 tanquam
2906 4520 3057 4588 pictis
3087 4521 3275 4590 epulis,
3313 4521 3505 4578 frustra

1940 4611 2086 4665 reﬁci
2107 4611 2390 4679 satiarique
2410 4609 2705 4679 cupientem
2730 4627 2742 4664 :
2771 4609 2874 4667 hoc
2898 4626 3018 4666 vere
3043 4612 3266 4681 liberali,
3292 4623 3344 4670 et
3371 4617 3513 4686 inge-

1943 4716 2047 4755 nuo
2073 4701 2200 4755 ludo
2229 4701 2512 4756 salubriter
2540 4701 2860 4758 erudiamur.
2899 4701 2954 4759 Si
2984 4718 3082 4759 nos
3106 4705 3354 4760 miracula
3387 4721 3510 4775 spe-

1943 4793 2294 4859 ctaculorum,
2326 4801 2379 4847 et
2404 4792 2739 4862 pulchritudo
2761 4794 3044 4864 delectant,
3074 4795 3218 4851 illam
3243 4796 3513 4852 desidere-

1945 4901 2063 4940 mus
2083 4884 2262 4939 videre
2288 4883 2629 4955 Sapientiam,
2661 4901 2780 4956 quia
2803 4887 3062 4957 pertendit
3082 4903 3111 4942 a
3139 4889 3242 4944 ﬁne
3266 4904 3430 4960 usque
3449 4890 3513 4943 ad

1945 4979 2108 5034 ﬁnem
2126 4977 2420 5044 fortiter,et
2435 4977 2851 5048 disponitomnia
2873 4980 3103 5037 suaviter
3125 4979 3279 5055 (Sap.
3302 4997 3414 5048 vni,
3436 4980 3509 5054 1).

1951 5069 2088 5139 Quid
2119 5071 2258 5125 enim
2285 5069 2598 5132 mirabilius.
2632 5073 2679 5125 vi
2709 5072 3016 5143 incorporea
3040 5075 3290 5130 mundum
3321 5087 3514 5143 corpus

1947 5178 2098 5220 reum
2125 5161 2420 5218 fabricante
2447 5169 2502 5216 et
2527 5162 2970 5221 administrante?
2996 5175 3087 5222 aut
3103 5166 3227 5238 quid
3249 5165 3514 5235 pulchrius

1949 5256 2226 5311 ordinante
2250 5264 2305 5310 et
2328 5255 2588 5310 ornante?

1984 5348 2208 5406 CAPUT
2235 5346 2343 5403 LII.
2368 5377 2440 5388 ——
2457 5346 2526 5402 Et
2546 5348 2807 5404 curiositas
2825 5357 2871 5405 et
2889 5351 2992 5406 alia
3015 5350 3134 5404 vitia
3151 5355 3268 5402 sunt
3288 5350 3491 5403 occasio

2565 5441 2632 5494 ad
2654 5443 2899 5497 virtutem.

2027 5535 2145 5590 lOl.
2187 5533 2242 5590 Si
2269 5541 2446 5589 autem
2474 5550 2657 5591 omnes
2688 5536 2916 5593 fatentur
2934 5551 3028 5606 per
3052 5540 3241 5606 carpus
3269 5537 3364 5590 ista
3391 5552 3519 5592 seu-

1955 5627 2062 5692 tiri,
2091 5633 2142 5681 et
2172 5626 2407 5681 animum
2437 5628 2708 5683 meliorem
2740 5644 2864 5685 esse
2886 5643 3039 5698 quam
3067 5643 3281 5701 corpus,
3321 5629 3519 5686 nihilne

1955 5733 2047 5788 per
2075 5732 2134 5773 se
2162 5717 2370 5771 animus
2414 5717 2525 5787 ipse
2566 5720 2880 5788 conspiciet,
2919 5726 3009 5775 aut
3053 5721 3188 5792 quod
3228 5722 3517 5792 conspicict

2018 5830 2087 5893 (a)
2113 5837 2289 5892 Nempe
2313 5832 2667 5881 Manichaeorum
2691 5833 2737 5880 in
2761 5839 2904 5884 vetus
2918 5841 3286 5886 Testamentum.
