4056 6440
543 361 642 428 187

545 491 722 556 potest
761 496 918 549 esse,
962 479 1064 535 nisi
1107 478 1274 535 multo
1311 477 1659 537 excellentius
1687 477 1950 549 longeque
1973 495 2116 552 prae-

541 573 802 632 stantius?
830 571 942 628 Imo
968 586 1098 628 vero
1116 571 1517 628 commemorati
1544 572 1561 602 ί
1588 570 1657 626 ab
1685 570 1750 625 iis
1771 586 1889 640 qua:
1911 570 2119 640 judica-

541 685 678 734 mus,
704 666 896 724 intueri
921 664 1047 736 quid
1071 665 1140 720 sit
1160 664 1449 722 secundum
1466 663 1608 736 quod
1624 663 1942 734 judicamus,
1975 673 2029 718 et
2049 663 2118 719 ab

546 757 798 830 cperibus
826 757 1019 812 artium
1048 757 1296 812 conversi
1322 755 1388 810 ad
1411 755 1580 826 legem
1607 755 1821 819 artium,
1853 768 1970 808 eam
1995 768 2119 824 spe-

540 851 676 908 ciem
703 860 883 906 mente
916 849 1317 917 contuebimur,
1353 847 1505 918 cujus
1542 847 1937 918 comparatione
1976 845 2117 901 fmda

541 955 664 1004 sunt
691 961 810 1017 quas
850 945 1016 1015 ipsius
1055 942 1378 1014 benignitate
1403 950 1528 996 sunt
1553 940 1790 1011 pulchra.
1829 938 2117 994 Invisibilia

540 1038 671 1093 enim
701 1035 816 1103 Dei,
846 1053 876 1090 a
902 1045 1132 1090 creatura
1155 1033 1350 1100 mundi,
1381 1048 1468 1101 per
1495 1048 1554 1086 ea
1577 1047 1690 1102 quae
1718 1034 1855 1103 facta
1877 1039 2013 1098 sunt,
2036 1030 2116 1084 in-

542 1129 736 1183 tellecta
767 1127 1142 1198 conspiciuntur
1161 1167 1176 1193 ,
1205 1133 1251 1179 et
1279 1124 1578 1194 sempiterna
1602 1124 1709 1192 ejus
1733 1123 1890 1177 virtus
1912 1131 1958 1176 et
1983 1121 2116 1176 divi-

541 1220 673 1274 nitas
703 1219 876 1289 (Rom.
908 1234 947 1285 ι,
977 1215 1093 1288 20).
1129 1215 1252 1270 Haec
1271 1223 1354 1271 est
1372 1231 1401 1270 a
1423 1214 1800 1286 temporalibus
1823 1213 1888 1268 ad
1915 1222 2116 1269 aeterna

541 1311 822 1382 regressio,
849 1317 900 1364 et
927 1324 993 1364 ex
1018 1307 1126 1362 vita
1150 1307 1344 1362 veteris
1370 1306 1599 1362 hominis
1629 1305 1683 1362 in
1714 1320 1907 1360 novum
1935 1305 2115 1361 homi-

539 1420 662 1458 nem
687 1401 1014 1458 rcformatio.
1041 1399 1177 1468 Quid
1199 1409 1282 1456 est
1308 1408 1484 1455 autem
1509 1397 1652 1454 unde
1678 1399 1839 1453 homo
1860 1411 2115 1454 comme—

539 1496 732 1552 morari
756 1510 861 1550 non
888 1493 1057 1565 possit
1080 1493 1147 1548 ad
1172 1494 1394 1548 virtutes
1417 1490 1786 1563 capessendas,
1817 1488 2029 1561 quando
2041 1489 2116 1544 de

539 1589 668 1660 ipsis
692 1589 834 1644 vitiis
869 1587 1082 1658 potest?
1117 1587 1254 1654 Quid
1297 1586 1436 1641 enim
1473 1585 1671 1654 appetit
1707 1583 1984 1638 curiositas
2013 1581 2115 1637 nisi

536 1679 917 1752 cognitionem,
957 1694 1076 1750 quae
1102 1687 1246 1734 certa
1281 1692 1402 1732 esse
1437 1693 1540 1730 non
1578 1683 1775 1746 potest,
1807 1674 1910 1730 nisi
1931 1689 2114 1730 rerum

537 1783 856 1829 mtcruarum
899 1780 953 1828 et
993 1771 1181 1827 eodem
1221 1772 1381 1824 modo
1425 1785 1481 1824 se
1519 1784 1730 1839 semper
1771 1768 2115 1823 habentium?

537 1864 674 1932 Quid
701 1864 902 1935 appetit
927 1862 1172 1932 superbia
1195 1861 1294 1915 nisi
1323 1861 1632 1929 potentiam,
1663 1875 1780 1929 qua:
1807 1859 2033 1916 refertur
2048 1858 2115 1914 ad

535 1955 724 2026 agendi
765 1953 1094 2018 facilitatem,
1126 1967 1285 2023 quam
1317 1966 1420 2004 non
1452 1950 1654 2006 invenit
1679 1951 1853 2004 anima
1881 1949 2114 2020 perfecta

536 2047 637 2100 nisi
664 2046 772 2101 Deo
803 2045 1011 2100 subdita
1029 2046 1071 2111 ³,
1096 2051 1149 2098 et
1167 2042 1232 2097 ad
1255 2042 1369 2111 ejus
1392 2056 1612 2111 regnum
1631 2055 1837 2095 summa
1858 2039 2115 2096 charitate

535 2135 830 2192 conversa?
860 2134 995 2202 Quid
1033 2133 1234 2205 appetit
1267 2132 1513 2200 voluptas
1552 2130 1792 2200 corporis
1829 2130 1933 2185 nisi
1959 2129 2112 2200 quie-

537 2235 665 2292 tem,
698 2241 814 2296 qute
839 2240 944 2280 non
975 2233 1056 2280 est
1084 2223 1184 2278 nisi
1216 2223 1304 2278 ubi
1331 2221 1473 2276 nulla
1494 2228 1578 2276 est
1598 2221 1884 2292 indigentia
1904 2230 1958 2277 et
1973 2222 2114 2277 nulla

537 2316 848 2387 corruptio?
871 2313 1104 2370 Cavendi
1135 2323 1258 2369 sunt
1281 2328 1408 2383 ergo
1446 2311 1724 2368 inferiores
1749 2312 1922 2378 inferi,
1951 2312 2004 2367 id
2033 2321 2116 2368 est

532 2417 656 2480 post
692 2407 831 2462 hanc
867 2407 1029 2461 vitam
1074 2420 1246 2476 pmnae
1282 2405 1588 2475 graviores,
1627 2403 1717 2458 ubi
1759 2404 1900 2458 nulla
1942 2412 2116 2476 potest

531 2513 652 2555 esse
677 2497 1117 2554 commemoratio
1151 2495 1410 2561 veritatis,
1437 2495 1558 2564 quia
1579 2493 1720 2548 nulla
1746 2494 2110 2550 ratiocinatio:

532 2589 654 2646 ideo
680 2590 820 2646 nulla
845 2588 1204 2655 ratiocinatio,
1230 2586 1353 2657 quia
1373 2601 1480 2640 non
1505 2601 1622 2641 eam
1647 2585 1912 2656 perfundit
1932 2586 2114 2643 lumen

529 2698 712 2740 verum
736 2725 752 2751 ,
797 2681 939 2754 quod
975 2681 1240 2736 illuminat
1269 2693 1482 2735 omnem
1514 2677 1785 2733 hominem
1810 2677 2112 2734 venientem

530 2773 586 2830 in
611 2774 754 2829 hunc
779 2772 1035 2829 mundum
1074 2770 1251 2844 (Joan.
1283 2787 1334 2837 ι,
1365 2770 1442 2841 9).
1472 2769 1644 2838 Quare
1670 2767 2015 2835 festinemus,
2056 2775 2114 2825 et

534 2866 866 2922 ambulemus
913 2881 1034 2921 cum
1071 2863 1188 2919 dies
1227 2871 1422 2933 praesto
1460 2872 1576 2930 est,
1619 2877 1689 2918 ne
1735 2877 1833 2918 nos
1878 2861 2114 2918 tenebrze

532 2956 989 3027 comprehendant
1019 2954 1127 3028 (1d.
1159 2970 1234 3010 xn
1253 2995 1268 3019 ,
1313 2953 1426 3024 55).
1464 2953 1798 3008 Festinemns
1825 2968 1856 3007 a
1882 2952 2112 3008 secunda

530 3057 703 3105 morte
725 3047 939 3103 liberari
965 3046 1149 3118 (Apoc.
1179 3060 1270 3112 xx,
1304 3045 1358 3111 6,
1393 3045 1480 3108 ll,
1511 3055 1556 3099 et
1584 3061 1698 3112 χχι,
1722 3045 1803 3116 8),
1838 3044 1928 3100 ubi
1953 3059 2112 3101 nemo

532 3147 616 3195 est
643 3138 735 3210 qui
764 3153 972 3194 memor
998 3137 1091 3192 Dei
1119 3137 1211 3204 sit,
1242 3135 1388 3192 etab
1415 3135 1643 3205 inferno,
1671 3136 1761 3192 ubi
1789 3150 1948 3192 nemo
1977 3150 2110 3193 con-

532 3231 766 3288 fitebitur
792 3229 902 3285 Deo
932 3227 1104 3300 (Psal.
1131 3243 1204 3295 vr,
1235 3226 1312 3299 6).

611 3361 837 3420 CAPUT
874 3360 1006 3419 Llll.
1037 3391 1108 3402 —-
1135 3361 1293 3432 δουρὶ
1329 3359 1596 3416 stultorum
1632 3376 1692 3415 ac
1727 3362 2028 3433 sapientium

1219 3452 1419 3506 diversi.

599 3566 722 3624 102.
754 3565 860 3622 Sed
883 3565 1064 3622 miseri
1091 3565 1357 3631 homines,
1388 3565 1579 3636 quibus
1598 3565 1806 3637 cognita
1825 3565 2107 3636 vilescunt,

527 3667 583 3716 et
609 3658 930 3714 novitatibus
957 3657 1227 3728 gaudent,
1275 3657 1528 3713 libentius
1553 3657 1764 3713 discunt
1802 3673 1961 3729 quam
2007 3674 2108 3716 no-

531 3758 678 3820 runt,
706 3766 826 3806 cum
851 3751 1081 3820 cognitio
1106 3750 1177 3804 sit
1203 3750 1324 3804 linis
1361 3750 1620 3806 discendi.
1667 3751 1733 3806 Et
1769 3753 1960 3824 quibus
1989 3755 2108 3812 vilis

533 3849 617 3898 est
645 3841 868 3897 facilitas
893 3841 1115 3897 actionis
1131 3882 1146 3907 ,
1177 3841 1425 3898 libentius
1450 3849 1658 3897 certant
1683 3859 1842 3913 quam
1867 3846 2104 3915 vincunt,

526 3947 648 3988 cum
669 3931 891 3988 victoria
912 3931 984 3988 sit
1001 3931 1122 3988 ﬁnis
1148 3931 1406 3987 certandi.
1436 3932 1506 3988 Et
1529 3933 1719 4004 quibus
1743 3935 1864 3992 vilis
1888 3944 1970 3992 est
1987 3952 2107 3993 cor-

526 4024 672 4095 poris
699 4024 864 4091 salus,
889 4022 1094 4078 malunt
1117 4023 1262 4079 vesci
1286 4038 1444 4094 quam
1471 4024 1673 4093 satiari,
1699 4033 1752 4082 et
1779 4027 1979 4083 malunt
2001 4027 2104 4084 frui

525 4113 842 4186 genitalibus
866 4112 1126 4170 membris
1151 4128 1308 4184 quam
1348 4114 1543 4170 nullam
1582 4115 1740 4171 talem
1783 4119 2101 4174 commotio-

526 4222 648 4261 nem
669 4206 798 4276 pati;
820 4205 1164 4262 inveniuntur
1179 4203 1340 4261 etiam
1360 4207 1449 4276 qui
1473 4206 1675 4261 malunt
1694 4207 1926 4264 dormire
1945 4225 2102 4280 quam

523 4313 631 4355 non
659 4297 953 4355 dormitare
978 4317 991 4354 :
1019 4314 1138 4355 cum
1166 4299 1342 4354 omnis
1371 4299 1512 4354 illius
1538 4301 1820 4371 voluptatis
1855 4302 1924 4356 sit
1957 4300 2096 4371 linis,

525 4403 631 4444 non
657 4388 862 4444 esurire
893 4403 958 4445 ac
986 4389 1167 4458 sitire,
1196 4398 1247 4446 et
1274 4405 1381 4445 non
1409 4389 1713 4447 desiderare
1741 4393 2096 4462 concubitum,

523 4489 576 4536 et
599 4495 704 4537 non
735 4495 856 4536 esse
877 4495 1103 4550 corpore
1125 4481 1360 4552 fatigato.

595 4573 719 4628 105.
758 4572 935 4639 Quare
961 4573 1051 4643 qui
1078 4573 1212 4629 lines
1239 4573 1384 4644 ipsos
1410 4573 1732 4644 desiderant,
1760 4575 1905 4646 prius
1925 4576 2100 4632 curio-

521 4663 678 4720 sitate
704 4673 906 4732 carent,
934 4673 1318 4734 cognoscentes
1335 4681 1454 4722 eam
1479 4680 1597 4722 esse
1617 4676 1816 4723 certam
1841 4669 2100 4740 cognitio-

522 4770 646 4811 nem
678 4770 797 4826 qute
819 4755 961 4812 intus
986 4764 1087 4824 εει,
1117 4765 1173 4812 ει
1193 4773 1254 4813 ea
1280 4755 1611 4828 perfruentes
1636 4769 1890 4829 quantum
1914 4759 1967 4816 in
1997 4760 2099 4816 hac

520 4847 628 4902 vita
652 4856 870 4917 queunt.
894 4847 1094 4903 Deinde
1115 4849 1381 4920 accipiunt
1402 4849 1629 4905 actionis
1646 4850 1949 4908 facilitatem
1976 4868 2098 4923 per-

517 4938 714 4995 vicacia
757 4940 964 5011 posita,
1016 4940 1245 4997 scientes
1269 4940 1524 5012 majorem
1553 4957 1672 4998 esse
1699 4941 2097 5017 facilioremque

517 5031 829 5102 victoriam,
869 5050 975 5090 non
1013 5036 1262 5092 resistere
1289 5035 1612 5092 animositati
1651 5035 1996 5108 cujusquam;
2042 5049 2098 5096 et

516 5123 642 5193 hoc,
659 5133 913 5195 quantum
939 5125 995 5180 in
1013 5125 1114 5181 hac
1134 5128 1242 5182 vita
1261 5135 1481 5198 queunt,
1502 5126 1738 5182 sentiunt
1760 5145 1773 5184 :
1801 5136 2092 5198 postremo,

515 5216 676 5272 etiam
705 5217 934 5288 quietem
965 5219 1235 5290 corporis,
1266 5218 1580 5276 abstinendo
1604 5220 1672 5276 ab
1699 5221 1763 5276 iis
1793 5221 1952 5277 rebus
1977 5221 2095 5278 sine

514 5309 705 5381 quibus
745 5310 826 5380 agi
865 5310 979 5367 lucc
1017 5310 1122 5366 vita
1153 5320 1361 5381 potest;
1401 5312 1472 5366 ita
1495 5321 1887 5384 gustantquam
1917 5314 2095 5370 suavis

517 5409 598 5458 est
617 5402 886 5458 Dominus.
915 5403 1025 5459 Nec
1052 5403 1158 5459 erit
1181 5403 1398 5460 dubium
1426 5405 1447 5437 ⁸
1477 5406 1599 5476 quid
1625 5413 1744 5476 post
1767 5405 1904 5462 hanc
1932 5407 2092 5462 vitam

577 5535 594 5606 ξ
613 5534 855 5606 duo,
872 5537 1157 5594 commoniti.
1175 5537 1260 5606 Alii
1276 5551 1463 5600 omnes,
1479 5541 1834 5606 commorati
1851 5555 1869 5604 ;
1887 5548 1940 5606 et
1953 5543 2096 5606 paulo

513 5594 639 5666 infra
657 5594 855 5658 habent,
879 5599 1250 5666 commemorari.
1279 5609 1374 5666 [loc
1390 5594 1557 5666 verbo,
1574 5604 1808 5666 frequens
1830 5594 1982 5656 utitur
2004 5594 2094 5656 Au;

746 5672 851 5732 pro,
862 5661 1164 5732 commoneri,
1176 5663 1305 5726 quod
1314 5663 1393 5713 hic
1408 5665 1456 5713 in
1471 5664 1581 5714 Edd.
1593 5660 2091 5738 fueratsubstitutum.

518 5793 521 5794 ν
580 5790 589 5794 Α
703 5727 759 5792 ιι,
781 5733 876 5773 mss
895 5736 1055 5794 angina
1076 5726 1288 5787 perlecta
1309 5733 1354 5775 et
1369 5734 1475 5794 _1)_th
1500 5726 1704 5778 subdita.
1725 5735 1779 5778 At
1799 5736 1905 5779 Mss.
1929 5733 2093 5794 probte

744 5755 759 5792 τ
781 5755 876 5773 uno
895 5755 1055 5792 merula
1077 5755 1151 5787 PC!
1165 5755 1288 5775 ιιισα
1309 5755 1353 5775 ιῑσ
1370 5755 1475 5792 Ἰιξυ
1500 5755 1704 5778 ouuuuu.
1725 5755 1779 5778 ιιι
1799 5755 1905 5779 Ribb.

510 5790 658 5848 nota,
675 5785 836 5835 anima
852 5785 1059 5848 perfecta
1074 5785 1170 5848 ius:
1185 5795 1285 5838 Deo
1304 5787 1509 5838 subdita.

576 5844 598 5877 ³
617 5850 695 5895 Br.
717 5844 952 5907 Lov.,'nec
967 5851 1056 5898 erit
1077 5847 1146 5900 eis
1169 5848 1381 5899 dubium.
1471 5858 1526 5900 ιι.

1531 359 1619 420 DE
1659 362 1844 420 VERA
1885 354 2275 434 RELIGIONE,
2313 360 2372 422 S.
2411 363 2783 423 AUGUSTINI

3702 369 3809 433 568

2225 479 2457 535 futurum
2487 479 2587 545 sit;
2633 489 2687 535 et
2722 477 3062 550 perfectionis
3089 493 3202 534 sua:
3229 477 3353 550 fide,
3381 495 3511 552 spe,
3549 481 3808 544 charitate

2226 570 2552 626 nutriuntur.
2583 569 2712 626 Post
2749 569 2884 625 hanc
2919 579 3093 626 autem
3121 571 3283 627 vitam
3307 581 3364 630 et
3385 573 3617 646 cognitio
3642 577 3808 646 perti-

2224 662 2427 728 cietur;
2455 661 2578 732 quia
2598 677 2664 718 ex
2685 670 2831 732 parte
2846 677 2988 717 nunc
3011 662 3229 731 scimus,
3257 679 3379 720 cum
3399 674 3575 722 autem
3601 670 3808 724 venerit

2224 752 2366 824 quod
2395 752 2685 823 perfectum
2713 763 2815 822 est,
2847 770 2954 810 non
2979 755 3082 811 erit
3105 771 3171 812 ex
3198 766 3350 828 parte
3375 759 3419 829 (l
3448 759 3565 814 Cor.
3594 777 3711 829 xm,
3746 763 3802 830 9,

2225 846 2316 916 10)
2341 861 2355 899 :
2384 855 2438 901 et
2464 862 2566 917 pax
2589 847 2761 902 omnis
2780 847 2982 915 aderit;
3005 864 3148 905 nunc
3170 850 3311 905 enim
3336 851 3437 906 alia
3459 851 3546 907 lex
3565 853 3618 908 in
3639 869 3810 910 mem-

2223 935 2335 992 bris
2365 937 2497 992 meis
2517 946 2775 1008 repugnat
2800 937 2903 1009 legi
2929 939 3122 995 mentis
3147 956 3303 1008 mea,
3326 941 3420 997 sed
3439 941 3684 1000 liberabit
3707 961 3807 1002 nos

2222 1027 2291 1083 de
2319 1042 2544 1098 corpore
2581 1028 2772 1084 mortis
2812 1028 2968 1099 hujus
2995 1031 3162 1102 gratia
3189 1031 3283 1087 Dei
3313 1048 3409 1104 per
3435 1033 3616 1089 Jesutn
3644 1034 3804 1091 Chri-

2222 1127 2362 1174 stum
2393 1120 2671 1176 Dominum
2701 1129 2939 1176 nostrum
2974 1120 3147 1192 (Rom.
3175 1139 3286 1190 vn,
3317 1123 3546 1196 23-25);
3585 1125 3708 1196 quia
3736 1141 3806 1183 ex

2222 1225 2412 1281 magna
2441 1219 2589 1281 parte
2613 1212 2998 1268 concordamus
3025 1228 3145 1268 cum
3171 1213 3498 1283 adversario,
3523 1215 3648 1270 dum
3679 1232 3804 1272 cum

2221 1301 2314 1358 illo
2339 1317 2521 1358 sumus
2542 1303 2596 1356 in
2621 1305 2705 1358 via
2731 1321 2744 1358 :
2779 1312 2833 1358 et
2863 1313 2969 1358 tota
2997 1305 3218 1372 sanitas,
3245 1314 3300 1360 et
3322 1305 3469 1361 nulla
3491 1306 3802 1378 indigentia,

2221 1401 2276 1448 et
2300 1392 2443 1448 nulla
2461 1391 2697 1465 fatigatio
2715 1393 2886 1450 aderit
2908 1396 3146 1466 corpori;
3169 1396 3293 1467 quia
3316 1397 3660 1468 corruptibile
3679 1399 3803 1467 hoc,

2220 1493 2460 1556 tempore
2488 1497 2645 1556 atque
2681 1487 2868 1544 ordine
2893 1503 2992 1544 suo
3022 1505 3128 1560 quo
3158 1491 3477 1548 resurrectio
3501 1491 3676 1547 carnis
3715 1489 3806 1547 fu-

2220 1586 2337 1633 tura
2361 1587 2470 1645 est,
2501 1579 2748 1636 induetur
2773 1581 3170 1650 incorruptione
3197 1581 3243 1653 (Ι
3269 1579 3390 1638 Cor.
3419 1597 3509 1650 xv,
3537 1582 3654 1656 55).
3684 1581 3805 1639 Νοιι

2218 1673 2412 1728 mirum
2441 1678 2642 1741 autem,
2673 1673 2717 1728 si
2746 1673 2848 1728 hoc
2868 1673 3079 1730 dabitur
3105 1674 3170 1729 iis
3196 1675 3286 1746 qui
3314 1675 3368 1730 in
3389 1675 3691 1746 cognitione
3711 1689 3803 1730 so-

2220 1765 2326 1818 lam
2353 1764 2631 1819 veritatem
2659 1773 2873 1832 atnant,
2903 1774 2954 1820 et
2981 1765 3036 1820 in
3062 1766 3269 1822 actione
3293 1768 3461 1822 solam
3489 1782 3672 1837 pacem
3691 1809 3707 1834 ,
3747 1774 3806 1823 et

2220 1853 2276 1910 in
2297 1869 2522 1926 corpore
2547 1855 2716 1911 solam
2746 1857 3046 1912 sanitatem.
3078 1857 3191 1912 Hoc
3215 1857 3357 1913 enim
3377 1859 3430 1912 in
3457 1858 3538 1913 eis
3557 1857 3806 1928 perlicie-

2220 1955 2306 2021 tur
2332 1955 2449 2017 post
2473 1947 2608 2003 hanc
2636 1949 2817 2016 vitam,
2847 1950 2988 2021 quod
3018 1950 3070 2005 in
3097 1949 3198 2007 hac
3223 1952 3327 2005 vita
3351 1950 3468 2021 plus
3491 1949 3740 2021 diligunt.

2217 2018 2442 2095 CAPUT
2479 2038 2613 2096 LIV.
2640 2070 2711 2080 -—
2736 2018 3008 2112 Supplicia
3031 2018 3385 2096 damnatorum
3404 2057 3560 2113 quant
3583 2018 3804 2096 [iubeant

2660 2134 2906 2187 rationem
2929 2133 2998 2187 ad
3019 2149 3192 2189 eorum
3216 2135 3356 2188 vitia.

2290 2225 2411 2280 104.
2452 2223 2552 2293 Qui
2582 2240 2711 2296 ergo
2731 2226 2869 2283 male
2893 2234 3110 2281 utuntur
3141 2235 3285 2283 tanto
3316 2225 3514 2282 mentis
3541 2224 3700 2292 bono,
3739 2232 3804 2280 ut

2218 2324 2364 2372 extra
2396 2331 2515 2372 eam
2544 2317 2765 2371 visibilia
2793 2318 2960 2387 magis
2985 2327 3255 2388 appetant,
3283 2317 3476 2388 quibus
3500 2316 3567 2372 ad
3586 2317 3806 2387 conspi-

2218 2398 2404 2454 cienda
2443 2401 2459 2431 ί
2491 2409 2544 2455 ει
2572 2399 2837 2471 diligenda
2865 2401 3212 2470 intelligibilia
3249 2402 3658 2456 commemorari
3697 2401 3802 2456 de-

2217 2489 2484 2557 buerunt,
2529 2489 2794 2544 dabuntur
2839 2491 2917 2546 eis
2961 2492 3256 2547 exteriores
3297 2491 3550 2547 tenebrat.
3598 2491 3803 2547 Harum

2217 2580 2412 2651 quippe
2440 2579 2645 2634 initium
2669 2591 2752 2635 est
2775 2581 2953 2636 carnis
2978 2581 3280 2651 prudentia,
3309 2574 3642 2638 et‘sensuum
3669 2596 3768 2637 cor
3789 2610 3804 2619 -

2218 2687 2498 2744 porcorum
2527 2673 2880 2730 imbecillitas.
2909 2675 2977 2730 Et
3001 2677 3092 2746 qui
3120 2675 3500 2733 certaminibus
3521 2676 3805 2732 delectan-

2216 2774 2336 2832 tur,
2366 2766 2734 2822 alienabuntur
2775 2783 2804 2821 a
2844 2783 3006 2838 pace,
3049 2777 3106 2824 et
3151 2771 3374 2825 summis
3399 2768 3806 2825 difficultatibus

2215 2858 2644 2929 implicabuntur.
2689 2859 2900 2915 initium
2927 2862 3320 2940 enimsummze
3349 2863 3675 2920 difficultatis
3713 2873 3807 2920 est

2215 2950 2418 3006 bellum
2447 2960 2606 3022 atque
2634 2953 2924 3008 contentio.
2965 2954 3032 3008 Et
3073 2943 3514 3027 hoc"significare
3541 2955 3798 3024 arbitror,

2215 3042 2356 3113 quod
2372 3043 2598 3116 ligantur
2619 3042 2670 3098 ei
2689 3059 2876 3099 manus
2896 3035 2949 3100 et
2970 3045 3152 3115 pedes,
3176 3046 3228 3100 id
3250 3055 3350 3112 est,
3379 3046 3601 3102 facilitas
3621 3049 3804 3102 omnis

2213 3133 2450 3190 aufertur
2477 3135 2752 3206 operandi.
2781 3136 2852 3192 Et
2873 3137 2965 3207 qui
2989 3137 3137 3193 sitire
3167 3146 3222 3194 et
3250 3139 3454 3195 esurire
3485 3140 3701 3206 volunt,
3746 3147 3805 3195 et

2214 3226 2267 3280 in
2289 3227 2561 3283 libidinem
2587 3226 2866 3285 ardescere
2895 3237 2948 3283 et
2972 3227 3266 3300 defatigari,
3291 3240 3348 3284 ut
3369 3230 3594 3286 libenter
3611 3229 3801 3298 edant,

2213 3318 2492 3386 ebbibant,
2524 3329 2579 3376 et
2603 3320 2994 3389 concumbant,
3027 3331 3082 3377 et
3107 3322 3401 3388 dormiant,
3442 3332 3623 3378 amant
3651 3323 3803 3378 indi-

2212 3413 2464 3481 gentiam,
2493 3413 2632 3484 quod
2662 3423 2745 3470 est
2773 3415 2980 3471 initium
3009 3429 3340 3472 summorum
3369 3416 3632 3472 dolorum.
3665 3415 3804 3473 Pcr-

2213 3501 2422 3558 ﬁcietur
2446 3518 2576 3576 ergo
2601 3505 2653 3559 in
2683 3505 2763 3562 eis
2790 3507 2931 3577 quod
2958 3516 3158 3575 amant,
3183 3516 3242 3563 ut
3269 3509 3340 3564 ibi
3365 3509 3474 3565 sint
3496 3509 3586 3564 ubi
3616 3511 3694 3566 eis
3725 3509 3804 3565 sit

2210 3594 2448 3665 ploratus
2475 3597 2496 3628 ¹
2524 3605 2578 3652 ει
2607 3597 2803 3653 stridor
2823 3598 3062 3654 dentium
3085 3600 3293 3670 (Matth.
3325 3617 3462 3669 xxn,
3491 3602 3604 3673 l3).

2283 3687 2408 3742 105.
2449 3687 2636 3744 Plures
2675 3689 2817 3745 enim
2859 3699 2981 3745 sunt
3011 3691 3102 3760 qui
3136 3689 3250 3746 haec
3273 3695 3451 3747 omnia
3479 3692 3640 3748 simul
3665 3693 3800 3750 vitia

2209 3774 2467 3848 diligunt,
2509 3788 2565 3833 et
2601 3794 2824 3848 quorum
2865 3780 2970 3834 vita
3013 3789 3098 3836 est
3132 3790 3396 3852 spectare,
3443 3784 3795 3854 contendere,

2208 3867 2552 3936 manducare,
2580 3869 2782 3938 bibere,
2811 3871 3182 3939 concumbere,
3210 3871 3466 3939 dormire,
3492 3883 3546 3930 et
3573 3874 3626 3930 in
3647 3877 3800 3946 cogi-

2210 3959 2408 4016 tatione
2437 3975 2530 4016 sua
2556 3961 2688 4016 nihil
2709 3961 2853 4017 aliud
2874 3979 3034 4034 quam
3056 3964 3446 4035 phantasmata,
3464 3982 3582 4037 qua:
3605 3967 3675 4024 de
3697 3969 3796 4025 tali

2209 4053 2317 4107 vita
2335 4052 2607 4124 colligunt,
2626 4053 2947 4124 amplexari;
2975 4065 3030 4111 et
3047 4071 3112 4112 ex
3138 4072 3324 4114 eorum
3352 4058 3576 4128 fallacia,
3603 4074 3797 4131 super-

2205 4148 2435 4204 stitionis
2453 4148 2536 4204 vel
2553 4149 2840 4220 impietatis
2859 4151 3069 4222 regulas
3092 4152 3272 4224 figere,
3298 4153 3490 4224 quibus
3514 4154 3794 4225 decipiun-

2204 4247 2313 4306 tur,
2341 4248 2395 4295 et
2420 4239 2612 4311 quibus
2639 4239 2919 4310 inhaerent,
2962 4243 3120 4298 etiam
3149 4244 3194 4299 si
3222 4245 3290 4300 ab
3316 4245 3580 4302 illecebris
3607 4247 3790 4303 carnis

2203 4346 2265 4388 se
2293 4333 2559 4389 abstinere
2587 4341 2864 4390 conentur.
2897 4334 3033 4402 Quia
3059 4351 3166 4391 non
3192 4337 3326 4394 bene
3348 4346 3564 4394 utuntur
3585 4339 3788 4396 talento

2203 4424 2304 4480 sibi
2324 4425 2632 4492 commisso,
2651 4425 2704 4481 id
2719 4435 2802 4482 est
2818 4427 3012 4482 mentis
3035 4428 3166 4495 acie,
3191 4443 3293 4500 qua
3309 4429 3554 4486 videntur
3573 4446 3782 4500 omnes,

2201 4520 2292 4586 qui
2318 4515 2459 4572 docti
2486 4525 2576 4572 aut
2605 4517 2790 4573 urbani
2815 4527 2907 4573 aut
2923 4517 3078 4575 faceti
3104 4521 3464 4590 nominantur,
3497 4523 3778 4580 excellere.

2200 4605 2307 4663 Sed
2335 4606 2532 4663 habent
2551 4623 2670 4664 eam
2689 4608 2743 4663 in
2767 4609 2982 4665 sudario
3003 4610 3238 4682 ligatam,
3265 4613 3428 4668 autin
3459 4618 3597 4668 terra
3623 4615 3784 4670 obru-

2200 4708 2332 4768 tam,
2361 4700 2414 4756 id
2443 4709 2527 4757 est
2553 4700 2792 4758 delicatis
2813 4712 2868 4758 et
2895 4703 3180 4775 superﬂuis
3208 4706 3402 4774 rebus,
3433 4715 3524 4761 aut
3551 4707 3780 4762 terrenis

2199 4791 2576 4862 cupiditatibus
2625 4793 2916 4849 involutam
2966 4804 3022 4850 et
3071 4810 3401 4866 oppressam.
3451 4798 3780 4869 Ligabuntur

2199 4899 2327 4956 ergo
2364 4885 2447 4941 his
2483 4901 2671 4942 manus
2710 4895 2764 4942 et
2802 4887 2997 4957 pedes,
3038 4897 3094 4943 et
3129 4888 3407 4944 mittentur
3442 4890 3495 4945 in
3534 4891 3778 4946 tenebras

2199 4977 2523 5044 exteriores;
2565 4977 2638 5033 ibi
2662 4975 2764 5032 erit
2786 4978 3024 5048 ploratus
3061 4987 3118 5033 et
3155 4979 3352 5036 stridor
3372 4980 3629 5036 dentium.
3661 4982 3775 5038 Non

2199 5066 2320 5138 quia
2336 5066 2447 5136 ipsa
2473 5065 2797 5133 dilexerunt;
2819 5067 2958 5138 (quis
2983 5069 3125 5124 enim
3146 5067 3260 5125 haec
3276 5070 3517 5143 diligat?)
3543 5072 3636 5128 sed
3655 5073 3774 5143 quia

2198 5157 2287 5213 illa
2311 5172 2430 5227 quae
2459 5156 2779 5224 dilexerunt,
2813 5159 2962 5214 initia
2987 5169 3110 5214 sunt
3134 5161 3379 5229 istorum,
3401 5172 3456 5218 et
3475 5165 3774 5219 necessario

2196 5247 2480 5316 dilectores
2521 5262 2645 5305 suos
2684 5249 2752 5304 ad
2792 5249 2893 5306 ista
2933 5251 3248 5322 perducunt.
3287 5254 3390 5322 Qui
3429 5255 3571 5310 enim
3608 5256 3774 5325 magis

2196 5346 2377 5395 amant
2405 5339 2483 5396 ire
2511 5355 2670 5410 quam
2698 5340 2872 5397 redire
2893 5351 2984 5397 aut
3002 5345 3301 5414 pervenire,
3324 5345 3378 5402 in
3400 5346 3771 5418 longinquiora

2198 5431 2442 5488 mittendi
2469 5440 2623 5499 sunt;
2655 5433 2903 5502 quoniam
2931 5451 3058 5492 caro
3084 5445 3227 5505 sunt,
3256 5445 3311 5493 et
3335 5437 3554 5509 spiritus
3584 5437 3771 5492 ambu-

2196 5525 2313 5582 lans
2335 5534 2390 5580 et
2413 5538 2518 5580 non
2549 5533 2841 5581 revertens.

2269 5617 2391 5674 106.
2414 5617 2514 5684 Qui
2539 5631 2666 5673 vero
2685 5618 2820 5675 bene
2843 5619 3007 5676 utitur
3025 5621 3110 5677 vel
3129 5621 3258 5691 ipsis
3277 5622 3511 5694 quinque
3528 5621 3768 5678 sensibus

2261 5795 2278 5827 ¹
2302 5801 2366 5844 lla
2382 5799 2488 5842 Mss.
2514 5799 2569 5859 ιιι
2591 5793 2759 5859 excusi
2782 5793 2992 5859 habent,
3009 5792 3485 5859 adportcupiscmda.

2260 5859 2280 5889 ι
2300 5864 2350 5906 tn
2373 5863 2479 5907 Mss.
2504 5854 2772 5919 plerisque,
2791 5859 2844 5906 ut
2864 5854 2936 5908 eis
2954 5855 3022 5910 ibi
3043 5856 3104 5908 sit
3125 5854 3355 5921 ploratus,
3382 5865 3485 5910 etc.
