4056 6454
340 315 449 374 Ili!

339 430 584 503 corporis
626 429 694 486 ad
736 429 1000 487 credenda
1042 439 1093 488 et
1141 432 1472 502 prmdicanda
1504 447 1664 503 Opera
1693 435 1818 502 Dei,
1861 445 1918 492 et

338 519 678 574 nutriendam
723 520 1033 576 charitatem
1063 521 1258 592 ipsius,
1288 525 1370 578 vel
1399 523 1605 579 actione
1629 527 1711 580 vel
1734 529 1916 596 cogni-

338 612 486 666 tione
513 613 580 666 ad
608 613 982 682 pacificandam
1012 625 1252 669 naturam
1277 631 1424 670 suam
1450 657 1460 678 ,
1503 626 1556 671 et
1590 631 1916 684 cognoscen-

335 702 464 756 dum
499 705 690 770 Deum,
725 704 883 759 intrat
910 705 959 758 in
989 707 1233 775 gaudium
1271 708 1473 761 Domini
1502 708 1602 762 sui.
1632 709 1916 778 Propterea

333 795 596 849 talentum
624 797 930 866 quod-male
959 799 1129 852 utenti
1160 798 1413 862 aufertur,
1446 800 1518 853 illi
1545 800 1703 855 datur
1729 801 1815 871 qui
1841 811 1917 855 ta-

334 884 498 940 lentis
512 887 744 956 quinque
761 888 894 942 bene
908 904 1033 943 usus
1049 898 1129 943 est
1147 889 1359 959 (Matth.
1379 905 1501 955 xxv,
1519 892 1691 954 11οὸ0,
1716 902 1760 946 et
1791 891 1910 945 Luc.

331 989 449 1041 xix,
481 975 670 1046 15οὲ6)
695 995 708 1030 :
742 993 848 1032 non
875 979 995 1048 quia
1020 978 1295 1034 transferri
1322 989 1494 1049 potest
1519 997 1738 1035 acumen
1762 983 1916 1036 intel-

330 1064 568 1134 ligentia:
587 1107 604 1132 ,
646 1067 740 1120 sed
773 1068 844 1122 ita
869 1069 1218 1138 signilicatum
1246 1079 1330 1124 est
1357 1085 1515 1141 posse
1547 1071 1648 1126 hoc
1671 1073 1915 1127 amittere

329 1159 665 1227 negligentes
693 1167 747 1213 et
776 1161 962 1230 impios
991 1161 1313 1230 ingeniosos,
1338 1169 1391 1216 et
1410 1161 1475 1216 ad
1502 1177 1618 1230 eam
1641 1165 1915 1232 pervenire

326 1245 616 1316 diligentes
659 1257 713 1302 et
759 1249 908 1318 pios,
950 1252 1190 1320 quamvis
1237 1252 1445 1322 ingenio
1480 1253 1756 1308 tardiores.
1797 1253 1912 1308 Non

326 1341 476 1395 enim
500 1341 679 1396 datum
701 1357 781 1397 ρει
815 1344 937 1398 illud
972 1347 1223 1399 talentum
1251 1347 1302 1400 ei
1341 1347 1428 1416 qui
1467 1356 1740 1415 acceperat
1767 1346 1908 1411 duo;

325 1429 493 1484 habet
523 1431 668 1485 enim
707 1440 762 1486 et
793 1431 912 1497 hoc,
945 1435 1030 1502 qui
1053 1434 1160 1503 jam
1193 1435 1243 1488 in
1274 1437 1482 1490 actione
1521 1442 1576 1490 ct
1613 1435 1913 1505 cognitione

327 1521 472 1577 bene
513 1524 680 1588 vixit;
727 1526 818 1578 sed
856 1527 901 1579 ei
946 1528 1032 1596 qui
1071 1537 1350 1596 acceperat
1377 1520 1628 1598 quinque.
1667 1527 1910 1582 Nondum

325 1615 473 1669 enim
512 1615 670 1670 habet
692 1617 756 1670 ad
786 1627 981 1672 aeterna
1008 1620 1410 1689 contemplanda
1439 1620 1681 1674 idoneam
1720 1620 1910 1673 mentis

322 1705 524 1772 aciem,
573 1707 661 1776 qtn'
703 1708 996 1762 visibilihus
1043 1718 1264 1776 tantum,
1315 1710 1365 1763 id
1409 1719 1489 1765 est
1532 1711 1910 1779 temporalibus

323 1795 500 1848 credit
525 1812 538 1846 :
570 1795 662 1850 sed
685 1796 882 1852 habere
910 1807 1101 1867 potest,
1135 1800 1222 1868 qui
1251 1799 1438 1854 horum
1468 1801 1703 1854 omnium
1735 1800 1908 1854 sensi-

322 1883 515 1940 bilium
547 1887 712 1940 Deum
743 1888 995 1942 artificem
1021 1890 1216 1954 laudat,
1249 1898 1304 1945 et
1327 1905 1448 1945 eum
1474 1890 1757 1961 persuadet
1783 1889 1906 1956 fide,

321 1983 386 2029 et
416 1985 692 2042 exspectat
718 1992 832 2046 spe,
855 1989 906 2033 et
930 1983 1116 2047 quaerit
1143 1980 1420 2036 charitate.

323 2066 561 2121 CAPUT
608 2067 716 2120 LV.
746 2098 816 2142 -_—
851 2069 1094 2142 Epilogus
1122 2071 1390 2124 exhortans
1413 2073 1482 2125 ad
1510 2088 1676 2126 veram
1703 2073 1910 2142 religio-

399 2153 512 2188 nem
534 2177 547 2196 ,
576 2147 622 2188 el
645 2154 675 2206 ιι
705 2140 835 2206 falsa
871 2139 1138 2194 deter-rens.
1171 2142 1347 2205 Qualis
1377 2152 1484 2196 erat
1512 2139 1910 2196 Manichaeorum

401 2208 602 2275 religio.
639 2205 911 2276 opiniones
935 2211 1079 2277 [alsa’
1107 2211 1166 2264 de
1193 2212 1308 2264 diis.
1347 2211 1476 2266 Vera
1501 2214 1694 2282 religio.

401 2297 524 2352 107.
565 2296 692 2365 Qua:
714 2315 832 2352 cum
858 2299 926 2353 ita
947 2301 1070 2363 sint,
1100 2301 1282 2356 hertor
1302 2316 1416 2368 vos,
1444 2301 1687 2356 homines
1709 2302 1909 2356 charis-

321 2385 453 2440 simi
493 2396 548 2441 et
591 2388 812 2457 proximi
844 2391 970 2455 mei,
999 2407 1191 2461 meque
1216 2392 1386 2462 ipsum
1410 2395 1591 2447 hortor
1613 2395 1905 2463 vobiscum,

321 2487 387 2532 ut
417 2479 484 2532 ad
509 2479 560 2533 id
592 2495 697 2550 quo
726 2496 822 2535 nos
851 2497 946 2551 per
970 2484 1281 2555 sapientiam
1301 2499 1449 2538 suam
1475 2485 1613 2541 Deus
1643 2486 1904 2552 hortatur,

319 2578 522 2638 quanta
552 2584 834 2639 possumus
858 2573 1130 2628 celeritate
1157 2588 1450 2629 curramus.
1477 2575 1591 2630 Non
1623 2575 1907 2646 diligamus

321 2658 586 2713 mundum
607 2699 624 2726 ,
661 2660 910 2730 quoniam
941 2663 1116 2718 omnia
1145 2680 1262 2733 quae
1294 2664 1346 2718 in
1376 2665 1570 2720 mundo
1600 2675 1743 2734 sunt,
1775 2683 1907 2722 con-

315 2749 654 2817 cupiscentia
681 2751 874 2815 carnis,
898 2761 952 2808 et
975 2755 1399 2824 concupiscentia
1424 2755 1695 2810 oculorum
1723 2767 1824 2824 est,
1854 2767 1908 2814 et

315 2839 543 2894 ambitio
572 2843 750 2897 szcculi
781 2840 820 2916 (1
845 2843 1000 2898 Joan.
1033 2861 1088 2912 ιι,
1128 2847 1213 2912 15,
1251 2846 1361 2916 lli).
1385 2847 1498 2902 Non
1521 2849 1796 2918 diligamus
1815 2867 1907 2919 per

315 2932 506 2985 carnis
535 2932 855 3002 voluptatem
887 2951 1226 3005 corrumpere
1247 2946 1403 3006 atque
1431 2939 1721 3008 corrumpi,
1753 2957 1816 2993 ne
1837 2941 1904 2994 ad

317 3022 770 3078 miserabiliorem
798 3027 1191 3096 corruptionem
1223 3029 1462 3083 dolorum
1492 3040 1904 3087 tormentorum-

317 3128 431 3181 que
469 3114 765 3170 veniamus.
811 3115 924 3170 Nou
964 3117 1242 3188 diligamus
1271 3121 1578 3185 certamina,
1609 3138 1677 3176 ne
1706 3124 1904 3192 angelis

316 3207 413 3276 qui
438 3208 628 3262 talibus
647 3209 899 3279 gaudent,
929 3211 980 3265 in
1005 3221 1313 3281 potestatem
1337 3213 1544 3280 demur,
1571 3215 1900 3284 humiliandi,

314 3298 610 3366 vinciendi,
634 3301 968 3356 verberandi.
1000 3303 1113 3357 Non
1142 3304 1425 3374 diligamus
1447 3307 1668 3361 visibilia
1698 3319 1904 3377 specta-

314 3389 463 3454 cula,
488 3405 555 3444 ne
577 3391 642 3445 ab
665 3391 775 3461 ipsa
801 3393 1018 3448 veritate
1039 3395 1332 3450 aberraudo
1351 3398 1644 3454 etamando
1663 3399 1898 3468 umbras,

313 3479 375 3532 in
401 3479 651 3535 tenebras
676 3482 889 3552 projicia
901 3499 1038 3538 mur.
1663 3484 1665 3488 ’

397 3570 520 3625 108.
562 3569 676 3625 Non
721 3572 790 3626 sit
827 3572 980 3628 nobis
1021 3575 1206 3645 religio
1233 3574 1284 3630 in
1315 3576 1769 3647 phantasmatibus
1798 3595 1899 3634 no-

313 3659 466 3712 stris.
517 3659 702 3714 Melius
745 3671 824 3716 est
866 3663 1008 3718 enim
1047 3666 1427 3736 qualecumque
1477 3683 1690 3735 verum,
1741 3685 1899 3738 quam

310 3764 479 3804 omne
520 3751 772 3820 quidquid
823 3767 918 3822 pro
963 3755 1180 3812 arbitrio
1220 3757 1340 3827 fingi
1382 3767 1585 3828 potest;
1631 3769 1684 3815 et
1724 3769 1897 3816 tamen

310 3843 551 3894 animam
601 3842 767 3913 ipsam
792 3887 808 3912 ,
858 3848 1097 3917 quamvis
1136 3849 1310 3903 anima
1347 3865 1468 3903 vera
1514 3850 1581 3904 sit
1621 3866 1738 3904 cum
1769 3852 1898 3907 falsa

308 3931 658 4000 imaginatur,
691 3937 866 3990 colere
898 3951 1001 3991 non
1030 3937 1303 3992 debemus.
1338 3939 1520 3992 Melior
1547 3947 1629 3992 est
1656 3957 1777 3994 vera
1805 3941 1900 3995 sti-

309 4022 441 4092 pula
463 4063 480 4088 ,
513 4039 669 4092 quam
704 4025 788 4079 lux
819 4027 961 4081 inani
989 4029 1304 4098 cogitatione
1337 4045 1430 4098 pro
1456 4032 1772 4100 suspieantis
1801 4050 1896 4089 vo-

307 4115 521 4168 luntate
547 4113 806 4182 formata;
847 4127 900 4172 et
927 4127 1102 4174 tamen
1142 4120 1389 4189 stipulam
1410 4163 1422 4185 ,
1456 4137 1610 4191 quam
1641 4125 1898 4180 sentimus

306 4213 367 4259 et
397 4205 686 4275 tangimus,
719 4207 982 4264 dementis
1008 4212 1090 4264 est
1118 4211 1338 4266 credere
1360 4213 1655 4269 colendam.
1686 4215 1800 4269 Non
1829 4217 1899 4271 sit

306 4295 469 4348 nobis
512 4295 704 4364 religio
752 4297 1102 4354 humanorum
1145 4316 1363 4370 operum
1406 4304 1597 4358 cultus.
1648 4305 1896 4363 Meliores

305 4384 456 4439 enim
479 4394 608 4439 sunt
637 4386 734 4456 ipsi
763 4388 993 4443 artifices
1023 4390 1109 4458 qui
1143 4391 1263 4444 talia
1293 4391 1635 4461 fabricantur,
1665 4411 1797 4465 quos
1820 4407 1896 4452 ta-

305 4490 434 4529 men
467 4476 646 4531 colere
673 4492 776 4530 non
796 4477 1073 4534 debemus.
1101 4480 1214 4534 Non
1244 4483 1310 4536 sit
1337 4484 1486 4538 nobis
1517 4485 1698 4555 religio
1723 4487 1894 4543 cultus

302 4565 623 4620 bestiarum.
652 4567 890 4624 Meliores
919 4571 1058 4623 enim
1085 4579 1210 4626 sunt
1228 4575 1451 4628 extremi
1475 4575 1732 4642 homines,
1760 4594 1893 4648 quos

302 4665 489 4711 tamen
519 4657 700 4713 colere
727 4673 830 4713 non
857 4659 1131 4716 debemus.
1159 4662 1273 4717 Non
1300 4665 1366 4718 sit
1397 4664 1548 4719 nobis
1579 4667 1763 4738 religio
1783 4669 1894 4723 cul-

304 4754 396 4801 tus
427 4748 706 4802 hominum
733 4761 1060 4804 mortuorum
1092 4770 1104 4805 :
1137 4754 1256 4822 quia
1285 4755 1328 4807 si
1370 4755 1451 4822 pie
1479 4757 1748 4823 vixerunt,
1785 4775 1893 4816 non

304 4837 387 4890 sic
424 4837 690 4891 habentur
726 4847 782 4892 ut
826 4839 956 4894 tales
992 4852 1229 4911 qua‘rant
1259 4842 1522 4910 honores;
1563 4845 1656 4901 sed
1685 4847 1829 4902 illum
1861 4866 1890 4905 a

303 4927 462 4981 nobis
490 4929 594 4982 coli
625 4929 829 4996 volunt,
858 4948 961 5000 quo
991 4933 1316 4989 illuminante
1345 4935 1591 4992 hetantur
1617 4941 1786 4994 meriti
1810 4943 1890 4998 sui

301 5032 405 5070 nos
434 5033 556 5072 esse
583 5033 862 5076 consortes
903 5023 943 5076 ¹.
993 5023 1296 5080 llonorandi
1337 5042 1463 5097 ergo
1505 5039 1627 5084 sunt
1676 5043 1890 5102 propter

301 5108 690 5178 imitationem,
747 5129 850 5167 non
897 5114 1148 5171 adorandi
1195 5128 1410 5188 propter
1462 5123 1791 5193 religionem.
1833 5129 1888 5184 Si

298 5212 480 5255 autem
510 5202 650 5257 male
684 5204 958 5273 vixerunt,
1000 5209 1314 5280 ubicumque
1349 5213 1455 5267 sint
1488 5231 1594 5270 non
1634 5227 1758 5272 sunt
1793 5234 1888 5275 0ου

297 5292 468 5348 lendi.
499 5294 616 5349 Non
658 5297 729 5351 sit
772 5298 925 5354 nobis
962 5301 1144 5372 religio
1184 5303 1359 5358 cultus
1397 5304 1733 5376 daemonum;
1765 5314 1887 5381 quia

295 5385 476 5438 omnis
503 5388 812 5455 superstitio
847 5404 966 5443 cum
995 5391 1063 5445 sit
1089 5407 1277 5462 magna
1304 5409 1462 5464 pteua
1493 5396 1765 5454 hominum
1789 5447 1802 5463 .
1835 5412 1889 5458 et

292 5476 750 5544 periculosissima
793 5481 1092 5552 turpitudo,
1146 5483 1318 5540 honor
1362 5496 1444 5542 est
1483 5504 1546 5544 ac
1591 5490 1887 5563 triumphus

293 5565 531 5620 illorum.

367 5656 492 5710 109.
528 5657 642 5711 Non
679 5659 746 5713 sit
773 5661 922 5715 nobis
952 5664 1135 5734 religio
1171 5674 1427 5725 terrarum
1457 5672 1628 5728 cultus
1648 5682 1702 5730 et
1725 5691 1883 5747 aqua-

357 5746 374 5776 ι
402 5747 573 5796 Mures
595 5760 625 5796 e
644 5756 749 5798 Mss.
776 5758 944 5810 ett-11x,
970 5767 1230 5806 conseri-os.

580 5831 805 5894 Sutor.
839 5835 1112 5899 Ληουεῖ.
1160 5841 1266 5902 lll.

1756 315 1955 377 LIBER
1995 315 2196 381 UNUS.

3503 337 3605 398 170

2024 453 2178 505 rum;
2210 439 2330 510 quia
2357 441 2470 494 istis
2496 442 2676 512 purior
2698 452 2751 499 et
2779 443 3000 501 lucidior
3028 448 3102 502 est
3128 463 3238 516 aer,
3271 452 3430 508 etiam
3473 457 3610 512 cali-

2023 533 2256 600 ginosus,
2298 548 2454 602 quem
2504 544 2677 591 tamen
2717 539 2891 593 colere
2927 555 3028 595 non
3060 541 3334 601 debemus.
3379 543 3494 602 Non
3537 549 3611 604 sit

2025 621 2176 675 nobis
2201 623 2386 692 religio
2413 625 2566 679 etiam
2591 628 2818 696 purioris
2847 631 2986 686 aeris
3001 641 3054 686 et
3081 635 3365 691 serenioris
3391 638 3565 694 cultus
3590 659 3607 696 :

2024 711 2144 778 quia
2175 710 2291 766 luce
2319 714 2538 769 absente
2579 718 2938 786 inumbratur;
2972 732 3022 776 et
3052 725 3234 792 purior
3273 727 3364 782 illo
3392 740 3472 786 est
3501 730 3604 786 ful-

2021 815 2118 870 gor
2147 803 2280 873 ignis
2305 806 2462 860 etiam
2491 806 2664 877 hujus,
2699 826 2855 880 quem
2885 822 3080 882 tamen,
3106 819 3352 886 quoniam
3383 836 3478 890 pro
3507 838 3605 878 vo-

2024 894 2224 949 luntate
2241 897 2576 954 accendimus
2595 909 2650 955 et
2669 904 3071 975 exstinguimus,
3093 909 3268 964 colere
3288 911 3470 982 utique
3499 929 3605 970 non

2022 982 2297 1038 debemus.
2325 986 2437 1040 Non
2459 989 2527 1042 sit
2555 990 2706 1045 nobis
2734 993 2918 1065 religio
2946 996 3117 1052 cultus
3137 1013 3418 1069 corporum
3439 1004 3607 1060 aethe-

2022 1089 2230 1129 reorum
2251 1085 2407 1146 atque
2427 1081 2739 1148 caelestium,
2770 1101 2888 1154 qua:
2916 1091 3155 1158 quamvis
3181 1093 3425 1151 omnibus
3447 1107 3606 1154 θεειο-

2023 1165 2094 1218 ris
2119 1169 2428 1236 corporibus
2453 1183 2597 1228 recte
2627 1189 3014 1245 prarponantur,
3042 1183 3231 1237 melior
3261 1192 3436 1243 tamen
3476 1189 3606 1260 ipsis

2019 1268 2101 1311 est
2127 1273 2475 1332 quaecumque
2499 1265 2625 1319 vita.
2654 1267 3044 1340 QuaprOpters-i
3065 1275 3291 1331 animata
3314 1289 3455 1346 sunt,
3483 1297 3598 1338 me-

2020 1346 2120 1400 lior
2147 1358 2230 1402 est
2249 1352 2444 1418 qumvis
2461 1353 2632 1408 anima
2653 1372 2747 1426 per
2773 1359 3020 1428 seipsam,
3049 1379 3204 1432 quam
3223 1381 3414 1438 corpus
3434 1373 3604 1442 quod-

2018 1437 2145 1493 libet
2187 1441 2502 1509 anirnatum;
2527 1454 2580 1500 et
2606 1456 2779 1502 tamen
2802 1452 3029 1507 animam
3053 1455 3291 1512 vitiosam
3320 1437 3480 1516 nemo
3511 1479 3605 1519 co-

2021 1527 2230 1584 lendam
2250 1547 2369 1587 esse
2386 1537 2667 1590 censuerit.
2686 1538 2798 1593 Non
2814 1542 2884 1595 sit
2901 1543 3050 1599 nobis
3068 1546 3249 1617 religio
3267 1551 3440 1607 cultus
3462 1554 3601 1612 illius

2018 1620 2158 1686 vitm,
2186 1637 2288 1691 qua
2327 1623 2573 1680 dicuntur
2618 1629 2836 1683 arbores
2889 1633 3106 1689 vivere:
3135 1639 3383 1706 quoniam
3422 1644 3598 1700 nullus

2018 1724 2207 1765 sensus
2230 1714 2278 1766 in
2309 1714 2395 1768 illa
2421 1726 2532 1781 est;
2564 1727 2616 1771 et
2641 1734 2704 1772 ex
2736 1735 2800 1774 eo
2824 1736 3016 1791 genere
3049 1733 3132 1779 est
3151 1727 3249 1782 ista
3287 1744 3389 1800 qua
3428 1736 3599 1790 nostri

2017 1800 2175 1854 etiam
2204 1805 2440 1872 corporis
2469 1810 2819 1864 numerositas
2843 1813 3032 1881 agitur,
3075 1831 3175 1885 qua
3218 1819 3376 1874 etiam
3421 1826 3596 1893 capilli

2016 1903 2068 1946 et
2093 1907 2212 1948 ossa
2247 1896 2448 1964 vivunt,
2478 1914 2595 1968 qum
2624 1901 2738 1956 sine
2761 1916 2920 1958 sensu
2953 1906 3308 1974 pragciduntur
3334 1931 3348 1968 :
3380 1913 3478 1970 hac
3503 1930 3600 1971 au-

2017 1994 2121 2040 tem
2152 1989 2338 2044 melior
2367 2001 2446 2045 est
2472 1993 2577 2047 vita
2603 1995 2864 2062 sentiens;
2907 2007 2959 2053 et
3003 2007 3176 2056 tamen
3195 2003 3369 2073 ‘vitam
3400 2006 3600 2064 bestia-

2015 2091 2130 2129 rum
2163 2078 2339 2134 colere
2364 2096 2469 2135 non
2494 2081 2770 2138 debemus.

2086 2170 2206 2224 110.
2227 2171 2341 2226 Non
2360 2174 2429 2228 sit
2447 2175 2597 2230 nobis
2620 2177 2802 2247 religio
2825 2180 2906 2233 vel
2929 2179 3036 2249 ipsa
3061 2182 3292 2253 perfecta
3313 2195 3366 2242 et
3386 2190 3598 2261 sapiens

2014 2259 2186 2314 anima
2217 2263 2508 2329 rationalis,
2536 2265 2647 2320 sive
2669 2267 2718 2320 in
2746 2269 3041 2326 ministerio
3079 2259 3462 2344 universitatis,
3485 2281 3598 2338 sive

2013 2349 2067 2403 in
2097 2351 2391 2408 ministerio
2437 2356 2662 2425 partium
2701 2359 2947 2423 stabilita,
2995 2362 3106 2417 sive
3134 2380 3252 2434 qua:
3285 2366 3339 2421 in
3375 2372 3597 2428 summis

2015 2441 2315 2498 hominibus
2340 2455 2612 2516 exspectat
2635 2451 3100 2507 commutationem
3131 2456 3594 2516 reformationem-

2012 2545 2114 2601 que
2153 2535 2412 2604 portiouis
2455 2550 2596 2602 suae;
2647 2542 2894 2608 queniam
2922 2543 3094 2598 omnis
3117 2546 3218 2600 vita
3245 2549 3516 2607 rationalis
3542 2553 3591 2608 si

2012 2621 2244 2691 perfecta
2269 2633 2366 2690 est,
2400 2625 2814 2684 incommutabili
2841 2633 3048 2686 veritati
3066 2649 3245 2692 secum
3274 2637 3594 2698 intrinsecus

2012 2713 2128 2767 sine
2157 2715 2377 2784 strepitu
2406 2715 2638 2785 loquenti
2680 2720 3028 2790 obtemperat,
3065 2739 3170 2778 non
3219 2727 3596 2800 obtemperans

2010 2814 2185 2856 autem
2222 2806 2409 2860 vitiosa
2441 2807 2514 2860 ﬁt.
2539 2807 2651 2860 Non
2680 2824 2805 2877 ergo
2827 2826 2920 2880 per
2939 2828 3003 2868 se
3031 2817 3262 2882 excellit,
3289 2819 3382 2874 sed
3410 2836 3504 2890 per
3528 2823 3594 2876 il-

2009 2892 2113 2947 lam
2141 2894 2224 2948 cui
2255 2895 2478 2951 libenter
2505 2898 2854 2969 obtemperat.
2879 2903 3025 2970 Quod
3052 2920 3182 2976 ergo
3204 2909 3332 2966 colit
3355 2926 3594 2968 summus

2008 2985 2246 3053 angelus,
2288 2987 2338 3040 id
2363 2989 2641 3044 colendum
2689 3003 2769 3046 est
2809 2995 2966 3049 etiam
3013 2998 3079 3052 ab
3125 2998 3341 3057 homine
3385 3005 3590 3074 ultimo,

2008 3076 2129 3144 quia
2155 3075 2269 3145 ipsa
2288 3077 2511 3134 hominis
2533 3092 2716 3137 natura
2745 3084 2795 3138 id
2825 3100 2927 3139 nou
2955 3087 3179 3143 colendo
3202 3090 3336 3147 facta
3359 3104 3440 3149 est
3461 3097 3586 3151 ulti-

2010 3183 2114 3221 ma.
2135 3168 2248 3223 Non
2268 3171 2407 3225 enim
2430 3174 2640 3227 aliunde
2660 3175 2869 3243 sapiens
2895 3179 3132 3247 angelus,
3156 3181 3370 3239 aliunde
3396 3185 3592 3258 homo;

2007 3259 2218 3316 aliunde
2241 3261 2326 3316 ille
2352 3279 2530 3330 verax,
2571 3265 2781 3318 aliunde
2809 3267 2999 3332 homo;
3026 3271 3118 3324 sed
3143 3273 3209 3327 ab
3246 3289 3345 3328 uua
3387 3276 3596 3334 incom-

2006 3352 2244 3405 mutabili
2283 3355 2540 3422 sapientia
2561 3365 2614 3409 et
2635 3357 2874 3412 veritate.
2925 3359 3056 3414 Nam
3103 3362 3154 3416 id
3205 3364 3375 3433 ipsum
3416 3379 3592 3425 actum

2006 3450 2089 3494 est
2136 3444 2409 3510 temporali
2445 3444 2837 3512 dispensatione
2883 3448 2948 3501 ad
2985 3450 3206 3504 salutem
3247 3464 3501 3521 nostram,
3535 3469 3595 3513 ut

2008 3540 2246 3586 naturam
2279 3535 2561 3590 humanam
2605 3536 2717 3606 ipsa
2750 3539 2842 3594 Dei
2881 3539 3079 3609 Virtus,
3109 3552 3162 3597 et
3191 3545 3285 3602 Dei
3325 3549 3591 3618 Sapientia

2005 3623 2470 3690 incommutabilis,
2487 3637 2541 3680 et
2563 3629 3024 3684 consubstantialis
3050 3633 3190 3687 Patri
3217 3646 3270 3690 et
3298 3648 3584 3705 comterna,

2003 3715 2273 3784 suscipere
2313 3716 2636 3786 dignaretur,
2671 3735 2764 3788 per
2795 3737 2951 3790 quam
2994 3738 3089 3777 nos
3137 3724 3354 3782 doceret
3382 3730 3432 3784 id
3471 3746 3591 3788 eSse

2005 3804 2206 3860 homini
2245 3807 2559 3874 Colendum,
2606 3810 2747 3879 quod
2789 3812 2856 3865 ab
2905 3815 3050 3866 omni
3098 3826 3340 3872 creatura
3381 3821 3592 3876 intelle-

2003 3897 2168 3950 ctuali
2196 3907 2250 3952 et
2277 3899 2515 3953 rationali
2543 3902 2821 3956 colendum
2840 3913 2940 3958 est.
2971 3905 3080 3960 Hoc
3102 3909 3260 3962 etiam
3293 3911 3436 3980 ipsos
3461 3916 3591 3984 opti-

2003 4003 2120 4042 mos
2160 3990 2407 4058 Angelos,
2449 4001 2500 4043 et
2543 3984 2988 4049 excellentissima
3020 3996 3109 4051 Dei
3133 4000 3420 4056 ministeria
3453 4007 3590 4060 velle

2002 4079 2301 4145 credamus,
2341 4091 2395 4134 ot
2432 4098 2590 4135 tutum
2629 4098 2748 4137 cum
2789 4085 2916 4154 ipsis
2945 4087 3183 4144 colamus
3210 4091 3395 4158 Deum,
3441 4096 3590 4164 cujus

2001 4171 2445 4240 Contemplatione
2475 4173 2612 4227 beati
2636 4185 2776 4228 sunt.
2801 4176 2979 4245 Neque
2999 4180 3138 4232 enim
3161 4189 3214 4235 et
3234 4197 3330 4237 nos
3358 4185 3584 4240 videndo

2001 4262 2242 4331 angelum
2289 4263 2426 4315 beati
2466 4277 2677 4330 sumus;
2727 4266 2821 4319 sed
2866 4267 3096 4322 videndo
3142 4272 3436 4341 veritatem,
3485 4292 3588 4346 qua

2000 4356 2158 4409 etiam
2190 4356 2332 4423 ipsos
2365 4356 2631 4426 diligimus
2655 4359 2906 4429 Angelos,
2937 4371 2990 4416 et
3019 4363 3104 4417 his
3138 4370 3583 4436 congratulantur.

1999 4445 2107 4501 Nec
2138 4447 2432 4502 invidemus
2453 4450 2590 4517 quod
2613 4464 2672 4504 ea
2691 4452 3002 4520 paratiores,
3035 4456 3113 4508 vel
3145 4457 3300 4511 nullis
3329 4460 3586 4516 molestiis

1998 4535 2472 4606 interpedieutibus
2523 4540 2902 4608 perfruuntur:
2931 4543 3027 4597 sed
3067 4546 3232 4616 magis
3273 4563 3368 4604 eos
3414 4551 3589 4622 diligi-

1999 4645 2136 4694 mus,
2164 4629 2413 4699 quoniam
2443 4639 2497 4684 et
2531 4647 2627 4686 nos
2660 4632 2764 4686 tale
2784 4633 2980 4704 aliquid
3010 4652 3228 4706 Sperare
3255 4655 3284 4693 a
3314 4649 3585 4701 communi

2000 4720 2374 4790 Domiuojussi
2396 4737 2597 4776 sumus.
2627 4723 2802 4789 Quare
2833 4725 3155 4784 honoramus
3181 4746 3274 4787 eos
3302 4734 3582 4804 charilate,

1998 4825 2102 4864 nou
2132 4813 2410 4866 servitute.
2457 4812 2566 4868 Nec
2605 4814 2684 4869 eis
2728 4817 2922 4887 templa
2969 4821 3326 4878 construimus
3354 4842 3368 4879 :
3400 4828 3586 4883 nolunt

1997 4904 2139 4958 enim
2168 4921 2226 4960 se
2246 4905 2321 4960 sic
2346 4906 2595 4961 honorari
2622 4922 2651 4961 a
2673 4910 2856 4977 nobis;
2887 4913 3011 4981 quia
3033 4929 3129 4968 nos
3152 4915 3294 4985 ipsos
3313 4932 3435 4973 cum
3458 4920 3582 4976 boui

1996 5012 2200 5066 sumus,
2232 5001 2424 5068 templa
2455 5002 2648 5055 summi
2683 5003 2778 5057 Dei
2811 5019 2930 5060 esse
2958 5017 3240 5064 noverunt.
3289 5010 3450 5066 Recte
3481 5013 3578 5067 ita—
3613 5072 3618 5084 ,

1994 5107 2099 5162 que
2127 5093 2396 5161 scribitur,
2445 5093 2713 5150 hominem
2752 5097 2819 5151 ab
2845 5099 3032 5169 angelo
3072 5102 3396 5172 prohibitum
3426 5119 3494 5159 ne
3519 5121 3581 5161 se
3614 5085 3622 5102 ’

1994 5184 2257 5251 adoraret,
2291 5186 2387 5241 sed
2421 5202 2582 5241 unum
2613 5188 2890 5244 Dominum
2919 5192 3020 5247 sub
3044 5207 3150 5262 quo
3177 5193 3229 5248 ei
3249 5202 3392 5250 esset
3410 5204 3465 5252 et
3494 5197 3581 5253 ille

1993 5291 2282 5332 conservus
2311 5277 2490 5350 (Apoc.
2516 5293 2648 5347 χχιι,
2681 5281 2756 5351 9).
2947 5351 2952 5356 η

2066 5373 2185 5426 111.
2219 5371 2318 5439 Qui
2345 5383 2522 5427 autem
2557 5387 2654 5428 nos
2679 5373 2903 5430 invitant
2947 5383 3006 5431 ut
3049 5376 3148 5432 sibi
3187 5377 3500 5451 serviamus,
3525 5391 3581 5439 et

1992 5472 2243 5534 tanquam
2265 5463 2395 5519 deos
2413 5464 2672 5531 colamus,
2696 5463 2900 5520 similes
2932 5473 3054 5521 sunt
3077 5469 3322 5538 superbis
3341 5470 3576 5528 hornini-

1990 5555 2112 5621 bus,
2136 5555 2328 5625 quibus
2352 5556 2394 5609 si
2422 5555 2598 5619 lieeat,
2630 5555 2879 5611 similiter
2915 5557 3018 5612 coli
3054 5559 3240 5616 volunt
3268 5580 3281 5616 :
3312 5564 3406 5619 sed
3443 5566 3575 5622 istos

1990 5645 2231 5700 homines
2268 5647 2470 5716 perpeti
2501 5646 2693 5716 minus,
2726 5648 2843 5702 illos
2872 5663 2998 5703 vero
3027 5651 3200 5707 colere
3225 5655 3394 5725 magis
3427 5657 3573 5728 peri-

1994 5739 2235 5794 culosum
2263 5750 2363 5795 est.
2396 5740 2578 5796 Omnis
2600 5741 2740 5796 enim
2772 5741 3043 5800 hominum
3071 5745 3370 5803 dominatus
3403 5750 3452 5804 in
3477 5751 3572 5804 1ιο--

3084 5864 3303 5940 (δέχ.)
