  <div class='ocr_page' id='page_1' title='image "/cluster/home/n/w/nwhite01/storage/ocr_20150623/34/hvd.32044015706310/091.png"; bbox 0 0 4056 6446; ppageno 0'>
   <div class='ocr_carea' id='block_1_1' title="bbox 466 303 560 361">
    <p class='ocr_par' dir='ltr' id='par_1_1' title="bbox 466 303 560 361">
     <span class='ocr_line' id='line_1_1' title="bbox 466 303 560 361; baseline -0.032 -1"><span class='ocrx_word' id='word_1_1' title='bbox 466 303 560 361; x_wconf 75' lang='grc'>171</span> 
     </span>
    </p>
   </div>
   <div class='ocr_carea' id='block_1_2' title="bbox 450 401 2027 478">
    <p class='ocr_par' dir='ltr' id='par_1_2' title="bbox 450 401 2027 478">
     <span class='ocr_line' id='line_1_2' title="bbox 450 401 2027 478; baseline -0.008 -7"><span class='ocrx_word' id='word_1_2' title='bbox 450 415 641 478; x_wconf 88' lang='lat' dir='ltr'><strong>mines,</strong></span> <span class='ocrx_word' id='word_1_3' title='bbox 685 411 1173 470; x_wconf 86' lang='lat' dir='ltr'><strong>autdomiuantium</strong></span> <span class='ocrx_word' id='word_1_4' title='bbox 1200 420 1290 466; x_wconf 89' lang='lat' dir='ltr'><strong>aut</strong></span> <span class='ocrx_word' id='word_1_5' title='bbox 1326 408 1664 465; x_wconf 92' lang='lat' dir='ltr'><strong>servientium</strong></span> <span class='ocrx_word' id='word_1_6' title='bbox 1694 412 1865 460; x_wconf 89' lang='lat' dir='ltr'><strong>morte</strong></span> <span class='ocrx_word' id='word_1_7' title='bbox 1887 401 2027 459; x_wconf 73' lang='grc' dir='ltr'><strong>’ῆιιὶ-</strong></span> 
     </span>
    </p>
   </div>
   <div class='ocr_carea' id='block_1_3' title="bbox 448 498 2027 574">
    <p class='ocr_par' dir='ltr' id='par_1_3' title="bbox 448 498 2027 574">
     <span class='ocr_line' id='line_1_3' title="bbox 448 498 2027 574; baseline -0.006 -14"><span class='ocrx_word' id='word_1_8' title='bbox 448 514 536 560; x_wconf 88' lang='lat' dir='ltr'><strong>tur</strong></span> <span class='ocrx_word' id='word_1_9' title='bbox 560 521 576 563; x_wconf 92' lang='lat'><strong>:</strong></span> <span class='ocrx_word' id='word_1_10' title='bbox 600 506 828 561; x_wconf 89' lang='lat' dir='ltr'><strong>servitus</strong></span> <span class='ocrx_word' id='word_1_11' title='bbox 850 513 1024 561; x_wconf 87' lang='lat' dir='ltr'><strong>autem</strong></span> <span class='ocrx_word' id='word_1_12' title='bbox 1059 504 1158 560; x_wconf 91' lang='lat' dir='ltr'><strong>sub</strong></span> <span class='ocrx_word' id='word_1_13' title='bbox 1201 502 1507 574; x_wconf 76' lang='lat' dir='ltr'><strong>angelorum</strong></span> <span class='ocrx_word' id='word_1_14' title='bbox 1552 498 1811 553; x_wconf 85' lang='lat' dir='ltr'><strong>malorum</strong></span> <span class='ocrx_word' id='word_1_15' title='bbox 1837 510 2027 567; x_wconf 88' lang='lat' dir='ltr'><strong>super-</strong></span> 
     </span>
    </p>
   </div>
   <div class='ocr_carea' id='block_1_4' title="bbox 453 586 2029 667">
    <p class='ocr_par' dir='ltr' id='par_1_4' title="bbox 453 586 2029 667">
     <span class='ocr_line' id='line_1_4' title="bbox 453 586 2029 667; baseline -0.004 -18"><span class='ocrx_word' id='word_1_16' title='bbox 453 594 559 661; x_wconf 85' lang='lat' dir='ltr'><strong>bia,</strong></span> <span class='ocrx_word' id='word_1_17' title='bbox 580 606 796 666; x_wconf 91' lang='lat' dir='ltr'><strong>propter</strong></span> <span class='ocrx_word' id='word_1_18' title='bbox 813 596 985 667; x_wconf 88' lang='lat' dir='ltr'><strong>ipsum</strong></span> <span class='ocrx_word' id='word_1_19' title='bbox 1006 605 1218 666; x_wconf 85' lang='lat' dir='ltr'><strong>tempus</strong></span> <span class='ocrx_word' id='word_1_20' title='bbox 1228 592 1368 665; x_wconf 87' lang='lat' dir='ltr'><strong>quod</strong></span> <span class='ocrx_word' id='word_1_21' title='bbox 1383 601 1465 647; x_wconf 86' lang='lat' dir='ltr'><strong>est</strong></span> <span class='ocrx_word' id='word_1_22' title='bbox 1485 598 1601 661; x_wconf 89' lang='lat' dir='ltr'><strong>post</strong></span> <span class='ocrx_word' id='word_1_23' title='bbox 1620 598 1843 645; x_wconf 89' lang='lat' dir='ltr'><strong>mortem</strong></span> <span class='ocrx_word' id='word_1_24' title='bbox 1861 586 2029 659; x_wconf 87' lang='lat' dir='ltr'><strong>magis</strong></span> 
     </span>
    </p>
   </div>
   <div class='ocr_carea' id='block_1_5' title="bbox 450 680 2024 754">
    <p class='ocr_par' dir='ltr' id='par_1_5' title="bbox 450 680 2024 754">
     <span class='ocr_line' id='line_1_5' title="bbox 450 680 2024 754; baseline -0.007 -10"><span class='ocrx_word' id='word_1_25' title='bbox 450 688 736 744; x_wconf 90' lang='lat' dir='ltr'><strong>metuenda</strong></span> <span class='ocrx_word' id='word_1_26' title='bbox 752 696 858 744; x_wconf 86' lang='lat' dir='ltr'><strong>est.</strong></span> <span class='ocrx_word' id='word_1_27' title='bbox 886 687 1015 744; x_wconf 89' lang='lat' dir='ltr'><strong>Illud</strong></span> <span class='ocrx_word' id='word_1_28' title='bbox 1032 689 1189 743; x_wconf 90' lang='lat' dir='ltr'><strong>etiam</strong></span> <span class='ocrx_word' id='word_1_29' title='bbox 1211 686 1376 743; x_wconf 81' lang='lat' dir='ltr'><strong>cuivis</strong></span> <span class='ocrx_word' id='word_1_30' title='bbox 1404 696 1725 754; x_wconf 75' lang='lat' dir='ltr'><strong>cognoscere</strong></span> <span class='ocrx_word' id='word_1_31' title='bbox 1752 680 1903 736; x_wconf 78' lang='lat' dir='ltr'><strong>facile</strong></span> <span class='ocrx_word' id='word_1_32' title='bbox 1920 688 2024 748; x_wconf 88' lang='lat' dir='ltr'><strong>est,</strong></span> 
     </span>
    </p>
   </div>
   <div class='ocr_carea' id='block_1_6' title="bbox 447 774 2029 852">
    <p class='ocr_par' dir='ltr' id='par_1_6' title="bbox 447 774 2029 852">
     <span class='ocr_line' id='line_1_6' title="bbox 447 774 2029 852; baseline -0.004 -16"><span class='ocrx_word' id='word_1_33' title='bbox 447 781 588 852; x_wconf 89' lang='lat' dir='ltr'><strong>quod</strong></span> <span class='ocrx_word' id='word_1_34' title='bbox 625 783 727 839; x_wconf 83' lang='lat' dir='ltr'><strong>sub</strong></span> <span class='ocrx_word' id='word_1_35' title='bbox 751 781 968 838; x_wconf 91' lang='lat' dir='ltr'><strong>bominc</strong></span> <span class='ocrx_word' id='word_1_36' title='bbox 994 783 1299 839; x_wconf 88' lang='lat' dir='ltr'><strong>dominante</strong></span> <span class='ocrx_word' id='word_1_37' title='bbox 1328 779 1523 835; x_wconf 84' lang='lat' dir='ltr'><strong>liberas</strong></span> <span class='ocrx_word' id='word_1_38' title='bbox 1549 777 1892 847; x_wconf 76' lang='lat' dir='ltr'><strong>cogitationes</strong></span> <span class='ocrx_word' id='word_1_39' title='bbox 1929 774 2029 830; x_wconf 86' lang='lat' dir='ltr'><strong>ba-</strong></span> 
     </span>
    </p>
   </div>
   <div class='ocr_carea' id='block_1_7' title="bbox 448 867 2027 933">
    <p class='ocr_par' dir='ltr' id='par_1_7' title="bbox 448 867 2027 933">
     <span class='ocr_line' id='line_1_7' title="bbox 448 867 2027 933; baseline -0.005 -4"><span class='ocrx_word' id='word_1_40' title='bbox 448 875 576 932; x_wconf 89' lang='lat' dir='ltr'><strong>bcre</strong></span> <span class='ocrx_word' id='word_1_41' title='bbox 603 889 916 933; x_wconf 88' lang='lat' dir='ltr'><strong>concessum</strong></span> <span class='ocrx_word' id='word_1_42' title='bbox 941 884 1025 932; x_wconf 85' lang='lat' dir='ltr'><strong>est</strong></span> <span class='ocrx_word' id='word_1_43' title='bbox 1051 891 1064 928; x_wconf 93' lang='lat'><strong>:</strong></span> <span class='ocrx_word' id='word_1_44' title='bbox 1099 874 1214 928; x_wconf 90' lang='lat' dir='ltr'><strong>illos</strong></span> <span class='ocrx_word' id='word_1_45' title='bbox 1235 881 1409 927; x_wconf 90' lang='lat' dir='ltr'><strong>autem</strong></span> <span class='ocrx_word' id='word_1_46' title='bbox 1431 869 1741 925; x_wconf 88' lang='lat' dir='ltr'><strong>dominosin</strong></span> <span class='ocrx_word' id='word_1_47' title='bbox 1761 867 2027 923; x_wconf 85' lang='lat' dir='ltr'><strong>mentibus</strong></span> 
     </span>
    </p>
   </div>
   <div class='ocr_carea' id='block_1_8' title="bbox 446 959 2029 1036">
    <p class='ocr_par' dir='ltr' id='par_1_8' title="bbox 446 959 2029 1036">
     <span class='ocr_line' id='line_1_8' title="bbox 446 959 2029 1036; baseline -0.005 -15"><span class='ocrx_word' id='word_1_48' title='bbox 446 965 578 1036; x_wconf 86' lang='lat' dir='ltr'><strong>ipsis</strong></span> <span class='ocrx_word' id='word_1_49' title='bbox 622 965 987 1031; x_wconf 78' lang='lat' dir='ltr'><strong>formidamus,</strong></span> <span class='ocrx_word' id='word_1_50' title='bbox 1014 965 1105 1036; x_wconf 86' lang='lat' dir='ltr'><strong>qui</strong></span> <span class='ocrx_word' id='word_1_51' title='bbox 1135 979 1269 1018; x_wconf 90' lang='lat' dir='ltr'><strong>unus</strong></span> <span class='ocrx_word' id='word_1_52' title='bbox 1303 971 1385 1018; x_wconf 90' lang='lat' dir='ltr'><strong>est</strong></span> <span class='ocrx_word' id='word_1_53' title='bbox 1419 961 1603 1016; x_wconf 83' lang='lat' dir='ltr'><strong>oculus</strong></span> <span class='ocrx_word' id='word_1_54' title='bbox 1652 959 1916 1015; x_wconf 78' lang='lat' dir='ltr'><strong>intuendae</strong></span> <span class='ocrx_word' id='word_1_55' title='bbox 1965 973 2029 1013; x_wconf 89' lang='lat' dir='ltr'><strong>ac</strong></span> 
     </span>
    </p>
   </div>
   <div class='ocr_carea' id='block_1_9' title="bbox 448 1052 2025 1128">
    <p class='ocr_par' dir='ltr' id='par_1_9' title="bbox 448 1052 2025 1128">
     <span class='ocr_line' id='line_1_9' title="bbox 448 1052 2025 1128; baseline -0.004 -16"><span class='ocrx_word' id='word_1_56' title='bbox 448 1058 804 1128; x_wconf 73' lang='lat' dir='ltr'><strong>percipienda:</strong></span> <span class='ocrx_word' id='word_1_57' title='bbox 832 1060 1085 1116; x_wconf 76' lang='lat' dir='ltr'><strong>veritatis.</strong></span> <span class='ocrx_word' id='word_1_58' title='bbox 1122 1058 1297 1126; x_wconf 86' lang='lat' dir='ltr'><strong>Quare</strong></span> <span class='ocrx_word' id='word_1_59' title='bbox 1319 1056 1362 1110; x_wconf 92' lang='lat' dir='ltr'><strong>si</strong></span> <span class='ocrx_word' id='word_1_60' title='bbox 1385 1055 1631 1111; x_wconf 91' lang='lat' dir='ltr'><strong>omnibus</strong></span> <span class='ocrx_word' id='word_1_61' title='bbox 1657 1052 2025 1124; x_wconf 86' lang='lat' dir='ltr'><strong>potestatibus,</strong></span> 
     </span>
    </p>
   </div>
   <div class='ocr_carea' id='block_1_10' title="bbox 447 1146 2024 1223">
    <p class='ocr_par' dir='ltr' id='par_1_10' title="bbox 447 1146 2024 1223">
     <span class='ocr_line' id='line_1_10' title="bbox 447 1146 2024 1223; baseline -0.003 -20"><span class='ocrx_word' id='word_1_62' title='bbox 447 1163 568 1223; x_wconf 69' lang='lat' dir='ltr'><strong>qua:</strong></span> <span class='ocrx_word' id='word_1_63' title='bbox 593 1150 786 1206; x_wconf 85' lang='lat' dir='ltr'><strong>dantur</strong></span> <span class='ocrx_word' id='word_1_64' title='bbox 835 1150 1139 1207; x_wconf 86' lang='lat' dir='ltr'><strong>hominibus</strong></span> <span class='ocrx_word' id='word_1_65' title='bbox 1179 1149 1244 1204; x_wconf 88' lang='lat' dir='ltr'><strong>ad</strong></span> <span class='ocrx_word' id='word_1_66' title='bbox 1290 1148 1572 1218; x_wconf 82' lang='lat' dir='ltr'><strong>regendam</strong></span> <span class='ocrx_word' id='word_1_67' title='bbox 1620 1146 2024 1217; x_wconf 82' lang='lat' dir='ltr'><strong>rempublicam,</strong></span> 
     </span>
    </p>
   </div>
   <div class='ocr_carea' id='block_1_11' title="bbox 446 1236 2028 1308">
    <p class='ocr_par' dir='ltr' id='par_1_11' title="bbox 446 1236 2028 1308">
     <span class='ocr_line' id='line_1_11' title="bbox 446 1236 2028 1308; baseline -0.001 -15"><span class='ocrx_word' id='word_1_68' title='bbox 446 1253 546 1308; x_wconf 89' lang='lat' dir='ltr'><strong>pro</strong></span> <span class='ocrx_word' id='word_1_69' title='bbox 576 1249 758 1295; x_wconf 89' lang='lat' dir='ltr'><strong>nostro</strong></span> <span class='ocrx_word' id='word_1_70' title='bbox 807 1240 1018 1295; x_wconf 87' lang='lat' dir='ltr'><strong>vinculo</strong></span> <span class='ocrx_word' id='word_1_71' title='bbox 1064 1237 1261 1294; x_wconf 87' lang='lat' dir='ltr'><strong>subditi</strong></span> <span class='ocrx_word' id='word_1_72' title='bbox 1286 1253 1489 1305; x_wconf 88' lang='lat' dir='ltr'><strong>sumus,</strong></span> <span class='ocrx_word' id='word_1_73' title='bbox 1523 1237 1803 1294; x_wconf 81' lang='lat' dir='ltr'><strong>reddentes</strong></span> <span class='ocrx_word' id='word_1_74' title='bbox 1832 1236 2028 1293; x_wconf 67' lang='lat' dir='ltr'><strong>Cwsari</strong></span> 
     </span>
    </p>
   </div>
   <div class='ocr_carea' id='block_1_12' title="bbox 446 1329 2027 1403">
    <p class='ocr_par' dir='ltr' id='par_1_12' title="bbox 446 1329 2027 1403">
     <span class='ocr_line' id='line_1_12' title="bbox 446 1329 2027 1403; baseline -0.002 -17"><span class='ocrx_word' id='word_1_75' title='bbox 446 1332 586 1400; x_wconf 87' lang='lat' dir='ltr'><strong>quod</strong></span> <span class='ocrx_word' id='word_1_76' title='bbox 624 1331 847 1389; x_wconf 74' lang='lat' dir='ltr'><strong>Cmsaris</strong></span> <span class='ocrx_word' id='word_1_77' title='bbox 872 1340 974 1399; x_wconf 88' lang='lat' dir='ltr'><strong>est,</strong></span> <span class='ocrx_word' id='word_1_78' title='bbox 1006 1341 1059 1386; x_wconf 91' lang='lat' dir='ltr'><strong>et</strong></span> <span class='ocrx_word' id='word_1_79' title='bbox 1085 1332 1192 1387; x_wconf 90' lang='lat' dir='ltr'><strong>Deo</strong></span> <span class='ocrx_word' id='word_1_80' title='bbox 1216 1332 1355 1402; x_wconf 87' lang='lat' dir='ltr'><strong>quod</strong></span> <span class='ocrx_word' id='word_1_81' title='bbox 1396 1331 1484 1388; x_wconf 91' lang='lat' dir='ltr'><strong>Dei</strong></span> <span class='ocrx_word' id='word_1_82' title='bbox 1528 1339 1610 1385; x_wconf 92' lang='lat' dir='ltr'><strong>cst</strong></span> <span class='ocrx_word' id='word_1_83' title='bbox 1637 1329 1856 1403; x_wconf 76' lang='lat' dir='ltr'><strong>(Matth.</strong></span> <span class='ocrx_word' id='word_1_84' title='bbox 1896 1343 2027 1394; x_wconf 79' lang='lat' dir='ltr'><strong>xxu,</strong></span> 
     </span>
    </p>
   </div>
   <div class='ocr_carea' id='block_1_13' title="bbox 446 1421 2029 1493">
    <p class='ocr_par' dir='ltr' id='par_1_13' title="bbox 446 1421 2029 1493">
     <span class='ocr_line' id='line_1_13' title="bbox 446 1421 2029 1493; baseline -0.002 -19"><span class='ocrx_word' id='word_1_85' title='bbox 446 1421 561 1493; x_wconf 78' lang='lat'><strong>21),</strong></span> <span class='ocrx_word' id='word_1_86' title='bbox 587 1436 691 1478; x_wconf 91' lang='lat' dir='ltr'><strong>non</strong></span> <span class='ocrx_word' id='word_1_87' title='bbox 716 1432 798 1475; x_wconf 92' lang='lat' dir='ltr'><strong>cst</strong></span> <span class='ocrx_word' id='word_1_88' title='bbox 822 1421 1161 1479; x_wconf 87' lang='lat' dir='ltr'><strong>metuendum</strong></span> <span class='ocrx_word' id='word_1_89' title='bbox 1180 1438 1246 1477; x_wconf 90' lang='lat' dir='ltr'><strong>ne</strong></span> <span class='ocrx_word' id='word_1_90' title='bbox 1263 1422 1362 1477; x_wconf 87' lang='lat' dir='ltr'><strong>hoc</strong></span> <span class='ocrx_word' id='word_1_91' title='bbox 1396 1431 1514 1491; x_wconf 91' lang='lat' dir='ltr'><strong>post</strong></span> <span class='ocrx_word' id='word_1_92' title='bbox 1539 1428 1764 1474; x_wconf 88' lang='lat' dir='ltr'><strong>mortem</strong></span> <span class='ocrx_word' id='word_1_93' title='bbox 1793 1427 2029 1473; x_wconf 90' lang='lat' dir='ltr'><strong>nostram</strong></span> 
     </span>
    </p>
   </div>
   <div class='ocr_carea' id='block_1_14' title="bbox 444 1510 2029 1583">
    <p class='ocr_par' dir='ltr' id='par_1_14' title="bbox 444 1510 2029 1583">
     <span class='ocr_line' id='line_1_14' title="bbox 444 1510 2029 1583; baseline -0.003 -15"><span class='ocrx_word' id='word_1_94' title='bbox 444 1512 637 1582; x_wconf 86' lang='lat' dir='ltr'><strong>aliquis</strong></span> <span class='ocrx_word' id='word_1_95' title='bbox 665 1513 858 1583; x_wconf 77' lang='lat' dir='ltr'><strong>exigat.</strong></span> <span class='ocrx_word' id='word_1_96' title='bbox 890 1514 953 1567; x_wconf 82' lang='lat' dir='ltr'><strong>Et</strong></span> <span class='ocrx_word' id='word_1_97' title='bbox 972 1514 1111 1567; x_wconf 82' lang='lat' dir='ltr'><strong>aliud</strong></span> <span class='ocrx_word' id='word_1_98' title='bbox 1134 1522 1215 1568; x_wconf 89' lang='lat' dir='ltr'><strong>est</strong></span> <span class='ocrx_word' id='word_1_99' title='bbox 1243 1514 1470 1568; x_wconf 88' lang='lat' dir='ltr'><strong>servitus</strong></span> <span class='ocrx_word' id='word_1_100' title='bbox 1495 1513 1707 1574; x_wconf 79' lang='lat' dir='ltr'><strong>animze,</strong></span> <span class='ocrx_word' id='word_1_101' title='bbox 1736 1510 1880 1565; x_wconf 85' lang='lat' dir='ltr'><strong>aliud</strong></span> <span class='ocrx_word' id='word_1_102' title='bbox 1912 1525 2029 1564; x_wconf 89' lang='lat' dir='ltr'><strong>ser-</strong></span> 
     </span>
    </p>
   </div>
   <div class='ocr_carea' id='block_1_15' title="bbox 446 1600 2029 1673">
    <p class='ocr_par' dir='ltr' id='par_1_15' title="bbox 446 1600 2029 1673">
     <span class='ocr_line' id='line_1_15' title="bbox 446 1600 2029 1673; baseline -0.001 -19"><span class='ocrx_word' id='word_1_103' title='bbox 446 1603 585 1657; x_wconf 79' lang='lat' dir='ltr'><strong>vitus</strong></span> <span class='ocrx_word' id='word_1_104' title='bbox 609 1602 867 1673; x_wconf 83' lang='lat' dir='ltr'><strong>corporis.</strong></span> <span class='ocrx_word' id='word_1_105' title='bbox 914 1603 1049 1660; x_wconf 82' lang='lat' dir='ltr'><strong>Justi</strong></span> <span class='ocrx_word' id='word_1_106' title='bbox 1095 1613 1270 1657; x_wconf 89' lang='lat' dir='ltr'><strong>autem</strong></span> <span class='ocrx_word' id='word_1_107' title='bbox 1317 1602 1579 1667; x_wconf 83' lang='lat' dir='ltr'><strong>homines,</strong></span> <span class='ocrx_word' id='word_1_108' title='bbox 1611 1601 1740 1656; x_wconf 89' lang='lat' dir='ltr'><strong>etin</strong></span> <span class='ocrx_word' id='word_1_109' title='bbox 1772 1615 1879 1655; x_wconf 92' lang='lat' dir='ltr'><strong>uno</strong></span> <span class='ocrx_word' id='word_1_110' title='bbox 1920 1600 2029 1653; x_wconf 87' lang='lat' dir='ltr'><strong>Deo</strong></span> 
     </span>
    </p>
   </div>
   <div class='ocr_carea' id='block_1_16' title="bbox 446 1692 2029 1765">
    <p class='ocr_par' dir='ltr' id='par_1_16' title="bbox 446 1692 2029 1765">
     <span class='ocr_line' id='line_1_16' title="bbox 446 1692 2029 1765; baseline -0.002 -17"><span class='ocrx_word' id='word_1_111' title='bbox 446 1694 704 1750; x_wconf 82' lang='lat' dir='ltr'><strong>habentes</strong></span> <span class='ocrx_word' id='word_1_112' title='bbox 731 1694 906 1748; x_wconf 88' lang='lat' dir='ltr'><strong>omnia</strong></span> <span class='ocrx_word' id='word_1_113' title='bbox 928 1694 1113 1764; x_wconf 82' lang='lat' dir='ltr'><strong>gaudia</strong></span> <span class='ocrx_word' id='word_1_114' title='bbox 1159 1708 1278 1761; x_wconf 87' lang='lat' dir='ltr'><strong>sua,</strong></span> <span class='ocrx_word' id='word_1_115' title='bbox 1305 1693 1519 1765; x_wconf 82' lang='lat' dir='ltr'><strong>quando</strong></span> <span class='ocrx_word' id='word_1_116' title='bbox 1550 1709 1642 1762; x_wconf 87' lang='lat' dir='ltr'><strong>per</strong></span> <span class='ocrx_word' id='word_1_117' title='bbox 1668 1707 1849 1747; x_wconf 90' lang='lat' dir='ltr'><strong>eorum</strong></span> <span class='ocrx_word' id='word_1_118' title='bbox 1893 1692 2029 1746; x_wconf 90' lang='lat' dir='ltr'><strong>facta</strong></span> 
     </span>
    </p>
   </div>
   <div class='ocr_carea' id='block_1_17' title="bbox 450 1783 2028 1854">
    <p class='ocr_par' dir='ltr' id='par_1_17' title="bbox 450 1783 2028 1854">
     <span class='ocr_line' id='line_1_17' title="bbox 450 1783 2028 1854; baseline -0.001 -15"><span class='ocrx_word' id='word_1_119' title='bbox 450 1786 589 1841; x_wconf 88' lang='lat' dir='ltr'><strong>Deus</strong></span> <span class='ocrx_word' id='word_1_120' title='bbox 627 1785 978 1853; x_wconf 89' lang='lat' dir='ltr'><strong>benedicitur,</strong></span> <span class='ocrx_word' id='word_1_121' title='bbox 1034 1785 1469 1854; x_wconf 76' lang='lat' dir='ltr'><strong>congratulantur</strong></span> <span class='ocrx_word' id='word_1_122' title='bbox 1498 1783 1833 1839; x_wconf 82' lang='lat' dir='ltr'><strong>laudantibus</strong></span> <span class='ocrx_word' id='word_1_123' title='bbox 1863 1801 1875 1837; x_wconf 91' lang='lat'>:</span> <span class='ocrx_word' id='word_1_124' title='bbox 1908 1798 2028 1837; x_wconf 88' lang='lat' dir='ltr'><strong>cum</strong></span> 
     </span>
    </p>
   </div>
   <div class='ocr_carea' id='block_1_18' title="bbox 448 1873 2032 1946">
    <p class='ocr_par' dir='ltr' id='par_1_18' title="bbox 448 1873 2032 1946">
     <span class='ocr_line' id='line_1_18' title="bbox 448 1873 2032 1946; baseline 0.001 -19"><span class='ocrx_word' id='word_1_125' title='bbox 448 1890 578 1931; x_wconf 89' lang='lat' dir='ltr'><strong>vero</strong></span> <span class='ocrx_word' id='word_1_126' title='bbox 606 1875 707 1946; x_wconf 84' lang='lat' dir='ltr'><strong>ipsi</strong></span> <span class='ocrx_word' id='word_1_127' title='bbox 750 1884 995 1944; x_wconf 81' lang='lat' dir='ltr'><strong>tanquam</strong></span> <span class='ocrx_word' id='word_1_128' title='bbox 1040 1873 1141 1944; x_wconf 84' lang='lat' dir='ltr'><strong>ipsi</strong></span> <span class='ocrx_word' id='word_1_129' title='bbox 1170 1874 1467 1941; x_wconf 80' lang='lat' dir='ltr'><strong>laudantur,</strong></span> <span class='ocrx_word' id='word_1_130' title='bbox 1494 1875 1761 1944; x_wconf 81' lang='lat' dir='ltr'><strong>corrigunt</strong></span> <span class='ocrx_word' id='word_1_131' title='bbox 1791 1883 2032 1929; x_wconf 88' lang='lat' dir='ltr'><strong>errantes</strong></span> 
     </span>
    </p>
   </div>
   <div class='ocr_carea' id='block_1_19' title="bbox 449 1967 2033 2037">
    <p class='ocr_par' dir='ltr' id='par_1_19' title="bbox 449 1967 2033 2037">
     <span class='ocr_line' id='line_1_19' title="bbox 449 1967 2033 2037; baseline -0.001 -15"><span class='ocrx_word' id='word_1_132' title='bbox 449 1982 583 2036; x_wconf 86' lang='lat' dir='ltr'><strong>quos</strong></span> <span class='ocrx_word' id='word_1_133' title='bbox 611 1976 863 2037; x_wconf 88' lang='lat' dir='ltr'><strong>possunt;</strong></span> <span class='ocrx_word' id='word_1_134' title='bbox 905 1981 1040 2037; x_wconf 84' lang='lat' dir='ltr'><strong>quos</strong></span> <span class='ocrx_word' id='word_1_135' title='bbox 1061 1977 1237 2022; x_wconf 90' lang='lat' dir='ltr'><strong>autem</strong></span> <span class='ocrx_word' id='word_1_136' title='bbox 1272 1983 1375 2021; x_wconf 87' lang='lat' dir='ltr'><strong>non</strong></span> <span class='ocrx_word' id='word_1_137' title='bbox 1403 1976 1643 2036; x_wconf 85' lang='lat' dir='ltr'><strong>possunt,</strong></span> <span class='ocrx_word' id='word_1_138' title='bbox 1676 1984 1778 2021; x_wconf 83' lang='lat' dir='ltr'><strong>non</strong></span> <span class='ocrx_word' id='word_1_139' title='bbox 1806 1967 1884 2021; x_wconf 89' lang='lat' dir='ltr'><strong>cis</strong></span> <span class='ocrx_word' id='word_1_140' title='bbox 1908 1981 2033 2036; x_wconf 88' lang='lat' dir='ltr'><strong>gra-</strong></span> 
     </span>
    </p>
   </div>
   <div class='ocr_carea' id='block_1_20' title="bbox 451 2058 2034 2129">
    <p class='ocr_par' dir='ltr' id='par_1_20' title="bbox 451 2058 2034 2129">
     <span class='ocr_line' id='line_1_20' title="bbox 451 2058 2034 2129; baseline -0.001 -16"><span class='ocrx_word' id='word_1_141' title='bbox 451 2060 704 2121; x_wconf 75' lang='lat' dir='ltr'><strong>tulantur,</strong></span> <span class='ocrx_word' id='word_1_142' title='bbox 745 2066 800 2114; x_wconf 88' lang='lat' dir='ltr'><strong>et</strong></span> <span class='ocrx_word' id='word_1_143' title='bbox 842 2058 910 2112; x_wconf 90' lang='lat' dir='ltr'><strong>ab</strong></span> <span class='ocrx_word' id='word_1_144' title='bbox 949 2058 1037 2112; x_wconf 90' lang='lat' dir='ltr'><strong>illo</strong></span> <span class='ocrx_word' id='word_1_145' title='bbox 1059 2059 1188 2112; x_wconf 85' lang='lat' dir='ltr'><strong>vitio</strong></span> <span class='ocrx_word' id='word_1_146' title='bbox 1214 2060 1404 2129; x_wconf 84' lang='lat' dir='ltr'><strong>corrigi</strong></span> <span class='ocrx_word' id='word_1_147' title='bbox 1427 2058 1628 2113; x_wconf 86' lang='lat' dir='ltr'><strong>volunt.</strong></span> <span class='ocrx_word' id='word_1_148' title='bbox 1656 2059 1857 2126; x_wconf 83' lang='lat' dir='ltr'><strong>Quibus</strong></span> <span class='ocrx_word' id='word_1_149' title='bbox 1884 2059 1927 2112; x_wconf 90' lang='lat' dir='ltr'><strong>si</strong></span> <span class='ocrx_word' id='word_1_150' title='bbox 1959 2059 2034 2113; x_wconf 89' lang='lat' dir='ltr'><strong>si-</strong></span> 
     </span>
    </p>
   </div>
   <div class='ocr_carea' id='block_1_21' title="bbox 449 2149 2032 2222">
    <p class='ocr_par' dir='ltr' id='par_1_21' title="bbox 449 2149 2032 2222">
     <span class='ocr_line' id='line_1_21' title="bbox 449 2149 2032 2222; baseline -0.001 -15"><span class='ocrx_word' id='word_1_151' title='bbox 449 2151 624 2216; x_wconf 77' lang='lat' dir='ltr'><strong>miles,</strong></span> <span class='ocrx_word' id='word_1_152' title='bbox 653 2150 739 2207; x_wconf 91' lang='lat' dir='ltr'><strong>vel</strong></span> <span class='ocrx_word' id='word_1_153' title='bbox 764 2149 922 2206; x_wconf 89' lang='lat' dir='ltr'><strong>etiam</strong></span> <span class='ocrx_word' id='word_1_154' title='bbox 949 2151 1252 2205; x_wconf 81' lang='lat' dir='ltr'><strong>mundiores</strong></span> <span class='ocrx_word' id='word_1_155' title='bbox 1279 2163 1436 2222; x_wconf 84' lang='lat' dir='ltr'><strong>atque</strong></span> <span class='ocrx_word' id='word_1_156' title='bbox 1458 2151 1749 2207; x_wconf 89' lang='lat' dir='ltr'><strong>sanctiores</strong></span> <span class='ocrx_word' id='word_1_157' title='bbox 1767 2150 2032 2206; x_wconf 86' lang='lat' dir='ltr'><strong>suntboni</strong></span> 
     </span>
    </p>
   </div>
   <div class='ocr_carea' id='block_1_22' title="bbox 450 2241 2029 2313">
    <p class='ocr_par' dir='ltr' id='par_1_22' title="bbox 450 2241 2029 2313">
     <span class='ocr_line' id='line_1_22' title="bbox 450 2241 2029 2313; baseline -0.001 -16"><span class='ocrx_word' id='word_1_158' title='bbox 450 2241 660 2312; x_wconf 83' lang='lat' dir='ltr'><strong>Angeli,</strong></span> <span class='ocrx_word' id='word_1_159' title='bbox 687 2250 743 2297; x_wconf 89' lang='lat' dir='ltr'><strong>et</strong></span> <span class='ocrx_word' id='word_1_160' title='bbox 771 2241 946 2296; x_wconf 86' lang='lat' dir='ltr'><strong>omnia</strong></span> <span class='ocrx_word' id='word_1_161' title='bbox 976 2251 1157 2296; x_wconf 86' lang='lat' dir='ltr'><strong>sancta</strong></span> <span class='ocrx_word' id='word_1_162' title='bbox 1184 2242 1276 2313; x_wconf 83' lang='lat' dir='ltr'><strong>Dei</strong></span> <span class='ocrx_word' id='word_1_163' title='bbox 1305 2242 1627 2307; x_wconf 89' lang='lat' dir='ltr'><strong>ministeria;</strong></span> <span class='ocrx_word' id='word_1_164' title='bbox 1671 2241 1795 2311; x_wconf 91' lang='lat' dir='ltr'><strong>quid</strong></span> <span class='ocrx_word' id='word_1_165' title='bbox 1835 2242 2029 2296; x_wconf 87' lang='lat' dir='ltr'><strong>metui-</strong></span> 
     </span>
    </p>
   </div>
   <div class='ocr_carea' id='block_1_23' title="bbox 449 2333 2031 2403">
    <p class='ocr_par' dir='ltr' id='par_1_23' title="bbox 449 2333 2031 2403">
     <span class='ocr_line' id='line_1_23' title="bbox 449 2333 2031 2403; baseline 0.001 -15"><span class='ocrx_word' id='word_1_166' title='bbox 449 2346 664 2389; x_wconf 78' lang='lat' dir='ltr'><strong>mus‘ne</strong></span> <span class='ocrx_word' id='word_1_167' title='bbox 689 2333 918 2403; x_wconf 90' lang='lat' dir='ltr'><strong>aliquem</strong></span> <span class='ocrx_word' id='word_1_168' title='bbox 945 2333 1153 2390; x_wconf 90' lang='lat' dir='ltr'><strong>illorum</strong></span> <span class='ocrx_word' id='word_1_169' title='bbox 1179 2333 1527 2398; x_wconf 69' lang='lat' dir='ltr'><strong>offendamus,</strong></span> <span class='ocrx_word' id='word_1_170' title='bbox 1550 2334 1595 2389; x_wconf 89' lang='lat' dir='ltr'><strong>si</strong></span> <span class='ocrx_word' id='word_1_171' title='bbox 1624 2348 1729 2388; x_wconf 88' lang='lat' dir='ltr'><strong>non</strong></span> <span class='ocrx_word' id='word_1_172' title='bbox 1770 2334 2031 2403; x_wconf 86' lang='lat' dir='ltr'><strong>supersti-</strong></span> 
     </span>
    </p>
   </div>
   <div class='ocr_carea' id='block_1_24' title="bbox 451 2422 2032 2494">
    <p class='ocr_par' dir='ltr' id='par_1_24' title="bbox 451 2422 2032 2494">
     <span class='ocr_line' id='line_1_24' title="bbox 451 2422 2032 2494; baseline 0.003 -17"><span class='ocrx_word' id='word_1_173' title='bbox 451 2423 570 2479; x_wconf 90' lang='lat' dir='ltr'><strong>tiosi</strong></span> <span class='ocrx_word' id='word_1_174' title='bbox 599 2422 875 2490; x_wconf 78' lang='lat' dir='ltr'><strong>fuerimus,</strong></span> <span class='ocrx_word' id='word_1_175' title='bbox 903 2437 1023 2490; x_wconf 86' lang='lat' dir='ltr'><strong>cum</strong></span> <span class='ocrx_word' id='word_1_176' title='bbox 1051 2424 1178 2493; x_wconf 88' lang='lat' dir='ltr'><strong>ipsis</strong></span> <span class='ocrx_word' id='word_1_177' title='bbox 1192 2424 1561 2494; x_wconf 81' lang='lat' dir='ltr'><strong>adjuvantibus</strong></span> <span class='ocrx_word' id='word_1_178' title='bbox 1577 2425 1643 2480; x_wconf 87' lang='lat' dir='ltr'><strong>ad</strong></span> <span class='ocrx_word' id='word_1_179' title='bbox 1669 2441 1829 2481; x_wconf 92' lang='lat' dir='ltr'><strong>unum</strong></span> <span class='ocrx_word' id='word_1_180' title='bbox 1866 2427 2032 2481; x_wconf 89' lang='lat' dir='ltr'><strong>Deum</strong></span> 
     </span>
    </p>
   </div>
   <div class='ocr_carea' id='block_1_25' title="bbox 452 2514 2034 2586">
    <p class='ocr_par' dir='ltr' id='par_1_25' title="bbox 452 2514 2034 2586">
     <span class='ocr_line' id='line_1_25' title="bbox 452 2514 2034 2586; baseline 0.004 -18"><span class='ocrx_word' id='word_1_181' title='bbox 452 2514 749 2580; x_wconf 81' lang='lat' dir='ltr'><strong>tendentes,</strong></span> <span class='ocrx_word' id='word_1_182' title='bbox 780 2515 907 2583; x_wconf 86' lang='lat' dir='ltr'><strong>etei</strong></span> <span class='ocrx_word' id='word_1_183' title='bbox 932 2516 1021 2570; x_wconf 90' lang='lat' dir='ltr'><strong>uni</strong></span> <span class='ocrx_word' id='word_1_184' title='bbox 1052 2515 1334 2586; x_wconf 81' lang='lat' dir='ltr'><strong>religantes</strong></span> <span class='ocrx_word' id='word_1_185' title='bbox 1371 2515 1578 2573; x_wconf 85' lang='lat' dir='ltr'><strong>animas</strong></span> <span class='ocrx_word' id='word_1_186' title='bbox 1630 2527 1860 2585; x_wconf 87' lang='lat' dir='ltr'><strong>nostras,</strong></span> <span class='ocrx_word' id='word_1_187' title='bbox 1893 2519 2034 2574; x_wconf 90' lang='lat' dir='ltr'><strong>unde</strong></span> 
     </span>
    </p>
   </div>
   <div class='ocr_carea' id='block_1_26' title="bbox 450 2604 2034 2681">
    <p class='ocr_par' dir='ltr' id='par_1_26' title="bbox 450 2604 2034 2681">
     <span class='ocr_line' id='line_1_26' title="bbox 450 2604 2034 2681; baseline 0.004 -23"><span class='ocrx_word' id='word_1_188' title='bbox 450 2604 636 2676; x_wconf 78' lang='lat' dir='ltr'><strong>religio</strong></span> <span class='ocrx_word' id='word_1_189' title='bbox 659 2604 798 2661; x_wconf 86' lang='lat' dir='ltr'><strong>dicta</strong></span> <span class='ocrx_word' id='word_1_190' title='bbox 816 2605 1070 2670; x_wconf 89' lang='lat' dir='ltr'><strong>creditur,</strong></span> <span class='ocrx_word' id='word_1_191' title='bbox 1089 2606 1229 2662; x_wconf 90' lang='lat' dir='ltr'><strong>omni</strong></span> <span class='ocrx_word' id='word_1_192' title='bbox 1251 2607 1622 2677; x_wconf 81' lang='lat' dir='ltr'><strong>superstitione</strong></span> <span class='ocrx_word' id='word_1_193' title='bbox 1641 2622 1916 2663; x_wconf 83' lang='lat' dir='ltr'><strong>careamus</strong></span> <span class='ocrx_word' id='word_1_194' title='bbox 1932 2607 2034 2681; x_wconf 88' lang='lat' dir='ltr'><strong>(a)?</strong></span> 
     </span>
    </p>
   </div>
   <div class='ocr_carea' id='block_1_27' title="bbox 520 2696 2034 2765">
    <p class='ocr_par' dir='ltr' id='par_1_27' title="bbox 520 2696 2034 2765">
     <span class='ocr_line' id='line_1_27' title="bbox 520 2696 2034 2765; baseline 0.003 -13"><span class='ocrx_word' id='word_1_195' title='bbox 520 2696 645 2752; x_wconf 77' lang='grc'>112.</span> <span class='ocrx_word' id='word_1_196' title='bbox 673 2697 810 2754; x_wconf 88' lang='lat' dir='ltr'><strong>Ecce</strong></span> <span class='ocrx_word' id='word_1_197' title='bbox 834 2713 998 2755; x_wconf 88' lang='lat' dir='ltr'><strong>unum</strong></span> <span class='ocrx_word' id='word_1_198' title='bbox 1022 2699 1184 2753; x_wconf 90' lang='lat' dir='ltr'><strong>Deum</strong></span> <span class='ocrx_word' id='word_1_199' title='bbox 1213 2699 1355 2765; x_wconf 90' lang='lat' dir='ltr'><strong>colo,</strong></span> <span class='ocrx_word' id='word_1_200' title='bbox 1383 2714 1545 2754; x_wconf 90' lang='lat' dir='ltr'><strong>unum</strong></span> <span class='ocrx_word' id='word_1_201' title='bbox 1573 2702 1805 2755; x_wconf 91' lang='lat' dir='ltr'><strong>omnium</strong></span> <span class='ocrx_word' id='word_1_202' title='bbox 1830 2701 2034 2756; x_wconf 86' lang='lat' dir='ltr'><strong>Princi—</strong></span> 
     </span>
    </p>
   </div>
   <div class='ocr_carea' id='block_1_28' title="bbox 450 2785 2031 2860">
    <p class='ocr_par' dir='ltr' id='par_1_28' title="bbox 450 2785 2031 2860">
     <span class='ocr_line' id='line_1_28' title="bbox 450 2785 2031 2860; baseline 0.003 -21"><span class='ocrx_word' id='word_1_203' title='bbox 450 2785 617 2855; x_wconf 76' lang='lat' dir='ltr'><strong>pium,</strong></span> <span class='ocrx_word' id='word_1_204' title='bbox 649 2794 704 2841; x_wconf 91' lang='lat' dir='ltr'><strong>et</strong></span> <span class='ocrx_word' id='word_1_205' title='bbox 720 2785 1041 2855; x_wconf 86' lang='lat' dir='ltr'><strong>Sapientiam</strong></span> <span class='ocrx_word' id='word_1_206' title='bbox 1060 2803 1159 2855; x_wconf 81' lang='lat' dir='ltr'><strong>qua</strong></span> <span class='ocrx_word' id='word_1_207' title='bbox 1179 2788 1388 2858; x_wconf 90' lang='lat' dir='ltr'><strong>sapiens</strong></span> <span class='ocrx_word' id='word_1_208' title='bbox 1403 2798 1481 2843; x_wconf 88' lang='lat' dir='ltr'><strong>est</strong></span> <span class='ocrx_word' id='word_1_209' title='bbox 1498 2804 1846 2860; x_wconf 67' lang='lat' dir='ltr'><strong>quaecumque</strong></span> <span class='ocrx_word' id='word_1_210' title='bbox 1858 2791 2031 2844; x_wconf 85' lang='lat' dir='ltr'><strong>anima</strong></span> 
     </span>
    </p>
   </div>
   <div class='ocr_carea' id='block_1_29' title="bbox 451 2877 2035 2951">
    <p class='ocr_par' dir='ltr' id='par_1_29' title="bbox 451 2877 2035 2951">
     <span class='ocr_line' id='line_1_29' title="bbox 451 2877 2035 2951; baseline 0.003 -20"><span class='ocrx_word' id='word_1_211' title='bbox 451 2877 664 2947; x_wconf 82' lang='lat' dir='ltr'><strong>sapiens</strong></span> <span class='ocrx_word' id='word_1_212' title='bbox 678 2885 779 2943; x_wconf 87' lang='lat' dir='ltr'><strong>est,</strong></span> <span class='ocrx_word' id='word_1_213' title='bbox 807 2887 862 2933; x_wconf 91' lang='lat' dir='ltr'><strong>et</strong></span> <span class='ocrx_word' id='word_1_214' title='bbox 890 2878 1061 2947; x_wconf 92' lang='lat' dir='ltr'><strong>ipsum</strong></span> <span class='ocrx_word' id='word_1_215' title='bbox 1088 2878 1274 2933; x_wconf 76' lang='lat' dir='ltr'><strong>Munus</strong></span> <span class='ocrx_word' id='word_1_216' title='bbox 1298 2895 1403 2949; x_wconf 86' lang='lat' dir='ltr'><strong>quo</strong></span> <span class='ocrx_word' id='word_1_217' title='bbox 1427 2879 1579 2935; x_wconf 88' lang='lat' dir='ltr'><strong>beata</strong></span> <span class='ocrx_word' id='word_1_218' title='bbox 1614 2891 1737 2935; x_wconf 90' lang='lat' dir='ltr'><strong>sunt</strong></span> <span class='ocrx_word' id='word_1_219' title='bbox 1764 2896 2035 2951; x_wconf 67' lang='lat' dir='ltr'><strong>quaecum-</strong></span> 
     </span>
    </p>
   </div>
   <div class='ocr_carea' id='block_1_30' title="bbox 451 2967 2032 3041">
    <p class='ocr_par' dir='ltr' id='par_1_30' title="bbox 451 2967 2032 3041">
     <span class='ocr_line' id='line_1_30' title="bbox 451 2967 2032 3041; baseline 0.003 -19"><span class='ocrx_word' id='word_1_220' title='bbox 451 2982 556 3039; x_wconf 88' lang='lat' dir='ltr'><strong>que</strong></span> <span class='ocrx_word' id='word_1_221' title='bbox 572 2967 722 3023; x_wconf 87' lang='lat' dir='ltr'><strong>beata</strong></span> <span class='ocrx_word' id='word_1_222' title='bbox 744 2976 883 3024; x_wconf 88' lang='lat' dir='ltr'><strong>sunt.</strong></span> <span class='ocrx_word' id='word_1_223' title='bbox 903 2968 1153 3040; x_wconf 84' lang='lat' dir='ltr'><strong>Quisquis</strong></span> <span class='ocrx_word' id='word_1_224' title='bbox 1168 2972 1489 3041; x_wconf 86' lang='lat' dir='ltr'><strong>Angelorum</strong></span> <span class='ocrx_word' id='word_1_225' title='bbox 1511 2971 1677 3041; x_wconf 86' lang='lat' dir='ltr'><strong>diligit</strong></span> <span class='ocrx_word' id='word_1_226' title='bbox 1695 2972 1832 3026; x_wconf 87' lang='lat' dir='ltr'><strong>hunc</strong></span> <span class='ocrx_word' id='word_1_227' title='bbox 1847 2974 2032 3038; x_wconf 92' lang='lat' dir='ltr'><strong>Deum,</strong></span> 
     </span>
    </p>
   </div>
   <div class='ocr_carea' id='block_1_31' title="bbox 451 3060 2036 3134">
    <p class='ocr_par' dir='ltr' id='par_1_31' title="bbox 451 3060 2036 3134">
     <span class='ocr_line' id='line_1_31' title="bbox 451 3060 2036 3134; baseline 0.002 -20"><span class='ocrx_word' id='word_1_228' title='bbox 451 3073 632 3115; x_wconf 87' lang='lat' dir='ltr'><strong>cet-tus</strong></span> <span class='ocrx_word' id='word_1_229' title='bbox 671 3073 788 3114; x_wconf 90' lang='lat' dir='ltr'><strong>sum</strong></span> <span class='ocrx_word' id='word_1_230' title='bbox 828 3060 968 3130; x_wconf 83' lang='lat' dir='ltr'><strong>quod</strong></span> <span class='ocrx_word' id='word_1_231' title='bbox 1003 3061 1163 3116; x_wconf 87' lang='lat' dir='ltr'><strong>etiam</strong></span> <span class='ocrx_word' id='word_1_232' title='bbox 1208 3074 1296 3116; x_wconf 91' lang='lat' dir='ltr'><strong>me</strong></span> <span class='ocrx_word' id='word_1_233' title='bbox 1336 3061 1525 3133; x_wconf 87' lang='lat' dir='ltr'><strong>diligit.</strong></span> <span class='ocrx_word' id='word_1_234' title='bbox 1572 3062 1821 3134; x_wconf 88' lang='lat' dir='ltr'><strong>Quisquis</strong></span> <span class='ocrx_word' id='word_1_235' title='bbox 1854 3063 1907 3118; x_wconf 87' lang='lat' dir='ltr'><strong>in</strong></span> <span class='ocrx_word' id='word_1_236' title='bbox 1947 3065 2036 3118; x_wconf 91' lang='lat' dir='ltr'><strong>illo</strong></span> 
     </span>
    </p>
   </div>
   <div class='ocr_carea' id='block_1_32' title="bbox 448 3152 2037 3228">
    <p class='ocr_par' dir='ltr' id='par_1_32' title="bbox 448 3152 2037 3228">
     <span class='ocr_line' id='line_1_32' title="bbox 448 3152 2037 3228; baseline 0.001 -13"><span class='ocrx_word' id='word_1_237' title='bbox 448 3161 649 3224; x_wconf 82' lang='lat' dir='ltr'><strong>manet,</strong></span> <span class='ocrx_word' id='word_1_238' title='bbox 682 3168 734 3214; x_wconf 89' lang='lat' dir='ltr'><strong>et</strong></span> <span class='ocrx_word' id='word_1_239' title='bbox 765 3162 941 3228; x_wconf 82' lang='lat' dir='ltr'><strong>potest</strong></span> <span class='ocrx_word' id='word_1_240' title='bbox 967 3152 1224 3209; x_wconf 84' lang='lat' dir='ltr'><strong>humanas</strong></span> <span class='ocrx_word' id='word_1_241' title='bbox 1246 3169 1432 3226; x_wconf 90' lang='lat' dir='ltr'><strong>preces</strong></span> <span class='ocrx_word' id='word_1_242' title='bbox 1469 3158 1686 3224; x_wconf 87' lang='lat' dir='ltr'><strong>sentire,</strong></span> <span class='ocrx_word' id='word_1_243' title='bbox 1727 3158 1778 3211; x_wconf 91' lang='lat' dir='ltr'><strong>in</strong></span> <span class='ocrx_word' id='word_1_244' title='bbox 1820 3159 1909 3213; x_wconf 82' lang='lat' dir='ltr'><strong>illa</strong></span> <span class='ocrx_word' id='word_1_245' title='bbox 1950 3176 2037 3217; x_wconf 90' lang='lat' dir='ltr'><strong>me</strong></span> 
     </span>
    </p>
   </div>
   <div class='ocr_carea' id='block_1_33' title="bbox 449 3244 2037 3321">
    <p class='ocr_par' dir='ltr' id='par_1_33' title="bbox 449 3244 2037 3321">
     <span class='ocr_line' id='line_1_33' title="bbox 449 3244 2037 3321; baseline -0.001 -14"><span class='ocrx_word' id='word_1_246' title='bbox 449 3251 684 3308; x_wconf 78' lang='lat' dir='ltr'><strong>exaudit.</strong></span> <span class='ocrx_word' id='word_1_247' title='bbox 716 3248 963 3320; x_wconf 88' lang='lat' dir='ltr'><strong>Quisquis</strong></span> <span class='ocrx_word' id='word_1_248' title='bbox 988 3245 1165 3319; x_wconf 80' lang='lat' dir='ltr'><strong>ipsum</strong></span> <span class='ocrx_word' id='word_1_249' title='bbox 1193 3244 1351 3301; x_wconf 83' lang='lat' dir='ltr'><strong>habet</strong></span> <span class='ocrx_word' id='word_1_250' title='bbox 1389 3246 1584 3303; x_wconf 88' lang='lat' dir='ltr'><strong>bonum</strong></span> <span class='ocrx_word' id='word_1_251' title='bbox 1627 3262 1801 3313; x_wconf 91' lang='lat' dir='ltr'><strong>suum,</strong></span> <span class='ocrx_word' id='word_1_252' title='bbox 1842 3250 1892 3303; x_wconf 91' lang='lat' dir='ltr'><strong>in</strong></span> <span class='ocrx_word' id='word_1_253' title='bbox 1922 3250 2037 3321; x_wconf 84' lang='lat' dir='ltr'><strong>ipso</strong></span> 
     </span>
    </p>
   </div>
   <div class='ocr_carea' id='block_1_34' title="bbox 449 3335 2034 3413">
    <p class='ocr_par' dir='ltr' id='par_1_34' title="bbox 449 3335 2034 3413">
     <span class='ocr_line' id='line_1_34' title="bbox 449 3335 2034 3413; baseline -0.001 -15"><span class='ocrx_word' id='word_1_254' title='bbox 449 3357 534 3398; x_wconf 83' lang='lat' dir='ltr'><strong>lue</strong></span> <span class='ocrx_word' id='word_1_255' title='bbox 553 3342 788 3413; x_wconf 87' lang='lat' dir='ltr'><strong>adjuvat,</strong></span> <span class='ocrx_word' id='word_1_256' title='bbox 819 3355 919 3395; x_wconf 90' lang='lat' dir='ltr'><strong>nec</strong></span> <span class='ocrx_word' id='word_1_257' title='bbox 957 3335 1085 3394; x_wconf 85' lang='lat' dir='ltr'><strong>mihi</strong></span> <span class='ocrx_word' id='word_1_258' title='bbox 1115 3336 1230 3405; x_wconf 88' lang='lat' dir='ltr'><strong>ejus</strong></span> <span class='ocrx_word' id='word_1_259' title='bbox 1261 3338 1718 3408; x_wconf 86' lang='lat' dir='ltr'><strong>participationem</strong></span> <span class='ocrx_word' id='word_1_260' title='bbox 1744 3349 1920 3411; x_wconf 86' lang='lat' dir='ltr'><strong>potest</strong></span> <span class='ocrx_word' id='word_1_261' title='bbox 1951 3342 2034 3396; x_wconf 91' lang='lat' dir='ltr'><strong>in-</strong></span> 
     </span>
    </p>
   </div>
   <div class='ocr_carea' id='block_1_35' title="bbox 449 3427 2036 3502">
    <p class='ocr_par' dir='ltr' id='par_1_35' title="bbox 449 3427 2036 3502">
     <span class='ocr_line' id='line_1_35' title="bbox 449 3427 2036 3502; baseline 0.002 -14"><span class='ocrx_word' id='word_1_262' title='bbox 449 3432 648 3489; x_wconf 85' lang='lat' dir='ltr'><strong>videre.</strong></span> <span class='ocrx_word' id='word_1_263' title='bbox 677 3432 863 3489; x_wconf 89' lang='lat' dir='ltr'><strong>Dicant</strong></span> <span class='ocrx_word' id='word_1_264' title='bbox 901 3445 1030 3502; x_wconf 84' lang='lat' dir='ltr'><strong>ergo</strong></span> <span class='ocrx_word' id='word_1_265' title='bbox 1058 3427 1187 3485; x_wconf 87' lang='lat' dir='ltr'><strong>mibi</strong></span> <span class='ocrx_word' id='word_1_266' title='bbox 1229 3429 1559 3497; x_wconf 86' lang='lat' dir='ltr'><strong>adoratores,</strong></span> <span class='ocrx_word' id='word_1_267' title='bbox 1604 3440 1698 3486; x_wconf 91' lang='lat' dir='ltr'><strong>aut</strong></span> <span class='ocrx_word' id='word_1_268' title='bbox 1735 3433 2036 3491; x_wconf 87' lang='lat' dir='ltr'><strong>adulatores</strong></span> 
     </span>
    </p>
   </div>
   <div class='ocr_carea' id='block_1_36' title="bbox 450 3523 2035 3598">
    <p class='ocr_par' dir='ltr' id='par_1_36' title="bbox 450 3523 2035 3598">
     <span class='ocr_line' id='line_1_36' title="bbox 450 3523 2035 3598; baseline 0.001 -17"><span class='ocrx_word' id='word_1_269' title='bbox 450 3525 682 3598; x_wconf 87' lang='lat' dir='ltr'><strong>partium</strong></span> <span class='ocrx_word' id='word_1_270' title='bbox 708 3524 912 3594; x_wconf 81' lang='lat' dir='ltr'><strong>mundi,</strong></span> <span class='ocrx_word' id='word_1_271' title='bbox 940 3540 1097 3595; x_wconf 91' lang='lat' dir='ltr'><strong>quem</strong></span> <span class='ocrx_word' id='word_1_272' title='bbox 1120 3536 1225 3578; x_wconf 95' lang='lat' dir='ltr'><strong>non</strong></span> <span class='ocrx_word' id='word_1_273' title='bbox 1253 3524 1510 3594; x_wconf 84' lang='lat' dir='ltr'><strong>optitntun</strong></span> <span class='ocrx_word' id='word_1_274' title='bbox 1540 3523 1639 3581; x_wconf 89' lang='lat' dir='ltr'><strong>sibi</strong></span> <span class='ocrx_word' id='word_1_275' title='bbox 1660 3526 1925 3595; x_wconf 84' lang='lat' dir='ltr'><strong>conciliet,</strong></span> <span class='ocrx_word' id='word_1_276' title='bbox 1945 3528 2035 3598; x_wconf 89' lang='lat' dir='ltr'><strong>qui</strong></span> 
     </span>
    </p>
   </div>
   <div class='ocr_carea' id='block_1_37' title="bbox 451 3615 2037 3688">
    <p class='ocr_par' dir='ltr' id='par_1_37' title="bbox 451 3615 2037 3688">
     <span class='ocr_line' id='line_1_37' title="bbox 451 3615 2037 3688; baseline 0 -14"><span class='ocrx_word' id='word_1_277' title='bbox 451 3617 553 3674; x_wconf 86' lang='lat' dir='ltr'><strong>hoc</strong></span> <span class='ocrx_word' id='word_1_278' title='bbox 578 3633 738 3673; x_wconf 89' lang='lat' dir='ltr'><strong>unum</strong></span> <span class='ocrx_word' id='word_1_279' title='bbox 766 3617 915 3683; x_wconf 86' lang='lat' dir='ltr'><strong>colit,</strong></span> <span class='ocrx_word' id='word_1_280' title='bbox 954 3616 1094 3687; x_wconf 90' lang='lat' dir='ltr'><strong>quod</strong></span> <span class='ocrx_word' id='word_1_281' title='bbox 1136 3615 1311 3669; x_wconf 83' lang='lat' dir='ltr'><strong>omnis</strong></span> <span class='ocrx_word' id='word_1_282' title='bbox 1338 3615 1568 3684; x_wconf 87' lang='lat' dir='ltr'><strong>optimus</strong></span> <span class='ocrx_word' id='word_1_283' title='bbox 1593 3616 1782 3688; x_wconf 87' lang='lat' dir='ltr'><strong>diligit,</strong></span> <span class='ocrx_word' id='word_1_284' title='bbox 1809 3626 1861 3673; x_wconf 88' lang='lat' dir='ltr'><strong>et</strong></span> <span class='ocrx_word' id='word_1_285' title='bbox 1886 3618 2037 3688; x_wconf 86' lang='lat' dir='ltr'><strong>cujus</strong></span> 
     </span>
    </p>
   </div>
   <div class='ocr_carea' id='block_1_38' title="bbox 453 3706 2038 3781">
    <p class='ocr_par' dir='ltr' id='par_1_38' title="bbox 453 3706 2038 3781">
     <span class='ocr_line' id='line_1_38' title="bbox 453 3706 2038 3781; baseline 0.002 -19"><span class='ocrx_word' id='word_1_286' title='bbox 453 3709 754 3781; x_wconf 87' lang='lat' dir='ltr'><strong>cognitione</strong></span> <span class='ocrx_word' id='word_1_287' title='bbox 779 3708 994 3780; x_wconf 89' lang='lat' dir='ltr'><strong>gaudet,</strong></span> <span class='ocrx_word' id='word_1_288' title='bbox 1014 3715 1070 3762; x_wconf 87' lang='lat' dir='ltr'><strong>et</strong></span> <span class='ocrx_word' id='word_1_289' title='bbox 1106 3706 1170 3761; x_wconf 91' lang='lat' dir='ltr'><strong>ad</strong></span> <span class='ocrx_word' id='word_1_290' title='bbox 1199 3706 1341 3778; x_wconf 90' lang='lat' dir='ltr'><strong>quod</strong></span> <span class='ocrx_word' id='word_1_291' title='bbox 1367 3707 1682 3778; x_wconf 90' lang='lat' dir='ltr'><strong>principium</strong></span> <span class='ocrx_word' id='word_1_292' title='bbox 1712 3709 2038 3765; x_wconf 87' lang='lat' dir='ltr'><strong>recurrendo</strong></span> 
     </span>
    </p>
   </div>
   <div class='ocr_carea' id='block_1_39' title="bbox 451 3798 2038 3871">
    <p class='ocr_par' dir='ltr' id='par_1_39' title="bbox 451 3798 2038 3871">
     <span class='ocr_line' id='line_1_39' title="bbox 451 3798 2038 3871; baseline 0.001 -16"><span class='ocrx_word' id='word_1_293' title='bbox 451 3801 512 3855; x_wconf 83' lang='lat' dir='ltr'><strong>fit</strong></span> <span class='ocrx_word' id='word_1_294' title='bbox 535 3801 785 3871; x_wconf 90' lang='lat' dir='ltr'><strong>optimus.</strong></span> <span class='ocrx_word' id='word_1_295' title='bbox 817 3798 1066 3869; x_wconf 89' lang='lat' dir='ltr'><strong>Quisquis</strong></span> <span class='ocrx_word' id='word_1_296' title='bbox 1092 3813 1219 3854; x_wconf 88' lang='lat' dir='ltr'><strong>vero</strong></span> <span class='ocrx_word' id='word_1_297' title='bbox 1246 3799 1465 3869; x_wconf 66' lang='lat' dir='ltr'><strong>angelus</strong></span> <span class='ocrx_word' id='word_1_298' title='bbox 1489 3814 1740 3855; x_wconf 79' lang='lat' dir='ltr'><strong>excessus</strong></span> <span class='ocrx_word' id='word_1_299' title='bbox 1764 3814 1891 3856; x_wconf 90' lang='lat' dir='ltr'><strong>suos</strong></span> <span class='ocrx_word' id='word_1_300' title='bbox 1913 3801 2038 3856; x_wconf 80' lang='lat' dir='ltr'><strong>dili-</strong></span> 
     </span>
    </p>
   </div>
   <div class='ocr_carea' id='block_1_40' title="bbox 453 3889 2039 3961">
    <p class='ocr_par' dir='ltr' id='par_1_40' title="bbox 453 3889 2039 3961">
     <span class='ocr_line' id='line_1_40' title="bbox 453 3889 2039 3961; baseline 0.003 -16"><span class='ocrx_word' id='word_1_301' title='bbox 453 3890 548 3961; x_wconf 89' lang='lat' dir='ltr'><strong>git,</strong></span> <span class='ocrx_word' id='word_1_302' title='bbox 576 3898 631 3945; x_wconf 93' lang='lat' dir='ltr'><strong>et</strong></span> <span class='ocrx_word' id='word_1_303' title='bbox 652 3890 860 3946; x_wconf 88' lang='lat' dir='ltr'><strong>veritati</strong></span> <span class='ocrx_word' id='word_1_304' title='bbox 889 3904 1009 3944; x_wconf 92' lang='lat' dir='ltr'><strong>esse</strong></span> <span class='ocrx_word' id='word_1_305' title='bbox 1022 3889 1274 3945; x_wconf 74' lang='lat' dir='ltr'><strong>.subditus</strong></span> <span class='ocrx_word' id='word_1_306' title='bbox 1300 3904 1404 3943; x_wconf 93' lang='lat' dir='ltr'><strong>non</strong></span> <span class='ocrx_word' id='word_1_307' title='bbox 1444 3890 1575 3957; x_wconf 90' lang='lat' dir='ltr'><strong>vult,</strong></span> <span class='ocrx_word' id='word_1_308' title='bbox 1606 3899 1659 3947; x_wconf 92' lang='lat' dir='ltr'><strong>et</strong></span> <span class='ocrx_word' id='word_1_309' title='bbox 1696 3892 1900 3961; x_wconf 87' lang='lat' dir='ltr'><strong>privato</strong></span> <span class='ocrx_word' id='word_1_310' title='bbox 1940 3907 2039 3949; x_wconf 89' lang='lat' dir='ltr'><strong>suo</strong></span> 
     </span>
    </p>
   </div>
   <div class='ocr_carea' id='block_1_41' title="bbox 453 3979 2039 4050">
    <p class='ocr_par' dir='ltr' id='par_1_41' title="bbox 453 3979 2039 4050">
     <span class='ocr_line' id='line_1_41' title="bbox 453 3979 2039 4050; baseline 0.002 -14"><span class='ocrx_word' id='word_1_311' title='bbox 453 3979 623 4036; x_wconf 62' lang='lat' dir='ltr'><strong>laetari</strong></span> <span class='ocrx_word' id='word_1_312' title='bbox 648 3981 865 4050; x_wconf 90' lang='lat' dir='ltr'><strong>cupiens</strong></span> <span class='ocrx_word' id='word_1_313' title='bbox 885 3995 914 4034; x_wconf 92' lang='lat' dir='ltr'><strong>a</strong></span> <span class='ocrx_word' id='word_1_314' title='bbox 942 3979 1210 4035; x_wconf 85' lang='lat' dir='ltr'><strong>communi</strong></span> <span class='ocrx_word' id='word_1_315' title='bbox 1237 3980 1472 4035; x_wconf 89' lang='lat' dir='ltr'><strong>omnium</strong></span> <span class='ocrx_word' id='word_1_316' title='bbox 1497 3980 1636 4036; x_wconf 92' lang='lat' dir='ltr'><strong>bono</strong></span> <span class='ocrx_word' id='word_1_317' title='bbox 1655 3991 1710 4037; x_wconf 92' lang='lat' dir='ltr'><strong>et</strong></span> <span class='ocrx_word' id='word_1_318' title='bbox 1745 3997 1870 4038; x_wconf 86' lang='lat' dir='ltr'><strong>vera</strong></span> <span class='ocrx_word' id='word_1_319' title='bbox 1915 3983 2039 4039; x_wconf 87' lang='lat' dir='ltr'><strong>bea-</strong></span> 
     </span>
    </p>
   </div>
   <div class='ocr_carea' id='block_1_42' title="bbox 516 4110 1224 4175">
    <p class='ocr_par' dir='ltr' id='par_1_42' title="bbox 516 4110 1224 4175">
     <span class='ocr_line' id='line_1_42' title="bbox 516 4110 1224 4175; baseline 0.004 -16"><span class='ocrx_word' id='word_1_320' title='bbox 516 4110 589 4175; x_wconf 92' lang='lat' dir='ltr'><strong>(a)</strong></span> <span class='ocrx_word' id='word_1_321' title='bbox 612 4116 848 4163; x_wconf 79' lang='lat' dir='ltr'><strong>tnetract.</strong></span> <span class='ocrx_word' id='word_1_322' title='bbox 872 4123 979 4174; x_wconf 87' lang='lat' dir='ltr'><strong>cap.</strong></span> <span class='ocrx_word' id='word_1_323' title='bbox 1000 4111 1083 4172; x_wconf 77' lang='grc'>13,</span> <span class='ocrx_word' id='word_1_324' title='bbox 1107 4124 1158 4161; x_wconf 85' lang='grc' dir='ltr'>ιι.</span> <span class='ocrx_word' id='word_1_325' title='bbox 1174 4111 1224 4162; x_wconf 87' lang='grc'><strong>9.</strong></span> 
     </span>
    </p>
   </div>
   <div class='ocr_carea' id='block_1_43' title="bbox 1239 287 2972 358">
    <p class='ocr_par' dir='ltr' id='par_1_43' title="bbox 1239 287 2972 358">
     <span class='ocr_line' id='line_1_43' title="bbox 1239 287 2972 358; baseline -0.001 -5"><span class='ocrx_word' id='word_1_326' title='bbox 1239 297 1332 354; x_wconf 84' lang='lat' dir='ltr'><strong>DE</strong></span> <span class='ocrx_word' id='word_1_327' title='bbox 1370 296 1556 355; x_wconf 75' lang='lat' dir='ltr'><strong>VERA</strong></span> <span class='ocrx_word' id='word_1_328' title='bbox 1595 289 1988 358; x_wconf 70' lang='lat' dir='ltr'><strong>BELIGIDNE,</strong></span> <span class='ocrx_word' id='word_1_329' title='bbox 2023 287 2084 348; x_wconf 85' lang='lat' dir='ltr'><strong>S.</strong></span> <span class='ocrx_word' id='word_1_330' title='bbox 2123 288 2495 350; x_wconf 82' lang='lat' dir='ltr'><strong>AUGUSTINI</strong></span> <span class='ocrx_word' id='word_1_331' title='bbox 2532 291 2734 350; x_wconf 80' lang='lat' dir='ltr'><strong>LIBER</strong></span> <span class='ocrx_word' id='word_1_332' title='bbox 2769 292 2972 353; x_wconf 77' lang='lat' dir='ltr'><strong>UNUS.</strong></span> 
     </span>
    </p>
   </div>
   <div class='ocr_carea' id='block_1_44' title="bbox 3618 298 3729 356">
    <p class='ocr_par' dir='ltr' id='par_1_44' title="bbox 3618 298 3729 356">
     <span class='ocr_line' id='line_1_44' title="bbox 3618 298 3729 356; baseline -0.018 -1"><span class='ocrx_word' id='word_1_333' title='bbox 3618 298 3729 356; x_wconf 59' lang='lat' dir='ltr'><strong>I73</strong></span> 
     </span>
    </p>
   </div>
   <div class='ocr_carea' id='block_1_45' title="bbox 2133 400 3726 481">
    <p class='ocr_par' dir='ltr' id='par_1_45' title="bbox 2133 400 3726 481">
     <span class='ocr_line' id='line_1_45' title="bbox 2133 400 3726 481; baseline 0.004 -24"><span class='ocrx_word' id='word_1_334' title='bbox 2133 400 2359 460; x_wconf 82' lang='lat' dir='ltr'><strong>titudine</strong></span> <span class='ocrx_word' id='word_1_335' title='bbox 2376 403 2554 473; x_wconf 88' lang='lat' dir='ltr'><strong>lapsus</strong></span> <span class='ocrx_word' id='word_1_336' title='bbox 2570 413 2655 462; x_wconf 85' lang='lat' dir='ltr'><strong>est</strong></span> <span class='ocrx_word' id='word_1_337' title='bbox 2675 405 2717 473; x_wconf 74' lang='grc'>⁸,</span> <span class='ocrx_word' id='word_1_338' title='bbox 2734 405 2819 460; x_wconf 89' lang='lat' dir='ltr'><strong>cui</strong></span> <span class='ocrx_word' id='word_1_339' title='bbox 2841 418 3027 461; x_wconf 88' lang='lat' dir='ltr'><strong>omnes</strong></span> <span class='ocrx_word' id='word_1_340' title='bbox 3051 403 3175 460; x_wconf 86' lang='lat' dir='ltr'><strong>mali</strong></span> <span class='ocrx_word' id='word_1_341' title='bbox 3191 403 3506 477; x_wconf 82' lang='lat' dir='ltr'><strong>subjugandi</strong></span> <span class='ocrx_word' id='word_1_342' title='bbox 3525 417 3576 463; x_wconf 85' lang='lat' dir='ltr'><strong>et</strong></span> <span class='ocrx_word' id='word_1_343' title='bbox 3594 424 3726 481; x_wconf 71' lang='lat' dir='ltr'><strong>pre-</strong></span> 
     </span>
    </p>
   </div>
   <div class='ocr_carea' id='block_1_46' title="bbox 2131 495 3725 571">
    <p class='ocr_par' dir='ltr' id='par_1_46' title="bbox 2131 495 3725 571">
     <span class='ocr_line' id='line_1_46' title="bbox 2131 495 3725 571; baseline 0.007 -23"><span class='ocrx_word' id='word_1_344' title='bbox 2131 495 2332 560; x_wconf 91' lang='lat' dir='ltr'><strong>mendi,</strong></span> <span class='ocrx_word' id='word_1_345' title='bbox 2375 495 2551 557; x_wconf 88' lang='lat' dir='ltr'><strong>nullus</strong></span> <span class='ocrx_word' id='word_1_346' title='bbox 2577 505 2753 551; x_wconf 87' lang='lat' dir='ltr'><strong>autem</strong></span> <span class='ocrx_word' id='word_1_347' title='bbox 2798 496 2967 552; x_wconf 87' lang='lat' dir='ltr'><strong>bonus</strong></span> <span class='ocrx_word' id='word_1_348' title='bbox 3002 495 3104 551; x_wconf 90' lang='lat' dir='ltr'><strong>nisi</strong></span> <span class='ocrx_word' id='word_1_349' title='bbox 3130 497 3461 553; x_wconf 78' lang='lat' dir='ltr'><strong>exercendus</strong></span> <span class='ocrx_word' id='word_1_350' title='bbox 3490 501 3543 555; x_wconf 90' lang='lat' dir='ltr'><strong>in</strong></span> <span class='ocrx_word' id='word_1_351' title='bbox 3570 514 3725 571; x_wconf 81' lang='lat' dir='ltr'><strong>pote-</strong></span> 
     </span>
    </p>
   </div>
   <div class='ocr_carea' id='block_1_47' title="bbox 2129 586 3726 658">
    <p class='ocr_par' dir='ltr' id='par_1_47' title="bbox 2129 586 3726 658">
     <span class='ocr_line' id='line_1_47' title="bbox 2129 586 3726 658; baseline 0.004 -18"><span class='ocrx_word' id='word_1_352' title='bbox 2129 594 2322 640; x_wconf 88' lang='lat' dir='ltr'><strong>statem</strong></span> <span class='ocrx_word' id='word_1_353' title='bbox 2351 586 2538 653; x_wconf 87' lang='lat' dir='ltr'><strong>datur;</strong></span> <span class='ocrx_word' id='word_1_354' title='bbox 2571 587 2717 642; x_wconf 84' lang='lat' dir='ltr'><strong>nullo</strong></span> <span class='ocrx_word' id='word_1_355' title='bbox 2755 586 3030 643; x_wconf 88' lang='lat' dir='ltr'><strong>dubitante</strong></span> <span class='ocrx_word' id='word_1_356' title='bbox 3058 602 3164 641; x_wconf 88' lang='lat' dir='ltr'><strong>non</strong></span> <span class='ocrx_word' id='word_1_357' title='bbox 3199 598 3281 642; x_wconf 88' lang='lat' dir='ltr'><strong>est</strong></span> <span class='ocrx_word' id='word_1_358' title='bbox 3307 589 3599 658; x_wconf 89' lang='lat' dir='ltr'><strong>colendus;</strong></span> <span class='ocrx_word' id='word_1_359' title='bbox 3631 608 3726 647; x_wconf 78' lang='lat' dir='ltr'><strong>eu-</strong></span> 
     </span>
    </p>
   </div>
   <div class='ocr_carea' id='block_1_48' title="bbox 2126 668 3724 749">
    <p class='ocr_par' dir='ltr' id='par_1_48' title="bbox 2126 668 3724 749">
     <span class='ocr_line' id='line_1_48' title="bbox 2126 668 3724 749; baseline 0.007 -19"><span class='ocrx_word' id='word_1_360' title='bbox 2126 676 2216 747; x_wconf 87' lang='lat' dir='ltr'><strong>jns</strong></span> <span class='ocrx_word' id='word_1_361' title='bbox 2239 677 2421 733; x_wconf 78' lang='lat' dir='ltr'><strong>laetitia</strong></span> <span class='ocrx_word' id='word_1_362' title='bbox 2448 685 2730 734; x_wconf 88' lang='lat' dir='ltr'><strong>estnostra</strong></span> <span class='ocrx_word' id='word_1_363' title='bbox 2756 678 2969 735; x_wconf 86' lang='lat' dir='ltr'><strong>miseria</strong></span> <span class='ocrx_word' id='word_1_364' title='bbox 2988 687 3043 734; x_wconf 92' lang='lat' dir='ltr'><strong>et</strong></span> <span class='ocrx_word' id='word_1_365' title='bbox 3066 668 3218 749; x_wconf 88' lang='lat' dir='ltr'><strong>cujus</strong></span> <span class='ocrx_word' id='word_1_366' title='bbox 3234 678 3489 736; x_wconf 88' lang='lat' dir='ltr'><strong>damnum</strong></span> <span class='ocrx_word' id='word_1_367' title='bbox 3514 691 3597 738; x_wconf 85' lang='lat' dir='ltr'><strong>est</strong></span> <span class='ocrx_word' id='word_1_368' title='bbox 3620 697 3724 741; x_wconf 80' lang='lat' dir='ltr'><strong>no-</strong></span> 
     </span>
    </p>
   </div>
   <div class='ocr_carea' id='block_1_49' title="bbox 2133 768 2520 824">
    <p class='ocr_par' dir='ltr' id='par_1_49' title="bbox 2133 768 2520 824">
     <span class='ocr_line' id='line_1_49' title="bbox 2133 768 2520 824; baseline 0.003 -2"><span class='ocrx_word' id='word_1_369' title='bbox 2133 777 2243 824; x_wconf 88' lang='lat' dir='ltr'><strong>stra</strong></span> <span class='ocrx_word' id='word_1_370' title='bbox 2265 768 2520 824; x_wconf 85' lang='lat' dir='ltr'><strong>reversio.</strong></span> 
     </span>
    </p>
   </div>
   <div class='ocr_carea' id='block_1_50' title="bbox 2206 860 3723 931">
    <p class='ocr_par' dir='ltr' id='par_1_50' title="bbox 2206 860 3723 931">
     <span class='ocr_line' id='line_1_50' title="bbox 2206 860 3723 931; baseline 0.003 -17"><span class='ocrx_word' id='word_1_371' title='bbox 2206 861 2329 915; x_wconf 81' lang='grc'>115.</span> <span class='ocrx_word' id='word_1_372' title='bbox 2360 860 2566 929; x_wconf 81' lang='lat' dir='ltr'><strong>Religet</strong></span> <span class='ocrx_word' id='word_1_373' title='bbox 2582 864 2711 930; x_wconf 75' lang='lat' dir='ltr'><strong>ergo</strong></span> <span class='ocrx_word' id='word_1_374' title='bbox 2734 875 2834 916; x_wconf 89' lang='lat' dir='ltr'><strong>nos</strong></span> <span class='ocrx_word' id='word_1_375' title='bbox 2862 860 3051 930; x_wconf 88' lang='lat' dir='ltr'><strong>religio</strong></span> <span class='ocrx_word' id='word_1_376' title='bbox 3075 861 3164 916; x_wconf 93' lang='lat' dir='ltr'><strong>uni</strong></span> <span class='ocrx_word' id='word_1_377' title='bbox 3194 861 3545 931; x_wconf 88' lang='lat' dir='ltr'><strong>omnipotenti</strong></span> <span class='ocrx_word' id='word_1_378' title='bbox 3572 862 3723 930; x_wconf 82' lang='lat' dir='ltr'><strong>Deo;</strong></span> 
     </span>
    </p>
   </div>
   <div class='ocr_carea' id='block_1_51' title="bbox 2131 950 3725 1025">
    <p class='ocr_par' dir='ltr' id='par_1_51' title="bbox 2131 950 3725 1025">
     <span class='ocr_line' id='line_1_51' title="bbox 2131 950 3725 1025; baseline 0.004 -22"><span class='ocrx_word' id='word_1_379' title='bbox 2131 951 2253 1020; x_wconf 89' lang='lat' dir='ltr'><strong>quia</strong></span> <span class='ocrx_word' id='word_1_380' title='bbox 2291 950 2432 1006; x_wconf 84' lang='lat' dir='ltr'><strong>inter</strong></span> <span class='ocrx_word' id='word_1_381' title='bbox 2474 962 2706 1007; x_wconf 90' lang='lat' dir='ltr'><strong>mentem</strong></span> <span class='ocrx_word' id='word_1_382' title='bbox 2756 960 2992 1007; x_wconf 84' lang='lat' dir='ltr'><strong>nostram</strong></span> <span class='ocrx_word' id='word_1_383' title='bbox 3042 967 3147 1022; x_wconf 82' lang='lat' dir='ltr'><strong>qua</strong></span> <span class='ocrx_word' id='word_1_384' title='bbox 3187 953 3333 1007; x_wconf 87' lang='lat' dir='ltr'><strong>illum</strong></span> <span class='ocrx_word' id='word_1_385' title='bbox 3382 954 3725 1025; x_wconf 83' lang='lat' dir='ltr'><strong>intelligimus</strong></span> 
     </span>
    </p>
   </div>
   <div class='ocr_carea' id='block_1_52' title="bbox 2131 1040 3727 1114">
    <p class='ocr_par' dir='ltr' id='par_1_52' title="bbox 2131 1040 3727 1114">
     <span class='ocr_line' id='line_1_52' title="bbox 2131 1040 3727 1114; baseline 0.003 -19"><span class='ocrx_word' id='word_1_386' title='bbox 2131 1041 2363 1105; x_wconf 88' lang='lat' dir='ltr'><strong>Patrem,</strong></span> <span class='ocrx_word' id='word_1_387' title='bbox 2410 1051 2465 1096; x_wconf 91' lang='lat' dir='ltr'><strong>et</strong></span> <span class='ocrx_word' id='word_1_388' title='bbox 2494 1040 2795 1108; x_wconf 84' lang='lat' dir='ltr'><strong>veritatem,</strong></span> <span class='ocrx_word' id='word_1_389' title='bbox 2841 1042 2893 1096; x_wconf 91' lang='lat' dir='ltr'><strong>id</strong></span> <span class='ocrx_word' id='word_1_390' title='bbox 2936 1050 3020 1097; x_wconf 86' lang='lat' dir='ltr'><strong>est</strong></span> <span class='ocrx_word' id='word_1_391' title='bbox 3060 1043 3231 1098; x_wconf 90' lang='lat' dir='ltr'><strong>lucem</strong></span> <span class='ocrx_word' id='word_1_392' title='bbox 3282 1044 3585 1099; x_wconf 88' lang='lat' dir='ltr'><strong>interiorem</strong></span> <span class='ocrx_word' id='word_1_393' title='bbox 3631 1058 3727 1114; x_wconf 86' lang='lat' dir='ltr'><strong>per</strong></span> 
     </span>
    </p>
   </div>
   <div class='ocr_carea' id='block_1_53' title="bbox 2129 1132 3725 1203">
    <p class='ocr_par' dir='ltr' id='par_1_53' title="bbox 2129 1132 3725 1203">
     <span class='ocr_line' id='line_1_53' title="bbox 2129 1132 3725 1203; baseline 0.004 -18"><span class='ocrx_word' id='word_1_394' title='bbox 2129 1146 2290 1202; x_wconf 90' lang='lat' dir='ltr'><strong>quam</strong></span> <span class='ocrx_word' id='word_1_395' title='bbox 2331 1132 2479 1186; x_wconf 88' lang='lat' dir='ltr'><strong>illum</strong></span> <span class='ocrx_word' id='word_1_396' title='bbox 2534 1133 2893 1203; x_wconf 88' lang='lat' dir='ltr'><strong>intelligimus,</strong></span> <span class='ocrx_word' id='word_1_397' title='bbox 2926 1133 3070 1187; x_wconf 88' lang='lat' dir='ltr'><strong>nulla</strong></span> <span class='ocrx_word' id='word_1_398' title='bbox 3114 1133 3426 1203; x_wconf 87' lang='lat' dir='ltr'><strong>interposita</strong></span> <span class='ocrx_word' id='word_1_399' title='bbox 3474 1144 3725 1192; x_wconf 74' lang='lat' dir='ltr'><strong>creatura</strong></span> 
     </span>
    </p>
   </div>
   <div class='ocr_carea' id='block_1_54' title="bbox 2131 1223 3726 1294">
    <p class='ocr_par' dir='ltr' id='par_1_54' title="bbox 2131 1223 3726 1294">
     <span class='ocr_line' id='line_1_54' title="bbox 2131 1223 3726 1294; baseline 0.001 -16"><span class='ocrx_word' id='word_1_400' title='bbox 2131 1231 2234 1278; x_wconf 88' lang='lat' dir='ltr'><strong>est.</strong></span> <span class='ocrx_word' id='word_1_401' title='bbox 2264 1223 2440 1289; x_wconf 89' lang='lat' dir='ltr'><strong>Quare</strong></span> <span class='ocrx_word' id='word_1_402' title='bbox 2483 1223 2650 1292; x_wconf 90' lang='lat' dir='ltr'><strong>ipsam</strong></span> <span class='ocrx_word' id='word_1_403' title='bbox 2703 1239 2913 1293; x_wconf 90' lang='lat' dir='ltr'><strong>quoque</strong></span> <span class='ocrx_word' id='word_1_404' title='bbox 2956 1223 3246 1278; x_wconf 83' lang='lat' dir='ltr'><strong>Veritatem</strong></span> <span class='ocrx_word' id='word_1_405' title='bbox 3298 1224 3438 1278; x_wconf 89' lang='lat' dir='ltr'><strong>nulla</strong></span> <span class='ocrx_word' id='word_1_406' title='bbox 3470 1241 3533 1278; x_wconf 83' lang='lat' dir='ltr'><strong>ex</strong></span> <span class='ocrx_word' id='word_1_407' title='bbox 3574 1233 3726 1294; x_wconf 89' lang='lat' dir='ltr'><strong>parte</strong></span> 
     </span>
    </p>
   </div>
   <div class='ocr_carea' id='block_1_55' title="bbox 2133 1307 3725 1387">
    <p class='ocr_par' dir='ltr' id='par_1_55' title="bbox 2133 1307 3725 1387">
     <span class='ocr_line' id='line_1_55' title="bbox 2133 1307 3725 1387; baseline 0.002 -20"><span class='ocrx_word' id='word_1_408' title='bbox 2133 1313 2445 1368; x_wconf 86' lang='lat' dir='ltr'><strong>dissimilem</strong></span> <span class='ocrx_word' id='word_1_409' title='bbox 2477 1314 2528 1368; x_wconf 90' lang='lat' dir='ltr'><strong>in</strong></span> <span class='ocrx_word' id='word_1_410' title='bbox 2561 1315 2695 1383; x_wconf 90' lang='lat' dir='ltr'><strong>ipso,</strong></span> <span class='ocrx_word' id='word_1_411' title='bbox 2727 1324 2779 1369; x_wconf 91' lang='lat' dir='ltr'><strong>et</strong></span> <span class='ocrx_word' id='word_1_412' title='bbox 2805 1330 2927 1369; x_wconf 92' lang='lat' dir='ltr'><strong>cum</strong></span> <span class='ocrx_word' id='word_1_413' title='bbox 2959 1316 3073 1385; x_wconf 87' lang='lat' dir='ltr'><strong>ipso</strong></span> <span class='ocrx_word' id='word_1_414' title='bbox 3098 1330 3434 1381; x_wconf 86' lang='lat' dir='ltr'><strong>veneremur,</strong></span> <span class='ocrx_word' id='word_1_415' title='bbox 3465 1307 3583 1387; x_wconf 69' lang='lat' dir='ltr'><strong>qua:</strong></span> <span class='ocrx_word' id='word_1_416' title='bbox 3609 1316 3725 1370; x_wconf 87' lang='lat' dir='ltr'><strong>for—</strong></span> 
     </span>
    </p>
   </div>
   <div class='ocr_carea' id='block_1_56' title="bbox 2133 1405 3724 1473">
    <p class='ocr_par' dir='ltr' id='par_1_56' title="bbox 2133 1405 3724 1473">
     <span class='ocr_line' id='line_1_56' title="bbox 2133 1405 3724 1473; baseline 0.003 -17"><span class='ocrx_word' id='word_1_417' title='bbox 2133 1417 2218 1456; x_wconf 91' lang='lat' dir='ltr'><strong>ma</strong></span> <span class='ocrx_word' id='word_1_418' title='bbox 2247 1412 2330 1457; x_wconf 92' lang='lat' dir='ltr'><strong>est</strong></span> <span class='ocrx_word' id='word_1_419' title='bbox 2352 1405 2613 1466; x_wconf 89' lang='lat' dir='ltr'><strong>omnium,</strong></span> <span class='ocrx_word' id='word_1_420' title='bbox 2658 1420 2778 1473; x_wconf 70' lang='lat' dir='ltr'><strong>qua:</strong></span> <span class='ocrx_word' id='word_1_421' title='bbox 2817 1405 2884 1460; x_wconf 87' lang='lat' dir='ltr'><strong>ab</strong></span> <span class='ocrx_word' id='word_1_422' title='bbox 2914 1421 3021 1460; x_wconf 90' lang='lat' dir='ltr'><strong>uno</strong></span> <span class='ocrx_word' id='word_1_423' title='bbox 3051 1405 3187 1460; x_wconf 86' lang='lat' dir='ltr'><strong>facta</strong></span> <span class='ocrx_word' id='word_1_424' title='bbox 3219 1415 3363 1472; x_wconf 91' lang='lat' dir='ltr'><strong>sunt,</strong></span> <span class='ocrx_word' id='word_1_425' title='bbox 3391 1414 3448 1461; x_wconf 86' lang='lat' dir='ltr'><strong>et</strong></span> <span class='ocrx_word' id='word_1_426' title='bbox 3466 1406 3532 1460; x_wconf 89' lang='lat' dir='ltr'><strong>ad</strong></span> <span class='ocrx_word' id='word_1_427' title='bbox 3559 1422 3724 1471; x_wconf 79' lang='lat' dir='ltr'><strong>unum</strong></span> 
     </span>
    </p>
   </div>
   <div class='ocr_carea' id='block_1_57' title="bbox 2132 1482 3727 1565">
    <p class='ocr_par' dir='ltr' id='par_1_57' title="bbox 2132 1482 3727 1565">
     <span class='ocr_line' id='line_1_57' title="bbox 2132 1482 3727 1565; baseline 0.004 -19"><span class='ocrx_word' id='word_1_428' title='bbox 2132 1492 2389 1547; x_wconf 88' lang='lat' dir='ltr'><strong>nituntur.</strong></span> <span class='ocrx_word' id='word_1_429' title='bbox 2422 1492 2575 1548; x_wconf 88' lang='lat' dir='ltr'><strong>Unde</strong></span> <span class='ocrx_word' id='word_1_430' title='bbox 2595 1505 2814 1563; x_wconf 85' lang='lat' dir='ltr'><strong>apparet</strong></span> <span class='ocrx_word' id='word_1_431' title='bbox 2835 1495 3198 1565; x_wconf 84' lang='lat' dir='ltr'><strong>spiritualibns</strong></span> <span class='ocrx_word' id='word_1_432' title='bbox 3223 1482 3437 1562; x_wconf 66' lang='lat' dir='ltr'><strong>animis,</strong></span> <span class='ocrx_word' id='word_1_433' title='bbox 3463 1511 3560 1565; x_wconf 88' lang='lat' dir='ltr'><strong>per</strong></span> <span class='ocrx_word' id='word_1_434' title='bbox 3586 1496 3727 1553; x_wconf 74' lang='lat' dir='ltr'><strong>hanc</strong></span> 
     </span>
    </p>
   </div>
   <div class='ocr_carea' id='block_1_58' title="bbox 2131 1585 3724 1659">
    <p class='ocr_par' dir='ltr' id='par_1_58' title="bbox 2131 1585 3724 1659">
     <span class='ocr_line' id='line_1_58' title="bbox 2131 1585 3724 1659; baseline 0.002 -19"><span class='ocrx_word' id='word_1_435' title='bbox 2131 1585 2356 1640; x_wconf 88' lang='lat' dir='ltr'><strong>formam</strong></span> <span class='ocrx_word' id='word_1_436' title='bbox 2387 1601 2507 1641; x_wconf 76' lang='lat' dir='ltr'><strong>esse</strong></span> <span class='ocrx_word' id='word_1_437' title='bbox 2545 1586 2678 1641; x_wconf 86' lang='lat' dir='ltr'><strong>facta</strong></span> <span class='ocrx_word' id='word_1_438' title='bbox 2706 1588 2907 1655; x_wconf 90' lang='lat' dir='ltr'><strong>omnia,</strong></span> <span class='ocrx_word' id='word_1_439' title='bbox 2938 1604 3056 1657; x_wconf 66' lang='lat' dir='ltr'><strong>qum</strong></span> <span class='ocrx_word' id='word_1_440' title='bbox 3084 1589 3194 1642; x_wconf 88' lang='lat' dir='ltr'><strong>sola</strong></span> <span class='ocrx_word' id='word_1_441' title='bbox 3223 1589 3406 1658; x_wconf 87' lang='lat' dir='ltr'><strong>implet</strong></span> <span class='ocrx_word' id='word_1_442' title='bbox 3447 1589 3586 1659; x_wconf 85' lang='lat' dir='ltr'><strong>quod</strong></span> <span class='ocrx_word' id='word_1_443' title='bbox 3623 1605 3724 1658; x_wconf 80' lang='lat' dir='ltr'><strong>ap-</strong></span> 
     </span>
    </p>
   </div>
   <div class='ocr_carea' id='block_1_59' title="bbox 2132 1679 3726 1751">
    <p class='ocr_par' dir='ltr' id='par_1_59' title="bbox 2132 1679 3726 1751">
     <span class='ocr_line' id='line_1_59' title="bbox 2132 1679 3726 1751; baseline 0.002 -20"><span class='ocrx_word' id='word_1_444' title='bbox 2132 1688 2319 1748; x_wconf 89' lang='lat' dir='ltr'><strong>petunt</strong></span> <span class='ocrx_word' id='word_1_445' title='bbox 2342 1679 2541 1733; x_wconf 90' lang='lat' dir='ltr'><strong>omnia.</strong></span> <span class='ocrx_word' id='word_1_446' title='bbox 2564 1680 2692 1745; x_wconf 65' lang='lat' dir='ltr'><strong>Quae</strong></span> <span class='ocrx_word' id='word_1_447' title='bbox 2722 1689 2897 1734; x_wconf 89' lang='lat' dir='ltr'><strong>tamen</strong></span> <span class='ocrx_word' id='word_1_448' title='bbox 2929 1681 3108 1735; x_wconf 87' lang='lat' dir='ltr'><strong>omnia</strong></span> <span class='ocrx_word' id='word_1_449' title='bbox 3139 1696 3312 1751; x_wconf 89' lang='lat' dir='ltr'><strong>neque</strong></span> <span class='ocrx_word' id='word_1_450' title='bbox 3351 1682 3536 1736; x_wconf 87' lang='lat' dir='ltr'><strong>tierent</strong></span> <span class='ocrx_word' id='word_1_451' title='bbox 3563 1698 3591 1734; x_wconf 90' lang='lat' dir='ltr'><strong>a</strong></span> <span class='ocrx_word' id='word_1_452' title='bbox 3622 1682 3726 1735; x_wconf 85' lang='lat' dir='ltr'><strong>Pa-</strong></span> 
     </span>
    </p>
   </div>
   <div class='ocr_carea' id='block_1_60' title="bbox 2134 1768 3724 1840">
    <p class='ocr_par' dir='ltr' id='par_1_60' title="bbox 2134 1768 3724 1840">
     <span class='ocr_line' id='line_1_60' title="bbox 2134 1768 3724 1840; baseline 0.003 -18"><span class='ocrx_word' id='word_1_453' title='bbox 2134 1777 2213 1823; x_wconf 89' lang='lat' dir='ltr'><strong>tre</strong></span> <span class='ocrx_word' id='word_1_454' title='bbox 2234 1784 2331 1838; x_wconf 87' lang='lat' dir='ltr'><strong>per</strong></span> <span class='ocrx_word' id='word_1_455' title='bbox 2362 1768 2573 1834; x_wconf 83' lang='lat' dir='ltr'><strong>Filium,</strong></span> <span class='ocrx_word' id='word_1_456' title='bbox 2604 1785 2774 1840; x_wconf 88' lang='lat' dir='ltr'><strong>neque</strong></span> <span class='ocrx_word' id='word_1_457' title='bbox 2818 1770 2928 1824; x_wconf 81' lang='lat' dir='ltr'><strong>suis</strong></span> <span class='ocrx_word' id='word_1_458' title='bbox 2972 1771 3164 1826; x_wconf 80' lang='lat' dir='ltr'><strong>finibus</strong></span> <span class='ocrx_word' id='word_1_459' title='bbox 3208 1771 3350 1825; x_wconf 76' lang='lat' dir='ltr'><strong>salva</strong></span> <span class='ocrx_word' id='word_1_460' title='bbox 3400 1779 3598 1838; x_wconf 86' lang='lat' dir='ltr'><strong>essent,</strong></span> <span class='ocrx_word' id='word_1_461' title='bbox 3623 1772 3724 1827; x_wconf 75' lang='lat' dir='ltr'><strong>nisi</strong></span> 
     </span>
    </p>
   </div>
   <div class='ocr_carea' id='block_1_61' title="bbox 2132 1859 3726 1931">
    <p class='ocr_par' dir='ltr' id='par_1_61' title="bbox 2132 1859 3726 1931">
     <span class='ocr_line' id='line_1_61' title="bbox 2132 1859 3726 1931; baseline 0.002 -17"><span class='ocrx_word' id='word_1_462' title='bbox 2132 1859 2274 1914; x_wconf 89' lang='lat' dir='ltr'><strong>Deus</strong></span> <span class='ocrx_word' id='word_1_463' title='bbox 2294 1874 2501 1914; x_wconf 88' lang='lat' dir='ltr'><strong>summe</strong></span> <span class='ocrx_word' id='word_1_464' title='bbox 2529 1860 2698 1915; x_wconf 85' lang='lat' dir='ltr'><strong>bonus</strong></span> <span class='ocrx_word' id='word_1_465' title='bbox 2726 1871 2865 1915; x_wconf 90' lang='lat' dir='ltr'><strong>esset</strong></span> <span class='ocrx_word' id='word_1_466' title='bbox 2894 1878 2909 1914; x_wconf 87' lang='lat'><strong>:</strong></span> <span class='ocrx_word' id='word_1_467' title='bbox 2935 1862 3091 1930; x_wconf 89' lang='lat' dir='ltr'><strong>quiet</strong></span> <span class='ocrx_word' id='word_1_468' title='bbox 3114 1862 3241 1915; x_wconf 89' lang='lat' dir='ltr'><strong>nulli</strong></span> <span class='ocrx_word' id='word_1_469' title='bbox 3265 1868 3489 1925; x_wconf 55' lang='lat' dir='ltr'><strong>natura,</strong></span> <span class='ocrx_word' id='word_1_470' title='bbox 3514 1877 3633 1931; x_wconf 68' lang='lat' dir='ltr'><strong>quae</strong></span> <span class='ocrx_word' id='word_1_471' title='bbox 3655 1862 3726 1917; x_wconf 85' lang='lat' dir='ltr'><strong>ab</strong></span> 
     </span>
    </p>
   </div>
   <div class='ocr_carea' id='block_1_62' title="bbox 2134 1950 3724 2029">
    <p class='ocr_par' dir='ltr' id='par_1_62' title="bbox 2134 1950 3724 2029">
     <span class='ocr_line' id='line_1_62' title="bbox 2134 1950 3724 2029; baseline 0.004 -26"><span class='ocrx_word' id='word_1_472' title='bbox 2134 1950 2249 2019; x_wconf 90' lang='lat' dir='ltr'><strong>ipso</strong></span> <span class='ocrx_word' id='word_1_473' title='bbox 2274 1950 2421 2029; x_wconf 88' lang='lat' dir='ltr'><strong>bona</strong></span> <span class='ocrx_word' id='word_1_474' title='bbox 2455 1965 2577 2005; x_wconf 90' lang='lat' dir='ltr'><strong>esse</strong></span> <span class='ocrx_word' id='word_1_475' title='bbox 2621 1960 2819 2020; x_wconf 84' lang='lat' dir='ltr'><strong>posset,</strong></span> <span class='ocrx_word' id='word_1_476' title='bbox 2866 1951 3084 2017; x_wconf 76' lang='lat' dir='ltr'><strong>invidit;</strong></span> <span class='ocrx_word' id='word_1_477' title='bbox 3111 1961 3164 2007; x_wconf 92' lang='lat' dir='ltr'><strong>et</strong></span> <span class='ocrx_word' id='word_1_478' title='bbox 3192 1953 3244 2006; x_wconf 92' lang='lat' dir='ltr'><strong>in</strong></span> <span class='ocrx_word' id='word_1_479' title='bbox 3283 1953 3424 2007; x_wconf 92' lang='lat' dir='ltr'><strong>bono</strong></span> <span class='ocrx_word' id='word_1_480' title='bbox 3461 1951 3577 2022; x_wconf 89' lang='lat' dir='ltr'><strong>ipso</strong></span> <span class='ocrx_word' id='word_1_481' title='bbox 3618 1953 3724 2009; x_wconf 78' lang='lat' dir='ltr'><strong>alia</strong></span> 
     </span>
    </p>
   </div>
   <div class='ocr_carea' id='block_1_63' title="bbox 2133 2043 3727 2116">
    <p class='ocr_par' dir='ltr' id='par_1_63' title="bbox 2133 2043 3727 2116">
     <span class='ocr_line' id='line_1_63' title="bbox 2133 2043 3727 2116; baseline 0.003 -20"><span class='ocrx_word' id='word_1_482' title='bbox 2133 2054 2387 2112; x_wconf 84' lang='lat' dir='ltr'><strong>quantum</strong></span> <span class='ocrx_word' id='word_1_483' title='bbox 2410 2043 2628 2107; x_wconf 88' lang='lat' dir='ltr'><strong>vellent,</strong></span> <span class='ocrx_word' id='word_1_484' title='bbox 2659 2045 2760 2098; x_wconf 76' lang='lat' dir='ltr'><strong>alia</strong></span> <span class='ocrx_word' id='word_1_485' title='bbox 2808 2055 3060 2115; x_wconf 88' lang='lat' dir='ltr'><strong>quantum</strong></span> <span class='ocrx_word' id='word_1_486' title='bbox 3103 2058 3338 2116; x_wconf 89' lang='lat' dir='ltr'><strong>possent,</strong></span> <span class='ocrx_word' id='word_1_487' title='bbox 3368 2054 3424 2100; x_wconf 84' lang='lat' dir='ltr'><strong>ut</strong></span> <span class='ocrx_word' id='word_1_488' title='bbox 3447 2054 3727 2101; x_wconf 68' lang='lat' dir='ltr'><strong>manerent</strong></span> 
     </span>
    </p>
   </div>
   <div class='ocr_carea' id='block_1_64' title="bbox 2134 2133 3726 2207">
    <p class='ocr_par' dir='ltr' id='par_1_64' title="bbox 2134 2133 3726 2207">
     <span class='ocr_line' id='line_1_64' title="bbox 2134 2133 3726 2207; baseline 0.003 -19"><span class='ocrx_word' id='word_1_489' title='bbox 2134 2133 2298 2189; x_wconf 87' lang='lat' dir='ltr'><strong>dedit.</strong></span> <span class='ocrx_word' id='word_1_490' title='bbox 2329 2135 2503 2202; x_wconf 89' lang='lat' dir='ltr'><strong>Quare</strong></span> <span class='ocrx_word' id='word_1_491' title='bbox 2532 2135 2706 2207; x_wconf 83' lang='lat' dir='ltr'><strong>ipsum</strong></span> <span class='ocrx_word' id='word_1_492' title='bbox 2742 2137 2945 2189; x_wconf 89' lang='lat' dir='ltr'><strong>Donum</strong></span> <span class='ocrx_word' id='word_1_493' title='bbox 2995 2137 3090 2191; x_wconf 89' lang='lat' dir='ltr'><strong>Dei</strong></span> <span class='ocrx_word' id='word_1_494' title='bbox 3132 2152 3254 2191; x_wconf 86' lang='lat' dir='ltr'><strong>cum</strong></span> <span class='ocrx_word' id='word_1_495' title='bbox 3293 2137 3449 2192; x_wconf 82' lang='lat' dir='ltr'><strong>Patre</strong></span> <span class='ocrx_word' id='word_1_496' title='bbox 3486 2146 3542 2192; x_wconf 89' lang='lat' dir='ltr'><strong>et</strong></span> <span class='ocrx_word' id='word_1_497' title='bbox 3590 2136 3726 2192; x_wconf 83' lang='lat' dir='ltr'><strong>Filio</strong></span> 
     </span>
    </p>
   </div>
   <div class='ocr_carea' id='block_1_65' title="bbox 2134 2226 3720 2295">
    <p class='ocr_par' dir='ltr' id='par_1_65' title="bbox 2134 2226 3720 2295">
     <span class='ocr_line' id='line_1_65' title="bbox 2134 2226 3720 2295; baseline 0.003 -16"><span class='ocrx_word' id='word_1_498' title='bbox 2134 2240 2288 2295; x_wconf 71' lang='lat' dir='ltr'><strong>mque</strong></span> <span class='ocrx_word' id='word_1_499' title='bbox 2332 2226 2765 2282; x_wconf 88' lang='lat' dir='ltr'><strong>incommutabile</strong></span> <span class='ocrx_word' id='word_1_500' title='bbox 2808 2228 2983 2281; x_wconf 88' lang='lat' dir='ltr'><strong>colere</strong></span> <span class='ocrx_word' id='word_1_501' title='bbox 3017 2236 3072 2282; x_wconf 90' lang='lat' dir='ltr'><strong>et</strong></span> <span class='ocrx_word' id='word_1_502' title='bbox 3098 2235 3281 2282; x_wconf 89' lang='lat' dir='ltr'><strong>tenere</strong></span> <span class='ocrx_word' id='word_1_503' title='bbox 3312 2243 3409 2281; x_wconf 92' lang='lat' dir='ltr'><strong>nos</strong></span> <span class='ocrx_word' id='word_1_504' title='bbox 3428 2229 3720 2284; x_wconf 77' lang='lat' dir='ltr'><strong>convenit:</strong></span> 
     </span>
    </p>
   </div>
   <div class='ocr_carea' id='block_1_66' title="bbox 2134 2314 3724 2388">
    <p class='ocr_par' dir='ltr' id='par_1_66' title="bbox 2134 2314 3724 2388">
     <span class='ocr_line' id='line_1_66' title="bbox 2134 2314 3724 2388; baseline 0.001 -17"><span class='ocrx_word' id='word_1_505' title='bbox 2134 2317 2295 2371; x_wconf 87' lang='lat' dir='ltr'><strong>unius</strong></span> <span class='ocrx_word' id='word_1_506' title='bbox 2323 2317 2631 2371; x_wconf 74' lang='lat' dir='ltr'><strong>substantia:</strong></span> <span class='ocrx_word' id='word_1_507' title='bbox 2658 2317 2995 2384; x_wconf 86' lang='lat' dir='ltr'><strong>Trinitatem,</strong></span> <span class='ocrx_word' id='word_1_508' title='bbox 3044 2314 3215 2372; x_wconf 65' lang='lat' dir='ltr'><strong>unnm&#39;</strong></span> <span class='ocrx_word' id='word_1_509' title='bbox 3250 2319 3412 2372; x_wconf 89' lang='lat' dir='ltr'><strong>Deum</strong></span> <span class='ocrx_word' id='word_1_510' title='bbox 3439 2333 3469 2372; x_wconf 90' lang='lat' dir='ltr'><strong>a</strong></span> <span class='ocrx_word' id='word_1_511' title='bbox 3495 2333 3602 2388; x_wconf 87' lang='lat' dir='ltr'><strong>quo</strong></span> <span class='ocrx_word' id='word_1_512' title='bbox 3627 2333 3724 2373; x_wconf 69' lang='lat' dir='ltr'><strong>su»</strong></span> 
     </span>
    </p>
   </div>
   <div class='ocr_carea' id='block_1_67' title="bbox 2136 2410 3728 2481">
    <p class='ocr_par' dir='ltr' id='par_1_67' title="bbox 2136 2410 3728 2481">
     <span class='ocr_line' id='line_1_67' title="bbox 2136 2410 3728 2481; baseline 0.001 -18"><span class='ocrx_word' id='word_1_513' title='bbox 2136 2423 2273 2473; x_wconf 88' lang='lat' dir='ltr'><strong>mus,</strong></span> <span class='ocrx_word' id='word_1_514' title='bbox 2306 2424 2401 2479; x_wconf 91' lang='lat' dir='ltr'><strong>per</strong></span> <span class='ocrx_word' id='word_1_515' title='bbox 2445 2423 2601 2479; x_wconf 86' lang='lat' dir='ltr'><strong>quem</strong></span> <span class='ocrx_word' id='word_1_516' title='bbox 2632 2424 2835 2475; x_wconf 89' lang='lat' dir='ltr'><strong>sumus,</strong></span> <span class='ocrx_word' id='word_1_517' title='bbox 2869 2414 2917 2464; x_wconf 93' lang='lat' dir='ltr'><strong>in</strong></span> <span class='ocrx_word' id='word_1_518' title='bbox 2949 2426 3053 2480; x_wconf 89' lang='lat' dir='ltr'><strong>quo</strong></span> <span class='ocrx_word' id='word_1_519' title='bbox 3068 2425 3253 2465; x_wconf 89' lang='lat' dir='ltr'><strong>sumus</strong></span> <span class='ocrx_word' id='word_1_520' title='bbox 3286 2428 3299 2464; x_wconf 93' lang='lat'><strong>:</strong></span> <span class='ocrx_word' id='word_1_521' title='bbox 3326 2426 3355 2464; x_wconf 90' lang='lat' dir='ltr'><strong>a</strong></span> <span class='ocrx_word' id='word_1_522' title='bbox 3381 2425 3487 2481; x_wconf 89' lang='lat' dir='ltr'><strong>quo</strong></span> <span class='ocrx_word' id='word_1_523' title='bbox 3521 2410 3728 2464; x_wconf 84' lang='lat' dir='ltr'><strong>disces-</strong></span> 
     </span>
    </p>
   </div>
   <div class='ocr_carea' id='block_1_68' title="bbox 2136 2499 3727 2571">
    <p class='ocr_par' dir='ltr' id='par_1_68' title="bbox 2136 2499 3727 2571">
     <span class='ocr_line' id='line_1_68' title="bbox 2136 2499 3727 2571; baseline -0.001 -17"><span class='ocrx_word' id='word_1_524' title='bbox 2136 2500 2323 2565; x_wconf 90' lang='lat' dir='ltr'><strong>simus,</strong></span> <span class='ocrx_word' id='word_1_525' title='bbox 2369 2500 2450 2553; x_wconf 92' lang='lat' dir='ltr'><strong>cui</strong></span> <span class='ocrx_word' id='word_1_526' title='bbox 2499 2499 2783 2555; x_wconf 80' lang='lat' dir='ltr'><strong>dissimiles</strong></span> <span class='ocrx_word' id='word_1_527' title='bbox 2820 2499 2941 2554; x_wconf 90' lang='lat' dir='ltr'><strong>facti</strong></span> <span class='ocrx_word' id='word_1_528' title='bbox 2973 2515 3176 2567; x_wconf 88' lang='lat' dir='ltr'><strong>sumus,</strong></span> <span class='ocrx_word' id='word_1_529' title='bbox 3212 2517 3240 2554; x_wconf 85' lang='lat' dir='ltr'><strong>a</strong></span> <span class='ocrx_word' id='word_1_530' title='bbox 3284 2516 3388 2570; x_wconf 89' lang='lat' dir='ltr'><strong>quo</strong></span> <span class='ocrx_word' id='word_1_531' title='bbox 3418 2502 3592 2571; x_wconf 91' lang='lat' dir='ltr'><strong>perire</strong></span> <span class='ocrx_word' id='word_1_532' title='bbox 3621 2516 3727 2554; x_wconf 88' lang='lat' dir='ltr'><strong>non</strong></span> 
     </span>
    </p>
   </div>
   <div class='ocr_carea' id='block_1_69' title="bbox 2138 2590 3732 2662">
    <p class='ocr_par' dir='ltr' id='par_1_69' title="bbox 2138 2590 3732 2662">
     <span class='ocr_line' id='line_1_69' title="bbox 2138 2590 3732 2662; baseline 0 -17"><span class='ocrx_word' id='word_1_533' title='bbox 2138 2590 2380 2659; x_wconf 86' lang='lat' dir='ltr'><strong>permissi</strong></span> <span class='ocrx_word' id='word_1_534' title='bbox 2419 2605 2603 2645; x_wconf 90' lang='lat' dir='ltr'><strong>sumus</strong></span> <span class='ocrx_word' id='word_1_535' title='bbox 2633 2608 2647 2644; x_wconf 88' lang='lat'>:</span> <span class='ocrx_word' id='word_1_536' title='bbox 2682 2592 2997 2662; x_wconf 88' lang='lat' dir='ltr'><strong>principium</strong></span> <span class='ocrx_word' id='word_1_537' title='bbox 3028 2592 3093 2647; x_wconf 89' lang='lat' dir='ltr'><strong>ad</strong></span> <span class='ocrx_word' id='word_1_538' title='bbox 3123 2591 3263 2662; x_wconf 89' lang='lat' dir='ltr'><strong>quod</strong></span> <span class='ocrx_word' id='word_1_539' title='bbox 3305 2594 3646 2655; x_wconf 90' lang='lat' dir='ltr'><strong>recurrimus,</strong></span> <span class='ocrx_word' id='word_1_540' title='bbox 3675 2600 3732 2645; x_wconf 84' lang='lat' dir='ltr'><strong>et</strong></span> 
     </span>
    </p>
   </div>
   <div class='ocr_carea' id='block_1_70' title="bbox 2137 2682 3731 2755">
    <p class='ocr_par' dir='ltr' id='par_1_70' title="bbox 2137 2682 3731 2755">
     <span class='ocr_line' id='line_1_70' title="bbox 2137 2682 3731 2755; baseline 0.001 -19"><span class='ocrx_word' id='word_1_541' title='bbox 2137 2682 2361 2736; x_wconf 81' lang='lat' dir='ltr'><strong>formam</strong></span> <span class='ocrx_word' id='word_1_542' title='bbox 2401 2698 2559 2752; x_wconf 89' lang='lat' dir='ltr'><strong>quam</strong></span> <span class='ocrx_word' id='word_1_543' title='bbox 2601 2685 2895 2753; x_wconf 87' lang='lat' dir='ltr'><strong>sequimur,</strong></span> <span class='ocrx_word' id='word_1_544' title='bbox 2938 2693 2993 2739; x_wconf 90' lang='lat' dir='ltr'><strong>et</strong></span> <span class='ocrx_word' id='word_1_545' title='bbox 3039 2684 3260 2755; x_wconf 89' lang='lat' dir='ltr'><strong>gratiam</strong></span> <span class='ocrx_word' id='word_1_546' title='bbox 3289 2700 3392 2755; x_wconf 90' lang='lat' dir='ltr'><strong>qua</strong></span> <span class='ocrx_word' id='word_1_547' title='bbox 3421 2685 3731 2739; x_wconf 84' lang='lat' dir='ltr'><strong>reconcilia-</strong></span> 
     </span>
    </p>
   </div>
   <div class='ocr_carea' id='block_1_71' title="bbox 2138 2774 3730 2845">
    <p class='ocr_par' dir='ltr' id='par_1_71' title="bbox 2138 2774 3730 2845">
     <span class='ocr_line' id='line_1_71' title="bbox 2138 2774 3730 2845; baseline 0.003 -19"><span class='ocrx_word' id='word_1_548' title='bbox 2138 2787 2259 2827; x_wconf 90' lang='lat' dir='ltr'><strong>mnr</strong></span> <span class='ocrx_word' id='word_1_549' title='bbox 2287 2789 2301 2824; x_wconf 89' lang='lat'><strong>:</strong></span> <span class='ocrx_word' id='word_1_550' title='bbox 2336 2789 2496 2827; x_wconf 90' lang='lat' dir='ltr'><strong>unum</strong></span> <span class='ocrx_word' id='word_1_551' title='bbox 2528 2774 2691 2829; x_wconf 87' lang='lat' dir='ltr'><strong>Deum</strong></span> <span class='ocrx_word' id='word_1_552' title='bbox 2724 2791 2830 2845; x_wconf 87' lang='lat' dir='ltr'><strong>quo</strong></span> <span class='ocrx_word' id='word_1_553' title='bbox 2854 2784 3071 2831; x_wconf 89' lang='lat' dir='ltr'><strong>auctore</strong></span> <span class='ocrx_word' id='word_1_554' title='bbox 3101 2776 3299 2831; x_wconf 82' lang='lat' dir='ltr'><strong>conditi</strong></span> <span class='ocrx_word' id='word_1_555' title='bbox 3342 2791 3545 2841; x_wconf 90' lang='lat' dir='ltr'><strong>sumus,</strong></span> <span class='ocrx_word' id='word_1_556' title='bbox 3574 2784 3629 2833; x_wconf 90' lang='lat' dir='ltr'><strong>et</strong></span> <span class='ocrx_word' id='word_1_557' title='bbox 3654 2776 3730 2831; x_wconf 84' lang='lat' dir='ltr'><strong>si-</strong></span> 
     </span>
    </p>
   </div>
   <div class='ocr_carea' id='block_1_72' title="bbox 2138 2864 3732 2937">
    <p class='ocr_par' dir='ltr' id='par_1_72' title="bbox 2138 2864 3732 2937">
     <span class='ocr_line' id='line_1_72' title="bbox 2138 2864 3732 2937; baseline 0.003 -18"><span class='ocrx_word' id='word_1_558' title='bbox 2138 2864 2487 2920; x_wconf 88' lang='lat' dir='ltr'><strong>militudiuem</strong></span> <span class='ocrx_word' id='word_1_559' title='bbox 2531 2866 2646 2936; x_wconf 89' lang='lat' dir='ltr'><strong>ejus</strong></span> <span class='ocrx_word' id='word_1_560' title='bbox 2685 2882 2783 2937; x_wconf 88' lang='lat' dir='ltr'><strong>per</strong></span> <span class='ocrx_word' id='word_1_561' title='bbox 2823 2884 2978 2937; x_wconf 88' lang='lat' dir='ltr'><strong>quam</strong></span> <span class='ocrx_word' id='word_1_562' title='bbox 3000 2869 3064 2922; x_wconf 87' lang='lat' dir='ltr'><strong>ad</strong></span> <span class='ocrx_word' id='word_1_563' title='bbox 3094 2869 3345 2923; x_wconf 87' lang='lat' dir='ltr'><strong>unitatem</strong></span> <span class='ocrx_word' id='word_1_564' title='bbox 3374 2867 3662 2923; x_wconf 85' lang='lat' dir='ltr'><strong>formamnr</strong></span> <span class='ocrx_word' id='word_1_565' title='bbox 3683 2870 3732 2936; x_wconf 78' lang='grc'>³,</span> 
     </span>
    </p>
   </div>
   <div class='ocr_carea' id='block_1_73' title="bbox 2136 2959 3729 3029">
    <p class='ocr_par' dir='ltr' id='par_1_73' title="bbox 2136 2959 3729 3029">
     <span class='ocr_line' id='line_1_73' title="bbox 2136 2959 3729 3029; baseline 0.003 -20"><span class='ocrx_word' id='word_1_566' title='bbox 2136 2965 2191 3009; x_wconf 92' lang='lat' dir='ltr'><strong>et</strong></span> <span class='ocrx_word' id='word_1_567' title='bbox 2233 2971 2415 3025; x_wconf 89' lang='lat' dir='ltr'><strong>pacem</strong></span> <span class='ocrx_word' id='word_1_568' title='bbox 2458 2972 2562 3028; x_wconf 90' lang='lat' dir='ltr'><strong>qua</strong></span> <span class='ocrx_word' id='word_1_569' title='bbox 2615 2959 2801 3012; x_wconf 92' lang='lat' dir='ltr'><strong>unitati</strong></span> <span class='ocrx_word' id='word_1_570' title='bbox 2849 2959 3230 3014; x_wconf 71' lang='lat' dir='ltr'><strong>adlueremus:</strong></span> <span class='ocrx_word' id='word_1_571' title='bbox 3265 2960 3429 3013; x_wconf 90' lang='lat' dir='ltr'><strong>Deum</strong></span> <span class='ocrx_word' id='word_1_572' title='bbox 3458 2960 3547 3029; x_wconf 88' lang='lat' dir='ltr'><strong>qui</strong></span> <span class='ocrx_word' id='word_1_573' title='bbox 3577 2959 3729 3026; x_wconf 76' lang='lat' dir='ltr'><strong>dixit,</strong></span> 
     </span>
    </p>
   </div>
   <div class='ocr_carea' id='block_1_74' title="bbox 2140 3046 3735 3121">
    <p class='ocr_par' dir='ltr' id='par_1_74' title="bbox 2140 3046 3735 3121">
     <span class='ocr_line' id='line_1_74' title="bbox 2140 3046 3735 3121; baseline 0.004 -21"><span class='ocrx_word' id='word_1_574' title='bbox 2140 3046 2261 3101; x_wconf 82' lang='lat' dir='ltr'><strong>Fiat</strong></span> <span class='ocrx_word' id='word_1_575' title='bbox 2289 3046 2457 3121; x_wconf 84' lang='lat' dir='ltr'><strong>(Gen.</strong></span> <span class='ocrx_word' id='word_1_576' title='bbox 2488 3065 2503 3103; x_wconf 91' lang='grc' dir='ltr'><strong>ι</strong></span> <span class='ocrx_word' id='word_1_577' title='bbox 2532 3047 2586 3121; x_wconf 88' lang='grc'><strong>);</strong></span> <span class='ocrx_word' id='word_1_578' title='bbox 2616 3059 2672 3105; x_wconf 90' lang='lat' dir='ltr'><strong>et</strong></span> <span class='ocrx_word' id='word_1_579' title='bbox 2688 3050 2918 3105; x_wconf 85' lang='lat' dir='ltr'><strong>Verbum</strong></span> <span class='ocrx_word' id='word_1_580' title='bbox 2949 3066 3042 3120; x_wconf 90' lang='lat' dir='ltr'><strong>per</strong></span> <span class='ocrx_word' id='word_1_581' title='bbox 3081 3050 3221 3120; x_wconf 87' lang='lat' dir='ltr'><strong>quod</strong></span> <span class='ocrx_word' id='word_1_582' title='bbox 3252 3049 3444 3104; x_wconf 89' lang='lat' dir='ltr'><strong>factum</strong></span> <span class='ocrx_word' id='word_1_583' title='bbox 3471 3061 3735 3107; x_wconf 73' lang='lat' dir='ltr'><strong>cstomle</strong></span> 
     </span>
    </p>
   </div>
   <div class='ocr_carea' id='block_1_75' title="bbox 2139 3140 3733 3209">
    <p class='ocr_par' dir='ltr' id='par_1_75' title="bbox 2139 3140 3733 3209">
     <span class='ocr_line' id='line_1_75' title="bbox 2139 3140 3733 3209; baseline 0.003 -17"><span class='ocrx_word' id='word_1_584' title='bbox 2139 3140 2278 3209; x_wconf 91' lang='lat' dir='ltr'><strong>quod</strong></span> <span class='ocrx_word' id='word_1_585' title='bbox 2314 3141 2733 3197; x_wconf 81' lang='lat' dir='ltr'><strong>substantialiter</strong></span> <span class='ocrx_word' id='word_1_586' title='bbox 2756 3153 2810 3197; x_wconf 90' lang='lat' dir='ltr'><strong>et</strong></span> <span class='ocrx_word' id='word_1_587' title='bbox 2838 3141 3150 3197; x_wconf 85' lang='lat' dir='ltr'><strong>naturaliter</strong></span> <span class='ocrx_word' id='word_1_588' title='bbox 3178 3142 3375 3197; x_wconf 85' lang='lat' dir='ltr'><strong>factum</strong></span> <span class='ocrx_word' id='word_1_589' title='bbox 3399 3150 3509 3207; x_wconf 74' lang='lat' dir='ltr'><strong>est;</strong></span> <span class='ocrx_word' id='word_1_590' title='bbox 3538 3155 3591 3197; x_wconf 81' lang='lat' dir='ltr'><strong>et</strong></span> <span class='ocrx_word' id='word_1_591' title='bbox 3630 3142 3733 3196; x_wconf 85' lang='lat' dir='ltr'><strong>Do-</strong></span> 
     </span>
    </p>
   </div>
   <div class='ocr_carea' id='block_1_76' title="bbox 2140 3232 3734 3303">
    <p class='ocr_par' dir='ltr' id='par_1_76' title="bbox 2140 3232 3734 3303">
     <span class='ocr_line' id='line_1_76' title="bbox 2140 3232 3734 3303; baseline 0.001 -18"><span class='ocrx_word' id='word_1_592' title='bbox 2140 3247 2268 3286; x_wconf 92' lang='lat' dir='ltr'><strong>num</strong></span> <span class='ocrx_word' id='word_1_593' title='bbox 2288 3232 2629 3303; x_wconf 88' lang='lat' dir='ltr'><strong>benignitatis</strong></span> <span class='ocrx_word' id='word_1_594' title='bbox 2672 3233 2809 3302; x_wconf 87' lang='lat' dir='ltr'><strong>ejus,</strong></span> <span class='ocrx_word' id='word_1_595' title='bbox 2849 3249 2955 3303; x_wconf 91' lang='lat' dir='ltr'><strong>quo</strong></span> <span class='ocrx_word' id='word_1_596' title='bbox 2981 3233 3177 3303; x_wconf 75' lang='lat' dir='ltr'><strong>placuit</strong></span> <span class='ocrx_word' id='word_1_597' title='bbox 3201 3242 3254 3288; x_wconf 92' lang='lat' dir='ltr'><strong>et</strong></span> <span class='ocrx_word' id='word_1_598' title='bbox 3292 3233 3624 3288; x_wconf 90' lang='lat' dir='ltr'><strong>conciliatum</strong></span> <span class='ocrx_word' id='word_1_599' title='bbox 3650 3239 3734 3287; x_wconf 83' lang='lat' dir='ltr'><strong>est</strong></span> 
     </span>
    </p>
   </div>
   <div class='ocr_carea' id='block_1_77' title="bbox 2139 3324 3733 3395">
    <p class='ocr_par' dir='ltr' id='par_1_77' title="bbox 2139 3324 3733 3395">
     <span class='ocr_line' id='line_1_77' title="bbox 2139 3324 3733 3395; baseline 0.001 -18"><span class='ocrx_word' id='word_1_600' title='bbox 2139 3324 2341 3378; x_wconf 89' lang='lat' dir='ltr'><strong>auctori</strong></span> <span class='ocrx_word' id='word_1_601' title='bbox 2365 3338 2484 3390; x_wconf 90' lang='lat' dir='ltr'><strong>suo,</strong></span> <span class='ocrx_word' id='word_1_602' title='bbox 2513 3334 2571 3379; x_wconf 92' lang='lat' dir='ltr'><strong>ut</strong></span> <span class='ocrx_word' id='word_1_603' title='bbox 2606 3339 2711 3379; x_wconf 89' lang='lat' dir='ltr'><strong>non</strong></span> <span class='ocrx_word' id='word_1_604' title='bbox 2745 3326 2987 3380; x_wconf 87' lang='lat' dir='ltr'><strong>interiret</strong></span> <span class='ocrx_word' id='word_1_605' title='bbox 3010 3325 3264 3395; x_wconf 90' lang='lat' dir='ltr'><strong>quidquid</strong></span> <span class='ocrx_word' id='word_1_606' title='bbox 3289 3326 3357 3380; x_wconf 89' lang='lat' dir='ltr'><strong>ab</strong></span> <span class='ocrx_word' id='word_1_607' title='bbox 3381 3340 3446 3381; x_wconf 92' lang='lat' dir='ltr'><strong>eo</strong></span> <span class='ocrx_word' id='word_1_608' title='bbox 3477 3340 3572 3395; x_wconf 89' lang='lat' dir='ltr'><strong>per</strong></span> <span class='ocrx_word' id='word_1_609' title='bbox 3597 3324 3733 3379; x_wconf 80' lang='lat' dir='ltr'><strong>Ver-</strong></span> 
     </span>
    </p>
   </div>
   <div class='ocr_carea' id='block_1_78' title="bbox 2140 3413 3730 3485">
    <p class='ocr_par' dir='ltr' id='par_1_78' title="bbox 2140 3413 3730 3485">
     <span class='ocr_line' id='line_1_78' title="bbox 2140 3413 3730 3485; baseline 0 -16"><span class='ocrx_word' id='word_1_610' title='bbox 2140 3414 2268 3470; x_wconf 89' lang='lat' dir='ltr'><strong>bum</strong></span> <span class='ocrx_word' id='word_1_611' title='bbox 2309 3413 2504 3469; x_wconf 91' lang='lat' dir='ltr'><strong>factum</strong></span> <span class='ocrx_word' id='word_1_612' title='bbox 2542 3424 2627 3471; x_wconf 90' lang='lat' dir='ltr'><strong>est</strong></span> <span class='ocrx_word' id='word_1_613' title='bbox 2658 3434 2671 3469; x_wconf 91' lang='lat'><strong>:</strong></span> <span class='ocrx_word' id='word_1_614' title='bbox 2702 3430 2863 3470; x_wconf 89' lang='lat' dir='ltr'><strong>unum</strong></span> <span class='ocrx_word' id='word_1_615' title='bbox 2893 3416 3056 3470; x_wconf 90' lang='lat' dir='ltr'><strong>Deum</strong></span> <span class='ocrx_word' id='word_1_616' title='bbox 3083 3431 3188 3485; x_wconf 83' lang='lat' dir='ltr'><strong>quo</strong></span> <span class='ocrx_word' id='word_1_617' title='bbox 3213 3425 3455 3472; x_wconf 89' lang='lat' dir='ltr'><strong>creatore</strong></span> <span class='ocrx_word' id='word_1_618' title='bbox 3483 3415 3730 3483; x_wconf 90' lang='lat' dir='ltr'><strong>vivimus,</strong></span> 
     </span>
    </p>
   </div>
   <div class='ocr_carea' id='block_1_79' title="bbox 2142 3504 3737 3578">
    <p class='ocr_par' dir='ltr' id='par_1_79' title="bbox 2142 3504 3737 3578">
     <span class='ocr_line' id='line_1_79' title="bbox 2142 3504 3737 3578; baseline -0.001 -18"><span class='ocrx_word' id='word_1_619' title='bbox 2142 3520 2238 3576; x_wconf 88' lang='lat' dir='ltr'><strong>per</strong></span> <span class='ocrx_word' id='word_1_620' title='bbox 2260 3520 2418 3576; x_wconf 91' lang='lat' dir='ltr'><strong>quem</strong></span> <span class='ocrx_word' id='word_1_621' title='bbox 2459 3504 2733 3561; x_wconf 84' lang='lat' dir='ltr'><strong>reformati</strong></span> <span class='ocrx_word' id='word_1_622' title='bbox 2763 3505 3031 3575; x_wconf 89' lang='lat' dir='ltr'><strong>sapienter</strong></span> <span class='ocrx_word' id='word_1_623' title='bbox 3055 3505 3301 3573; x_wconf 86' lang='lat' dir='ltr'><strong>vivimus,</strong></span> <span class='ocrx_word' id='word_1_624' title='bbox 3324 3522 3481 3577; x_wconf 88' lang='lat' dir='ltr'><strong>quem</strong></span> <span class='ocrx_word' id='word_1_625' title='bbox 3511 3506 3737 3578; x_wconf 83' lang='lat' dir='ltr'><strong>diligen-</strong></span> 
     </span>
    </p>
   </div>
   <div class='ocr_carea' id='block_1_80' title="bbox 2141 3598 3736 3668">
    <p class='ocr_par' dir='ltr' id='par_1_80' title="bbox 2141 3598 3736 3668">
     <span class='ocr_line' id='line_1_80' title="bbox 2141 3598 3736 3668; baseline 0.001 -17"><span class='ocrx_word' id='word_1_626' title='bbox 2141 3606 2223 3653; x_wconf 89' lang='lat' dir='ltr'><strong>tes</strong></span> <span class='ocrx_word' id='word_1_627' title='bbox 2268 3606 2324 3652; x_wconf 87' lang='lat' dir='ltr'><strong>et</strong></span> <span class='ocrx_word' id='word_1_628' title='bbox 2364 3612 2470 3668; x_wconf 91' lang='lat' dir='ltr'><strong>quo</strong></span> <span class='ocrx_word' id='word_1_629' title='bbox 2509 3598 2744 3654; x_wconf 89' lang='lat' dir='ltr'><strong>fruentes</strong></span> <span class='ocrx_word' id='word_1_630' title='bbox 2759 3599 2913 3653; x_wconf 87' lang='lat' dir='ltr'><strong>beate</strong></span> <span class='ocrx_word' id='word_1_631' title='bbox 2961 3600 3183 3652; x_wconf 83' lang='lat' dir='ltr'><strong>vivimus</strong></span> <span class='ocrx_word' id='word_1_632' title='bbox 3214 3616 3229 3654; x_wconf 91' lang='lat'><strong>:</strong></span> <span class='ocrx_word' id='word_1_633' title='bbox 3260 3614 3423 3652; x_wconf 91' lang='lat' dir='ltr'><strong>unum</strong></span> <span class='ocrx_word' id='word_1_634' title='bbox 3475 3599 3638 3652; x_wconf 89' lang='lat' dir='ltr'><strong>Deum</strong></span> <span class='ocrx_word' id='word_1_635' title='bbox 3666 3611 3736 3652; x_wconf 80' lang='lat' dir='ltr'><strong>ex</strong></span> 
     </span>
    </p>
   </div>
   <div class='ocr_carea' id='block_1_81' title="bbox 2139 3689 3737 3761">
    <p class='ocr_par' dir='ltr' id='par_1_81' title="bbox 2139 3689 3737 3761">
     <span class='ocr_line' id='line_1_81' title="bbox 2139 3689 3737 3761; baseline 0 -18"><span class='ocrx_word' id='word_1_636' title='bbox 2139 3704 2247 3760; x_wconf 94' lang='lat' dir='ltr'><strong>quo</strong></span> <span class='ocrx_word' id='word_1_637' title='bbox 2267 3690 2467 3756; x_wconf 88' lang='lat' dir='ltr'><strong>omnia,</strong></span> <span class='ocrx_word' id='word_1_638' title='bbox 2505 3706 2599 3760; x_wconf 87' lang='lat' dir='ltr'><strong>per</strong></span> <span class='ocrx_word' id='word_1_639' title='bbox 2633 3705 2790 3761; x_wconf 84' lang='lat' dir='ltr'><strong>quem</strong></span> <span class='ocrx_word' id='word_1_640' title='bbox 2817 3692 3017 3755; x_wconf 89' lang='lat' dir='ltr'><strong>omnia,</strong></span> <span class='ocrx_word' id='word_1_641' title='bbox 3042 3692 3094 3744; x_wconf 92' lang='lat' dir='ltr'><strong>in</strong></span> <span class='ocrx_word' id='word_1_642' title='bbox 3125 3705 3232 3760; x_wconf 90' lang='lat' dir='ltr'><strong>quo</strong></span> <span class='ocrx_word' id='word_1_643' title='bbox 3260 3691 3460 3756; x_wconf 88' lang='lat' dir='ltr'><strong>omnia,</strong></span> <span class='ocrx_word' id='word_1_644' title='bbox 3494 3690 3591 3760; x_wconf 91' lang='lat' dir='ltr'><strong>ipsi</strong></span> <span class='ocrx_word' id='word_1_645' title='bbox 3615 3689 3737 3760; x_wconf 86' lang='lat' dir='ltr'><strong>glo-</strong></span> 
     </span>
    </p>
   </div>
   <div class='ocr_carea' id='block_1_82' title="bbox 2141 3780 3577 3854">
    <p class='ocr_par' dir='ltr' id='par_1_82' title="bbox 2141 3780 3577 3854">
     <span class='ocr_line' id='line_1_82' title="bbox 2141 3780 3577 3854; baseline -0.001 -18"><span class='ocrx_word' id='word_1_646' title='bbox 2141 3781 2221 3836; x_wconf 86' lang='lat' dir='ltr'><strong>ria</strong></span> <span class='ocrx_word' id='word_1_647' title='bbox 2249 3781 2299 3834; x_wconf 91' lang='lat' dir='ltr'><strong>in</strong></span> <span class='ocrx_word' id='word_1_648' title='bbox 2327 3781 2521 3836; x_wconf 63' lang='lat' dir='ltr'><strong>smeula</strong></span> <span class='ocrx_word' id='word_1_649' title='bbox 2548 3782 2881 3836; x_wconf 63' lang='lat' dir='ltr'><strong>saeculorum.</strong></span> <span class='ocrx_word' id='word_1_650' title='bbox 2902 3784 3073 3837; x_wconf 87' lang='lat' dir='ltr'><strong>Amen</strong></span> <span class='ocrx_word' id='word_1_651' title='bbox 3103 3782 3281 3854; x_wconf 84' lang='lat' dir='ltr'><strong>(Rom.</strong></span> <span class='ocrx_word' id='word_1_652' title='bbox 3328 3797 3404 3845; x_wconf 65' lang='grc' dir='ltr'>ιι,</span> <span class='ocrx_word' id='word_1_653' title='bbox 3447 3780 3577 3853; x_wconf 71' lang='lat'><strong>56).</strong></span> 
     </span>
    </p>
   </div>
   <div class='ocr_carea' id='block_1_83' title="bbox 2157 3926 3739 3996">
    <p class='ocr_par' dir='ltr' id='par_1_83' title="bbox 2157 3926 3739 3996">
     <span class='ocr_line' id='line_1_83' title="bbox 2157 3926 3739 3996; baseline -0.001 -11"><span class='ocrx_word' id='word_1_654' title='bbox 2157 3926 2167 3996; x_wconf 66' lang='grc' dir='ltr'>Ϊ</span> <span class='ocrx_word' id='word_1_655' title='bbox 2207 3935 2225 3966; x_wconf 77' lang='grc' dir='ltr'><strong><em>ι</em></strong></span> <span class='ocrx_word' id='word_1_656' title='bbox 2251 3941 2358 3996; x_wconf 69' lang='lat' dir='ltr'><strong>Mss.</strong></span> <span class='ocrx_word' id='word_1_657' title='bbox 2383 3934 2761 3996; x_wconf 87' lang='lat' dir='ltr'><strong>quatuordecim,</strong></span> <span class='ocrx_word' id='word_1_658' title='bbox 2785 3933 3024 3985; x_wconf 84' lang='lat' dir='ltr'><strong>commum’</strong></span> <span class='ocrx_word' id='word_1_659' title='bbox 3037 3931 3249 3984; x_wconf 77' lang='lat' dir='ltr'><strong>onmium</strong></span> <span class='ocrx_word' id='word_1_660' title='bbox 3271 3933 3502 3984; x_wconf 82' lang='lat' dir='ltr'><strong>bonorum</strong></span> <span class='ocrx_word' id='word_1_661' title='bbox 3540 3938 3587 3984; x_wconf 84' lang='lat' dir='ltr'><strong>et</strong></span> <span class='ocrx_word' id='word_1_662' title='bbox 3623 3946 3739 3984; x_wconf 79' lang='lat' dir='ltr'><strong>vera</strong></span> 
     </span>
    </p>
   </div>
   <div class='ocr_carea' id='block_1_84' title="bbox 2144 3993 3595 4066">
    <p class='ocr_par' dir='ltr' id='par_1_84' title="bbox 2144 3993 3595 4066">
     <span class='ocr_line' id='line_1_84' title="bbox 2144 3993 3595 4066; baseline 0.012 -24"><span class='ocrx_word' id='word_1_663' title='bbox 2144 3993 2433 4066; x_wconf 75' lang='lat' dir='ltr'><strong>beatitudine</strong></span> <span class='ocrx_word' id='word_1_664' title='bbox 2456 3996 2629 4066; x_wconf 69' lang='lat' dir='ltr'><strong>lapsas</strong></span> <span class='ocrx_word' id='word_1_665' title='bbox 2649 4002 2734 4056; x_wconf 71' lang='lat' dir='ltr'><strong>est,</strong></span> <span class='ocrx_word' id='word_1_666' title='bbox 2764 4004 2859 4066; x_wconf 56' lang='lat' dir='ltr'><strong>etc.</strong></span> <span class='ocrx_word' id='word_1_667' title='bbox 2892 4040 2917 4066; x_wconf 87' lang='lat'><strong>._</strong></span> <span class='ocrx_word' id='word_1_668' title='bbox 2992 4058 3018 4066; x_wconf 29' lang='grc' dir='ltr'>ι,</span> <span class='ocrx_word' id='word_1_669' title='bbox 3296 4057 3301 4062; x_wconf 91' lang='lat'><em>_</em></span> <span class='ocrx_word' id='word_1_670' title='bbox 3478 4055 3489 4066; x_wconf 89' lang='lat'>_</span> <span class='ocrx_word' id='word_1_671' title='bbox 3582 4053 3595 4066; x_wconf 83' lang='grc'><strong>,</strong></span> 
     </span>
    </p>
   </div>
   <div class='ocr_carea' id='block_1_85' title="bbox 2144 4055 3741 4181">
    <p class='ocr_par' dir='ltr' id='par_1_85' title="bbox 2144 4055 3741 4181">
     <span class='ocr_line' id='line_1_85' title="bbox 2200 4055 3741 4181; baseline 0.001 -76"><span class='ocrx_word' id='word_1_672' title='bbox 2200 4059 2229 4181; x_wconf 60' lang='grc' dir='ltr'><strong>’ξ</strong></span> <span class='ocrx_word' id='word_1_673' title='bbox 2250 4064 2317 4107; x_wconf 87' lang='lat' dir='ltr'><strong>tta</strong></span> <span class='ocrx_word' id='word_1_674' title='bbox 2341 4059 2390 4105; x_wconf 90' lang='lat' dir='ltr'><strong>in</strong></span> <span class='ocrx_word' id='word_1_675' title='bbox 2414 4055 2515 4107; x_wconf 61' lang='lat' dir='ltr'><strong>Mss:</strong></span> <span class='ocrx_word' id='word_1_676' title='bbox 2543 4064 2598 4107; x_wconf 83' lang='lat' dir='ltr'><strong>At</strong></span> <span class='ocrx_word' id='word_1_677' title='bbox 2614 4059 2667 4106; x_wconf 86' lang='lat' dir='ltr'><strong>in</strong></span> <span class='ocrx_word' id='word_1_678' title='bbox 2689 4059 2884 4108; x_wconf 82' lang='lat' dir='ltr'><strong>excusis</strong></span> <span class='ocrx_word' id='word_1_679' title='bbox 2905 4057 3116 4121; x_wconf 86' lang='lat' dir='ltr'><strong>legitur:</strong></span> <span class='ocrx_word' id='word_1_680' title='bbox 3138 4067 3232 4109; x_wconf 77' lang='lat' dir='ltr'><strong>Per</strong></span> <span class='ocrx_word' id='word_1_681' title='bbox 3254 4057 3397 4122; x_wconf 74' lang='lat' dir='ltr'><strong>quem</strong></span> <span class='ocrx_word' id='word_1_682' title='bbox 3423 4055 3489 4107; x_wconf 84' lang='lat' dir='ltr'><strong>ad</strong></span> <span class='ocrx_word' id='word_1_683' title='bbox 3511 4055 3741 4107; x_wconf 58' lang='lat' dir='ltr'><strong>raritatem</strong></span> 
     </span>
     <span class='ocr_line' id='line_1_86' title="bbox 2144 4130 3407 4169; baseline 0.001 -2"><span class='ocrx_word' id='word_1_684' title='bbox 2144 4130 2200 4168; x_wconf 87' lang='lat' dir='ltr'><strong>re</strong></span> <span class='ocrx_word' id='word_1_685' title='bbox 2220 4131 2486 4169; x_wconf 83' lang='lat' dir='ltr'><strong>armumur.</strong></span> <span class='ocrx_word' id='word_1_686' title='bbox 3389 4134 3407 4143; x_wconf 69' lang='grc'><strong>“</strong></span> 
     </span>
    </p>
   </div>
   <div class='ocr_carea' id='block_1_86' title="bbox 3118 4249 3495 4256">
    <p class='ocr_par' dir='ltr' id='par_1_86' title="bbox 3118 4249 3495 4256">
     <span class='ocr_line' id='line_1_87' title="bbox 3118 4249 3495 4256; baseline -0.003 0"><span class='ocrx_word' id='word_1_687' title='bbox 3118 4249 3495 4256; x_wconf 49' lang='grc' dir='ltr'><strong>-ως-ς</strong></span> 
     </span>
    </p>
   </div>
   <div class='ocr_carea' id='block_1_87' title="bbox 467 4237 3719 4296">
    <p class='ocr_par' dir='ltr' id='par_1_87' title="bbox 1241 4242 3717 4257">
     <span class='ocr_line' id='line_1_88' title="bbox 1241 4242 3717 4257; baseline 0.001 -5"><span class='ocrx_word' id='word_1_688' title='bbox 1241 4242 2069 4253; x_wconf 47' lang='lat'><strong>”——-—~’_—\_*</strong></span> <span class='ocrx_word' id='word_1_689' title='bbox 2095 4244 3495 4257; x_wconf 46' lang='lat' dir='ltr'><strong>m——~_&lt;</strong></span> <span class='ocrx_word' id='word_1_690' title='bbox 3538 4250 3615 4255; x_wconf 59' lang='grc' dir='ltr'><strong>μ..</strong></span> <span class='ocrx_word' id='word_1_691' title='bbox 3674 4247 3717 4254; x_wconf 67' lang='grc' dir='ltr'>ι-</span> 
     </span>
    </p>
   </div>
   <div class='ocr_carea' id='block_1_88' title="bbox 1459 4362 2787 4440">
    <p class='ocr_par' dir='ltr' id='par_1_88' title="bbox 1459 4362 2787 4440">
     <span class='ocr_line' id='line_1_89' title="bbox 1459 4362 2787 4440; baseline 0.004 -15"><span class='ocrx_word' id='word_1_692' title='bbox 1459 4363 1566 4425; x_wconf 83' lang='grc' dir='ltr'><strong>ΒΕ</strong></span> <span class='ocrx_word' id='word_1_693' title='bbox 1599 4362 2135 4440; x_wconf 85' lang='lat' dir='ltr'><strong>SEQUENTIBUS</strong></span> <span class='ocrx_word' id='word_1_694' title='bbox 2181 4365 2491 4429; x_wconf 88' lang='lat' dir='ltr'><strong>DUOBUS</strong></span> <span class='ocrx_word' id='word_1_695' title='bbox 2529 4367 2787 4430; x_wconf 85' lang='lat' dir='ltr'><strong>LIBRIS</strong></span> 
     </span>
    </p>
   </div>
   <div class='ocr_carea' id='block_1_89' title="bbox 1073 4518 3081 4599">
    <p class='ocr_par' dir='ltr' id='par_1_89' title="bbox 1073 4518 3081 4599">
     <span class='ocr_line' id='line_1_90' title="bbox 1073 4518 3081 4599; baseline 0.002 -5"><span class='ocrx_word' id='word_1_696' title='bbox 1073 4526 1219 4597; x_wconf 87' lang='lat' dir='ltr'><strong>DE</strong></span> <span class='ocrx_word' id='word_1_697' title='bbox 1261 4523 1658 4598; x_wconf 84' lang='lat' dir='ltr'><strong>GENESI</strong></span> <span class='ocrx_word' id='word_1_698' title='bbox 1722 4522 2181 4598; x_wconf 81' lang='lat' dir='ltr'><strong>CONTRA</strong></span> <span class='ocrx_word' id='word_1_699' title='bbox 2239 4524 2920 4599; x_wconf 71' lang='lat' dir='ltr'><strong>MANICH/EOS</strong></span> <span class='ocrx_word' id='word_1_700' title='bbox 2961 4518 3081 4599; x_wconf 75' lang='grc' dir='ltr'><strong>(α).</strong></span> 
     </span>
    </p>
   </div>
   <div class='ocr_carea' id='block_1_90' title="bbox 1092 4673 3099 4735">
    <p class='ocr_par' dir='ltr' id='par_1_90' title="bbox 1092 4673 3099 4735">
     <span class='ocr_line' id='line_1_91' title="bbox 1092 4673 3099 4735; baseline 0.001 -17"><span class='ocrx_word' id='word_1_701' title='bbox 1092 4674 1147 4719; x_wconf 80' lang='lat'><strong>8.</strong></span> <span class='ocrx_word' id='word_1_702' title='bbox 1193 4674 1584 4720; x_wconf 73' lang='lat' dir='ltr'><strong>AUGUSTINUS</strong></span> <span class='ocrx_word' id='word_1_703' title='bbox 1623 4675 1690 4720; x_wconf 83' lang='lat' dir='ltr'><strong>IN</strong></span> <span class='ocrx_word' id='word_1_704' title='bbox 1734 4674 1859 4718; x_wconf 78' lang='lat' dir='ltr'><strong>LIB.</strong></span> <span class='ocrx_word' id='word_1_705' title='bbox 1905 4673 2022 4723; x_wconf 75' lang='lat' dir='ltr'><strong>VIII</strong></span> <span class='ocrx_word' id='word_1_706' title='bbox 2063 4676 2148 4719; x_wconf 78' lang='lat' dir='ltr'><strong>DE</strong></span> <span class='ocrx_word' id='word_1_707' title='bbox 2195 4674 2424 4721; x_wconf 74' lang='lat' dir='ltr'><strong>GRNESI</strong></span> <span class='ocrx_word' id='word_1_708' title='bbox 2465 4677 2553 4721; x_wconf 69' lang='lat' dir='ltr'><strong>AD</strong></span> <span class='ocrx_word' id='word_1_709' title='bbox 2595 4677 2793 4735; x_wconf 81' lang='lat' dir='ltr'><strong>LITT.,</strong></span> <span class='ocrx_word' id='word_1_710' title='bbox 2837 4678 2979 4723; x_wconf 73' lang='lat' dir='ltr'><strong>CAP.</strong></span> <span class='ocrx_word' id='word_1_711' title='bbox 3028 4678 3099 4721; x_wconf 84' lang='grc' dir='ltr'>ιι.</span> 
     </span>
    </p>
   </div>
   <div class='ocr_carea' id='block_1_91' title="bbox 530 4800 3741 4879">
    <p class='ocr_par' dir='ltr' id='par_1_91' title="bbox 530 4800 3741 4879">
     <span class='ocr_line' id='line_1_92' title="bbox 530 4800 3741 4879; baseline 0.001 -17"><span class='ocrx_word' id='word_1_712' title='bbox 530 4806 718 4863; x_wconf 83' lang='lat' dir='ltr'><strong>Contra</strong></span> <span class='ocrx_word' id='word_1_713' title='bbox 745 4802 1074 4870; x_wconf 59' lang='lat' dir='ltr'><strong>Manichaee,</strong></span> <span class='ocrx_word' id='word_1_714' title='bbox 1102 4803 1188 4876; x_wconf 80' lang='lat' dir='ltr'><strong>qui</strong></span> <span class='ocrx_word' id='word_1_715' title='bbox 1222 4803 1316 4857; x_wconf 83' lang='lat' dir='ltr'><strong>has</strong></span> <span class='ocrx_word' id='word_1_716' title='bbox 1343 4801 1535 4858; x_wconf 76' lang='lat' dir='ltr'><strong>litteras</strong></span> <span class='ocrx_word' id='word_1_717' title='bbox 1580 4800 1770 4857; x_wconf 76' lang='lat' dir='ltr'><strong>Veteris</strong></span> <span class='ocrx_word' id='word_1_718' title='bbox 1801 4801 2105 4857; x_wconf 84' lang='lat' dir='ltr'><strong>Testamenti</strong></span> <span class='ocrx_word' id='word_1_719' title='bbox 2139 4820 2238 4858; x_wconf 84' lang='lat' dir='ltr'><strong>non</strong></span> <span class='ocrx_word' id='word_1_720' title='bbox 2267 4805 2416 4860; x_wconf 80' lang='lat' dir='ltr'><strong>aliter</strong></span> <span class='ocrx_word' id='word_1_721' title='bbox 2442 4822 2593 4876; x_wconf 83' lang='lat' dir='ltr'><strong>quam</strong></span> <span class='ocrx_word' id='word_1_722' title='bbox 2624 4816 2819 4876; x_wconf 82' lang='lat' dir='ltr'><strong>oportet</strong></span> <span class='ocrx_word' id='word_1_723' title='bbox 2845 4807 3135 4879; x_wconf 72' lang='lat' dir='ltr'><strong>accipienda</strong></span> <span class='ocrx_word' id='word_1_724' title='bbox 3171 4818 3360 4872; x_wconf 73' lang='lat' dir='ltr'><strong>errant,</strong></span> <span class='ocrx_word' id='word_1_725' title='bbox 3410 4808 3502 4863; x_wconf 85' lang='lat' dir='ltr'><strong>sed</strong></span> <span class='ocrx_word' id='word_1_726' title='bbox 3534 4808 3741 4864; x_wconf 77' lang='lat' dir='ltr'><strong>omnino</strong></span> 
     </span>
    </p>
   </div>
   <div class='ocr_carea' id='block_1_92' title="bbox 468 4880 3740 4971">
    <p class='ocr_par' dir='ltr' id='par_1_92' title="bbox 468 4880 3740 4971">
     <span class='ocr_line' id='line_1_93' title="bbox 468 4880 3740 4971; baseline 0.001 -14"><span class='ocrx_word' id='word_1_727' title='bbox 468 4917 572 4958; x_wconf 82' lang='lat' dir='ltr'><strong>non</strong></span> <span class='ocrx_word' id='word_1_728' title='bbox 599 4897 894 4970; x_wconf 84' lang='lat' dir='ltr'><strong>accipiendo</strong></span> <span class='ocrx_word' id='word_1_729' title='bbox 922 4906 973 4952; x_wconf 83' lang='lat' dir='ltr'><strong>et</strong></span> <span class='ocrx_word' id='word_1_730' title='bbox 998 4896 1295 4951; x_wconf 84' lang='lat' dir='ltr'><strong>detestanda</strong></span> <span class='ocrx_word' id='word_1_731' title='bbox 1333 4894 1683 4966; x_wconf 76' lang='lat' dir='ltr'><strong>blasphemant</strong></span> <span class='ocrx_word' id='word_1_732' title='bbox 1700 4935 1715 4961; x_wconf 94' lang='lat'><strong>,</strong></span> <span class='ocrx_word' id='word_1_733' title='bbox 1743 4894 1871 4950; x_wconf 86' lang='lat' dir='ltr'><strong>duos</strong></span> <span class='ocrx_word' id='word_1_734' title='bbox 1907 4897 2181 4967; x_wconf 77' lang='lat' dir='ltr'><strong>conscripsi</strong></span> <span class='ocrx_word' id='word_1_735' title='bbox 2225 4896 2378 4953; x_wconf 80' lang='lat' dir='ltr'><strong>libros</strong></span> <span class='ocrx_word' id='word_1_736' title='bbox 2413 4880 2597 4953; x_wconf 72' lang='lat' dir='ltr'><strong>recenti</strong></span> <span class='ocrx_word' id='word_1_737' title='bbox 2632 4911 2852 4971; x_wconf 83' lang='lat' dir='ltr'><strong>tempore</strong></span> <span class='ocrx_word' id='word_1_738' title='bbox 2884 4902 3219 4954; x_wconf 80' lang='lat' dir='ltr'><strong>conversionis</strong></span> <span class='ocrx_word' id='word_1_739' title='bbox 3247 4917 3413 4968; x_wconf 75' lang='lat' dir='ltr'><strong>meaz;</strong></span> <span class='ocrx_word' id='word_1_740' title='bbox 3437 4903 3535 4957; x_wconf 82' lang='lat' dir='ltr'><strong>cito</strong></span> <span class='ocrx_word' id='word_1_741' title='bbox 3565 4903 3740 4961; x_wconf 82' lang='lat' dir='ltr'><strong>volens</strong></span> 
     </span>
    </p>
   </div>
   <div class='ocr_carea' id='block_1_93' title="bbox 463 4986 3733 5060">
    <p class='ocr_par' dir='ltr' id='par_1_93' title="bbox 463 4986 3733 5060">
     <span class='ocr_line' id='line_1_94' title="bbox 463 4986 3733 5060; baseline 0.001 -12"><span class='ocrx_word' id='word_1_742' title='bbox 463 5008 636 5049; x_wconf 82' lang='lat' dir='ltr'><strong>eorum</strong></span> <span class='ocrx_word' id='word_1_743' title='bbox 661 4990 740 5046; x_wconf 77' lang='lat' dir='ltr'><strong>vel</strong></span> <span class='ocrx_word' id='word_1_744' title='bbox 766 4989 1029 5059; x_wconf 66' lang='lat' dir='ltr'><strong>cbnfutare</strong></span> <span class='ocrx_word' id='word_1_745' title='bbox 1065 4986 1394 5042; x_wconf 76' lang='lat' dir='ltr'><strong>deliramenta</strong></span> <span class='ocrx_word' id='word_1_746' title='bbox 1412 5026 1430 5054; x_wconf 93' lang='lat'><strong>,</strong></span> <span class='ocrx_word' id='word_1_747' title='bbox 1460 4986 1537 5041; x_wconf 79' lang='lat' dir='ltr'><strong>uel</strong></span> <span class='ocrx_word' id='word_1_748' title='bbox 1562 4987 1754 5058; x_wconf 78' lang='lat' dir='ltr'><strong>erigere</strong></span> <span class='ocrx_word' id='word_1_749' title='bbox 1780 4986 2104 5041; x_wconf 87' lang='lat' dir='ltr'><strong>intentionem</strong></span> <span class='ocrx_word' id='word_1_750' title='bbox 2129 4987 2199 5041; x_wconf 88' lang='lat' dir='ltr'><strong>ad</strong></span> <span class='ocrx_word' id='word_1_751' title='bbox 2222 4990 2545 5055; x_wconf 65' lang='lat' dir='ltr'><strong>quaerendam</strong></span> <span class='ocrx_word' id='word_1_752' title='bbox 2568 4991 2622 5044; x_wconf 84' lang='lat' dir='ltr'><strong>in</strong></span> <span class='ocrx_word' id='word_1_753' title='bbox 2652 4989 2857 5044; x_wconf 78' lang='lat' dir='ltr'><strong>Litteris</strong></span> <span class='ocrx_word' id='word_1_754' title='bbox 2890 5008 3015 5060; x_wconf 85' lang='lat' dir='ltr'><strong>quas</strong></span> <span class='ocrx_word' id='word_1_755' title='bbox 3039 4992 3252 5045; x_wconf 78' lang='lat' dir='ltr'><strong>oderunt</strong></span> <span class='ocrx_word' id='word_1_756' title='bbox 3270 5033 3286 5058; x_wconf 93' lang='lat'><strong>,</strong></span> <span class='ocrx_word' id='word_1_757' title='bbox 3322 4993 3649 5048; x_wconf 80' lang='lat' dir='ltr'><strong>christianum</strong></span> <span class='ocrx_word' id='word_1_758' title='bbox 3683 5005 3733 5052; x_wconf 84' lang='lat' dir='ltr'><strong>et</strong></span> 
     </span>
    </p>
   </div>
   <div class='ocr_carea' id='block_1_94' title="bbox 475 5076 3744 5156">
    <p class='ocr_par' dir='ltr' id='par_1_94' title="bbox 475 5076 3744 5156">
     <span class='ocr_line' id='line_1_95' title="bbox 475 5076 3744 5156; baseline 0.001 -17"><span class='ocrx_word' id='word_1_759' title='bbox 475 5081 810 5152; x_wconf 79' lang='lat' dir='ltr'><strong>evangelicam</strong></span> <span class='ocrx_word' id='word_1_760' title='bbox 835 5079 1009 5149; x_wconf 75' lang='lat' dir='ltr'><strong>ﬁdem.</strong></span> <span class='ocrx_word' id='word_1_761' title='bbox 1040 5077 1104 5132; x_wconf 81' lang='lat' dir='ltr'><strong>Et</strong></span> <span class='ocrx_word' id='word_1_762' title='bbox 1130 5078 1248 5149; x_wconf 77' lang='lat' dir='ltr'><strong>quia</strong></span> <span class='ocrx_word' id='word_1_763' title='bbox 1269 5094 1371 5131; x_wconf 88' lang='lat' dir='ltr'><strong>non</strong></span> <span class='ocrx_word' id='word_1_764' title='bbox 1394 5077 1516 5131; x_wconf 83' lang='lat' dir='ltr'><strong>mihi</strong></span> <span class='ocrx_word' id='word_1_765' title='bbox 1545 5084 1661 5131; x_wconf 84' lang='lat' dir='ltr'><strong>tunc</strong></span> <span class='ocrx_word' id='word_1_766' title='bbox 1691 5076 2014 5131; x_wconf 83' lang='lat' dir='ltr'><strong>occurrebant</strong></span> <span class='ocrx_word' id='word_1_767' title='bbox 2039 5079 2208 5132; x_wconf 80' lang='lat' dir='ltr'><strong>omnia</strong></span> <span class='ocrx_word' id='word_1_768' title='bbox 2239 5080 2661 5148; x_wconf 84' lang='lat' dir='ltr'><strong>quemadmodum</strong></span> <span class='ocrx_word' id='word_1_769' title='bbox 2689 5082 2892 5151; x_wconf 84' lang='lat' dir='ltr'><strong>praprie</strong></span> <span class='ocrx_word' id='word_1_770' title='bbox 2918 5092 3118 5151; x_wconf 83' lang='lat' dir='ltr'><strong>possent</strong></span> <span class='ocrx_word' id='word_1_771' title='bbox 3141 5084 3322 5154; x_wconf 81' lang='lat' dir='ltr'><strong>accipi,</strong></span> <span class='ocrx_word' id='word_1_772' title='bbox 3346 5085 3609 5156; x_wconf 78' lang='lat' dir='ltr'><strong>magisque</strong></span> <span class='ocrx_word' id='word_1_773' title='bbox 3639 5102 3744 5143; x_wconf 76' lang='lat' dir='ltr'><strong>non</strong></span> 
     </span>
    </p>
   </div>
   <div class='ocr_carea' id='block_1_95' title="bbox 466 5170 3749 5247">
    <p class='ocr_par' dir='ltr' id='par_1_95' title="bbox 466 5170 3749 5247">
     <span class='ocr_line' id='line_1_96' title="bbox 466 5170 3749 5247; baseline 0.001 -16"><span class='ocrx_word' id='word_1_774' title='bbox 466 5191 612 5247; x_wconf 85' lang='lat' dir='ltr'><strong>posse</strong></span> <span class='ocrx_word' id='word_1_775' title='bbox 633 5174 799 5244; x_wconf 82' lang='lat' dir='ltr'><strong>accipi</strong></span> <span class='ocrx_word' id='word_1_776' title='bbox 824 5171 1119 5243; x_wconf 79' lang='lat' dir='ltr'><strong>videbantur</strong></span> <span class='ocrx_word' id='word_1_777' title='bbox 1136 5212 1152 5235; x_wconf 91' lang='lat'><strong>,</strong></span> <span class='ocrx_word' id='word_1_778' title='bbox 1180 5180 1268 5225; x_wconf 86' lang='lat' dir='ltr'><strong>aut</strong></span> <span class='ocrx_word' id='word_1_779' title='bbox 1294 5171 1379 5226; x_wconf 77' lang='lat' dir='ltr'><strong>aia:</strong></span> <span class='ocrx_word' id='word_1_780' title='bbox 1403 5186 1550 5241; x_wconf 88' lang='lat' dir='ltr'><strong>posse</strong></span> <span class='ocrx_word' id='word_1_781' title='bbox 1580 5178 1670 5224; x_wconf 86' lang='lat' dir='ltr'><strong>aut</strong></span> <span class='ocrx_word' id='word_1_782' title='bbox 1699 5170 1937 5242; x_wconf 61' lang='lat' dir='ltr'><strong>diﬁcile;</strong></span> <span class='ocrx_word' id='word_1_783' title='bbox 1962 5186 2024 5225; x_wconf 86' lang='lat' dir='ltr'><strong>ne</strong></span> <span class='ocrx_word' id='word_1_784' title='bbox 2050 5171 2339 5226; x_wconf 87' lang='lat' dir='ltr'><strong>retardarer</strong></span> <span class='ocrx_word' id='word_1_785' title='bbox 2357 5215 2372 5239; x_wconf 88' lang='lat'><strong>,</strong></span> <span class='ocrx_word' id='word_1_786' title='bbox 2410 5171 2532 5239; x_wconf 87' lang='lat' dir='ltr'><strong>quid</strong></span> <span class='ocrx_word' id='word_1_787' title='bbox 2557 5174 2773 5243; x_wconf 78' lang='lat' dir='ltr'><strong>ﬁgurate</strong></span> <span class='ocrx_word' id='word_1_788' title='bbox 2797 5174 3140 5244; x_wconf 79' lang='lat' dir='ltr'><strong>signiﬁcarent</strong></span> <span class='ocrx_word' id='word_1_789' title='bbox 3165 5192 3224 5230; x_wconf 88' lang='lat' dir='ltr'><strong>ea</strong></span> <span class='ocrx_word' id='word_1_790' title='bbox 3242 5216 3257 5243; x_wconf 94' lang='lat'><strong>,</strong></span> <span class='ocrx_word' id='word_1_791' title='bbox 3285 5193 3401 5247; x_wconf 65' lang='lat' dir='ltr'><strong>quae</strong></span> <span class='ocrx_word' id='word_1_792' title='bbox 3424 5179 3494 5233; x_wconf 87' lang='lat' dir='ltr'><strong>ad</strong></span> <span class='ocrx_word' id='word_1_793' title='bbox 3524 5178 3749 5236; x_wconf 83' lang='lat' dir='ltr'><strong>litteram</strong></span> 
     </span>
    </p>
   </div>
   <div class='ocr_carea' id='block_1_96' title="bbox 463 5262 3749 5339">
    <p class='ocr_par' dir='ltr' id='par_1_96' title="bbox 463 5262 3749 5339">
     <span class='ocr_line' id='line_1_97' title="bbox 463 5262 3749 5339; baseline 0.002 -18"><span class='ocrx_word' id='word_1_794' title='bbox 463 5283 569 5322; x_wconf 84' lang='lat' dir='ltr'><strong>non</strong></span> <span class='ocrx_word' id='word_1_795' title='bbox 592 5265 735 5338; x_wconf 84' lang='lat' dir='ltr'><strong>potui</strong></span> <span class='ocrx_word' id='word_1_796' title='bbox 752 5263 994 5331; x_wconf 81' lang='lat' dir='ltr'><strong>itwenire,</strong></span> <span class='ocrx_word' id='word_1_797' title='bbox 1016 5270 1207 5334; x_wconf 79' lang='lat' dir='ltr'><strong>quanta</strong></span> <span class='ocrx_word' id='word_1_798' title='bbox 1227 5262 1364 5317; x_wconf 77' lang='lat' dir='ltr'><strong>valui</strong></span> <span class='ocrx_word' id='word_1_799' title='bbox 1386 5262 1620 5317; x_wconf 79' lang='lat' dir='ltr'><strong>brevitate</strong></span> <span class='ocrx_word' id='word_1_800' title='bbox 1640 5270 1686 5316; x_wconf 89' lang='lat' dir='ltr'><strong>et</strong></span> <span class='ocrx_word' id='word_1_801' title='bbox 1708 5263 2065 5333; x_wconf 80' lang='lat' dir='ltr'><strong>perspicuitate</strong></span> <span class='ocrx_word' id='word_1_802' title='bbox 2086 5263 2358 5333; x_wconf 72' lang='lat' dir='ltr'><strong>explicavi,</strong></span> <span class='ocrx_word' id='word_1_803' title='bbox 2382 5280 2444 5318; x_wconf 88' lang='lat' dir='ltr'><strong>ne</strong></span> <span class='ocrx_word' id='word_1_804' title='bbox 2461 5264 2536 5318; x_wconf 80' lang='lat' dir='ltr'><strong>vel</strong></span> <span class='ocrx_word' id='word_1_805' title='bbox 2557 5265 2715 5317; x_wconf 84' lang='lat' dir='ltr'><strong>multa</strong></span> <span class='ocrx_word' id='word_1_806' title='bbox 2735 5265 2948 5320; x_wconf 85' lang='lat' dir='ltr'><strong>lectione</strong></span> <span class='ocrx_word' id='word_1_807' title='bbox 2967 5268 3045 5322; x_wconf 75' lang='lat' dir='ltr'><strong>vel</strong></span> <span class='ocrx_word' id='word_1_808' title='bbox 3066 5268 3425 5339; x_wconf 82' lang='lat' dir='ltr'><strong>disputationis</strong></span> <span class='ocrx_word' id='word_1_809' title='bbox 3440 5272 3749 5331; x_wconf 70' lang='lat' dir='ltr'><strong>obscuritate</strong></span> 
     </span>
    </p>
   </div>
   <div class='ocr_carea' id='block_1_97' title="bbox 464 5358 1719 5425">
    <p class='ocr_par' dir='ltr' id='par_1_97' title="bbox 464 5358 1719 5425">
     <span class='ocr_line' id='line_1_98' title="bbox 464 5358 1719 5425; baseline -0.005 -11"><span class='ocrx_word' id='word_1_810' title='bbox 464 5359 705 5425; x_wconf 86' lang='lat' dir='ltr'><strong>deterriti,</strong></span> <span class='ocrx_word' id='word_1_811' title='bbox 732 5358 785 5412; x_wconf 88' lang='lat' dir='ltr'><strong>in</strong></span> <span class='ocrx_word' id='word_1_812' title='bbox 813 5372 993 5412; x_wconf 84' lang='lat' dir='ltr'><strong>manus</strong></span> <span class='ocrx_word' id='word_1_813' title='bbox 1021 5371 1079 5410; x_wconf 90' lang='lat' dir='ltr'><strong>ea</strong></span> <span class='ocrx_word' id='word_1_814' title='bbox 1109 5371 1306 5410; x_wconf 83' lang='lat' dir='ltr'><strong>sumere</strong></span> <span class='ocrx_word' id='word_1_815' title='bbox 1334 5371 1435 5410; x_wconf 84' lang='lat' dir='ltr'><strong>non</strong></span> <span class='ocrx_word' id='word_1_816' title='bbox 1463 5366 1719 5410; x_wconf 85' lang='lat' dir='ltr'><strong>curarent.</strong></span> 
     </span>
    </p>
   </div>
   <div class='ocr_carea' id='block_1_98' title="bbox 556 5445 3745 5533">
    <p class='ocr_par' dir='ltr' id='par_1_98' title="bbox 556 5445 3745 5533">
     <span class='ocr_line' id='line_1_99' title="bbox 556 5445 3745 5533; baseline 0.003 -20"><span class='ocrx_word' id='word_1_817' title='bbox 556 5448 714 5514; x_wconf 77' lang='lat' dir='ltr'><strong>Vide</strong></span> <span class='ocrx_word' id='word_1_818' title='bbox 735 5457 1043 5532; x_wconf 67' lang='lat' dir='ltr'><strong>praeterea</strong></span> <span class='ocrx_word' id='word_1_819' title='bbox 1067 5447 1297 5510; x_wconf 80' lang='lat' dir='ltr'><strong>librum</strong></span> <span class='ocrx_word' id='word_1_820' title='bbox 1329 5447 1387 5520; x_wconf 84' lang='lat'><strong>1,</strong></span> <span class='ocrx_word' id='word_1_821' title='bbox 1417 5463 1553 5525; x_wconf 87' lang='lat' dir='ltr'><strong>cap.</strong></span> <span class='ocrx_word' id='word_1_822' title='bbox 1587 5447 1686 5520; x_wconf 88' lang='grc'><strong>10,</strong></span> <span class='ocrx_word' id='word_1_823' title='bbox 1715 5445 2287 5521; x_wconf 78' lang='lat' dir='ltr'><strong>Retractationum,</strong></span> <span class='ocrx_word' id='word_1_824' title='bbox 2314 5454 2465 5509; x_wconf 88' lang='lat' dir='ltr'><strong>tom.</strong></span> <span class='ocrx_word' id='word_1_825' title='bbox 2499 5449 2559 5523; x_wconf 89' lang='grc'><strong>1,</strong></span> <span class='ocrx_word' id='word_1_826' title='bbox 2591 5449 2711 5511; x_wconf 87' lang='lat' dir='ltr'><strong>col.</strong></span> <span class='ocrx_word' id='word_1_827' title='bbox 2740 5448 2879 5524; x_wconf 79' lang='lat'><strong>599,</strong></span> <span class='ocrx_word' id='word_1_828' title='bbox 2907 5470 2974 5514; x_wconf 78' lang='grc' dir='ltr'><strong>η.</strong></span> <span class='ocrx_word' id='word_1_829' title='bbox 3008 5453 3067 5529; x_wconf 91' lang='grc'><strong>1,</strong></span> <span class='ocrx_word' id='word_1_830' title='bbox 3098 5474 3137 5515; x_wconf 90' lang='lat' dir='ltr'><strong>a</strong></span> <span class='ocrx_word' id='word_1_831' title='bbox 3168 5456 3403 5533; x_wconf 80' lang='lat' dir='ltr'><strong>verbis,</strong></span> <span class='ocrx_word' id='word_1_832' title='bbox 3425 5459 3567 5522; x_wconf 79' lang='lat' dir='ltr'><strong>Iam</strong></span> <span class='ocrx_word' id='word_1_833' title='bbox 3586 5476 3745 5527; x_wconf 79' lang='lat' dir='ltr'><strong>vero</strong></span> 
     </span>
    </p>
   </div>
   <div class='ocr_carea' id='block_1_99' title="bbox 466 5544 3382 5637">
    <p class='ocr_par' dir='ltr' id='par_1_99' title="bbox 466 5544 3382 5637">
     <span class='ocr_line' id='line_1_100' title="bbox 466 5544 3382 5637; baseline 0.001 -22"><span class='ocrx_word' id='word_1_834' title='bbox 466 5552 538 5615; x_wconf 86' lang='lat' dir='ltr'><strong>in</strong></span> <span class='ocrx_word' id='word_1_835' title='bbox 572 5550 808 5625; x_wconf 73' lang='lat' dir='ltr'><strong>Africa,</strong></span> <span class='ocrx_word' id='word_1_836' title='bbox 854 5568 1047 5637; x_wconf 73' lang='lat' dir='ltr'><strong>usque</strong></span> <span class='ocrx_word' id='word_1_837' title='bbox 1093 5549 1175 5610; x_wconf 88' lang='lat' dir='ltr'><strong>ad</strong></span> <span class='ocrx_word' id='word_1_838' title='bbox 1209 5548 1328 5610; x_wconf 87' lang='lat' dir='ltr'><strong>col.</strong></span> <span class='ocrx_word' id='word_1_839' title='bbox 1359 5547 1499 5621; x_wconf 89' lang='lat'><strong>600,</strong></span> <span class='ocrx_word' id='word_1_840' title='bbox 1525 5564 1592 5606; x_wconf 81' lang='grc' dir='ltr'><strong>η.</strong></span> <span class='ocrx_word' id='word_1_841' title='bbox 1622 5545 1682 5620; x_wconf 88' lang='grc'>3,</span> <span class='ocrx_word' id='word_1_842' title='bbox 1713 5544 1935 5613; x_wconf 81' lang='lat' dir='ltr'><strong>verbis,</strong></span> <span class='ocrx_word' id='word_1_843' title='bbox 1966 5545 2303 5609; x_wconf 78' lang='lat' dir='ltr'><strong>Manichtei</strong></span> <span class='ocrx_word' id='word_1_844' title='bbox 2343 5565 2505 5625; x_wconf 89' lang='lat' dir='ltr'><strong>quos</strong></span> <span class='ocrx_word' id='word_1_845' title='bbox 2544 5548 2934 5630; x_wconf 83' lang='lat' dir='ltr'><strong>deciperent.</strong></span> <span class='ocrx_word' id='word_1_846' title='bbox 3292 5558 3382 5619; x_wconf 92' lang='lat' dir='ltr'><strong>M.</strong></span> 
     </span>
    </p>
   </div>
   <div class='ocr_carea' id='block_1_100' title="bbox 551 5663 3739 5741">
    <p class='ocr_par' dir='ltr' id='par_1_100' title="bbox 551 5663 3739 5741">
     <span class='ocr_line' id='line_1_101' title="bbox 551 5663 3739 5741; baseline 0.004 -19"><span class='ocrx_word' id='word_1_847' title='bbox 551 5671 602 5734; x_wconf 91' lang='lat' dir='ltr'><strong>a)</strong></span> <span class='ocrx_word' id='word_1_848' title='bbox 624 5672 678 5741; x_wconf 84' lang='lat' dir='ltr'><strong>ui</strong></span> <span class='ocrx_word' id='word_1_849' title='bbox 700 5670 795 5741; x_wconf 72' lang='lat' dir='ltr'><strong>duo</strong></span> <span class='ocrx_word' id='word_1_850' title='bbox 816 5666 926 5741; x_wconf 64' lang='lat' dir='ltr'><strong>libri</strong></span> <span class='ocrx_word' id='word_1_851' title='bbox 946 5666 1198 5741; x_wconf 11' lang='lat' dir='ltr'><strong>Adepenesi</strong></span> <span class='ocrx_word' id='word_1_852' title='bbox 1219 5672 1385 5741; x_wconf 77' lang='lat' dir='ltr'><strong>contra</strong></span> <span class='ocrx_word' id='word_1_853' title='bbox 1400 5663 1685 5741; x_wconf 57' lang='lat' dir='ltr'><strong>atmiicha&#39;os</strong></span> <span class='ocrx_word' id='word_1_854' title='bbox 1705 5671 1810 5715; x_wconf 88' lang='lat' dir='ltr'><strong>tres</strong></span> <span class='ocrx_word' id='word_1_855' title='bbox 1829 5664 1893 5714; x_wconf 90' lang='lat' dir='ltr'><strong>de</strong></span> <span class='ocrx_word' id='word_1_856' title='bbox 1915 5663 2079 5716; x_wconf 83' lang='lat' dir='ltr'><strong>libero</strong></span> <span class='ocrx_word' id='word_1_857' title='bbox 2110 5664 2315 5718; x_wconf 49' lang='lat' dir='ltr'><strong>arbitrio</strong></span> <span class='ocrx_word' id='word_1_858' title='bbox 2338 5667 2490 5718; x_wconf 84' lang='lat' dir='ltr'><strong>libros</strong></span> <span class='ocrx_word' id='word_1_859' title='bbox 2510 5669 2560 5720; x_wconf 85' lang='lat' dir='ltr'><strong>in</strong></span> <span class='ocrx_word' id='word_1_860' title='bbox 2593 5671 2805 5722; x_wconf 87' lang='lat' dir='ltr'><strong>editione</strong></span> <span class='ocrx_word' id='word_1_861' title='bbox 2836 5674 3138 5726; x_wconf 86' lang='lat' dir='ltr'><strong>Benedictina</strong></span> <span class='ocrx_word' id='word_1_862' title='bbox 3155 5684 3443 5741; x_wconf 82' lang='lat' dir='ltr'><strong>sequuntur.</strong></span> <span class='ocrx_word' id='word_1_863' title='bbox 3469 5688 3567 5733; x_wconf 83' lang='lat' dir='ltr'><strong>nuc</strong></span> <span class='ocrx_word' id='word_1_864' title='bbox 3588 5686 3739 5735; x_wconf 59' lang='lat' dir='ltr'><strong>ttat.</strong></span> 
     </span>
    </p>
   </div>
   <div class='ocr_carea' id='block_1_101' title="bbox 467 5671 1465 5797">
    <p class='ocr_par' dir='ltr' id='par_1_101' title="bbox 467 5671 1465 5797">
     <span class='ocr_line' id='line_1_102' title="bbox 516 5671 1465 5786; baseline -0.007 -64"><span class='ocrx_word' id='word_1_865' title='bbox 516 5671 602 5786; x_wconf 57' lang='grc' dir='ltr'><strong>ἇα)</strong></span> <span class='ocrx_word' id='word_1_866' title='bbox 624 5672 678 5721; x_wconf 81' lang='grc' dir='ltr'><strong>ιιι</strong></span> <span class='ocrx_word' id='word_1_867' title='bbox 700 5671 795 5719; x_wconf 81' lang='lat' dir='ltr'><strong>duo</strong></span> <span class='ocrx_word' id='word_1_868' title='bbox 817 5671 926 5719; x_wconf 87' lang='lat' dir='ltr'><strong>libri</strong></span> <span class='ocrx_word' id='word_1_869' title='bbox 950 5671 1198 5737; x_wconf 63' lang='lat' dir='ltr'><strong>dcpcnesi</strong></span> <span class='ocrx_word' id='word_1_870' title='bbox 1219 5672 1385 5739; x_wconf 79' lang='lat' dir='ltr'><strong>contra</strong></span> <span class='ocrx_word' id='word_1_871' title='bbox 1400 5675 1465 5716; x_wconf 79' lang='lat' dir='ltr'><strong>Mc</strong></span> 
     </span>
     <span class='ocr_line' id='line_1_103' title="bbox 467 5732 1465 5797; baseline -0.009 -12"><span class='ocrx_word' id='word_1_872' title='bbox 467 5732 516 5785; x_wconf 83' lang='lat' dir='ltr'><strong>la</strong></span> <span class='ocrx_word' id='word_1_873' title='bbox 571 5740 683 5784; x_wconf 88' lang='lat' dir='ltr'><strong>sunt</strong></span> <span class='ocrx_word' id='word_1_874' title='bbox 704 5733 1041 5797; x_wconf 76' lang='lat' dir='ltr'><strong>obparitatem</strong></span> <span class='ocrx_word' id='word_1_875' title='bbox 1062 5737 1355 5794; x_wconf 78' lang='lat' dir='ltr'><strong>argumenti.</strong></span> <span class='ocrx_word' id='word_1_876' title='bbox 1408 5734 1465 5776; x_wconf 72' lang='lat' dir='ltr'><strong>at.</strong></span> 
     </span>
    </p>
   </div>
  </div>
