4056 6450
260 342 3519 411 m

2984 393 3291 409 -——-—-

790 382 3291 586 etiam

1228 674 1986 760 HIPPONENSIS
2034 674 2563 766 EPISCOPI

1155 830 2621 996 DE’GENESI

844 1086 1667 1243 CONTRA
1732 1089 2163 1234 MAN
2172 1089 2977 1258 ICHXEOS

1311 1307 1818 1422 LIBRI
1867 1308 2258 1420 ‘DUO
2310 1296 2450 1423 (α).

1324 1476 2474 1553 “ww

1286 1597 1756 1704 LIBER
1835 1598 2259 1706 PRI.M
2274 1600 2487 1711 US.

248 1778 300 1821 In
317 1782 426 1835 φο
446 1782 475 1819 a
494 1767 859 1843 littlmeme
878 1763 1123 1843 mlumuiis
1140 1761 1403 1843 vindicatur
1426 1758 1618 1843 initium,
1632 1763 1877 1843 Gengseos
1891 1789 1905 1815 ,
1923 1756 2107 1843 gcilicet
2128 1760 2189 1807 ab
2211 1760 2359 1811 hocce
2382 1774 2636 1828 verSIculo,
2665 1783 2768 1843 cap,
2788 1773 2807 1821 ί
2832 1787 2842 1822 ε
2869 1782 2918 1823 m

669 1806 843 1878 Eiram
866 1806 1129 1884 Jzzi'r'aiﬁ,
1151 1806 1391 1885 usquead
1414 1806 1704 1869 versiculum
1725 1816 1770 1877 2,
1793 1806 1904 1880 cap:
1923 1816 1968 1878 2,
1996 1806 2899 1895 quorDeus

2958 1777 3176 1848 ἲνξηείνίο
3200 1792 3375 1837 creant
3394 1796 3517 1844 Dem

2957 1846 3108 1889 icitur.

1704 1930 2074 1987 «an»

1823 1974 1825 1976 .
1847 1966 1857 1974 1
1886 1971 1895 1981 ο
1923 1965 1930 1972 ‘

246 2048 483 2105 CAPUT
524 2042 807 2101 PRlMUM.
855 2068 930 2081 —-
968 2038 1035 2093 In
1076 2036 1247 2091 veteris
1300 2032 1446 2105 Legis
1502 2031 1840 2101 defensionem

321 2149 503 2194 contra
525 2138 575 2191 Μ
581 2136 831 2190 anichteos
850 2132 1127 2201 scripturus
1151 2137 1223 2183 est
1247 2127 1362 2182 stilo
1392 2124 1457 2177 ad
1477 2122 1839 2188 imperitiorum

322 2241 533 2300 captum
555 2226 788 2281 demisso.

327 2323 379 2375 ι.
423 2319 481 2374 Si
508 2320 764 2389 eligerent
801 2312 1072 2369 Manichzei
1097 2324 1229 2381 quos
1254 2307 1581 2376 deciperent,
1614 2304 1838 2373 eligere-

251 2428 377 2467 mus
414 2422 466 2467 et
520 2426 617 2464 nos
658 2409 817 2483 verba
860 2405 1049 2475 quibus
1089 2402 1166 2457 eis
1209 2397 1651 2467 responderemus
1675 2413 1686 2448 :
1714 2409 1836 2448 cum

252 2518 382 2556 vero
413 2501 489 2555 illi
516 2509 571 2554 et
595 2499 780 2553 doctos
802 2495 1008 2559 litteris,
1036 2504 1087 2548 et
1115 2490 1355 2546 indoctos
1383 2502 1566 2543 errore
1591 2500 1689 2540 suo
1714 2500 1837 2555 pcr-

250 2602 565 2663 sequantur,
608 2598 665 2645 et
705 2604 823 2643 cum
862 2586 1178 2657 promittunt
1205 2581 1503 2645 veritatem,
1547 2593 1577 2631 a
1615 2578 1836 2631 veritate

251 2695 516 2741 conentur
555 2690 829 2742 avertere;
881 2694 987 2732 non
1027 2683 1213 2731 ornato
1252 2672 1519 2742 politoquc
1563 2682 1830 2732 sermone,

250 2776 345 2830 sed
376 2775 541 2831 rebus
576 2770 871 2827 manifestis
903 2764 1261 2823 convincenda
1287 2771 1369 2817 est
1394 2761 1600 2815 vanitas
1625 2773 1830 2813 eorum.

251 2866 457 2921 Placuit
504 2864 646 2919 enim
687 2860 816 2916 mihi
860 2856 1208 2929 quorumdam
1262 2867 1384 2907 vere
1426 2850 1833 2906 Christianorum

248 2953 540 3016 sententia,
569 2952 657 3021 qui
687 2966 808 3005 cum
832 2950 938 3003 sint
962 2945 1152 3002 eruditi
1182 2942 1486 2997 liberalibus
1513 2938 1720 3002 litteris,
1752 2945 1833 2990 ta-

251 3060 375 3097 men
421 3043 556 3097 alios
599 3042 765 3096 libros
802 3049 1034 3101 nostros,
1072 3049 1205 3103 quos
1232 3033 1489 3087 adversus
1515 3027 1833 3083 Manicharos

249 3133 539 3197 edidimus,
572 3146 690 3185 cum
718 3131 989 3198 legissent,
1020 3125 1264 3180 viderunt
1286 3137 1381 3176 eos
1406 3121 1471 3176 ab
1496 3118 1834 3188 imperitiori-

250 3223 375 3289 bus,
420 3231 512 3276 aut
535 3236 637 3275 non
666 3230 755 3273 aut
786 3217 997 3272 difficile
1042 3213 1283 3282 intelligi,
1317 3221 1368 3266 et
1394 3225 1478 3265 me
1509 3207 1835 3264 benevolen-

250 3313 458 3367 tissime
488 3316 806 3366 monuerunt
832 3315 889 3361 ut
913 3318 1244 3360 communem
1274 3299 1520 3368 loquendi
1545 3305 1830 3352 consuetu-

245 3404 435 3458 dinem
468 3418 576 3457 non
602 3401 922 3464 desererem,
952 3397 999 3451 si
1037 3409 1247 3449 errores
1289 3392 1405 3445 illos
1430 3399 1535 3445 tam
1565 3386 1829 3458 pernicio-

247 3510 343 3550 sos
368 3494 436 3549 ab
457 3493 651 3547 animis
669 3492 827 3546 etiam
849 3487 1212 3557 imperitorum
1231 3482 1495 3552 expellere
1519 3478 1828 3549 cogitarem.

247 3586 406 3641 Hunc
442 3585 586 3640 enim
628 3597 930 3639 sermonem
962 3579 1209 3634 usitatum
1249 3584 1303 3631 et
1342 3573 1634 3642 simplicem
1671 3572 1831 3624 etiam

246 3677 397 3731 docti
429 3676 749 3745 intelligunt,
780 3673 921 3727 illum
952 3681 1126 3725 autem
1159 3667 1352 3722 indocti
1377 3681 1482 3721 non
1512 3664 1827 3732 intelligunt.

323 3770 384 3823 ἓ.
423 3769 611 3824 Solent
628 3783 755 3837 ergo
781 3765 1055 3821 Manichzei
1087 3763 1391 3831 Scripturas
1410 3759 1613 3814 Veteris
1642 3758 1829 3812 Testa-

244 3860 443 3925 mcnti,
471 3874 604 3928 quas
645 3872 750 3911 non
791 3861 1074 3919 noverunt,
1104 3853 1419 3921 vituperare,
1451 3858 1506 3905 et
1536 3864 1597 3902 ea
1626 3849 1830 3917 vitupe-

246 3954 463 4008 ratione
497 3951 734 4006 inlirmos
754 3959 806 4003 et
827 3948 1077 4019 parvulos
1106 3956 1337 4009 nostros,
1368 3960 1471 3997 non
1502 3940 1830 3997 invenientes

243 4043 521 4113 quomodo
559 4040 659 4096 sibi
700 4039 1076 4109 respondeant,
1108 4035 1328 4091 irridere
1362 4042 1517 4103 atque
1543 4032 1825 4100 decipere:

244 4135 375 4203 quia
404 4134 550 4188 nulla
582 4132 851 4201 Seriptura
877 4140 979 4195 est,
1008 4143 1130 4199 quae
1153 4142 1257 4181 non
1284 4124 1420 4195 apud
1448 4139 1540 4178 eos
1568 4123 1656 4194 qui
1685 4122 1827 4176 illam

247 4243 358 4283 non
384 4227 708 4295 intelligunt,
738 4224 893 4279 facile
920 4223 1089 4293 possit
1115 4216 1454 4290 reprehendi.
1479 4215 1582 4272 Sed
1607 4216 1722 4270 ideo
1744 4214 1828 4269 di-

243 4320 369 4372 vina
395 4316 725 4388 providentia
759 4315 951 4369 multos
971 4312 1163 4367 diversi
1192 4310 1389 4366 erroris
1418 4308 1691 4363 haereticos
1712 4321 1829 4361 esse

244 4408 529 4480 permittit,
563 4416 619 4460 ut
646 4421 767 4461 cum
804 4405 1058 4459 insultant
1087 4402 1263 4466 nobis,
1294 4408 1348 4455 et
1378 4398 1704 4467 interrogant
1732 4410 1828 4450 nos

244 4516 309 4555 ea
337 4514 457 4569 quae
483 4498 769 4559 nescimus,
791 4495 873 4549 vel
900 4495 975 4548 sic
998 4492 1328 4549 excutiamus
1354 4487 1640 4559 pigritiam,
1672 4496 1725 4542 et
1750 4487 1827 4542 di-

242 4594 400 4647 vinas
439 4590 743 4658 Seripturas
770 4602 928 4640 nosse
965 4585 1260 4653 cupiamus.
1293 4582 1577 4650 Pr0pterea
1604 4588 1656 4634 ct
1681 4579 1825 4648 Apo-

244 4684 416 4740 stolus
462 4682 593 4737 dicit
619 4699 632 4733 :
663 4680 870 4751 Oportet
900 4679 1109 4732 litereses
1137 4676 1297 4739 esse‘,
1339 4684 1393 4727 ut
1430 4673 1624 4745 probati
1658 4674 1824 4725 mani-

247 4776 362 4849 {esti
387 4776 512 4845 ﬁant
538 4775 667 4847 inter
698 4789 781 4826 vos
807 4769 847 4843 (l
884 4769 999 4824 Cor.
1028 4785 1102 4833 XI,
1126 4767 1253 4839 19).
1284 4766 1358 4821 Illi
1385 4766 1526 4821 enim
1567 4765 1674 4819 Deo
1702 4780 1827 4833 prec

246 4868 355 4923 bati
399 4874 545 4932 sunt,
589 4864 677 4935 qui
717 4863 854 4918 bene
895 4868 1118 4931 possunt
1161 4858 1395 4913 docere:
1427 4855 1520 4910 sed
1561 4854 1825 4910 manifesti

247 4958 557 5013 hominibus
578 4972 698 5011 esse
720 4971 825 5010 non
849 4963 1092 5026 possunt,
1122 4952 1222 5006 nisi
1248 4966 1367 5004 cum
1395 4949 1612 5013 docent;
1635 4946 1828 5002 docere

246 5058 426 5113 autem
450 5049 660 5114 nolunt,
688 5047 788 5101 nisi
806 5061 897 5101 eos
915 5045 1003 5116 qui
1022 5042 1202 5099 doceri
1221 5040 1518 5113 qumrunt'.
1547 5037 1650 5094 Sed
1675 5040 1825 5096 multi

1946 2030 2011 2084 ad
2037 2033 2379 2100 qumreiiduni
2410 2037 2543 2107 pigri
2574 2049 2715 2107 sunt,
2746 2043 2843 2098 nisi
2874 2062 2965 2114 per
2987 2050 3254 2108 molestias
3279 2064 3331 2110 et
3357 2058 3519 2115 insul-

1947 2122 2174 2214 tationes
2203 2125 2571 2184 haereticorum
2599 2135 2748 2201 quasi
2802 2136 2867 2192 de
2909 2153 3096 2196 somno
3126 2148 3437 2214 excitentur,
3469 2163 3519 2210 et

1944 2212 2012 2267 de
2042 2214 2303 2283 imperitia
2330 2232 2422 2272 sua
2460 2221 2778 2279 erubescant
2813 2227 2932 2293 sibi,
2964 2239 3015 2283 et
3043 2232 3109 2287 de
3141 2234 3225 2289 illa
3258 2212 3519 2308 imperitia

1944 2319 2038 2359 sua
2070 2308 2353 2374 periclitari
2380 2326 2438 2366 se
2463 2315 2712 2370 sentiant.
2743 2319 2841 2386 Qui
2872 2321 3114 2381 homines
3148 2328 3192 2382 si
3223 2330 3375 2387 bonae
3398 2346 3521 2390 sunt

1946 2394 2087 2495 fidei,
2286 2401 2479 2457 cedunt
2522 2404 2838 2473 haereticis‘,
2880 2415 2972 2467 scd
3013 2418 3138 2485 quid
3180 2421 3257 2475 eis
3296 2440 3519 2495 respon-

1944 2488 2107 2542 deant
2131 2490 2413 2560 diligenter
2447 2496 2735 2567 inquirunt.
2778 2502 2885 2559 Nec
2916 2520 3008 2561 eos
3032 2508 3229 2566 deserit
3266 2488 3427 2582 Deus,
3462 2527 3519 2574 ut

1945 2588 2188 2680 petentes
2229 2585 2506 2680 accipiant,
2550 2598 2604 2645 et
2646 2605 2946 2658 quarrentes
2971 2598 3260 2670 inveniant,
3306 2616 3358 2660 et
3394 2610 3516 2676 pul-

1942 2673 2185 2726 santibus
2226 2677 2496 2768 aperiatur
2531 2680 2741 2750 (Matth.
2770 2700 2861 2747 vn,
2887 2688 2963 2757 7).
2991 2688 3093 2768 Qui
3128 2703 3301 2748 autem
3331 2673 3519 2768 despe-
3548 2702 3552 2709 ⁴

1942 2771 2063 2816 rant
2104 2777 2163 2817 se
2206 2780 2361 2834 posse
2407 2767 2458 2821 in
2499 2771 2755 2827 catholica
2782 2754 3337 2847 disciplinadiwenire
3373 2754 3514 2857 qtiod

1942 2862 2206 2954 qua-runt,
2252 2864 2552 2913 atteruntur
2590 2863 2893 2930 erroribus;
2934 2876 2987 2922 et
3034 2869 3076 2923 si
3115 2886 3518 2942 perseveranter

1942 2946 2323 3037 inquirunﬁt,ad
2347 2948 2489 3016 ipsos
2513 2950 2683 3007 fontes
2708 2969 2738 3007 a
2759 2956 2947 3023 quibus
2974 2959 3372 3031 aberraverunt,
3400 2978 3518 3037 post

1941 3046 2161 3101 magnos
2187 3036 2395 3091 labores
2426 3038 2619 3109 fatigati
2648 3053 2803 3113 atque
2841 3046 3098 3116 sitientes,
3128 3062 3181 3106 et
3210 3068 3344 3122 pene
3372 3074 3517 3111 mor-

1942 3122 2013 3175 tui
2038 3134 2391 3180 revertuntur.

1939 3209 2164 3268 CAPUT
2205 3214 2265 3268 ll.
2289 3246 2358 3255 —
2382 3216 2669 3274 Versiculos
2690 3225 2739 3288 l,
2764 3241 2875 3295 cap.
2905 3229 2928 3281 1
2954 3228 3214 3296 Geneseos,
3238 3235 3518 3292 vindicatur

2009 3312 2184 3403 eontra
2203 3306 2543 3375 obtrectantes,
2563 3312 2684 3378 quid
2699 3318 2882 3383 faceret
2903 3316 3036 3373 Deus
3059 3330 3174 3376 ante
3193 3326 3368 3380 mundi
3385 3345 3518 3383 ereao

2001 3398 2184 3446 tionem
2219 3405 2268 3448 et
2297 3398 2428 3451 unde
2449 3400 2611 3453 subito
2642 3404 2881 3470 placuerit
2919 3409 2966 3461 ei
2990 3413 3233 3466 mundum
3259 3432 3447 3472 creare.

1943 3571 1955 3584 ι
2010 3482 2338 3584 5._l>rimu‘m
2388 3504 2515 3584 ergo
2555 3490 2746 3547 librum
2790 3494 2998 3553 Veteris
3041 3501 3383 3571 Testamenti,
3426 3510 3517 3579 qui

1941 3573 2244 3629 inscribitur
2274 3574 2498 3642 Genesis,
2523 3580 2598 3635 sic
2614 3583 2786 3638 solent
2806 3584 3077 3644 Manichtei
3100 3573 3513 3661 reprehendere.

1941 3664 2090 3731 Quod
2132 3667 2386 3736 scriptum
2432 3671 2614 3735 est,1n
2645 3675 2893 3745 principio
2927 3680 3043 3749 fecit
3086 3680 3223 3737 Deus
3257 3687 3437 3741 cretum
3470 3698 3518 3743 et

1942 3767 2148 3825 terram,
2178 3770 2441 3829 quarrunl,
2481 3762 2534 3817 in
2574 3780 2678 3834 quo
2709 3769 2998 3839 principio;
3039 3783 3089 3827 el
3118 3774 3338 3832 dicunt:
3368 3780 3424 3835 Si
3463 3782 3516 3837 in

1941 3850 2198 3919 principio
2217 3852 2394 3922 aliquo
2416 3857 2670 3924 temporis
2694 3857 2814 3912 fecit
2842 3859 2979 3915 Deus
3000 3864 3190 3920 uelum
3212 3875 3266 3922 et
3295 3878 3513 3940 terram,

1939 3942 2065 4011 quid
2103 3944 2293 4013 agebat
2334 3955 2615 4016 antequam
2646 3949 2842 4006 faceret
2881 3954 3073 4009 cmlum
3119 3966 3173 4013 et
3203 3963 3436 4017 terram?
3463 3975 3518 4021 ct

1939 4033 2063 4104 quid
2086 4035 2133 4090 ei
2160 4036 2337 4091 subito
2368 4038 2562 4107 placuit
2582 4040 2775 4109 facere,
2798 4046 2939 4115 quod
2968 4064 3233 4120 nunquam
3256 4064 3409 4111 antea
3440 4056 3519 4113 fe-

1939 4135 2083 4181 cerat
2122 4142 2217 4197 per
2239 4137 2477 4198 tempora
2522 4135 2760 4189 mterna?
2787 4135 2882 4192 His
2909 4141 3312 4213 respondemus,
3349 4147 3514 4204 Deum

1940 4218 1991 4273 in
2022 4220 2280 4290 principio
2307 4220 2497 4278 fecisse
2522 4226 2716 4280 etelum
2749 4237 2803 4283 et
2838 4236 3055 4296 terram,
3095 4250 3200 4290 non
3232 4238 3283 4292 in
3316 4241 3514 4309 princi—

1939 4312 2027 4403 pio
2054 4313 2325 4382 temporis,
2350 4315 2442 4369 sed
2470 4316 2519 4369 in
2548 4315 2781 4387 Christo,
2806 4335 2926 4375 cum
2950 4322 3177 4380 Verbum
3208 4339 3349 4385 esset
3375 4334 3514 4403 apud

1940 4402 2174 4468 Patrem,
2208 4420 2303 4473 per
2341 4406 2481 4476 quod
2519 4406 2654 4461 facta
2685 4418 2737 4463 et
2775 4410 2827 4464 in
2865 4426 2972 4481 quo
3000 4411 3137 4468 facta
3176 4427 3300 4473 sunt
3336 4425 3515 4479 omnia

1942 4494 2119 4560 (Jorm.
2151 4512 2189 4563 ι,
2214 4497 2265 4561 1,
2290 4495 2369 4567 5).
2414 4498 2664 4552 Dominus
2687 4501 2826 4553 enim
2856 4512 3035 4558 noster
3063 4505 3216 4563 Jcsus
3249 4510 3513 4578 Christus,

1938 4601 2059 4640 cum
2088 4602 2207 4640 eum
2235 4586 2401 4641 λιιι]ίυί
2436 4588 2849 4659 interrogassent
2873 4594 2991 4663 quis
3025 4608 3185 4667 esset,
3218 4605 3513 4672 respondit,

1943 4675 2276 4747 Principium,
2296 4679 2413 4749 quia
2436 4689 2481 4732 et
2503 4680 2677 4749 loquor
2699 4684 2834 4736 vobis
2856 4683 2903 4755 (1
2912 4684 2964 4737 d.
2998 4703 3109 4753 vm,
3136 4689 3250 4763 25).
3280 4691 3384 4749 Sed
3414 4698 3512 4752 etsi

1938 4771 1993 4825 in
2017 4770 2273 4840 principio
2305 4772 2559 4840 temporis
2586 4773 2747 4827 Deum
2777 4773 2966 4832 fecisse
3004 4781 3197 4837 caelum
3236 4795 3288 4839 et
3321 4795 3513 4845 terram

1937 4862 2236 4938 credamus,
2265 4862 2522 4917 debemus
2544 4864 2723 4934 utique
2745 4866 3035 4939 intelligere
3056 4873 3195 4941 quod
3221 4885 3342 4931 ante
3372 4879 3519 4948 prin-

1937 4953 2131 5021 cipium
2156 4955 2407 5023 temporis
2436 4970 2538 5009 non
2565 4963 2679 5009 erat
2712 4966 2937 5027 tempus.
2972 4961 3108 5017 Deus
3136 4967 3274 5019 enim
3310 4967 3436 5024 fecit
3467 4984 3521 5027 et

1939 5052 2297 5111 temporazet
2348 5042 2467 5099 ideo
2513 5054 2794 5116 antequam
2851 5048 3049 5107 faceret
3103 5064 3359 5126 tempora,
3412 5076 3517 5117 non

1532 5143 1789 5181 Αωιοκιτιο
1821 5148 1892 5182 PP.
1925 5146 2349 5185 BENDICTINORUI.

306 5229 666 5308 sunt
687 5225 760 5308 ριὶ
782 5224 879 5274 duo
901 5222 1035 5286 libri)
1043 5221 1119 5308 "ad
1141 5221 1340 5308 Belgium
1356 5217 1568 5308 codricen:
1589 5231 1665 5266 an.
1684 5218 1825 5308 fere‘i
1834 5218 1947 5308 00ρὲ
1961 5227 2012 5269 et
2033 5218 2091 5268 ad
2106 5221 2298 5308 Optima:
2314 5226 2443 5270 nota:
2465 5228 2572 5271 Mss.
2597 5222 3051 5289 Theodericensem,
3064 5237 3498 5288 Gemmencensem

664 5302 692 5308 --
732 5298 996 5308 -..κη-...η-..τ
1101 5291 1178 5308 non
1222 5293 1391 5308 ,πη-ειη·-
1456 5290 1544 5308 ἰιι-Λ
1569 5292 1736 5308 nncnm
1813 5294 1900 5308 vanu
1945 5294 2112 5308 [πει-..Μ
2189 5295 2225 5308 η-
2254 5284 2521 5308 ηκηὶηι-ιοηννι
2564 5286 2710 5308 ιιι-’.ιη
2738 5293 3029 5308 ιιΑ...,.-,.Α-..
3091 5293 3125 5308 ex,
3161 5307 3194 5308 η
3243 5299 3289 5308 -.ι
3325 5305 3333 5308 .
3400 5302 3408 5308 .

249 5278 1029 5369 m_€as_smeegeseeei
1767 5278 2540 5369 ,ικτηιθπεηευωτ’ςίειςτείεηξοεην
3083 5278 3514 5361 αθιίδξῖίείδθῖιῑιῖξε

248 5337 579 5421 soi-bonicum,
597 5337 1028 5421 'cliristinaianum',
1053 5344 1375 5404 \‘edastinum,
1398 5337 1698 5404 Vaticanum;
1722 5343 1780 5391 ad
1804 5343 2042 5393 lectiones
2067 5337 2130 5392 ex
2152 5344 2341 5393 duobus
2361 5337 2563 5407 Belgicis
2592 5337 3521 5421 LovaniensiumicuraﬁcolleetEE'e-tzd

253 5414 489 5463 editiones
506 5422 606 5461 Am.
632 5417 706 5460 Er.
731 5418 783 5460 et
804 5416 911 5459 Lov.

428 5494 945 5579 Comparavimus
963 5498 1269 5571 prazterea
1302 5506 1505 5551 omnes
1542 5506 1638 5549 eas
1665 5486 1961 5549 editiones
1992 5488 2176 5550 initio
2206 5490 2375 5550 Retr.
2401 5496 2462 5551 et
2481 5493 2794 5568 Confess.,
2816 5504 2860 5556 τ.
2885 5498 2939 5567 1,
2959 5510 3345 5565 memoratas.
3430 5505 3516 5569 Μ.

319 5626 334 5656 ι
361 5630 470 5673 uss.
495 5621 751 5681 tredecim,
774 5621 959 5682 oportet
979 5615 1151 5682 multa;
1173 5613 1380 5666 hazreses
1402 5624 1521 5682 esse.

315 5688 337 5759 ξ
490 5670 846 5759 inaequabile
868 5694 947 5731 eos
965 5677 1314 5759 qtti‘qiugriitg‘;
1339 5675 1531 5737 omisso,
1558 5670 1736 5724 doceri.
1760 5670 1771 5677 ”

315 5746 388 5809 (ιι)
415 5739 579 5809 εει-ὴ.ιί
602 5739 794 5798 circiter
816 5739 991 5793 annum
1010 5739 1177 5789 Christi
1205 5739 1298 5789 589

2014 5613 2029 5644 ι
2058 5618 2152 5673 Er.,
2176 5613 2375 5662 credunt
2396 5610 2650 5665 Iucreticis.
2678 5621 2806 5678 l.ov.,
2833 5620 3097 5672 concertant
3118 5622 3375 5680 Izwreticz's.
3461 5636 3503 5681 Il
