4056 6524
396 413 506 470 Ἶτὸ

408 532 558 582 erant
586 530 844 590 tempora.
872 512 989 570 Non
1015 519 1140 579 ergo
1168 513 1451 576 possumus
1478 495 1656 550 dicere
1692 486 1853 544 fuisse
1883 483 1984 539 ali-

578 577 787 680 tempus
825 601 1038 677 quando
1078 577 1217 652 Deus
1255 588 1489 648 nondum
1531 579 1728 652 aliquid
1764 577 1983 687 fecerat.

409 669 861 774 Quomodo-enini
899 702 1013 752 erat
1041 699 1252 758 tempus
1277 680 1418 754 quod
1445 679 1586 733 Deus
1626 687 1733 728 non
1762 669 1985 774 fecerat,

411 757 533 853 cum
568 791 809 849 omnium
854 794 1155 854 temporum
1197 777 1311 846 ipse
1360 772 1427 826 sit
1471 759 1786 822 fabricator?
1832 759 1896 813 Et
1945 757 1991 811 si

415 902 627 960 tempus
647 899 769 943 cum
794 880 931 938 coelo
957 850 1014 933 et
1042 884 1180 929 terra
1211 881 1330 924 esse
1364 861 1547 931 coepit.
1576 871 1681 912 non
1710 861 1884 924 potest
1912 850 1994 904 in-

414 941 583 1037 veniri
625 988 835 1046 tempus
876 984 979 1041 quo
1025 965 1165 1020 Deus
1204 954 1439 1013 nondum
1469 951 1667 1006 fecerat
1714 941 1905 999 malum
1942 947 1997 994 et

418 1084 635 1129 terram.
669 1029 802 1122 cum
843 1029 1020 1115 autem
1058 1052 1271 1113 dicitur,
1299 1044 1434 1114 Quid
1477 1042 1525 1097 ei
1567 1035 1760 1109 placuit
1797 1029 1991 1095 subito,

417 1164 497 1218 sic
524 1160 738 1223 dicitur,
770 1152 919 1225 quasi
966 1148 1141 1216 aliqua
1168 1151 1407 1209 tempora
1451 1129 1775 1194 transierint,
1808 1123 1999 1196 quibus

420 1255 561 1309 Deus
602 1220 734 1304 nihil
772 1220 1020 1314 operatus
1053 1243 1154 1290 est.
1202 1230 1316 1287 Non
1357 1228 1500 1283 enim
1542 1221 1768 1283 transire
1795 1220 2003 1288 poterat

425 1356 654 1414 tempus,
685 1311 825 1410 quod
862 1330 1095 1388 nondum
1120 1326 1316 1381 iecerat
1341 1321 1511 1385 Deus;
1548 1314 1671 1386 quia
1695 1326 1801 1367 non
1831 1311 2006 1378 potest

423 1411 552 1493 esse
579 1437 824 1502 operator
864 1433 1184 1492 temporum,
1226 1414 1328 1470 nisi
1354 1411 1443 1483 qui
1468 1417 1550 1465 est
1588 1412 1713 1461 ante
1742 1411 2001 1469 tempora.

334 1512 341 1517 ’
426 1526 583 1582 Certe
618 1492 675 1578 et
711 1518 810 1588 ipsi
839 1509 1115 1570 Manichtei
1140 1508 1321 1578 legunt
1359 1499 1656 1573 apostolum
1679 1492 1923 1558 Paulum,
1952 1494 2009 1542 et

426 1614 645 1672 laudant
669 1584 1043 1667 etvhonorant;
1076 1608 1130 1656 et
1151 1599 1266 1669 ejus
1287 1590 1550 1664 Epistolas
1575 1585 1715 1642 male
1741 1584 2008 1648 interpre-

429 1704 591 1762 tando
620 1702 817 1758 multos
839 1695 1125 1765 decipiunt.
1156 1690 1344 1744 Dicant
1374 1697 1501 1753 ergo
1527 1680 1681 1735 nobis
1710 1673 1835 1747 quid
1858 1673 2012 1728 dixe-

430 1802 500 1856 rit
525 1795 797 1868 apostolus
832 1789 1046 1852 Paulus,
1075 1781 1393 1856 Agnitionem
1431 1771 1649 1830 veritatis
1681 1782 1795 1840 quia
1832 1774 1903 1820 est
1935 1778 2015 1818 se-

433 1890 653 1947 cundum
692 1887 926 1958 pietatem
950 1879 1043 1933 Dei
1064 1879 1119 1931 in
1147 1888 1287 1946 spem
1311 1871 1426 1925 vita
1461 1875 1681 1930 aeternae,
1711 1872 1864 1932 quam
1899 1870 2019 1927 pro-

436 1982 570 2037 misit
581 1995 681 2034 non
693 1945 916 2031 mendax
933 1970 1067 2025 Deus
1086 1945 1202 2020 ante
1213 1973 1437 2033 tempora
1452 1965 1639 2013 azterna
1654 1951 1779 2027 (Tit.
1797 1965 1834 2016 ι,
1856 1948 1908 2013 l,
1926 1945 1985 2017 ἓ)
2001 1962 2016 2000 :

440 2082 638 2129 acterna
665 2066 805 2123 enim
838 2074 1077 2132 tempora
1101 2055 1228 2128 quid
1251 2061 1376 2109 ante
1399 2066 1458 2106 se
1484 2047 1678 2103 habere
1702 2036 2020 2114 potuerunt?

442 2165 555 2219 lloc
581 2174 708 2230 ergo
735 2129 986 2226 cogantur
1007 2159 1301 2219 exponere,
1328 2150 1388 2198 ut
1411 2138 1705 2208 intelligant
1728 2146 1788 2188 se
1815 2144 1919 2184 non
1942 2129 2024 2182 in-

445 2219 702 2322 telligere,
730 2219 849 2304 cum
879 2254 1078 2299 temere
1105 2238 1287 2293 volunt
1312 2228 1704 2304 reprehendere
1729 2220 1868 2296 quod
1898 2219 2022 2276 dili-

449 2351 637 2417 genter
663 2352 902 2412 quaerere
930 2332 1249 2390 debuerunt.

519 2435 573 2491 4.
594 2431 652 2490 Si
677 2402 852 2485 autem
877 2441 981 2481 non
1007 2423 1209 2485 dicunt,
1236 2416 1372 2487 Quid
1400 2413 1604 2488 placuit
1624 2410 1732 2466 Deo
1756 2406 1926 2463 subito
1953 2402 2029 2457 ia-

451 2542 574 2584 cere
615 2523 805 2580 ctelum
843 2528 897 2574 et
936 2526 1151 2580 terram,
1187 2509 1284 2567 sed
1325 2507 1515 2563 tollunt
1556 2500 1698 2568 inde,
1729 2498 1935 2561 subito;
1976 2501 2032 2549 et

455 2622 555 2675 hoc
586 2624 787 2672 tantum
811 2610 1012 2674 dicunt,
1034 2604 1171 2674 Quid
1203 2600 1399 2673 placuit
1426 2598 1537 2652 Deo
1562 2596 1734 2649 facere
1757 2589 1950 2646 ccelum
1976 2594 2033 2643 et

457 2721 650 2766 terram
669 2705 697 2761 ἲ
718 2705 831 2760 Non
851 2701 993 2758 enim
1019 2709 1256 2755 coaevum
1280 2693 1389 2747 Deo
1427 2685 1682 2745 mundum
1709 2684 1868 2739 istum
1898 2679 2033 2735 dici-

458 2818 596 2869 mus,
626 2799 748 2871 quia
770 2810 878 2852 non
904 2792 1018 2864 ejus
1045 2785 1355 2845 aeternitatis
1378 2789 1460 2838 est
1494 2780 1578 2835 hic
1608 2775 1858 2837 nnmdus,
1885 2775 2037 2841 cujus

459 2866 771 2953 aeternitatis
799 2894 881 2942 est
916 2884 1054 2938 Deus
1083 2898 1096 2934 :
1129 2877 1384 2933 mundum
1415 2872 1613 2943 quippe
1646 2866 1770 2923 fecit
1797 2866 1956 2929 Deus,
1984 2870 2039 2917 et

462 2987 541 3043 sic
564 2997 684 3039 cum
714 2980 826 3051 ipsa
856 2984 1094 3032 creatura
1121 2984 1281 3041 quam
1307 2968 1446 3022 Deus
1481 2963 1624 3030 fecit,
1651 2969 1887 3028 tempora
1921 2968 2040 3010 esse

465 3047 777 3148 coeperunt;
803 3078 857 3126 et
883 3068 1001 3123 ideo
1027 3064 1277 3120 dicuntur
1307 3068 1545 3127 tempora
1568 3061 1786 3108 mterna.
1818 3047 1934 3102 Non
1966 3054 2039 3100 ta-

463 3141 591 3222 men
628 3164 707 3219 sic
743 3167 866 3215 sunt
901 3166 1101 3211 mterna
1134 3161 1370 3219 tempora
1400 3141 1667 3217 quomodo
1694 3149 1925 3195 mternus
1964 3143 2047 3190 est

471 3260 631 3322 Deus,
660 3252 783 3324 quia
809 3250 949 3305 Deus
977 3254 1060 3303 est
1098 3252 1220 3298 ante
1244 3248 1506 3309 tempora,
1539 3234 1631 3304 qui
1655 3232 1937 3290 fabricator
1965 3233 2049 3281 est

473 3322 771 3419 temporum
797 3360 811 3396 :
841 3341 978 3396 sicut
1019 3333 1197 3391 omnia
1236 3346 1356 3402 qua:
1404 3329 1527 3383 iecit
1562 3326 1702 3380 Deus
1748 3322 1884 3377 bona
1926 3325 2051 3373 sunt

474 3412 652 3504 valde,
697 3431 789 3489 sed
832 3444 938 3484 non
980 3426 1057 3481 sic
1082 3425 1220 3479 bona
1262 3427 1406 3485 sunt,
1451 3413 1717 3487 quomodo
1761 3412 1934 3466 bonus
1970 3416 2053 3463 est

480 3531 642 3594 Deus,
677 3524 798 3596 quia
833 3521 921 3576 ille
952 3518 1095 3584 fecit,
1125 3516 1241 3570 haec
1275 3519 1454 3567 autem
1495 3507 1628 3563 facta
1669 3514 1832 3559 sunt:
1865 3515 1964 3557 nec
1991 3514 2054 3554 ea

479 3590 659 3691 genuit
682 3590 750 3671 de
777 3611 975 3681 seipso,
1007 3617 1065 3662 ut
1088 3606 1193 3660 hoc
1227 3610 1407 3659 essent
1430 3597 1571 3670 quod
1598 3597 1709 3666 ipse
1733 3602 1848 3658 est;
1875 3590 1968 3646 sed
1994 3604 2057 3644 ea

480 3711 603 3766 fecit
630 3707 697 3763 de
727 3703 913 3765 nihilo.
942 3709 1001 3755 ut
1033 3714 1139 3753 non
1177 3705 1358 3752 essent
1399 3688 1643 3760 :equalia,
1672 3700 1771 3741 nec
1798 3684 1845 3739 ei
1882 3698 1912 3736 a
1952 3695 2058 3752 quo

482 3802 616 3857 facta
644 3803 802 3859 sunt;
827 3808 924 3849 nec
944 3791 1081 3846 Filio
1101 3788 1216 3858 ejus
1237 3800 1332 3856 per
1352 3795 1505 3853 quem
1529 3778 1664 3832 facta
1688 3785 1839 3839 sunt;
1860 3772 2060 3843 justum

483 3901 565 3947 cst
592 3888 733 3944 enim
752 3888 790 3939 ί.
813 3885 867 3941 Si
906 3895 1035 3952 ergo
1075 3879 1162 3933 isti
1190 3873 1438 3938 dixerint,
1464 3868 1599 3937 Quid
1628 3865 1825 3936 placuit
1850 3864 1958 3919 Deo
1982 3860 2061 3915 fa-

485 3997 607 4037 cere
648 3977 843 4034 cmlum
896 3984 950 4028 et
988 3966 1222 4026 terram?
1266 3958 1696 4035 respondendum
1732 3963 1814 4009 est
1860 3955 1960 4017 eis,
2007 3956 2066 4005 ut

488 4076 634 4144 prius
658 4072 865 4126 discant
888 4066 996 4120 vim
1018 4057 1304 4116 voluntatis
1330 4056 1595 4118 humanm,
1623 4051 1710 4121 qui
1735 4047 2065 4102 voluntatem

490 4165 584 4221 Dei
634 4174 792 4216 nosse
837 4154 1157 4211 desiderant.
1207 4148 1407 4204 Causas
1452 4144 1595 4198 enim
1638 4134 1925 4195 voluntatis
1973 4133 2068 4189 Dei

492 4258 628 4311 scire
665 4259 929 4324 quaerunt,
957 4260 1077 4300 cum
1110 4242 1352 4297 voluntas
1381 4236 1477 4293 Dei
1515 4233 1753 4290 omnium
1780 4244 1899 4302 qua:
1924 4235 2066 4293 sunt,

494 4350 606 4418 ipsa
637 4347 705 4401 sit
745 4356 923 4398 causa.
968 4338 1025 4393 Si
1066 4326 1207 4390 enim
1236 4332 1396 4387 habet
1438 4342 1651 4385 causam
1680 4324 1925 4380 voluntas
1953 4319 2069 4387 Dei,

494 4410 579 4493 est
601 4428 970 4506 aliquidquod
1009 4423 1285 4482 antecedat
1306 4422 1628 4475 voluntatem
1658 4416 1773 4481 Dei,
1802 4410 1943 4483 quod
1975 4425 2072 4465 ne-

495 4528 577 4585 fas
610 4505 957 4583 cstercdere.
986 4518 1085 4586 Qui
1124 4531 1251 4587 ergo
1286 4513 1433 4579 dicit,
1462 4511 1637 4578 Quare
1663 4507 1784 4562 fecit
1810 4505 1948 4559 Deus
1969 4516 2078 4558 cte-

496 4622 607 4676 lum
632 4627 685 4674 et
704 4614 930 4673 terram?
959 4608 1381 4681 respondendum
1409 4614 1491 4660 est
1513 4603 1583 4669 ei,
1606 4601 1736 4669 Quia
1759 4598 1942 4654 voluit.
1972 4596 2079 4650 Vo-

498 4712 675 4767 luntas
700 4707 839 4762 enim
866 4704 961 4760 Dei
986 4716 1146 4758 causa
1174 4707 1258 4755 est
1283 4695 1407 4753 cmli
1435 4703 1490 4751 et
1517 4705 1690 4756 terrm,
1719 4699 1773 4746 et
1814 4689 1935 4745 ideo
1965 4701 2081 4742 ma-

498 4803 586 4876 jor
609 4810 690 4857 est
707 4799 952 4855 voluntas
983 4795 1075 4850 Dei
1102 4808 1258 4864 quam
1287 4790 1479 4847 emtum
1509 4795 1561 4842 ct
1588 4796 1747 4841 terra.
1776 4783 1876 4851 Qui
1905 4790 2082 4837 autem

501 4874 651 4963 dicit,
672 4892 844 4961 Quare
867 4889 1030 4945 voluit
1049 4886 1223 4942 facere
1243 4884 1437 4943 caelum
1452 4884 1513 4936 'et
1535 4878 1770 4935 terram?
1795 4876 1968 4947 majus
1989 4874 2088 4928 ali-

500 4985 630 5058 quid
660 4983 852 5056 qumrit
878 4995 1035 5052 quam
1064 4986 1145 5033 est
1169 4977 1414 5032 voluntas
1442 4972 1535 5027 Dei
1565 4989 1577 5025 :
1606 4970 1734 5025 nihil
1757 4977 1936 5025 autem
1968 4982 2085 5021 ma-

505 5077 590 5151 jus
614 5072 838 5131 inveniri
865 5078 1057 5142 potest.
1078 5067 1550 5138 Compescat'ergo
1576 5077 1635 5118 se
1660 5062 1889 5115 humana
1915 5067 2084 5114 teme-

510 5148 658 5232 ritas,
686 5172 740 5221 et
764 5163 814 5218 id
842 5160 981 5234 quod
1012 5175 1116 5215 non
1154 5166 1238 5214 est
1275 5171 1378 5210 non
1401 5160 1623 5225 quaerat,
1658 5166 1727 5206 ne
1761 5149 1814 5205 id
1839 5148 1980 5220 quod
2007 5158 2091 5205 est

506 5273 613 5315 non
650 5255 902 5313 inveniat.
944 5253 1015 5309 Et
1055 5252 1101 5309 si
1131 5250 1456 5305 voluntatem
1493 5245 1589 5300 Dei
1628 5258 1789 5299 nosse
1812 5243 2088 5314 quisquam

507 5348 791 5414 desiderat,
823 5346 913 5400 ﬁat
939 5343 1142 5400 amicus
1172 5341 1281 5395 Deo
1308 5355 1321 5391 :
1348 5337 1471 5408 quia
1496 5336 1540 5391 si
1567 5334 1890 5389 voluntatem
1921 5332 2095 5388 homi-

508 5441 593 5497 nis
631 5455 791 5496 nosse
827 5437 1106 5509 quisquam
1151 5433 1333 5497 vellet,
1362 5430 1516 5499 cujus
1553 5428 1756 5484 amicus
1783 5444 1889 5483 non
1925 5435 2089 5493 esset,

509 5545 700 5588 omnes
718 5530 833 5601 ejus
854 5524 1235 5599 impudentiam
1256 5537 1319 5577 ac
1334 5520 1609 5577 stultitiam
1631 5519 1953 5575 deriderent.
1976 5517 2092 5572 Non

510 5631 687 5678 autem
717 5622 992 5693 quisquam
1024 5615 1247 5673 efﬁcitur
1279 5614 1481 5670 amicus
1505 5611 1623 5678 Dei,
1655 5611 1756 5666 nisi
1781 5607 2095 5681 purgatissi-

515 5717 618 5773 mis
655 5714 911 5776 moribus,
956 5718 1011 5765 ct
1050 5710 1141 5764 illo
1168 5708 1274 5763 line
1307 5705 1556 5778 przeccpti
1585 5703 1651 5759 de
1678 5718 1784 5773 quo
1812 5700 2096 5772 Apostolus

578 5828 596 5862 ι
615 5827 750 5888 aliti,
771 5824 923 5884 iustus
937 5828 1006 5875 est
1026 5821 1166 5874 enim.
1192 5828 1298 5876 mss.
1324 5827 1543 5883 quatuor,
1559 5816 1744 5879 justum
1762 5819 1847 5866 est.

1287 385 1379 443 DE
1417 377 1666 440 GENESI
1698 369 1968 433 CONTRA
2008 361 2315 429 MANlCH.,
2357 360 2415 417 S.
2461 352 2825 416 AUGUSTINI

2092 477 2241 543 dicit,
2271 474 2418 530 Finis
2446 481 2611 527 autem
2635 465 2870 540 praecepti
2898 471 2969 519 est
3008 461 3226 520 Charitas
3251 462 3314 517 de
3338 460 3488 516 corde
3512 478 3668 533 puro,

3571 348 3678 405 I70

2095 578 2141 622 et
2156 565 2457 621 conscientia
2478 562 2627 627 bona,
2650 568 2696 613 et
2718 558 2818 628 ﬁde
2842 572 2943 610 non
2962 555 3080 624 ficta
3109 552 3153 627 (l
3176 552 3311 607 Tim.
3334 569 3372 619 t,
3399 552 3454 624 5)
3482 570 3495 606 :
3523 550 3672 623 quod
3704 594 3711 605 .

2098 659 2183 715 isti
2210 658 2255 714 si
2280 656 2555 719 haberent,
2585 668 2693 706 non
2721 644 2903 706 essent
2926 646 3186 703 haeretici.

2418 764 2643 824 CAPUT
2668 763 2756 820 lli.
2781 792 2854 803 —
2880 760 3179 834 Defendilnr
3202 776 3330 816 vers.
3356 759 3410 814 2.

2172 887 2226 941 5.
2259 882 2411 952 Quod
2452 890 2629 936 autem
2668 878 2905 949 sequitur
2943 878 2996 933 in
3026 877 3163 933 libro
3188 877 3492 941 Geneseos,
3522 874 3686 930 Terra

2102 988 2269 1033 autem
2313 985 2418 1030 erat
2467 971 2727 1028 invisibilis
2770 981 2819 1026 et
2854 969 3213 1041 incomposita,
3263 968 3342 1023 sic
3389 966 3685 1036 reprehen-

2104 1068 2236 1124 dunt
2277 1064 2580 1128 Manichtei,
2613 1072 2671 1118 ut
2711 1062 2925 1116 dicant:
2957 1059 3233 1127 Quomodo
3278 1057 3403 1112 fecit
3448 1058 3586 1112 Deus
3631 1056 3689 1114 in

2107 1159 2362 1231 principio
2388 1159 2582 1212 crelum
2607 1164 2661 1210 et
2685 1163 2901 1220 terram,
2934 1155 2979 1207 si
3012 1153 3127 1222 jam
3150 1162 3201 1205 ct
3229 1160 3367 1206 terra
3398 1160 3512 1205 erat
3550 1149 3689 1204 invi-

2107 1251 2275 1307 sibilis
2302 1259 2356 1306 et
2381 1246 2768 1317 incomposita?
2793 1246 2866 1300 lta
2886 1285 2900 1309 ,
2932 1259 3051 1298 cum
3079 1244 3261 1296 volunt
3287 1241 3589 1311 Scripturas
3608 1239 3693 1295 di-

2108 1344 2259 1399 vinas
2285 1342 2430 1414 prius
2458 1336 2758 1409 vituperare
2787 1353 2944 1408 quam
2982 1349 3140 1390 nosse
3159 1377 3173 1398 ,
3216 1334 3393 1389 etiam
3414 1347 3503 1389 res
3535 1346 3694 1403 aper-

2113 1434 2345 1490 tissimas
2382 1448 2487 1487 non
2531 1430 2845 1499 intelligunt.
2877 1425 3015 1494 Quid
3047 1427 3186 1480 enim
3217 1424 3548 1479 manifestius
3589 1423 3697 1481 did

2114 1526 2317 1598 potuit,
2346 1538 2503 1595 quam
2534 1521 2636 1576 hoc
2658 1520 2853 1575 dictum
2879 1528 2960 1573 est
2978 1558 2995 1585 ,
3030 1515 3096 1570 In
3125 1515 3374 1586 principio
3408 1515 3525 1586 fecit
3561 1512 3697 1571 Deus

2116 1620 2295 1674 caelum
2330 1625 2376 1671 et
2405 1626 2625 1679 terram;
2662 1621 2795 1667 terra
2830 1620 2996 1664 autem
3024 1619 3129 1662 erat
3156 1607 3415 1661 invisibilis
3438 1614 3484 1660 et
3506 1605 3700 1659 incons-

2118 1708 2317 1780 posita;
2343 1705 2396 1761 id
2423 1713 2537 1771 est,
2566 1703 2620 1757 lu
2647 1700 2908 1773 principio
2945 1698 3067 1753 fecit
3104 1698 3244 1752 Deus
3283 1696 3478 1751 caelum
3507 1704 3563 1752 et
3587 1704 3698 1751 ter-

2118 1815 2269 1864 ram;
2297 1808 2438 1854 terra
2477 1805 2654 1851 autem
2684 1794 2796 1864 ipsa
2833 1805 2992 1862 quam
3042 1788 3168 1845 fecit
3213 1788 3390 1853 Deus,
3422 1785 3703 1844 invisibilis

2120 1900 2236 1948 erat
2261 1897 2317 1946 et
2341 1888 2722 1958 incomposita,
2750 1893 3031 1954 antequam
3075 1883 3211 1936 Deus
3247 1881 3484 1935 omnium
3523 1892 3704 1934 rerum

2125 1983 2323 2038 formas
2343 1981 2470 2036 locis
2509 1988 2565 2034 et
2587 1976 2802 2033 sedibus
2828 1975 2939 2029 suis
2962 1974 3200 2029 ordinata
3225 1972 3565 2027 distinctione
3587 1970 3705 2026 dis-

2127 2080 2349 2145 poneret
2387 2088 2402 2124 :
2439 2081 2718 2140 antequam
2740 2067 2969 2131 diceret,
2997 2063 3117 2118 Fiat
3140 2063 3259 2128 luat,
3287 2070 3361 2130 et,
3386 2060 3504 2115 Fiat
3530 2061 3709 2131 ﬁrma-

2126 2176 2376 2230 mentum,
2404 2171 2492 2230 et,
2524 2160 2899 2231 Cangregentur
2923 2171 3094 2227 aqua,
3123 2162 3207 2223 et,
3235 2154 3492 2225 Appareat
3528 2153 3708 2220 arida,

2128 2267 2182 2314 et
2205 2265 2396 2312 caetera
2422 2269 2539 2324 qum
2562 2253 2615 2306 in
2634 2250 2822 2308 eodem
2844 2248 2979 2304 libro
3008 2251 3083 2303 sic
3105 2254 3442 2317 exponuntur
3458 2261 3553 2317 per
3569 2245 3713 2300 ordi-

2130 2362 2274 2411 nem,
2301 2342 2746 2417 quemadmodum
2782 2340 2986 2411 possint
3019 2354 3081 2395 ea
3109 2339 3308 2410 parvuli
3336 2338 3561 2407 cupere?
3582 2338 3715 2406 Quae

2133 2438 2308 2492 omnia
2342 2435 2618 2491 continent
2655 2442 2758 2487 tam
2786 2445 2973 2500 magna
3002 2428 3247 2501 mysteria
3269 2470 3284 2496 ,
3314 2437 3370 2482 ut
3394 2428 3630 2499 quisquis
3648 2442 3716 2483 ea

2133 2528 2407 2594 didicerit,
2438 2526 2675 2582 omnium
2704 2522 3073 2578 haereticorum
3113 2522 3394 2575 vanitatem
3426 2520 3513 2575 vel
3540 2518 3720 2575 doleat

2137 2621 2260 2693 quia
2297 2619 2540 2676 homines
2580 2625 2737 2682 sunt,
2776 2614 2860 2670 vel
2895 2612 3135 2669 derideat
3167 2612 3289 2683 quia
3318 2610 3533 2681 superbi
3571 2618 3718 2665 sunt.

2209 2711 2264 2767 6.
2291 2709 2542 2780 Sequitur
2567 2707 2618 2762 in
2646 2705 2835 2762 eodem
2875 2704 3009 2771 libro
3026 2743 3042 2769 ,
3070 2701 3137 2756 Et
3167 2702 3380 2756 tenebrat
3403 2710 3546 2755 erant
3571 2716 3725 2770 super

2141 2805 2395 2875 abyssum.
2420 2799 2569 2870 Quod
2608 2796 2885 2854 Manicbmi
2924 2794 3318 2866 reprehendunt
3352 2793 3587 2849 dicentes
3620 2812 3634 2848 :
3666 2792 3725 2847 In

2146 2893 2377 2949 tenebris
2416 2905 2544 2961 ergo
2586 2898 2701 2945 erat
2745 2888 2918 2953 Deus,
2961 2896 3242 2954 antequam
3284 2882 3479 2939 faceret
3512 2882 3729 2939 lucem?

2145 2985 2285 3041 Vere
2310 2983 2409 3054 ipsi
2435 2990 2559 3037 sunt
2584 2981 2637 3035 in
2661 2979 2891 3035 tenebris
2922 2976 3261 3048 ignorantia),
3293 2983 3348 3030 et
3373 2974 3494 3030 ideo
3512 2989 3615 3028 non
3641 2973 3728 3029 in-

2150 3075 2390 3144 telligunt
2425 3072 2595 3126 lucem
2615 3110 2633 3137 ,
2672 3070 2726 3124 in
2759 3083 2863 3139 qua
2907 3068 3045 3121 Deus
3073 3073 3187 3121 erat
3224 3075 3502 3136 antequam
3535 3064 3733 3120 faceret

2152 3168 2309 3222 istam
2338 3166 2527 3220 lucem.
2554 3149 2670 3218 Non
2694 3161 2835 3217 enim
2860 3171 3055 3216 norunt
3079 3160 3163 3214 isti
3194 3158 3403 3226 lucem,
3442 3157 3541 3213 nisi
3571 3172 3732 3228 quam

2152 3256 2359 3312 carneis
2379 3254 2547 3310 oculis
2569 3252 2766 3307 vident.
2797 3252 2865 3306 Et
2892 3250 3010 3305 ideo
3039 3251 3197 3304 istum
3225 3249 3391 3304 solem
3417 3290 3432 3315 ,
3455 3263 3612 3319 quem
3643 3263 3739 3319 pa-

2156 3348 2284 3403 riter
2330 3360 2439 3401 non
2480 3344 2650 3400 solum
2697 3358 2817 3398 cum
2864 3342 3047 3397 bestiis
3092 3340 3408 3411 majoribus,
3454 3339 3547 3396 sed
3578 3342 3739 3395 etiam

2157 3455 2276 3497 cum
2306 3437 2502 3494 muscis
2530 3446 2585 3493 et
2608 3435 2911 3491 vermiculis
2943 3433 3240 3499 cernimus,
3275 3432 3349 3486 illi
3373 3432 3452 3487 sic
3476 3431 3657 3486 colunt
3682 3440 3744 3486 ut.

2163 3530 2472 3603 particulam
2499 3528 2676 3583 dicant
2700 3541 2820 3582 esse
2842 3525 2974 3580 lucis
2999 3524 3139 3578 illius
3159 3525 3211 3577 in
3232 3538 3332 3593 qua
3354 3522 3555 3577 habitat
3579 3521 3741 3577 Deus.

2160 3623 2265 3679 Sed
2306 3635 2405 3676 nos
2447 3618 2800 3688 intelligamus
2829 3616 2981 3670 aliam
3022 3614 3193 3670 lucem
3221 3627 3341 3669 esse
3378 3613 3429 3667 in
3473 3627 3574 3684 qua
3603 3612 3748 3668 Deus

2164 3716 2398 3779 habitat,
2426 3711 2569 3768 unde
2595 3719 2678 3767 est
2707 3709 2835 3764 illud
2863 3709 3040 3762 lumen
3073 3707 3139 3761 de
3164 3720 3269 3776 quo
3295 3705 3346 3759 in
3371 3704 3657 3775 Evangelio
3679 3704 3752 3760 lo-

2163 3809 2325 3878 gitur,
2357 3805 2485 3859 Erat
2507 3805 2676 3859 lumen
2696 3817 2895 3868 verum,
2921 3799 3056 3872 quod
3075 3798 3325 3853 illuminat
3358 3813 3556 3853 omnem
3581 3798 3751 3852 Itami-

2168 3915 2280 3953 nem
2300 3897 2572 3951 venientem
2600 3896 2653 3949 in
2683 3894 2814 3947 hunc
2832 3891 3076 3946 mundum
3106 3887 3282 3963 (Joan.
3312 3891 3372 3955 l,
3398 3888 3477 3960 9).
3505 3888 3638 3944 Nam
3665 3903 3755 3943 so-

2169 3991 2235 4045 lis
2260 3990 2413 4044 istius
2436 3989 2618 4041 lumcn
2646 4001 2750 4040 non
2786 3983 3048 4039 illuminat
3073 3995 3287 4037 omnem
3316 3981 3621 4045 hominem,
3654 3978 3754 4034 sed

2172 4095 2366 4150 corpus
2390 4077 2619 4132 hominis
2640 4083 2694 4131 et
2713 4074 2964 4129 mortales
2991 4071 3175 4127 oculos
3197 4112 3213 4136 ,
3246 4071 3297 4125 in
3318 4069 3512 4141 quibus
3533 4083 3628 4124 nos
3648 4069 3761 4122 vin-

2173 4180 2302 4228 cunt
2328 4170 2623 4240 aquilarum
2652 4166 2822 4232 oculi,
2859 4164 2950 4236 qui
2978 4163 3148 4218 solem
3179 4163 3338 4216 istum
3368 4161 3533 4215 multo
3567 4160 3760 4215 melius

2176 4277 2332 4333 quam
2368 4275 2464 4314 nos
2489 4259 2738 4314 dicuntur
2760 4256 3016 4325 aspicere.
3047 4252 3178 4309 illud
3205 4262 3383 4308 autem
3431 4252 3609 4306 lumen
3650 4266 3760 4305 non

2178 4353 2616 4412 irrationabilium
2642 4351 2817 4405 avium
2841 4350 2858 4381 ί
2897 4348 3080 4404 oculos
3110 4348 3296 4418 pascit,
3320 4345 3412 4401 sed
3446 4361 3571 4416 pura
3600 4344 3762 4399 corda

2181 4464 2363 4505 eorum
2393 4446 2482 4516 qui
2500 4442 2845 4499 Deocredunt
2864 4482 2878 4507 ,
2908 4448 2961 4495 et
2985 4440 3051 4494 ab
3075 4454 3255 4494 amore
3278 4437 3563 4493 visibilium
3588 4450 3767 4491 rerum

2182 4549 2237 4596 et
2263 4537 2631 4611 temporalium
2651 4550 2710 4591 se
2731 4533 2804 4589 ad
2825 4534 2942 4601 ejus
2964 4539 3223 4602 pnecepta
3256 4528 3516 4599 implenda
3545 4542 3771 4582 conver-

2186 4639 2321 4686 tunt.
2350 4628 2504 4699 Quod
2529 4642 2716 4684 omnes
2739 4626 2980 4680 homines
3009 4631 3229 4695 possunt
3254 4623 3299 4677 si
3328 4622 3493 4677 velint
3520 4618 3618 4693 (a),
3642 4619 3767 4690 quia

2188 4722 2317 4778 illud
2339 4723 2516 4776 lumen
2546 4734 2759 4775 omnem
2791 4716 3058 4772 hominem
3098 4713 3353 4769 illuminat
3385 4712 3685 4768 venientem
3719 4712 3774 4766 in

2130 4834 2131 4837 η
2190 4815 2332 4870 hunc
2379 4811 2656 4867 mundum.
2703 4809 2844 4880 Ergo
2885 4806 3117 4862 tene‘brm
3148 4811 3310 4861 erant
3336 4819 3497 4874 super
3524 4802 3776 4874 abyssum

2191 4916 2471 4976 antequam
2499 4903 2589 4957 lux
2630 4904 2726 4957 ista
2768 4902 2917 4955 tieret
2954 4916 2967 4953 :
3006 4897 3073 4953 de
3122 4912 3224 4968 qua
3263 4902 3650 4966 corisequenter
3676 4893 3779 4948 hoc

2195 4998 2312 5052 loco
2337 4997 2550 5050 dicitur.

2193 5108 2420 5168 CAPUT
2469 5107 2559 5163 ιν.
2587 5136 2661 5149 ——
2688 5106 2752 5160 In
2803 5103 3143 5176 defensionem
3178 5116 3307 5156 vers.
3330 5101 3367 5157 '5
3401 5098 3680 5154 ostenditur
3708 5105 3780 5151 ιε’

2751 5197 2931 5251 nebras
2957 5193 3085 5249 nihil
3102 5209 3227 5249 esse.

2271 5296 2322 5348 7.
2374 5293 2439 5347 Et
2467 5291 2592 5346 dia-it
2632 5288 2801 5353 Deus,
2846 5285 2963 5341 Fiat
2990 5286 3097 5342 lux.
3128 5284 3261 5353 Quia
3287 5283 3376 5338 ubi
3403 5281 3495 5337 lux
3521 5295 3628 5336 non
3668 5288 3783 5345 est,

2202 5384 2435 5440 tenebris
2482 5389 2639 5439 sunt,
2683 5393 2789 5432 non
2828 5377 2945 5448 quia
2989 5373 3187 5445 aliquid
3225 5382 3348 5428 sunt
3383 5371 3647 5437 tenebrae,
3692 5369 3787 5425 sed
3825 5424 3837 5434 _

2203 5478 2321 5548 ipsa
2352 5474 2489 5529 lucis
2516 5471 2753 5526 absentia
2785 5469 3016 5526 tenebra:
3040 5467 3308 5522 dicuntur.
3342 5464 3491 5520 Sicut
3518 5461 3783 5518 silentium

2204 5588 2308 5627 non
2337 5571 2513 5640 aliqua
2538 5584 2624 5623 res
2644 5575 2752 5635 est,
2782 5565 2877 5622 sed
2907 5563 2995 5619 ubi
3022 5575 3188 5619 sonus
3226 5574 3335 5615 non
3374 5566 3454 5614 est
3474 5599 3491 5626 ,
3520 5555 3788 5612 silentium

2270 5749 2286 5779 ι
2311 5747 2446 5808 Editi,
2459 5740 2862 5808 mtinwlinm.§ed
2877 5747 3006 5808 Mss,
3019 5737 3196 5801 avium,
3214 5735 3397 5788 scilicet
3418 5730 3698 5796 aquilarum.

2270 5812 2342 5872 (α)
2365 5817 2381 5858 t
2405 5802 2603 5860 ttetract.
2627 5819 2732 5869 cap.
2752 5805 2828 5867 l0,
2851 5816 2899 5851 ιι.
2926 5802 2972 5851 9..
