  <div class='ocr_page' id='page_1' title='image "/cluster/home/n/w/nwhite01/storage/ocr_20150623/34/hvd.32044015706310/094.png"; bbox 0 0 4056 6452; ppageno 0'>
   <div class='ocr_carea' id='block_1_1' title="bbox 295 373 400 432">
    <p class='ocr_par' dir='ltr' id='par_1_1' title="bbox 295 373 400 432">
     <span class='ocr_line' id='line_1_1' title="bbox 295 373 400 432; baseline 0.01 -1"><span class='ocrx_word' id='word_1_1' title='bbox 295 373 400 432; x_wconf 72' lang='grc' dir='ltr'><strong>ΓΠ</strong></span> 
     </span>
    </p>
   </div>
   <div class='ocr_carea' id='block_1_2' title="bbox 295 481 1892 558">
    <p class='ocr_par' dir='ltr' id='par_1_2' title="bbox 295 481 1892 558">
     <span class='ocr_line' id='line_1_2' title="bbox 295 481 1892 558; baseline -0.006 -13"><span class='ocrx_word' id='word_1_2' title='bbox 295 488 512 545; x_wconf 64' lang='lat' dir='ltr'><strong>dicitur.</strong></span> <span class='ocrx_word' id='word_1_3' title='bbox 542 488 610 546; x_wconf 86' lang='lat' dir='ltr'><strong>Et</strong></span> <span class='ocrx_word' id='word_1_4' title='bbox 642 487 852 544; x_wconf 85' lang='lat' dir='ltr'><strong>nuditas</strong></span> <span class='ocrx_word' id='word_1_5' title='bbox 869 486 1044 558; x_wconf 87' lang='lat' dir='ltr'><strong>aliqua</strong></span> <span class='ocrx_word' id='word_1_6' title='bbox 1072 500 1160 541; x_wconf 91' lang='lat' dir='ltr'><strong>res</strong></span> <span class='ocrx_word' id='word_1_7' title='bbox 1186 499 1295 542; x_wconf 92' lang='lat' dir='ltr'><strong>non</strong></span> <span class='ocrx_word' id='word_1_8' title='bbox 1321 492 1403 538; x_wconf 89' lang='lat' dir='ltr'><strong>cst</strong></span> <span class='ocrx_word' id='word_1_9' title='bbox 1421 526 1436 550; x_wconf 92' lang='lat'><strong>,</strong></span> <span class='ocrx_word' id='word_1_10' title='bbox 1461 481 1554 539; x_wconf 89' lang='lat' dir='ltr'><strong>sed</strong></span> <span class='ocrx_word' id='word_1_11' title='bbox 1587 483 1636 536; x_wconf 92' lang='lat' dir='ltr'><strong>in</strong></span> <span class='ocrx_word' id='word_1_12' title='bbox 1667 495 1892 550; x_wconf 84' lang='lat' dir='ltr'><strong>corpore</strong></span> 
     </span>
    </p>
   </div>
   <div class='ocr_carea' id='block_1_3' title="bbox 295 571 1891 652">
    <p class='ocr_par' dir='ltr' id='par_1_3' title="bbox 295 571 1891 652">
     <span class='ocr_line' id='line_1_3' title="bbox 295 571 1891 652; baseline -0.006 -17"><span class='ocrx_word' id='word_1_13' title='bbox 295 583 390 636; x_wconf 89' lang='lat' dir='ltr'><strong>ubi</strong></span> <span class='ocrx_word' id='word_1_14' title='bbox 423 588 786 652; x_wconf 76' lang='lat' dir='ltr'><strong>tegumentum</strong></span> <span class='ocrx_word' id='word_1_15' title='bbox 810 593 915 634; x_wconf 92' lang='lat' dir='ltr'><strong>nou</strong></span> <span class='ocrx_word' id='word_1_16' title='bbox 941 587 1024 634; x_wconf 88' lang='lat' dir='ltr'><strong>est</strong></span> <span class='ocrx_word' id='word_1_17' title='bbox 1046 618 1063 646; x_wconf 94' lang='lat'><strong>,</strong></span> <span class='ocrx_word' id='word_1_18' title='bbox 1093 576 1302 632; x_wconf 85' lang='lat' dir='ltr'><strong>nuditas</strong></span> <span class='ocrx_word' id='word_1_19' title='bbox 1321 575 1534 629; x_wconf 87' lang='lat' dir='ltr'><strong>dicitur.</strong></span> <span class='ocrx_word' id='word_1_20' title='bbox 1566 573 1634 627; x_wconf 86' lang='lat' dir='ltr'><strong>Et</strong></span> <span class='ocrx_word' id='word_1_21' title='bbox 1659 571 1891 626; x_wconf 90' lang='lat' dir='ltr'><strong>inanitas</strong></span> 
     </span>
    </p>
   </div>
   <div class='ocr_carea' id='block_1_4' title="bbox 289 663 1892 742">
    <p class='ocr_par' dir='ltr' id='par_1_4' title="bbox 289 663 1892 742">
     <span class='ocr_line' id='line_1_4' title="bbox 289 663 1892 742; baseline -0.007 -15"><span class='ocrx_word' id='word_1_22' title='bbox 289 683 407 727; x_wconf 83' lang='lat' dir='ltr'><strong>non</strong></span> <span class='ocrx_word' id='word_1_23' title='bbox 439 683 525 728; x_wconf 90' lang='lat' dir='ltr'><strong>est</strong></span> <span class='ocrx_word' id='word_1_24' title='bbox 553 670 750 742; x_wconf 89' lang='lat' dir='ltr'><strong>aliquid</strong></span> <span class='ocrx_word' id='word_1_25' title='bbox 770 712 785 736; x_wconf 92' lang='lat'><strong>,</strong></span> <span class='ocrx_word' id='word_1_26' title='bbox 813 669 905 726; x_wconf 86' lang='lat' dir='ltr'><strong>sed</strong></span> <span class='ocrx_word' id='word_1_27' title='bbox 944 669 1090 724; x_wconf 91' lang='lat' dir='ltr'><strong>locus</strong></span> <span class='ocrx_word' id='word_1_28' title='bbox 1119 668 1207 724; x_wconf 89' lang='lat' dir='ltr'><strong>ubi</strong></span> <span class='ocrx_word' id='word_1_29' title='bbox 1233 683 1423 738; x_wconf 87' lang='lat' dir='ltr'><strong>corpus</strong></span> <span class='ocrx_word' id='word_1_30' title='bbox 1455 682 1557 720; x_wconf 90' lang='lat' dir='ltr'><strong>non</strong></span> <span class='ocrx_word' id='word_1_31' title='bbox 1579 675 1692 728; x_wconf 89' lang='lat' dir='ltr'><strong>est,</strong></span> <span class='ocrx_word' id='word_1_32' title='bbox 1720 663 1892 719; x_wconf 89' lang='lat' dir='ltr'><strong>inanis</strong></span> 
     </span>
    </p>
   </div>
   <div class='ocr_carea' id='block_1_5' title="bbox 292 755 1889 828">
    <p class='ocr_par' dir='ltr' id='par_1_5' title="bbox 292 755 1889 828">
     <span class='ocr_line' id='line_1_5' title="bbox 292 755 1889 828; baseline -0.006 -13"><span class='ocrx_word' id='word_1_33' title='bbox 292 762 530 817; x_wconf 82' lang='lat' dir='ltr'><strong>dicitur.‘</strong></span> <span class='ocrx_word' id='word_1_34' title='bbox 547 761 635 817; x_wconf 87' lang='lat' dir='ltr'><strong>Sic</strong></span> <span class='ocrx_word' id='word_1_35' title='bbox 653 761 885 816; x_wconf 60' lang='lat' dir='ltr'><strong>tenebras</strong></span> <span class='ocrx_word' id='word_1_36' title='bbox 913 774 1016 814; x_wconf 92' lang='lat' dir='ltr'><strong>non</strong></span> <span class='ocrx_word' id='word_1_37' title='bbox 1040 757 1237 828; x_wconf 85' lang='lat' dir='ltr'><strong>aliquid</strong></span> <span class='ocrx_word' id='word_1_38' title='bbox 1258 766 1413 821; x_wconf 89' lang='lat' dir='ltr'><strong>sunt,</strong></span> <span class='ocrx_word' id='word_1_39' title='bbox 1440 756 1534 812; x_wconf 83' lang='lat' dir='ltr'><strong>sed</strong></span> <span class='ocrx_word' id='word_1_40' title='bbox 1561 755 1645 810; x_wconf 91' lang='lat' dir='ltr'><strong>ubi</strong></span> <span class='ocrx_word' id='word_1_41' title='bbox 1672 755 1759 808; x_wconf 80' lang='lat' dir='ltr'><strong>lux</strong></span> <span class='ocrx_word' id='word_1_42' title='bbox 1785 769 1889 806; x_wconf 92' lang='lat' dir='ltr'><strong>non</strong></span> 
     </span>
    </p>
   </div>
   <div class='ocr_carea' id='block_1_6' title="bbox 295 846 1887 919">
    <p class='ocr_par' dir='ltr' id='par_1_6' title="bbox 295 846 1887 919">
     <span class='ocr_line' id='line_1_6' title="bbox 295 846 1887 919; baseline -0.006 -14"><span class='ocrx_word' id='word_1_43' title='bbox 295 863 422 919; x_wconf 82' lang='lat' dir='ltr'><strong>est,</strong></span> <span class='ocrx_word' id='word_1_44' title='bbox 455 852 692 907; x_wconf 78' lang='lat' dir='ltr'><strong>tenebra:</strong></span> <span class='ocrx_word' id='word_1_45' title='bbox 730 850 1001 905; x_wconf 90' lang='lat' dir='ltr'><strong>dicuntur.</strong></span> <span class='ocrx_word' id='word_1_46' title='bbox 1046 849 1156 904; x_wconf 86' lang='lat' dir='ltr'><strong>lloc</strong></span> <span class='ocrx_word' id='word_1_47' title='bbox 1185 848 1304 902; x_wconf 91' lang='lat' dir='ltr'><strong>ideo</strong></span> <span class='ocrx_word' id='word_1_48' title='bbox 1340 847 1598 911; x_wconf 89' lang='lat' dir='ltr'><strong>dicimus,</strong></span> <span class='ocrx_word' id='word_1_49' title='bbox 1641 846 1761 914; x_wconf 84' lang='lat' dir='ltr'><strong>quia</strong></span> <span class='ocrx_word' id='word_1_50' title='bbox 1800 858 1887 896; x_wconf 88' lang='lat' dir='ltr'><strong>so-</strong></span> 
     </span>
    </p>
   </div>
   <div class='ocr_carea' id='block_1_7' title="bbox 289 935 1887 1010">
    <p class='ocr_par' dir='ltr' id='par_1_7' title="bbox 289 935 1887 1010">
     <span class='ocr_line' id='line_1_7' title="bbox 289 935 1887 1010; baseline -0.007 -12"><span class='ocrx_word' id='word_1_51' title='bbox 289 945 412 998; x_wconf 91' lang='lat' dir='ltr'><strong>lent</strong></span> <span class='ocrx_word' id='word_1_52' title='bbox 432 944 612 999; x_wconf 76' lang='lat' dir='ltr'><strong>dicere</strong></span> <span class='ocrx_word' id='word_1_53' title='bbox 634 960 647 996; x_wconf 90' lang='lat'>:</span> <span class='ocrx_word' id='word_1_54' title='bbox 669 941 822 998; x_wconf 85' lang='lat' dir='ltr'><strong>Unde</strong></span> <span class='ocrx_word' id='word_1_55' title='bbox 845 949 996 996; x_wconf 89' lang='lat' dir='ltr'><strong>erant</strong></span> <span class='ocrx_word' id='word_1_56' title='bbox 1023 941 1150 1010; x_wconf 70' lang='lat' dir='ltr'><strong>ipsa:</strong></span> <span class='ocrx_word' id='word_1_57' title='bbox 1179 939 1410 994; x_wconf 76' lang='lat' dir='ltr'><strong>tenebrae</strong></span> <span class='ocrx_word' id='word_1_58' title='bbox 1435 953 1594 1006; x_wconf 89' lang='lat' dir='ltr'><strong>super</strong></span> <span class='ocrx_word' id='word_1_59' title='bbox 1617 935 1887 1006; x_wconf 80' lang='lat' dir='ltr'><strong>abyssum,</strong></span> 
     </span>
    </p>
   </div>
   <div class='ocr_carea' id='block_1_8' title="bbox 290 1028 1890 1107">
    <p class='ocr_par' dir='ltr' id='par_1_8' title="bbox 290 1028 1890 1107">
     <span class='ocr_line' id='line_1_8' title="bbox 290 1028 1890 1107; baseline -0.006 -17"><span class='ocrx_word' id='word_1_60' title='bbox 290 1047 586 1107; x_wconf 84' lang='lat' dir='ltr'><strong>antequam</strong></span> <span class='ocrx_word' id='word_1_61' title='bbox 622 1035 819 1090; x_wconf 88' lang='lat' dir='ltr'><strong>faceret</strong></span> <span class='ocrx_word' id='word_1_62' title='bbox 849 1035 989 1089; x_wconf 87' lang='lat' dir='ltr'><strong>Deus</strong></span> <span class='ocrx_word' id='word_1_63' title='bbox 1029 1031 1248 1087; x_wconf 83' lang='lat' dir='ltr'><strong>lucem?</strong></span> <span class='ocrx_word' id='word_1_64' title='bbox 1281 1031 1402 1100; x_wconf 84' lang='lat' dir='ltr'><strong>quis</strong></span> <span class='ocrx_word' id='word_1_65' title='bbox 1430 1031 1545 1084; x_wconf 91' lang='lat' dir='ltr'><strong>illas</strong></span> <span class='ocrx_word' id='word_1_66' title='bbox 1585 1028 1782 1083; x_wconf 89' lang='lat' dir='ltr'><strong>fecerat</strong></span> <span class='ocrx_word' id='word_1_67' title='bbox 1811 1028 1890 1081; x_wconf 85' lang='lat' dir='ltr'><strong>vel</strong></span> 
     </span>
    </p>
   </div>
   <div class='ocr_carea' id='block_1_9' title="bbox 289 1123 1890 1200">
    <p class='ocr_par' dir='ltr' id='par_1_9' title="bbox 289 1123 1890 1200">
     <span class='ocr_line' id='line_1_9' title="bbox 289 1123 1890 1200; baseline -0.008 -16"><span class='ocrx_word' id='word_1_68' title='bbox 289 1127 595 1200; x_wconf 78' lang='lat' dir='ltr'><strong>genuerat?</strong></span> <span class='ocrx_word' id='word_1_69' title='bbox 621 1134 712 1182; x_wconf 91' lang='lat' dir='ltr'><strong>aut</strong></span> <span class='ocrx_word' id='word_1_70' title='bbox 731 1127 773 1180; x_wconf 88' lang='lat' dir='ltr'><strong>si</strong></span> <span class='ocrx_word' id='word_1_71' title='bbox 795 1141 952 1181; x_wconf 90' lang='lat' dir='ltr'><strong>nemo</strong></span> <span class='ocrx_word' id='word_1_72' title='bbox 981 1125 1180 1178; x_wconf 90' lang='lat' dir='ltr'><strong>fecerat</strong></span> <span class='ocrx_word' id='word_1_73' title='bbox 1206 1123 1287 1176; x_wconf 96' lang='lat' dir='ltr'><strong>vel</strong></span> <span class='ocrx_word' id='word_1_74' title='bbox 1311 1129 1564 1192; x_wconf 89' lang='lat' dir='ltr'><strong>genuerat</strong></span> <span class='ocrx_word' id='word_1_75' title='bbox 1584 1134 1673 1173; x_wconf 90' lang='lat' dir='ltr'><strong>eas</strong></span> <span class='ocrx_word' id='word_1_76' title='bbox 1696 1159 1709 1182; x_wconf 87' lang='lat'><strong>,</strong></span> <span class='ocrx_word' id='word_1_77' title='bbox 1737 1125 1890 1171; x_wconf 64' lang='lat' dir='ltr'><strong>a‘ter-</strong></span> 
     </span>
    </p>
   </div>
   <div class='ocr_carea' id='block_1_10' title="bbox 291 1208 1890 1285">
    <p class='ocr_par' dir='ltr' id='par_1_10' title="bbox 291 1208 1890 1285">
     <span class='ocr_line' id='line_1_10' title="bbox 291 1208 1890 1285; baseline -0.008 -10"><span class='ocrx_word' id='word_1_78' title='bbox 291 1236 379 1275; x_wconf 79' lang='lat' dir='ltr'><strong>me</strong></span> <span class='ocrx_word' id='word_1_79' title='bbox 400 1229 560 1275; x_wconf 85' lang='lat' dir='ltr'><strong>erant</strong></span> <span class='ocrx_word' id='word_1_80' title='bbox 587 1219 841 1274; x_wconf 65' lang='lat' dir='ltr'><strong>tenebrte.</strong></span> <span class='ocrx_word' id='word_1_81' title='bbox 870 1216 1031 1282; x_wconf 84' lang='lat' dir='ltr'><strong>Quasi</strong></span> <span class='ocrx_word' id='word_1_82' title='bbox 1052 1213 1247 1285; x_wconf 92' lang='lat' dir='ltr'><strong>aliquid</strong></span> <span class='ocrx_word' id='word_1_83' title='bbox 1267 1214 1373 1267; x_wconf 89' lang='lat' dir='ltr'><strong>sint</strong></span> <span class='ocrx_word' id='word_1_84' title='bbox 1397 1211 1626 1267; x_wconf 73' lang='lat' dir='ltr'><strong>tenebrm</strong></span> <span class='ocrx_word' id='word_1_85' title='bbox 1652 1228 1664 1262; x_wconf 87' lang='lat'><strong>:</strong></span> <span class='ocrx_word' id='word_1_86' title='bbox 1691 1208 1801 1273; x_wconf 91' lang='lat' dir='ltr'><strong>sed,</strong></span> <span class='ocrx_word' id='word_1_87' title='bbox 1833 1217 1890 1262; x_wconf 93' lang='lat' dir='ltr'><strong>ut</strong></span> 
     </span>
    </p>
   </div>
   <div class='ocr_carea' id='block_1_11' title="bbox 287 1301 1887 1377">
    <p class='ocr_par' dir='ltr' id='par_1_11' title="bbox 287 1301 1887 1377">
     <span class='ocr_line' id='line_1_11' title="bbox 287 1301 1887 1377; baseline -0.007 -12"><span class='ocrx_word' id='word_1_88' title='bbox 287 1313 500 1368; x_wconf 84' lang='lat' dir='ltr'><strong>dictum</strong></span> <span class='ocrx_word' id='word_1_89' title='bbox 528 1322 644 1377; x_wconf 90' lang='lat' dir='ltr'><strong>est,</strong></span> <span class='ocrx_word' id='word_1_90' title='bbox 687 1309 820 1364; x_wconf 88' lang='lat' dir='ltr'><strong>lucis</strong></span> <span class='ocrx_word' id='word_1_91' title='bbox 845 1309 1081 1362; x_wconf 74' lang='lat' dir='ltr'><strong>absentia</strong></span> <span class='ocrx_word' id='word_1_92' title='bbox 1129 1306 1228 1360; x_wconf 92' lang='lat' dir='ltr'><strong>hoc</strong></span> <span class='ocrx_word' id='word_1_93' title='bbox 1274 1320 1472 1358; x_wconf 83' lang='lat' dir='ltr'><strong>nomen</strong></span> <span class='ocrx_word' id='word_1_94' title='bbox 1514 1302 1736 1372; x_wconf 89' lang='lat' dir='ltr'><strong>accepit.</strong></span> <span class='ocrx_word' id='word_1_95' title='bbox 1783 1301 1887 1355; x_wconf 97' lang='lat' dir='ltr'><strong>Sed</strong></span> 
     </span>
    </p>
   </div>
   <div class='ocr_carea' id='block_1_12' title="bbox 288 1395 1888 1473">
    <p class='ocr_par' dir='ltr' id='par_1_12' title="bbox 288 1395 1888 1473">
     <span class='ocr_line' id='line_1_12' title="bbox 288 1395 1888 1473; baseline -0.006 -17"><span class='ocrx_word' id='word_1_96' title='bbox 288 1404 419 1473; x_wconf 84' lang='lat' dir='ltr'><strong>quia</strong></span> <span class='ocrx_word' id='word_1_97' title='bbox 447 1403 550 1473; x_wconf 87' lang='lat' dir='ltr'><strong>ipsi</strong></span> <span class='ocrx_word' id='word_1_98' title='bbox 580 1402 768 1457; x_wconf 89' lang='lat' dir='ltr'><strong>fabulis</strong></span> <span class='ocrx_word' id='word_1_99' title='bbox 797 1401 906 1454; x_wconf 89' lang='lat' dir='ltr'><strong>suis</strong></span> <span class='ocrx_word' id='word_1_100' title='bbox 939 1397 1143 1468; x_wconf 90' lang='lat' dir='ltr'><strong>decepti</strong></span> <span class='ocrx_word' id='word_1_101' title='bbox 1169 1395 1505 1452; x_wconf 87' lang='lat' dir='ltr'><strong>crediderunt</strong></span> <span class='ocrx_word' id='word_1_102' title='bbox 1527 1403 1738 1464; x_wconf 92' lang='lat' dir='ltr'><strong>gentem</strong></span> <span class='ocrx_word' id='word_1_103' title='bbox 1770 1408 1888 1447; x_wconf 87' lang='lat' dir='ltr'><strong>esse</strong></span> 
     </span>
    </p>
   </div>
   <div class='ocr_carea' id='block_1_13' title="bbox 289 1485 1888 1560">
    <p class='ocr_par' dir='ltr' id='par_1_13' title="bbox 289 1485 1888 1560">
     <span class='ocr_line' id='line_1_13' title="bbox 289 1485 1888 1560; baseline -0.007 -11"><span class='ocrx_word' id='word_1_104' title='bbox 289 1495 645 1549; x_wconf 69' lang='lat' dir='ltr'><strong>tenebrarum</strong></span> <span class='ocrx_word' id='word_1_105' title='bbox 667 1533 682 1559; x_wconf 91' lang='lat'><strong>,</strong></span> <span class='ocrx_word' id='word_1_106' title='bbox 729 1492 780 1546; x_wconf 93' lang='lat' dir='ltr'><strong>in</strong></span> <span class='ocrx_word' id='word_1_107' title='bbox 829 1505 929 1560; x_wconf 88' lang='lat' dir='ltr'><strong>qua</strong></span> <span class='ocrx_word' id='word_1_108' title='bbox 957 1500 1012 1542; x_wconf 88' lang='lat' dir='ltr'><strong>et</strong></span> <span class='ocrx_word' id='word_1_109' title='bbox 1038 1503 1262 1558; x_wconf 90' lang='lat' dir='ltr'><strong>corpora</strong></span> <span class='ocrx_word' id='word_1_110' title='bbox 1287 1497 1339 1541; x_wconf 90' lang='lat' dir='ltr'><strong>et</strong></span> <span class='ocrx_word' id='word_1_111' title='bbox 1363 1485 1561 1541; x_wconf 81' lang='lat' dir='ltr'><strong>formas</strong></span> <span class='ocrx_word' id='word_1_112' title='bbox 1597 1494 1650 1538; x_wconf 88' lang='lat' dir='ltr'><strong>et</strong></span> <span class='ocrx_word' id='word_1_113' title='bbox 1685 1485 1888 1538; x_wconf 87' lang='lat' dir='ltr'><strong>animas</strong></span> 
     </span>
    </p>
   </div>
   <div class='ocr_carea' id='block_1_14' title="bbox 288 1576 1888 1652">
    <p class='ocr_par' dir='ltr' id='par_1_14' title="bbox 288 1576 1888 1652">
     <span class='ocr_line' id='line_1_14' title="bbox 288 1576 1888 1652; baseline -0.006 -14"><span class='ocrx_word' id='word_1_114' title='bbox 288 1584 347 1638; x_wconf 86' lang='lat' dir='ltr'><strong>in</strong></span> <span class='ocrx_word' id='word_1_115' title='bbox 402 1584 510 1638; x_wconf 83' lang='lat' dir='ltr'><strong>illis</strong></span> <span class='ocrx_word' id='word_1_116' title='bbox 558 1582 874 1652; x_wconf 85' lang='lat' dir='ltr'><strong>corporibus</strong></span> <span class='ocrx_word' id='word_1_117' title='bbox 929 1578 1090 1634; x_wconf 85' lang='lat' dir='ltr'><strong>fuisse</strong></span> <span class='ocrx_word' id='word_1_118' title='bbox 1139 1578 1480 1643; x_wconf 72' lang='lat' dir='ltr'><strong>arbitrantur,</strong></span> <span class='ocrx_word' id='word_1_119' title='bbox 1541 1576 1658 1629; x_wconf 90' lang='lat' dir='ltr'><strong>ideo</strong></span> <span class='ocrx_word' id='word_1_120' title='bbox 1707 1584 1888 1644; x_wconf 88' lang='lat' dir='ltr'><strong>putant</strong></span> 
     </span>
    </p>
   </div>
   <div class='ocr_carea' id='block_1_15' title="bbox 287 1667 1884 1745">
    <p class='ocr_par' dir='ltr' id='par_1_15' title="bbox 287 1667 1884 1745">
     <span class='ocr_line' id='line_1_15' title="bbox 287 1667 1884 1745; baseline -0.006 -17"><span class='ocrx_word' id='word_1_121' title='bbox 287 1674 437 1745; x_wconf 83' lang='lat' dir='ltr'><strong>quod</strong></span> <span class='ocrx_word' id='word_1_122' title='bbox 487 1673 728 1729; x_wconf 68' lang='lat' dir='ltr'><strong>tenebrae</strong></span> <span class='ocrx_word' id='word_1_123' title='bbox 772 1670 968 1741; x_wconf 87' lang='lat' dir='ltr'><strong>aliquid</strong></span> <span class='ocrx_word' id='word_1_124' title='bbox 1016 1671 1242 1724; x_wconf 79' lang='lat' dir='ltr'><strong>sintzet</strong></span> <span class='ocrx_word' id='word_1_125' title='bbox 1286 1684 1390 1722; x_wconf 93' lang='lat' dir='ltr'><strong>non</strong></span> <span class='ocrx_word' id='word_1_126' title='bbox 1438 1667 1736 1736; x_wconf 75' lang='lat' dir='ltr'><strong>intelligunt</strong></span> <span class='ocrx_word' id='word_1_127' title='bbox 1781 1682 1884 1719; x_wconf 89' lang='lat' dir='ltr'><strong>non</strong></span> 
     </span>
    </p>
   </div>
   <div class='ocr_carea' id='block_1_16' title="bbox 287 1757 1881 1831">
    <p class='ocr_par' dir='ltr' id='par_1_16' title="bbox 287 1757 1881 1831">
     <span class='ocr_line' id='line_1_16' title="bbox 287 1757 1881 1831; baseline -0.006 -12"><span class='ocrx_word' id='word_1_128' title='bbox 287 1765 477 1819; x_wconf 81' lang='lat' dir='ltr'><strong>scutiri</strong></span> <span class='ocrx_word' id='word_1_129' title='bbox 511 1764 758 1819; x_wconf 79' lang='lat' dir='ltr'><strong>tenebras</strong></span> <span class='ocrx_word' id='word_1_130' title='bbox 777 1803 792 1827; x_wconf 95' lang='lat'><strong>,</strong></span> <span class='ocrx_word' id='word_1_131' title='bbox 822 1762 921 1816; x_wconf 91' lang='lat' dir='ltr'><strong>nisi</strong></span> <span class='ocrx_word' id='word_1_132' title='bbox 943 1760 1151 1831; x_wconf 77' lang='lat' dir='ltr'><strong>quando</strong></span> <span class='ocrx_word' id='word_1_133' title='bbox 1179 1776 1281 1813; x_wconf 85' lang='lat' dir='ltr'><strong>non</strong></span> <span class='ocrx_word' id='word_1_134' title='bbox 1310 1758 1549 1813; x_wconf 91' lang='lat' dir='ltr'><strong>videmus</strong></span> <span class='ocrx_word' id='word_1_135' title='bbox 1568 1799 1583 1826; x_wconf 89' lang='lat'><strong>,</strong></span> <span class='ocrx_word' id='word_1_136' title='bbox 1616 1757 1750 1811; x_wconf 85' lang='lat' dir='ltr'><strong>sicut</strong></span> <span class='ocrx_word' id='word_1_137' title='bbox 1778 1772 1881 1810; x_wconf 79' lang='lat' dir='ltr'><strong>non</strong></span> 
     </span>
    </p>
   </div>
   <div class='ocr_carea' id='block_1_17' title="bbox 289 1847 1901 1922">
    <p class='ocr_par' dir='ltr' id='par_1_17' title="bbox 289 1847 1901 1922">
     <span class='ocr_line' id='line_1_17' title="bbox 289 1847 1901 1922; baseline -0.006 -13"><span class='ocrx_word' id='word_1_138' title='bbox 289 1856 532 1910; x_wconf 88' lang='lat' dir='ltr'><strong>sentitur</strong></span> <span class='ocrx_word' id='word_1_139' title='bbox 573 1853 843 1908; x_wconf 88' lang='lat' dir='ltr'><strong>silentium</strong></span> <span class='ocrx_word' id='word_1_140' title='bbox 864 1893 878 1914; x_wconf 93' lang='lat'><strong>,</strong></span> <span class='ocrx_word' id='word_1_141' title='bbox 912 1851 1012 1906; x_wconf 89' lang='lat' dir='ltr'><strong>nisi</strong></span> <span class='ocrx_word' id='word_1_142' title='bbox 1041 1849 1255 1922; x_wconf 86' lang='lat' dir='ltr'><strong>quando</strong></span> <span class='ocrx_word' id='word_1_143' title='bbox 1295 1865 1398 1903; x_wconf 91' lang='lat' dir='ltr'><strong>non</strong></span> <span class='ocrx_word' id='word_1_144' title='bbox 1431 1848 1691 1902; x_wconf 79' lang='lat' dir='ltr'><strong>audimus.</strong></span> <span class='ocrx_word' id='word_1_145' title='bbox 1738 1847 1901 1920; x_wconf 44' lang='lat' dir='ltr'><strong>Sicut,</strong></span> 
     </span>
    </p>
   </div>
   <div class='ocr_carea' id='block_1_18' title="bbox 288 1937 1882 2005">
    <p class='ocr_par' dir='ltr' id='par_1_18' title="bbox 288 1937 1882 2005">
     <span class='ocr_line' id='line_1_18' title="bbox 288 1937 1882 2005; baseline -0.004 -8"><span class='ocrx_word' id='word_1_146' title='bbox 288 1955 474 1999; x_wconf 87' lang='lat' dir='ltr'><strong>autem</strong></span> <span class='ocrx_word' id='word_1_147' title='bbox 506 1943 776 1998; x_wconf 91' lang='lat' dir='ltr'><strong>silentium</strong></span> <span class='ocrx_word' id='word_1_148' title='bbox 807 1941 936 1996; x_wconf 86' lang='lat' dir='ltr'><strong>nihil</strong></span> <span class='ocrx_word' id='word_1_149' title='bbox 974 1949 1082 2005; x_wconf 89' lang='lat' dir='ltr'><strong>est,</strong></span> <span class='ocrx_word' id='word_1_150' title='bbox 1115 1941 1193 1993; x_wconf 90' lang='lat' dir='ltr'><strong>sic</strong></span> <span class='ocrx_word' id='word_1_151' title='bbox 1219 1950 1270 1994; x_wconf 92' lang='lat' dir='ltr'><strong>et</strong></span> <span class='ocrx_word' id='word_1_152' title='bbox 1299 1937 1531 1993; x_wconf 74' lang='lat' dir='ltr'><strong>tenebra:</strong></span> <span class='ocrx_word' id='word_1_153' title='bbox 1571 1937 1699 1992; x_wconf 83' lang='lat' dir='ltr'><strong>nihil</strong></span> <span class='ocrx_word' id='word_1_154' title='bbox 1740 1946 1882 1990; x_wconf 91' lang='lat' dir='ltr'><strong>sunt.</strong></span> 
     </span>
    </p>
   </div>
   <div class='ocr_carea' id='block_1_19' title="bbox 284 2030 1884 2102">
    <p class='ocr_par' dir='ltr' id='par_1_19' title="bbox 284 2030 1884 2102">
     <span class='ocr_line' id='line_1_19' title="bbox 284 2030 1884 2102; baseline -0.006 -12"><span class='ocrx_word' id='word_1_155' title='bbox 284 2035 442 2090; x_wconf 82' lang='lat' dir='ltr'><strong>Sicut</strong></span> <span class='ocrx_word' id='word_1_156' title='bbox 470 2044 650 2089; x_wconf 85' lang='lat' dir='ltr'><strong>autem</strong></span> <span class='ocrx_word' id='word_1_157' title='bbox 695 2033 781 2087; x_wconf 90' lang='lat' dir='ltr'><strong>isti</strong></span> <span class='ocrx_word' id='word_1_158' title='bbox 824 2032 1007 2086; x_wconf 90' lang='lat' dir='ltr'><strong>dicunt</strong></span> <span class='ocrx_word' id='word_1_159' title='bbox 1051 2041 1264 2102; x_wconf 81' lang='lat' dir='ltr'><strong>gentem</strong></span> <span class='ocrx_word' id='word_1_160' title='bbox 1315 2030 1652 2084; x_wconf 87' lang='lat' dir='ltr'><strong>tenebrarum</strong></span> <span class='ocrx_word' id='word_1_161' title='bbox 1701 2040 1884 2083; x_wconf 86' lang='lat' dir='ltr'><strong>contra</strong></span> 
     </span>
    </p>
   </div>
   <div class='ocr_carea' id='block_1_20' title="bbox 289 2121 1884 2196">
    <p class='ocr_par' dir='ltr' id='par_1_20' title="bbox 289 2121 1884 2196">
     <span class='ocr_line' id='line_1_20' title="bbox 289 2121 1884 2196; baseline -0.005 -14"><span class='ocrx_word' id='word_1_162' title='bbox 289 2129 470 2184; x_wconf 84' lang='lat' dir='ltr'><strong>lucem</strong></span> <span class='ocrx_word' id='word_1_163' title='bbox 507 2127 600 2182; x_wconf 89' lang='lat' dir='ltr'><strong>Dei</strong></span> <span class='ocrx_word' id='word_1_164' title='bbox 642 2141 934 2196; x_wconf 77' lang='lat' dir='ltr'><strong>pugnasse:</strong></span> <span class='ocrx_word' id='word_1_165' title='bbox 965 2125 1042 2179; x_wconf 89' lang='lat' dir='ltr'><strong>sic</strong></span> <span class='ocrx_word' id='word_1_166' title='bbox 1073 2131 1249 2193; x_wconf 82' lang='lat' dir='ltr'><strong>potest</strong></span> <span class='ocrx_word' id='word_1_167' title='bbox 1275 2132 1327 2177; x_wconf 87' lang='lat' dir='ltr'><strong>et</strong></span> <span class='ocrx_word' id='word_1_168' title='bbox 1351 2123 1484 2176; x_wconf 87' lang='lat' dir='ltr'><strong>alius</strong></span> <span class='ocrx_word' id='word_1_169' title='bbox 1521 2121 1763 2175; x_wconf 82' lang='lat' dir='ltr'><strong>similiter</strong></span> <span class='ocrx_word' id='word_1_170' title='bbox 1792 2137 1884 2174; x_wconf 87' lang='lat' dir='ltr'><strong>va-</strong></span> 
     </span>
    </p>
   </div>
   <div class='ocr_carea' id='block_1_21' title="bbox 289 2213 1884 2287">
    <p class='ocr_par' dir='ltr' id='par_1_21' title="bbox 289 2213 1884 2287">
     <span class='ocr_line' id='line_1_21' title="bbox 289 2213 1884 2287; baseline -0.005 -12"><span class='ocrx_word' id='word_1_171' title='bbox 289 2235 396 2275; x_wconf 87' lang='lat' dir='ltr'><strong>nus</strong></span> <span class='ocrx_word' id='word_1_172' title='bbox 437 2219 656 2286; x_wconf 82' lang='lat' dir='ltr'><strong>dicere,</strong></span> <span class='ocrx_word' id='word_1_173' title='bbox 699 2226 907 2287; x_wconf 79' lang='lat' dir='ltr'><strong>gentem</strong></span> <span class='ocrx_word' id='word_1_174' title='bbox 956 2216 1286 2270; x_wconf 89' lang='lat' dir='ltr'><strong>silentiorum</strong></span> <span class='ocrx_word' id='word_1_175' title='bbox 1328 2223 1514 2268; x_wconf 89' lang='lat' dir='ltr'><strong>contra</strong></span> <span class='ocrx_word' id='word_1_176' title='bbox 1560 2229 1741 2268; x_wconf 90' lang='lat' dir='ltr'><strong>vocem</strong></span> <span class='ocrx_word' id='word_1_177' title='bbox 1793 2213 1884 2268; x_wconf 90' lang='lat' dir='ltr'><strong>Dei</strong></span> 
     </span>
    </p>
   </div>
   <div class='ocr_carea' id='block_1_22' title="bbox 288 2304 1886 2383">
    <p class='ocr_par' dir='ltr' id='par_1_22' title="bbox 288 2304 1886 2383">
     <span class='ocr_line' id='line_1_22' title="bbox 288 2304 1886 2383; baseline -0.004 -17"><span class='ocrx_word' id='word_1_178' title='bbox 288 2325 580 2383; x_wconf 85' lang='lat' dir='ltr'><strong>pugnasse.</strong></span> <span class='ocrx_word' id='word_1_179' title='bbox 631 2309 735 2364; x_wconf 87' lang='lat' dir='ltr'><strong>Sed</strong></span> <span class='ocrx_word' id='word_1_180' title='bbox 782 2308 899 2362; x_wconf 89' lang='lat' dir='ltr'><strong>illas</strong></span> <span class='ocrx_word' id='word_1_181' title='bbox 928 2307 1190 2363; x_wconf 79' lang='lat' dir='ltr'><strong>vanitates</strong></span> <span class='ocrx_word' id='word_1_182' title='bbox 1235 2304 1524 2370; x_wconf 82' lang='lat' dir='ltr'><strong>modonon</strong></span> <span class='ocrx_word' id='word_1_183' title='bbox 1557 2305 1886 2372; x_wconf 86' lang='lat' dir='ltr'><strong>suscepimus</strong></span> 
     </span>
    </p>
   </div>
   <div class='ocr_carea' id='block_1_23' title="bbox 288 2399 1884 2472">
    <p class='ocr_par' dir='ltr' id='par_1_23' title="bbox 288 2399 1884 2472">
     <span class='ocr_line' id='line_1_23' title="bbox 288 2399 1884 2472; baseline -0.006 -12"><span class='ocrx_word' id='word_1_184' title='bbox 288 2405 543 2460; x_wconf 73' lang='lat' dir='ltr'><strong>refellere</strong></span> <span class='ocrx_word' id='word_1_185' title='bbox 568 2413 728 2472; x_wconf 88' lang='lat' dir='ltr'><strong>atque</strong></span> <span class='ocrx_word' id='word_1_186' title='bbox 757 2401 1092 2456; x_wconf 88' lang='lat' dir='ltr'><strong>convincere.</strong></span> <span class='ocrx_word' id='word_1_187' title='bbox 1123 2399 1271 2454; x_wconf 86' lang='lat' dir='ltr'><strong>Nunc</strong></span> <span class='ocrx_word' id='word_1_188' title='bbox 1298 2399 1440 2453; x_wconf 90' lang='lat' dir='ltr'><strong>enim</strong></span> <span class='ocrx_word' id='word_1_189' title='bbox 1461 2413 1521 2452; x_wconf 91' lang='lat' dir='ltr'><strong>ea</strong></span> <span class='ocrx_word' id='word_1_190' title='bbox 1551 2413 1669 2468; x_wconf 71' lang='lat' dir='ltr'><strong>qua:</strong></span> <span class='ocrx_word' id='word_1_191' title='bbox 1697 2412 1884 2468; x_wconf 91' lang='lat' dir='ltr'><strong>reprc-</strong></span> 
     </span>
    </p>
   </div>
   <div class='ocr_carea' id='block_1_24' title="bbox 288 2487 1886 2557">
    <p class='ocr_par' dir='ltr' id='par_1_24' title="bbox 288 2487 1886 2557">
     <span class='ocr_line' id='line_1_24' title="bbox 288 2487 1886 2557; baseline -0.005 -6"><span class='ocrx_word' id='word_1_192' title='bbox 288 2495 536 2552; x_wconf 84' lang='lat' dir='ltr'><strong>bendunt</strong></span> <span class='ocrx_word' id='word_1_193' title='bbox 563 2495 617 2548; x_wconf 92' lang='lat' dir='ltr'><strong>in</strong></span> <span class='ocrx_word' id='word_1_194' title='bbox 649 2493 827 2548; x_wconf 77' lang='lat' dir='ltr'><strong>Veteri</strong></span> <span class='ocrx_word' id='word_1_195' title='bbox 859 2491 1228 2557; x_wconf 88' lang='lat' dir='ltr'><strong>Testamento,</strong></span> <span class='ocrx_word' id='word_1_196' title='bbox 1271 2490 1552 2544; x_wconf 89' lang='lat' dir='ltr'><strong>statuimus</strong></span> <span class='ocrx_word' id='word_1_197' title='bbox 1597 2487 1886 2543; x_wconf 81' lang='lat' dir='ltr'><strong>defendere</strong></span> 
     </span>
    </p>
   </div>
   <div class='ocr_carea' id='block_1_25' title="bbox 289 2579 1886 2658">
    <p class='ocr_par' dir='ltr' id='par_1_25' title="bbox 289 2579 1886 2658">
     <span class='ocr_line' id='line_1_25' title="bbox 289 2579 1886 2658; baseline -0.004 -17"><span class='ocrx_word' id='word_1_198' title='bbox 289 2595 550 2658; x_wconf 85' lang='lat' dir='ltr'><strong>quantum</strong></span> <span class='ocrx_word' id='word_1_199' title='bbox 575 2586 720 2640; x_wconf 86' lang='lat' dir='ltr'><strong>vires</strong></span> <span class='ocrx_word' id='word_1_200' title='bbox 753 2583 1008 2638; x_wconf 89' lang='lat' dir='ltr'><strong>Dominus</strong></span> <span class='ocrx_word' id='word_1_201' title='bbox 1031 2590 1288 2650; x_wconf 70' lang='lat' dir='ltr'><strong>prmstare</strong></span> <span class='ocrx_word' id='word_1_202' title='bbox 1315 2580 1579 2650; x_wconf 84' lang='lat' dir='ltr'><strong>dignatur,</strong></span> <span class='ocrx_word' id='word_1_203' title='bbox 1625 2588 1680 2633; x_wconf 91' lang='lat' dir='ltr'><strong>et</strong></span> <span class='ocrx_word' id='word_1_204' title='bbox 1719 2580 1771 2632; x_wconf 91' lang='lat' dir='ltr'><strong>in</strong></span> <span class='ocrx_word' id='word_1_205' title='bbox 1809 2579 1886 2634; x_wconf 89' lang='lat' dir='ltr'><strong>eis</strong></span> 
     </span>
    </p>
   </div>
   <div class='ocr_carea' id='block_1_26' title="bbox 288 2670 1884 2736">
    <p class='ocr_par' dir='ltr' id='par_1_26' title="bbox 288 2670 1884 2736">
     <span class='ocr_line' id='line_1_26' title="bbox 288 2670 1884 2736; baseline -0.008 0"><span class='ocrx_word' id='word_1_206' title='bbox 288 2679 582 2736; x_wconf 87' lang='lat' dir='ltr'><strong>ostendere</strong></span> <span class='ocrx_word' id='word_1_207' title='bbox 612 2687 800 2733; x_wconf 85' lang='lat' dir='ltr'><strong>contra</strong></span> <span class='ocrx_word' id='word_1_208' title='bbox 826 2675 1102 2731; x_wconf 85' lang='lat' dir='ltr'><strong>veritatem</strong></span> <span class='ocrx_word' id='word_1_209' title='bbox 1135 2673 1228 2728; x_wconf 90' lang='lat' dir='ltr'><strong>Dei</strong></span> <span class='ocrx_word' id='word_1_210' title='bbox 1259 2671 1390 2726; x_wconf 88' lang='lat' dir='ltr'><strong>nihil</strong></span> <span class='ocrx_word' id='word_1_211' title='bbox 1416 2671 1591 2726; x_wconf 90' lang='lat' dir='ltr'><strong>valere</strong></span> <span class='ocrx_word' id='word_1_212' title='bbox 1611 2670 1884 2724; x_wconf 85' lang='lat' dir='ltr'><strong>hominum</strong></span> 
     </span>
    </p>
   </div>
   <div class='ocr_carea' id='block_1_27' title="bbox 287 2773 1788 2828">
    <p class='ocr_par' dir='ltr' id='par_1_27' title="bbox 287 2773 1788 2828">
     <span class='ocr_line' id='line_1_27' title="bbox 287 2773 1788 2828; baseline -0.007 -1"><span class='ocrx_word' id='word_1_213' title='bbox 287 2773 608 2828; x_wconf 73' lang='lat' dir='ltr'><strong>ceeitatem.</strong></span> <span class='ocrx_word' id='word_1_214' title='bbox 1772 2807 1788 2817; x_wconf 91' lang='lat'><strong>.</strong></span> 
     </span>
    </p>
   </div>
   <div class='ocr_carea' id='block_1_28' title="bbox 287 2851 1888 2929">
    <p class='ocr_par' dir='ltr' id='par_1_28' title="bbox 287 2851 1888 2929">
     <span class='ocr_line' id='line_1_28' title="bbox 287 2851 1888 2929; baseline -0.008 -11"><span class='ocrx_word' id='word_1_215' title='bbox 287 2861 524 2918; x_wconf 78' lang='lat' dir='ltr'><strong>CAPUT</strong></span> <span class='ocrx_word' id='word_1_216' title='bbox 561 2861 621 2914; x_wconf 85' lang='lat' dir='ltr'><strong>V.</strong></span> <span class='ocrx_word' id='word_1_217' title='bbox 651 2889 723 2899; x_wconf 92' lang='lat'>—</span> <span class='ocrx_word' id='word_1_218' title='bbox 750 2857 814 2913; x_wconf 90' lang='lat' dir='ltr'><strong>Ut</strong></span> <span class='ocrx_word' id='word_1_219' title='bbox 840 2856 1218 2929; x_wconf 86' lang='lat' dir='ltr'><strong>intelligendum</strong></span> <span class='ocrx_word' id='word_1_220' title='bbox 1252 2855 1387 2925; x_wconf 85' lang='lat' dir='ltr'><strong>quod</strong></span> <span class='ocrx_word' id='word_1_221' title='bbox 1417 2851 1643 2922; x_wconf 79' lang='lat' dir='ltr'><strong>Spiritus</strong></span> <span class='ocrx_word' id='word_1_222' title='bbox 1674 2851 1767 2906; x_wconf 88' lang='lat' dir='ltr'><strong>Dei</strong></span> <span class='ocrx_word' id='word_1_223' title='bbox 1800 2869 1888 2907; x_wconf 83' lang='lat' dir='ltr'><strong>su-</strong></span> 
     </span>
    </p>
   </div>
   <div class='ocr_carea' id='block_1_29' title="bbox 535 2946 1646 3027">
    <p class='ocr_par' dir='ltr' id='par_1_29' title="bbox 535 2946 1646 3027">
     <span class='ocr_line' id='line_1_29' title="bbox 535 2946 1646 3027; baseline -0.008 -19"><span class='ocrx_word' id='word_1_224' title='bbox 535 2954 879 3027; x_wconf 84' lang='lat' dir='ltr'><strong>perferebatur</strong></span> <span class='ocrx_word' id='word_1_225' title='bbox 907 2968 1057 3021; x_wconf 81' lang='lat' dir='ltr'><strong>super</strong></span> <span class='ocrx_word' id='word_1_226' title='bbox 1083 2967 1239 3022; x_wconf 84' lang='lat' dir='ltr'><strong>aquas</strong></span> <span class='ocrx_word' id='word_1_227' title='bbox 1266 2952 1418 3021; x_wconf 81' lang='lat' dir='ltr'><strong>juxta</strong></span> <span class='ocrx_word' id='word_1_228' title='bbox 1439 2965 1564 3002; x_wconf 80' lang='lat' dir='ltr'><strong>vers.</strong></span> <span class='ocrx_word' id='word_1_229' title='bbox 1591 2946 1646 3000; x_wconf 76' lang='grc'><strong>2.</strong></span> 
     </span>
    </p>
   </div>
   <div class='ocr_carea' id='block_1_30' title="bbox 365 3036 1886 3116">
    <p class='ocr_par' dir='ltr' id='par_1_30' title="bbox 365 3036 1886 3116">
     <span class='ocr_line' id='line_1_30' title="bbox 365 3036 1886 3116; baseline -0.009 -11"><span class='ocrx_word' id='word_1_230' title='bbox 365 3050 422 3106; x_wconf 88' lang='grc'><strong>8.</strong></span> <span class='ocrx_word' id='word_1_231' title='bbox 463 3047 618 3116; x_wconf 87' lang='lat' dir='ltr'><strong>Quod</strong></span> <span class='ocrx_word' id='word_1_232' title='bbox 647 3055 824 3100; x_wconf 90' lang='lat' dir='ltr'><strong>autem</strong></span> <span class='ocrx_word' id='word_1_233' title='bbox 855 3045 1107 3112; x_wconf 80' lang='lat' dir='ltr'><strong>scripturn</strong></span> <span class='ocrx_word' id='word_1_234' title='bbox 1135 3050 1250 3108; x_wconf 90' lang='lat' dir='ltr'><strong>est,</strong></span> <span class='ocrx_word' id='word_1_235' title='bbox 1298 3041 1363 3094; x_wconf 78' lang='lat' dir='ltr'><strong>Et</strong></span> <span class='ocrx_word' id='word_1_236' title='bbox 1403 3039 1624 3109; x_wconf 79' lang='lat' dir='ltr'><strong>Spiritus</strong></span> <span class='ocrx_word' id='word_1_237' title='bbox 1662 3036 1760 3092; x_wconf 85' lang='lat' dir='ltr'><strong>Dei</strong></span> <span class='ocrx_word' id='word_1_238' title='bbox 1796 3055 1886 3092; x_wconf 88' lang='lat' dir='ltr'><strong>su-</strong></span> 
     </span>
    </p>
   </div>
   <div class='ocr_carea' id='block_1_31' title="bbox 289 3131 1886 3214">
    <p class='ocr_par' dir='ltr' id='par_1_31' title="bbox 289 3131 1886 3214">
     <span class='ocr_line' id='line_1_31' title="bbox 289 3131 1886 3214; baseline -0.009 -18"><span class='ocrx_word' id='word_1_239' title='bbox 289 3141 645 3214; x_wconf 76' lang='lat' dir='ltr'><strong>perferebatur</strong></span> <span class='ocrx_word' id='word_1_240' title='bbox 667 3153 820 3208; x_wconf 83' lang='lat' dir='ltr'><strong>super</strong></span> <span class='ocrx_word' id='word_1_241' title='bbox 847 3152 1059 3204; x_wconf 83' lang='lat' dir='ltr'><strong>aquam,</strong></span> <span class='ocrx_word' id='word_1_242' title='bbox 1090 3135 1166 3188; x_wconf 89' lang='lat' dir='ltr'><strong>sic</strong></span> <span class='ocrx_word' id='word_1_243' title='bbox 1200 3133 1372 3186; x_wconf 85' lang='lat' dir='ltr'><strong>solent</strong></span> <span class='ocrx_word' id='word_1_244' title='bbox 1395 3131 1663 3185; x_wconf 79' lang='lat' dir='ltr'><strong>Manicluei</strong></span> <span class='ocrx_word' id='word_1_245' title='bbox 1703 3145 1886 3199; x_wconf 78' lang='lat' dir='ltr'><strong>repre~</strong></span> 
     </span>
    </p>
   </div>
   <div class='ocr_carea' id='block_1_32' title="bbox 290 3222 1888 3298">
    <p class='ocr_par' dir='ltr' id='par_1_32' title="bbox 290 3222 1888 3298">
     <span class='ocr_line' id='line_1_32' title="bbox 290 3222 1888 3298; baseline -0.009 -9"><span class='ocrx_word' id='word_1_246' title='bbox 290 3232 566 3298; x_wconf 85' lang='lat' dir='ltr'><strong>hendere,</strong></span> <span class='ocrx_word' id='word_1_247' title='bbox 597 3239 655 3284; x_wconf 86' lang='lat' dir='ltr'><strong>ut</strong></span> <span class='ocrx_word' id='word_1_248' title='bbox 681 3229 858 3283; x_wconf 85' lang='lat' dir='ltr'><strong>dicant</strong></span> <span class='ocrx_word' id='word_1_249' title='bbox 887 3244 901 3280; x_wconf 89' lang='lat'><strong>:</strong></span> <span class='ocrx_word' id='word_1_250' title='bbox 926 3229 1072 3295; x_wconf 80' lang='lat' dir='ltr'><strong>Aqua</strong></span> <span class='ocrx_word' id='word_1_251' title='bbox 1099 3239 1227 3294; x_wconf 84' lang='lat' dir='ltr'><strong>ergo</strong></span> <span class='ocrx_word' id='word_1_252' title='bbox 1248 3231 1361 3276; x_wconf 79' lang='lat' dir='ltr'><strong>erat</strong></span> <span class='ocrx_word' id='word_1_253' title='bbox 1391 3222 1744 3276; x_wconf 85' lang='lat' dir='ltr'><strong>habitaculum</strong></span> <span class='ocrx_word' id='word_1_254' title='bbox 1770 3222 1888 3290; x_wconf 85' lang='lat' dir='ltr'><strong>Spi-</strong></span> 
     </span>
    </p>
   </div>
   <div class='ocr_carea' id='block_1_33' title="bbox 290 3315 1885 3390">
    <p class='ocr_par' dir='ltr' id='par_1_33' title="bbox 290 3315 1885 3390">
     <span class='ocr_line' id='line_1_33' title="bbox 290 3315 1885 3390; baseline -0.009 -10"><span class='ocrx_word' id='word_1_255' title='bbox 290 3327 427 3380; x_wconf 82' lang='lat' dir='ltr'><strong>ritus</strong></span> <span class='ocrx_word' id='word_1_256' title='bbox 467 3323 601 3390; x_wconf 90' lang='lat' dir='ltr'><strong>Dei,</strong></span> <span class='ocrx_word' id='word_1_257' title='bbox 645 3330 699 3377; x_wconf 91' lang='lat' dir='ltr'><strong>et</strong></span> <span class='ocrx_word' id='word_1_258' title='bbox 743 3322 854 3390; x_wconf 84' lang='lat' dir='ltr'><strong>ipsa</strong></span> <span class='ocrx_word' id='word_1_259' title='bbox 891 3318 1194 3375; x_wconf 83' lang='lat' dir='ltr'><strong>continebat</strong></span> <span class='ocrx_word' id='word_1_260' title='bbox 1238 3316 1493 3386; x_wconf 88' lang='lat' dir='ltr'><strong>Spiritum</strong></span> <span class='ocrx_word' id='word_1_261' title='bbox 1523 3315 1654 3369; x_wconf 87' lang='lat' dir='ltr'><strong>Dei?</strong></span> <span class='ocrx_word' id='word_1_262' title='bbox 1695 3315 1885 3368; x_wconf 89' lang='lat' dir='ltr'><strong>&#39;l‘otum</strong></span> 
     </span>
    </p>
   </div>
   <div class='ocr_carea' id='block_1_34' title="bbox 291 3415 1888 3484">
    <p class='ocr_par' dir='ltr' id='par_1_34' title="bbox 291 3415 1888 3484">
     <span class='ocr_line' id='line_1_34' title="bbox 291 3415 1888 3484; baseline -0.009 -12"><span class='ocrx_word' id='word_1_263' title='bbox 291 3426 558 3473; x_wconf 89' lang='lat' dir='ltr'><strong>conantur</strong></span> <span class='ocrx_word' id='word_1_264' title='bbox 587 3429 833 3484; x_wconf 87' lang='lat' dir='ltr'><strong>perversa</strong></span> <span class='ocrx_word' id='word_1_265' title='bbox 860 3422 1038 3466; x_wconf 89' lang='lat' dir='ltr'><strong>mente</strong></span> <span class='ocrx_word' id='word_1_266' title='bbox 1064 3420 1369 3480; x_wconf 69' lang='lat' dir='ltr'><strong>PCH&#39;CNCI&#39;C</strong></span> <span class='ocrx_word' id='word_1_267' title='bbox 1391 3448 1405 3471; x_wconf 82' lang='lat'><strong>,</strong></span> <span class='ocrx_word' id='word_1_268' title='bbox 1449 3417 1503 3462; x_wconf 80' lang='grc' dir='ltr'><strong>οι</strong></span> <span class='ocrx_word' id='word_1_269' title='bbox 1552 3415 1888 3463; x_wconf 72' lang='lat' dir='ltr'><strong>exezccantur</strong></span> 
     </span>
    </p>
   </div>
   <div class='ocr_carea' id='block_1_35' title="bbox 290 3500 1886 3570">
    <p class='ocr_par' dir='ltr' id='par_1_35' title="bbox 290 3500 1886 3570">
     <span class='ocr_line' id='line_1_35' title="bbox 290 3500 1886 3570; baseline -0.007 -5"><span class='ocrx_word' id='word_1_270' title='bbox 290 3508 496 3565; x_wconf 88' lang='lat' dir='ltr'><strong>malitia</strong></span> <span class='ocrx_word' id='word_1_271' title='bbox 527 3523 644 3563; x_wconf 91' lang='lat' dir='ltr'><strong>sua.</strong></span> <span class='ocrx_word' id='word_1_272' title='bbox 671 3505 802 3561; x_wconf 90' lang='lat' dir='ltr'><strong>Cum</strong></span> <span class='ocrx_word' id='word_1_273' title='bbox 834 3505 973 3559; x_wconf 90' lang='lat' dir='ltr'><strong>enim</strong></span> <span class='ocrx_word' id='word_1_274' title='bbox 1003 3504 1247 3564; x_wconf 90' lang='lat' dir='ltr'><strong>dicimus,</strong></span> <span class='ocrx_word' id='word_1_275' title='bbox 1268 3502 1356 3556; x_wconf 90' lang='lat' dir='ltr'><strong>Sol</strong></span> <span class='ocrx_word' id='word_1_276' title='bbox 1375 3500 1704 3570; x_wconf 87' lang='lat' dir='ltr'><strong>superfertur</strong></span> <span class='ocrx_word' id='word_1_277' title='bbox 1726 3515 1886 3569; x_wconf 87' lang='lat' dir='ltr'><strong>super</strong></span> 
     </span>
    </p>
   </div>
   <div class='ocr_carea' id='block_1_36' title="bbox 289 3589 1886 3666">
    <p class='ocr_par' dir='ltr' id='par_1_36' title="bbox 289 3589 1886 3666">
     <span class='ocr_line' id='line_1_36' title="bbox 289 3589 1886 3666; baseline -0.008 -12"><span class='ocrx_word' id='word_1_278' title='bbox 289 3607 526 3663; x_wconf 84' lang='lat' dir='ltr'><strong>terram,</strong></span> <span class='ocrx_word' id='word_1_279' title='bbox 583 3595 839 3666; x_wconf 87' lang='lat' dir='ltr'><strong>numquid</strong></span> <span class='ocrx_word' id='word_1_280' title='bbox 895 3593 997 3648; x_wconf 90' lang='lat' dir='ltr'><strong>hoc</strong></span> <span class='ocrx_word' id='word_1_281' title='bbox 1040 3593 1261 3662; x_wconf 82' lang='lat' dir='ltr'><strong>intelligi</strong></span> <span class='ocrx_word' id='word_1_282' title='bbox 1307 3593 1586 3655; x_wconf 87' lang='lat' dir='ltr'><strong>volumus,</strong></span> <span class='ocrx_word' id='word_1_283' title='bbox 1641 3589 1780 3658; x_wconf 92' lang='lat' dir='ltr'><strong>quod</strong></span> <span class='ocrx_word' id='word_1_284' title='bbox 1834 3589 1886 3642; x_wconf 92' lang='lat' dir='ltr'><strong>in</strong></span> 
     </span>
    </p>
   </div>
   <div class='ocr_carea' id='block_1_37' title="bbox 291 3681 1886 3753">
    <p class='ocr_par' dir='ltr' id='par_1_37' title="bbox 291 3681 1886 3753">
     <span class='ocr_line' id='line_1_37' title="bbox 291 3681 1886 3753; baseline -0.006 -9"><span class='ocrx_word' id='word_1_285' title='bbox 291 3699 437 3744; x_wconf 85' lang='lat' dir='ltr'><strong>terra</strong></span> <span class='ocrx_word' id='word_1_286' title='bbox 468 3687 672 3742; x_wconf 88' lang='lat' dir='ltr'><strong>habitet</strong></span> <span class='ocrx_word' id='word_1_287' title='bbox 697 3686 811 3753; x_wconf 86' lang='lat' dir='ltr'><strong>sol,</strong></span> <span class='ocrx_word' id='word_1_288' title='bbox 836 3692 891 3741; x_wconf 92' lang='lat' dir='ltr'><strong>et</strong></span> <span class='ocrx_word' id='word_1_289' title='bbox 920 3693 1060 3739; x_wconf 89' lang='lat' dir='ltr'><strong>terra</strong></span> <span class='ocrx_word' id='word_1_290' title='bbox 1089 3684 1256 3739; x_wconf 89' lang='lat' dir='ltr'><strong>solem</strong></span> <span class='ocrx_word' id='word_1_291' title='bbox 1277 3681 1582 3737; x_wconf 88' lang='lat' dir='ltr'><strong>contineat?</strong></span> <span class='ocrx_word' id='word_1_292' title='bbox 1614 3682 1678 3735; x_wconf 83' lang='lat' dir='ltr'><strong>Et</strong></span> <span class='ocrx_word' id='word_1_293' title='bbox 1709 3689 1886 3735; x_wconf 88' lang='lat' dir='ltr'><strong>tamen</strong></span> 
     </span>
    </p>
   </div>
   <div class='ocr_carea' id='block_1_38' title="bbox 288 3773 1885 3848">
    <p class='ocr_par' dir='ltr' id='par_1_38' title="bbox 288 3773 1885 3848">
     <span class='ocr_line' id='line_1_38' title="bbox 288 3773 1885 3848; baseline -0.005 -13"><span class='ocrx_word' id='word_1_294' title='bbox 288 3795 399 3835; x_wconf 89' lang='lat' dir='ltr'><strong>non</strong></span> <span class='ocrx_word' id='word_1_295' title='bbox 423 3780 504 3834; x_wconf 88' lang='lat' dir='ltr'><strong>sic</strong></span> <span class='ocrx_word' id='word_1_296' title='bbox 529 3778 761 3848; x_wconf 88' lang='lat' dir='ltr'><strong>Spiritus</strong></span> <span class='ocrx_word' id='word_1_297' title='bbox 790 3777 883 3832; x_wconf 89' lang='lat' dir='ltr'><strong>Dei</strong></span> <span class='ocrx_word' id='word_1_298' title='bbox 911 3773 1341 3846; x_wconf 85' lang='lat' dir='ltr'><strong>superferebatur</strong></span> <span class='ocrx_word' id='word_1_299' title='bbox 1364 3788 1524 3842; x_wconf 91' lang='lat' dir='ltr'><strong>super</strong></span> <span class='ocrx_word' id='word_1_300' title='bbox 1549 3788 1762 3842; x_wconf 88' lang='lat' dir='ltr'><strong>aquam,</strong></span> <span class='ocrx_word' id='word_1_301' title='bbox 1778 3773 1885 3827; x_wconf 89' lang='lat' dir='ltr'><strong>sic-</strong></span> 
     </span>
    </p>
   </div>
   <div class='ocr_carea' id='block_1_39' title="bbox 287 3855 1885 3938">
    <p class='ocr_par' dir='ltr' id='par_1_39' title="bbox 287 3855 1885 3938">
     <span class='ocr_line' id='line_1_39' title="bbox 287 3855 1885 3938; baseline -0.004 -14"><span class='ocrx_word' id='word_1_302' title='bbox 287 3879 350 3924; x_wconf 89' lang='lat' dir='ltr'><strong>ut</strong></span> <span class='ocrx_word' id='word_1_303' title='bbox 373 3869 708 3938; x_wconf 84' lang='lat' dir='ltr'><strong>superfertur</strong></span> <span class='ocrx_word' id='word_1_304' title='bbox 730 3867 810 3921; x_wconf 91' lang='lat' dir='ltr'><strong>sol</strong></span> <span class='ocrx_word' id='word_1_305' title='bbox 856 3855 1016 3937; x_wconf 86' lang='lat' dir='ltr'><strong>super</strong></span> <span class='ocrx_word' id='word_1_306' title='bbox 1049 3875 1277 3931; x_wconf 90' lang='lat' dir='ltr'><strong>terram;</strong></span> <span class='ocrx_word' id='word_1_307' title='bbox 1303 3864 1396 3919; x_wconf 91' lang='lat' dir='ltr'><strong>sed</strong></span> <span class='ocrx_word' id='word_1_308' title='bbox 1426 3865 1529 3918; x_wconf 90' lang='lat' dir='ltr'><strong>alio</strong></span> <span class='ocrx_word' id='word_1_309' title='bbox 1550 3863 1708 3918; x_wconf 88' lang='lat' dir='ltr'><strong>modo</strong></span> <span class='ocrx_word' id='word_1_310' title='bbox 1729 3879 1885 3935; x_wconf 89' lang='lat' dir='ltr'><strong>quem</strong></span> 
     </span>
    </p>
   </div>
   <div class='ocr_carea' id='block_1_40' title="bbox 287 3957 1944 4036">
    <p class='ocr_par' dir='ltr' id='par_1_40' title="bbox 287 3957 1944 4036">
     <span class='ocr_line' id='line_1_40' title="bbox 287 3957 1944 4036; baseline -0.005 -18"><span class='ocrx_word' id='word_1_311' title='bbox 287 3963 450 4036; x_wconf 81' lang='lat' dir='ltr'><strong>pauci</strong></span> <span class='ocrx_word' id='word_1_312' title='bbox 480 3962 798 4032; x_wconf 86' lang='lat' dir='ltr'><strong>intelligunt.</strong></span> <span class='ocrx_word' id='word_1_313' title='bbox 825 3959 938 4014; x_wconf 86' lang='lat' dir='ltr'><strong>Non</strong></span> <span class='ocrx_word' id='word_1_314' title='bbox 965 3960 1106 4014; x_wconf 90' lang='lat' dir='ltr'><strong>enim</strong></span> <span class='ocrx_word' id='word_1_315' title='bbox 1139 3975 1232 4028; x_wconf 76' lang='lat' dir='ltr'><strong>per</strong></span> <span class='ocrx_word' id='word_1_316' title='bbox 1252 3959 1420 4028; x_wconf 87' lang='lat' dir='ltr'><strong>spatia</strong></span> <span class='ocrx_word' id='word_1_317' title='bbox 1442 3957 1679 4012; x_wconf 93' lang='lat' dir='ltr'><strong>locorum</strong></span> <span class='ocrx_word' id='word_1_318' title='bbox 1702 3971 1887 4027; x_wconf 89' lang='lat' dir='ltr'><strong>super—</strong></span> <span class='ocrx_word' id='word_1_319' title='bbox 1933 3967 1944 3972; x_wconf 75' lang='lat'><strong>‘</strong></span> 
     </span>
    </p>
   </div>
   <div class='ocr_carea' id='block_1_41' title="bbox 289 4048 1884 4124">
    <p class='ocr_par' dir='ltr' id='par_1_41' title="bbox 289 4048 1884 4124">
     <span class='ocr_line' id='line_1_41' title="bbox 289 4048 1884 4124; baseline -0.006 -13"><span class='ocrx_word' id='word_1_320' title='bbox 289 4056 570 4111; x_wconf 79' lang='lat' dir='ltr'><strong>ferebatur</strong></span> <span class='ocrx_word' id='word_1_321' title='bbox 595 4068 745 4124; x_wconf 67' lang='lat' dir='ltr'><strong>aquae</strong></span> <span class='ocrx_word' id='word_1_322' title='bbox 775 4053 863 4107; x_wconf 93' lang='lat' dir='ltr'><strong>ille</strong></span> <span class='ocrx_word' id='word_1_323' title='bbox 889 4052 1151 4122; x_wconf 87' lang='lat' dir='ltr'><strong>Spiritus,</strong></span> <span class='ocrx_word' id='word_1_324' title='bbox 1194 4049 1333 4104; x_wconf 90' lang='lat' dir='ltr'><strong>sicut</strong></span> <span class='ocrx_word' id='word_1_325' title='bbox 1378 4048 1461 4104; x_wconf 90' lang='lat' dir='ltr'><strong>sol</strong></span> <span class='ocrx_word' id='word_1_326' title='bbox 1493 4058 1648 4103; x_wconf 62' lang='lat' dir='ltr'><strong>terrae</strong></span> <span class='ocrx_word' id='word_1_327' title='bbox 1691 4063 1884 4118; x_wconf 85' lang='lat' dir='ltr'><strong>super-</strong></span> 
     </span>
    </p>
   </div>
   <div class='ocr_carea' id='block_1_42' title="bbox 289 4140 1882 4214">
    <p class='ocr_par' dir='ltr' id='par_1_42' title="bbox 289 4140 1882 4214">
     <span class='ocr_line' id='line_1_42' title="bbox 289 4140 1882 4214; baseline -0.004 -12"><span class='ocrx_word' id='word_1_328' title='bbox 289 4150 494 4213; x_wconf 87' lang='lat' dir='ltr'><strong>fertur;</strong></span> <span class='ocrx_word' id='word_1_329' title='bbox 521 4144 620 4202; x_wconf 85' lang='lat' dir='ltr'><strong>sed</strong></span> <span class='ocrx_word' id='word_1_330' title='bbox 645 4160 739 4214; x_wconf 90' lang='lat' dir='ltr'><strong>per</strong></span> <span class='ocrx_word' id='word_1_331' title='bbox 765 4143 1057 4214; x_wconf 88' lang='lat' dir='ltr'><strong>potentiam</strong></span> <span class='ocrx_word' id='word_1_332' title='bbox 1083 4142 1360 4196; x_wconf 88' lang='lat' dir='ltr'><strong>invisibilis</strong></span> <span class='ocrx_word' id='word_1_333' title='bbox 1387 4140 1730 4195; x_wconf 88' lang='lat' dir='ltr'><strong>sublimitatis</strong></span> <span class='ocrx_word' id='word_1_334' title='bbox 1751 4156 1882 4196; x_wconf 65' lang='lat' dir='ltr'><strong>suae.</strong></span> 
     </span>
    </p>
   </div>
   <div class='ocr_carea' id='block_1_43' title="bbox 289 4233 1885 4305">
    <p class='ocr_par' dir='ltr' id='par_1_43' title="bbox 289 4233 1885 4305">
     <span class='ocr_line' id='line_1_43' title="bbox 289 4233 1885 4305; baseline -0.005 -9"><span class='ocrx_word' id='word_1_335' title='bbox 289 4241 485 4296; x_wconf 86' lang='lat' dir='ltr'><strong>Dicant</strong></span> <span class='ocrx_word' id='word_1_336' title='bbox 511 4247 691 4293; x_wconf 89' lang='lat' dir='ltr'><strong>autem</strong></span> <span class='ocrx_word' id='word_1_337' title='bbox 717 4237 871 4292; x_wconf 90' lang='lat' dir='ltr'><strong>nobis</strong></span> <span class='ocrx_word' id='word_1_338' title='bbox 891 4235 1006 4301; x_wconf 91' lang='lat' dir='ltr'><strong>isti,</strong></span> <span class='ocrx_word' id='word_1_339' title='bbox 1029 4233 1295 4305; x_wconf 91' lang='lat' dir='ltr'><strong>quomodo</strong></span> <span class='ocrx_word' id='word_1_340' title='bbox 1321 4234 1385 4288; x_wconf 92' lang='lat' dir='ltr'><strong>iis</strong></span> <span class='ocrx_word' id='word_1_341' title='bbox 1409 4233 1568 4288; x_wconf 90' lang='lat' dir='ltr'><strong>rebus</strong></span> <span class='ocrx_word' id='word_1_342' title='bbox 1589 4243 1703 4302; x_wconf 84' lang='lat' dir='ltr'><strong>quae</strong></span> <span class='ocrx_word' id='word_1_343' title='bbox 1729 4233 1885 4288; x_wconf 84' lang='lat' dir='ltr'><strong>fabri-</strong></span> 
     </span>
    </p>
   </div>
   <div class='ocr_carea' id='block_1_44' title="bbox 289 4323 1885 4398">
    <p class='ocr_par' dir='ltr' id='par_1_44' title="bbox 289 4323 1885 4398">
     <span class='ocr_line' id='line_1_44' title="bbox 289 4323 1885 4398; baseline -0.006 -9"><span class='ocrx_word' id='word_1_344' title='bbox 289 4333 478 4389; x_wconf 70' lang='lat' dir='ltr'><strong>canda:</strong></span> <span class='ocrx_word' id='word_1_345' title='bbox 499 4339 661 4397; x_wconf 88' lang='lat' dir='ltr'><strong>sunt,</strong></span> <span class='ocrx_word' id='word_1_346' title='bbox 687 4327 1048 4398; x_wconf 88' lang='lat' dir='ltr'><strong>superferatur</strong></span> <span class='ocrx_word' id='word_1_347' title='bbox 1068 4327 1310 4380; x_wconf 87' lang='lat' dir='ltr'><strong>voluntas</strong></span> <span class='ocrx_word' id='word_1_348' title='bbox 1336 4324 1489 4379; x_wconf 87' lang='lat' dir='ltr'><strong>fabri.</strong></span> <span class='ocrx_word' id='word_1_349' title='bbox 1519 4323 1670 4391; x_wconf 86' lang='lat' dir='ltr'><strong>Quod</strong></span> <span class='ocrx_word' id='word_1_350' title='bbox 1699 4325 1885 4388; x_wconf 68' lang='lat' dir='ltr'><strong>siJiatc</strong></span> 
     </span>
    </p>
   </div>
   <div class='ocr_carea' id='block_1_45' title="bbox 293 4416 1886 4490">
    <p class='ocr_par' dir='ltr' id='par_1_45' title="bbox 293 4416 1886 4490">
     <span class='ocr_line' id='line_1_45' title="bbox 293 4416 1886 4490; baseline -0.007 -10"><span class='ocrx_word' id='word_1_351' title='bbox 293 4424 530 4480; x_wconf 82' lang='lat' dir='ltr'><strong>humana</strong></span> <span class='ocrx_word' id='word_1_352' title='bbox 573 4430 628 4476; x_wconf 89' lang='lat' dir='ltr'><strong>et</strong></span> <span class='ocrx_word' id='word_1_353' title='bbox 665 4419 968 4490; x_wconf 90' lang='lat' dir='ltr'><strong>quotidiana</strong></span> <span class='ocrx_word' id='word_1_354' title='bbox 997 4433 1101 4473; x_wconf 91' lang='lat' dir='ltr'><strong>non</strong></span> <span class='ocrx_word' id='word_1_355' title='bbox 1128 4416 1618 4486; x_wconf 87' lang='lat' dir='ltr'><strong>comprehendunt,</strong></span> <span class='ocrx_word' id='word_1_356' title='bbox 1665 4417 1886 4472; x_wconf 89' lang='lat' dir='ltr'><strong>timeant</strong></span> 
     </span>
    </p>
   </div>
   <div class='ocr_carea' id='block_1_46' title="bbox 296 4508 1883 4580">
    <p class='ocr_par' dir='ltr' id='par_1_46' title="bbox 296 4508 1883 4580">
     <span class='ocr_line' id='line_1_46' title="bbox 296 4508 1883 4580; baseline -0.008 -8"><span class='ocrx_word' id='word_1_357' title='bbox 296 4517 508 4580; x_wconf 88' lang='lat' dir='ltr'><strong>Deum,</strong></span> <span class='ocrx_word' id='word_1_358' title='bbox 541 4522 596 4568; x_wconf 90' lang='lat' dir='ltr'><strong>et</strong></span> <span class='ocrx_word' id='word_1_359' title='bbox 638 4511 862 4580; x_wconf 90' lang='lat' dir='ltr'><strong>simplici</strong></span> <span class='ocrx_word' id='word_1_360' title='bbox 901 4509 1060 4564; x_wconf 91' lang='lat' dir='ltr'><strong>corde</strong></span> <span class='ocrx_word' id='word_1_361' title='bbox 1089 4509 1230 4579; x_wconf 92' lang='lat' dir='ltr'><strong>quod</strong></span> <span class='ocrx_word' id='word_1_362' title='bbox 1273 4523 1378 4562; x_wconf 93' lang='lat' dir='ltr'><strong>non</strong></span> <span class='ocrx_word' id='word_1_363' title='bbox 1410 4508 1708 4577; x_wconf 87' lang='lat' dir='ltr'><strong>intelligunt</strong></span> <span class='ocrx_word' id='word_1_364' title='bbox 1734 4524 1883 4578; x_wconf 73' lang='lat' dir='ltr'><strong>quae-</strong></span> 
     </span>
    </p>
   </div>
   <div class='ocr_carea' id='block_1_47' title="bbox 295 4598 1882 4668">
    <p class='ocr_par' dir='ltr' id='par_1_47' title="bbox 295 4598 1882 4668">
     <span class='ocr_line' id='line_1_47' title="bbox 295 4598 1882 4668; baseline -0.004 -9"><span class='ocrx_word' id='word_1_365' title='bbox 295 4612 454 4668; x_wconf 85' lang='lat' dir='ltr'><strong>rant,</strong></span> <span class='ocrx_word' id='word_1_366' title='bbox 487 4617 560 4657; x_wconf 91' lang='lat' dir='ltr'><strong>ne</strong></span> <span class='ocrx_word' id='word_1_367' title='bbox 583 4617 704 4656; x_wconf 90' lang='lat' dir='ltr'><strong>cum</strong></span> <span class='ocrx_word' id='word_1_368' title='bbox 748 4599 934 4655; x_wconf 88' lang='lat' dir='ltr'><strong>volunt</strong></span> <span class='ocrx_word' id='word_1_369' title='bbox 975 4599 1150 4653; x_wconf 88' lang='lat' dir='ltr'><strong>verbis</strong></span> <span class='ocrx_word' id='word_1_370' title='bbox 1180 4598 1449 4667; x_wconf 81' lang='lat' dir='ltr'><strong>sacrilegis</strong></span> <span class='ocrx_word' id='word_1_371' title='bbox 1477 4599 1757 4654; x_wconf 87' lang='lat' dir='ltr'><strong>concidere</strong></span> <span class='ocrx_word' id='word_1_372' title='bbox 1789 4613 1882 4653; x_wconf 87' lang='lat' dir='ltr'><strong>ve-</strong></span> 
     </span>
    </p>
   </div>
   <div class='ocr_carea' id='block_1_48' title="bbox 291 4690 1883 4762">
    <p class='ocr_par' dir='ltr' id='par_1_48' title="bbox 291 4690 1883 4762">
     <span class='ocr_line' id='line_1_48' title="bbox 291 4690 1883 4762; baseline -0.002 -11"><span class='ocrx_word' id='word_1_373' title='bbox 291 4697 503 4751; x_wconf 87' lang='lat' dir='ltr'><strong>ritatem</strong></span> <span class='ocrx_word' id='word_1_374' title='bbox 525 4708 684 4762; x_wconf 87' lang='lat' dir='ltr'><strong>quam</strong></span> <span class='ocrx_word' id='word_1_375' title='bbox 716 4691 895 4746; x_wconf 87' lang='lat' dir='ltr'><strong>videre</strong></span> <span class='ocrx_word' id='word_1_376' title='bbox 922 4707 1024 4745; x_wconf 93' lang='lat' dir='ltr'><strong>non</strong></span> <span class='ocrx_word' id='word_1_377' title='bbox 1053 4699 1306 4760; x_wconf 90' lang='lat' dir='ltr'><strong>possunt,</strong></span> <span class='ocrx_word' id='word_1_378' title='bbox 1341 4690 1523 4745; x_wconf 80' lang='lat' dir='ltr'><strong>redeat</strong></span> <span class='ocrx_word' id='word_1_379' title='bbox 1553 4691 1657 4745; x_wconf 89' lang='lat' dir='ltr'><strong>illis</strong></span> <span class='ocrx_word' id='word_1_380' title='bbox 1678 4693 1883 4748; x_wconf 87' lang='lat' dir='ltr'><strong>securis</strong></span> 
     </span>
    </p>
   </div>
   <div class='ocr_carea' id='block_1_49' title="bbox 294 4781 1884 4850">
    <p class='ocr_par' dir='ltr' id='par_1_49' title="bbox 294 4781 1884 4850">
     <span class='ocr_line' id='line_1_49' title="bbox 294 4781 1884 4850; baseline -0.004 -7"><span class='ocrx_word' id='word_1_381' title='bbox 294 4789 348 4843; x_wconf 90' lang='lat' dir='ltr'><strong>in</strong></span> <span class='ocrx_word' id='word_1_382' title='bbox 377 4783 706 4842; x_wconf 83' lang='lat' dir='ltr'><strong>crura.Nam</strong></span> <span class='ocrx_word' id='word_1_383' title='bbox 734 4781 821 4837; x_wconf 89' lang='lat' dir='ltr'><strong>illa</strong></span> <span class='ocrx_word' id='word_1_384' title='bbox 843 4781 1047 4836; x_wconf 88' lang='lat' dir='ltr'><strong>concidi</strong></span> <span class='ocrx_word' id='word_1_385' title='bbox 1066 4797 1170 4835; x_wconf 91' lang='lat' dir='ltr'><strong>non</strong></span> <span class='ocrx_word' id='word_1_386' title='bbox 1198 4789 1504 4850; x_wconf 73' lang='lat' dir='ltr'><strong>potestquze</strong></span> <span class='ocrx_word' id='word_1_387' title='bbox 1535 4782 1884 4836; x_wconf 91' lang='lat' dir='ltr'><strong>incommuta-</strong></span> 
     </span>
    </p>
   </div>
   <div class='ocr_carea' id='block_1_50' title="bbox 294 4874 1882 4945">
    <p class='ocr_par' dir='ltr' id='par_1_50' title="bbox 294 4874 1882 4945">
     <span class='ocr_line' id='line_1_50' title="bbox 294 4874 1882 4945; baseline -0.003 -10"><span class='ocrx_word' id='word_1_388' title='bbox 294 4880 418 4935; x_wconf 86' lang='lat' dir='ltr'><strong>bilis</strong></span> <span class='ocrx_word' id='word_1_389' title='bbox 446 4885 661 4942; x_wconf 87' lang='lat' dir='ltr'><strong>manet;</strong></span> <span class='ocrx_word' id='word_1_390' title='bbox 707 4875 802 4931; x_wconf 90' lang='lat' dir='ltr'><strong>sed</strong></span> <span class='ocrx_word' id='word_1_391' title='bbox 848 4889 1195 4945; x_wconf 70' lang='lat' dir='ltr'><strong>quaecumque</strong></span> <span class='ocrx_word' id='word_1_392' title='bbox 1222 4874 1390 4944; x_wconf 71' lang='lat' dir='ltr'><strong>plaga:</strong></span> <span class='ocrx_word' id='word_1_393' title='bbox 1421 4874 1472 4927; x_wconf 91' lang='lat' dir='ltr'><strong>in</strong></span> <span class='ocrx_word' id='word_1_394' title='bbox 1503 4875 1644 4928; x_wconf 91' lang='lat' dir='ltr'><strong>illam</strong></span> <span class='ocrx_word' id='word_1_395' title='bbox 1671 4876 1882 4931; x_wconf 67' lang='lat' dir='ltr'><strong>emissa:</strong></span> 
     </span>
    </p>
   </div>
   <div class='ocr_carea' id='block_1_51' title="bbox 295 4966 1882 5039">
    <p class='ocr_par' dir='ltr' id='par_1_51' title="bbox 295 4966 1882 5039">
     <span class='ocr_line' id='line_1_51' title="bbox 295 4966 1882 5039; baseline -0.001 -13"><span class='ocrx_word' id='word_1_396' title='bbox 295 4971 493 5027; x_wconf 84' lang='lat' dir='ltr'><strong>fuerint</strong></span> <span class='ocrx_word' id='word_1_397' title='bbox 521 4967 973 5039; x_wconf 88' lang='lat' dir='ltr'><strong>repercutiuntur,</strong></span> <span class='ocrx_word' id='word_1_398' title='bbox 1005 4973 1060 5020; x_wconf 91' lang='lat' dir='ltr'><strong>et</strong></span> <span class='ocrx_word' id='word_1_399' title='bbox 1101 4966 1302 5036; x_wconf 86' lang='lat' dir='ltr'><strong>majore</strong></span> <span class='ocrx_word' id='word_1_400' title='bbox 1327 4967 1434 5020; x_wconf 90' lang='lat' dir='ltr'><strong>ictu</strong></span> <span class='ocrx_word' id='word_1_401' title='bbox 1461 4966 1684 5021; x_wconf 90' lang='lat' dir='ltr'><strong>redeunt</strong></span> <span class='ocrx_word' id='word_1_402' title='bbox 1706 4967 1758 5022; x_wconf 91' lang='lat' dir='ltr'><strong>in</strong></span> <span class='ocrx_word' id='word_1_403' title='bbox 1787 4983 1882 5024; x_wconf 90' lang='lat' dir='ltr'><strong>eos</strong></span> 
     </span>
    </p>
   </div>
   <div class='ocr_carea' id='block_1_52' title="bbox 295 5059 1881 5136">
    <p class='ocr_par' dir='ltr' id='par_1_52' title="bbox 295 5059 1881 5136">
     <span class='ocr_line' id='line_1_52' title="bbox 295 5059 1881 5136; baseline 0 -17"><span class='ocrx_word' id='word_1_404' title='bbox 295 5064 382 5136; x_wconf 86' lang='lat' dir='ltr'><strong>qui</strong></span> <span class='ocrx_word' id='word_1_405' title='bbox 409 5061 621 5118; x_wconf 64' lang='lat' dir='ltr'><strong>credere</strong></span> <span class='ocrx_word' id='word_1_406' title='bbox 639 5059 837 5115; x_wconf 88' lang='lat' dir='ltr'><strong>audent</strong></span> <span class='ocrx_word' id='word_1_407' title='bbox 855 5099 870 5126; x_wconf 92' lang='lat'><strong>,</strong></span> <span class='ocrx_word' id='word_1_408' title='bbox 901 5059 1042 5136; x_wconf 89' lang='lat' dir='ltr'><strong>quod</strong></span> <span class='ocrx_word' id='word_1_409' title='bbox 1067 5059 1289 5115; x_wconf 88' lang='lat' dir='ltr'><strong>credere</strong></span> <span class='ocrx_word' id='word_1_410' title='bbox 1322 5059 1612 5130; x_wconf 87' lang='lat' dir='ltr'><strong>deberent,</strong></span> <span class='ocrx_word' id='word_1_411' title='bbox 1641 5071 1700 5118; x_wconf 92' lang='lat' dir='ltr'><strong>ut</strong></span> <span class='ocrx_word' id='word_1_412' title='bbox 1721 5063 1881 5121; x_wconf 87' lang='lat' dir='ltr'><strong>intel-</strong></span> 
     </span>
    </p>
   </div>
   <div class='ocr_carea' id='block_1_53' title="bbox 292 5157 839 5227">
    <p class='ocr_par' dir='ltr' id='par_1_53' title="bbox 292 5157 839 5227">
     <span class='ocr_line' id='line_1_53' title="bbox 292 5157 839 5227; baseline -0.013 -16"><span class='ocrx_word' id='word_1_413' title='bbox 292 5157 456 5227; x_wconf 77' lang='lat' dir='ltr'><strong>[igere</strong></span> <span class='ocrx_word' id='word_1_414' title='bbox 485 5161 839 5208; x_wconf 87' lang='lat' dir='ltr'><strong>mererentur.</strong></span> 
     </span>
    </p>
   </div>
   <div class='ocr_carea' id='block_1_54' title="bbox 361 5243 1877 5318">
    <p class='ocr_par' dir='ltr' id='par_1_54' title="bbox 361 5243 1877 5318">
     <span class='ocr_line' id='line_1_54' title="bbox 361 5243 1877 5318; baseline 0.001 -17"><span class='ocrx_word' id='word_1_415' title='bbox 361 5247 417 5302; x_wconf 89' lang='lat'><strong>9.</strong></span> <span class='ocrx_word' id='word_1_416' title='bbox 470 5243 675 5300; x_wconf 90' lang='lat' dir='ltr'><strong>Deinde</strong></span> <span class='ocrx_word' id='word_1_417' title='bbox 727 5249 1004 5312; x_wconf 68' lang='lat' dir='ltr'><strong>quierunt,</strong></span> <span class='ocrx_word' id='word_1_418' title='bbox 1058 5250 1114 5298; x_wconf 91' lang='lat' dir='ltr'><strong>et</strong></span> <span class='ocrx_word' id='word_1_419' title='bbox 1163 5243 1463 5300; x_wconf 89' lang='lat' dir='ltr'><strong>insultando</strong></span> <span class='ocrx_word' id='word_1_420' title='bbox 1510 5245 1877 5318; x_wconf 80' lang='lat' dir='ltr'><strong>interrogant:</strong></span> 
     </span>
    </p>
   </div>
   <div class='ocr_carea' id='block_1_55' title="bbox 297 5337 1881 5409">
    <p class='ocr_par' dir='ltr' id='par_1_55' title="bbox 297 5337 1881 5409">
     <span class='ocr_line' id='line_1_55' title="bbox 297 5337 1881 5409; baseline 0.001 -13"><span class='ocrx_word' id='word_1_421' title='bbox 297 5337 448 5396; x_wconf 78' lang='lat' dir='ltr'><strong>Unde</strong></span> <span class='ocrx_word' id='word_1_422' title='bbox 474 5346 593 5393; x_wconf 89' lang='lat' dir='ltr'><strong>erat</strong></span> <span class='ocrx_word' id='word_1_423' title='bbox 622 5337 734 5408; x_wconf 87' lang='lat' dir='ltr'><strong>ipsa</strong></span> <span class='ocrx_word' id='word_1_424' title='bbox 780 5351 914 5405; x_wconf 91' lang='lat' dir='ltr'><strong>aqua</strong></span> <span class='ocrx_word' id='word_1_425' title='bbox 958 5351 1119 5405; x_wconf 88' lang='lat' dir='ltr'><strong>super</strong></span> <span class='ocrx_word' id='word_1_426' title='bbox 1155 5351 1312 5406; x_wconf 89' lang='lat' dir='ltr'><strong>quam</strong></span> <span class='ocrx_word' id='word_1_427' title='bbox 1355 5337 1624 5393; x_wconf 89' lang='lat' dir='ltr'><strong>ferebatur</strong></span> <span class='ocrx_word' id='word_1_428' title='bbox 1653 5340 1881 5409; x_wconf 84' lang='lat' dir='ltr'><strong>Spiritus</strong></span> 
     </span>
    </p>
   </div>
   <div class='ocr_carea' id='block_1_56' title="bbox 291 5412 1881 5505">
    <p class='ocr_par' dir='ltr' id='par_1_56' title="bbox 291 5412 1881 5505">
     <span class='ocr_line' id='line_1_56' title="bbox 291 5412 1881 5505; baseline -0.001 -14"><span class='ocrx_word' id='word_1_429' title='bbox 291 5434 426 5491; x_wconf 84' lang='lat' dir='ltr'><strong>Dei?</strong></span> <span class='ocrx_word' id='word_1_430' title='bbox 451 5433 711 5504; x_wconf 89' lang='lat' dir='ltr'><strong>numquid</strong></span> <span class='ocrx_word' id='word_1_431' title='bbox 740 5433 880 5488; x_wconf 91' lang='lat' dir='ltr'><strong>enim</strong></span> <span class='ocrx_word' id='word_1_432' title='bbox 911 5433 1153 5502; x_wconf 89' lang='lat' dir='ltr'><strong>superius</strong></span> <span class='ocrx_word' id='word_1_433' title='bbox 1179 5433 1431 5502; x_wconf 90' lang='lat' dir='ltr'><strong>scriptum</strong></span> <span class='ocrx_word' id='word_1_434' title='bbox 1461 5412 1710 5505; x_wconf 32' lang='lat' dir='ltr'><strong>est-quod</strong></span> <span class='ocrx_word' id='word_1_435' title='bbox 1741 5436 1881 5491; x_wconf 89' lang='lat' dir='ltr'><strong>Deus</strong></span> 
     </span>
    </p>
   </div>
   <div class='ocr_carea' id='block_1_57' title="bbox 289 5507 1879 5596">
    <p class='ocr_par' dir='ltr' id='par_1_57' title="bbox 289 5507 1879 5596">
     <span class='ocr_line' id='line_1_57' title="bbox 289 5507 1879 5596; baseline 0 -16"><span class='ocrx_word' id='word_1_436' title='bbox 289 5541 481 5596; x_wconf 86' lang='lat' dir='ltr'><strong>aquam</strong></span> <span class='ocrx_word' id='word_1_437' title='bbox 498 5525 720 5580; x_wconf 89' lang='lat' dir='ltr'><strong>fecerit?</strong></span> <span class='ocrx_word' id='word_1_438' title='bbox 736 5523 848 5579; x_wconf 84' lang='lat' dir='ltr'><strong>[loc</strong></span> <span class='ocrx_word' id='word_1_439' title='bbox 863 5522 908 5578; x_wconf 91' lang='lat' dir='ltr'><strong>si</strong></span> <span class='ocrx_word' id='word_1_440' title='bbox 926 5522 1011 5592; x_wconf 90' lang='lat' dir='ltr'><strong>pie</strong></span> <span class='ocrx_word' id='word_1_441' title='bbox 1034 5507 1353 5593; x_wconf 67' lang='lat' dir='ltr'><strong>qutererent,</strong></span> <span class='ocrx_word' id='word_1_442' title='bbox 1379 5525 1677 5580; x_wconf 87' lang='lat' dir='ltr'><strong>invenirent</strong></span> <span class='ocrx_word' id='word_1_443' title='bbox 1691 5542 1879 5596; x_wconf 83' lang='lat' dir='ltr'><strong>quent-</strong></span> 
     </span>
    </p>
   </div>
   <div class='ocr_carea' id='block_1_58' title="bbox 291 5616 1880 5689">
    <p class='ocr_par' dir='ltr' id='par_1_58' title="bbox 291 5616 1880 5689">
     <span class='ocr_line' id='line_1_58' title="bbox 291 5616 1880 5689; baseline 0.002 -18"><span class='ocrx_word' id='word_1_444' title='bbox 291 5618 578 5672; x_wconf 87' lang='lat' dir='ltr'><strong>admodum</strong></span> <span class='ocrx_word' id='word_1_445' title='bbox 632 5617 1033 5688; x_wconf 89' lang='lat' dir='ltr'><strong>intelligendum</strong></span> <span class='ocrx_word' id='word_1_446' title='bbox 1085 5625 1245 5672; x_wconf 91' lang='lat' dir='ltr'><strong>esset.</strong></span> <span class='ocrx_word' id='word_1_447' title='bbox 1293 5616 1408 5671; x_wconf 87' lang='lat' dir='ltr'><strong>Non</strong></span> <span class='ocrx_word' id='word_1_448' title='bbox 1461 5618 1600 5672; x_wconf 91' lang='lat' dir='ltr'><strong>enim</strong></span> <span class='ocrx_word' id='word_1_449' title='bbox 1629 5633 1763 5689; x_wconf 92' lang='lat' dir='ltr'><strong>aqua</strong></span> <span class='ocrx_word' id='word_1_450' title='bbox 1803 5620 1880 5674; x_wconf 86' lang='lat' dir='ltr'><strong>sic</strong></span> 
     </span>
    </p>
   </div>
   <div class='ocr_carea' id='block_1_59' title="bbox 294 5707 1880 5780">
    <p class='ocr_par' dir='ltr' id='par_1_59' title="bbox 294 5707 1880 5780">
     <span class='ocr_line' id='line_1_59' title="bbox 294 5707 1880 5780; baseline 0.001 -16"><span class='ocrx_word' id='word_1_451' title='bbox 294 5709 556 5780; x_wconf 78' lang='lat' dir='ltr'><strong>appellata</strong></span> <span class='ocrx_word' id='word_1_452' title='bbox 601 5717 685 5763; x_wconf 86' lang='lat' dir='ltr'><strong>est</strong></span> <span class='ocrx_word' id='word_1_453' title='bbox 726 5708 829 5764; x_wconf 89' lang='lat' dir='ltr'><strong>hoc</strong></span> <span class='ocrx_word' id='word_1_454' title='bbox 870 5709 1020 5774; x_wconf 91' lang='lat' dir='ltr'><strong>loco,</strong></span> <span class='ocrx_word' id='word_1_455' title='bbox 1063 5716 1119 5761; x_wconf 91' lang='lat' dir='ltr'><strong>ut</strong></span> <span class='ocrx_word' id='word_1_456' title='bbox 1161 5707 1278 5762; x_wconf 75' lang='lat' dir='ltr'><strong>lucc</strong></span> <span class='ocrx_word' id='word_1_457' title='bbox 1305 5723 1334 5760; x_wconf 92' lang='lat' dir='ltr'><strong>a</strong></span> <span class='ocrx_word' id='word_1_458' title='bbox 1366 5708 1519 5762; x_wconf 90' lang='lat' dir='ltr'><strong>nobis</strong></span> <span class='ocrx_word' id='word_1_459' title='bbox 1559 5709 1880 5779; x_wconf 80' lang='lat' dir='ltr'><strong>intelligatur</strong></span> 
     </span>
    </p>
   </div>
   <div class='ocr_carea' id='block_1_60' title="bbox 291 5799 1879 5873">
    <p class='ocr_par' dir='ltr' id='par_1_60' title="bbox 291 5799 1879 5873">
     <span class='ocr_line' id='line_1_60' title="bbox 291 5799 1879 5873; baseline 0.003 -17"><span class='ocrx_word' id='word_1_460' title='bbox 291 5815 449 5873; x_wconf 79' lang='lat' dir='ltr'><strong>quam</strong></span> <span class='ocrx_word' id='word_1_461' title='bbox 474 5800 661 5858; x_wconf 82' lang='lat' dir='ltr'><strong>videre</strong></span> <span class='ocrx_word' id='word_1_462' title='bbox 684 5799 793 5870; x_wconf 85' lang='lat' dir='ltr'><strong>jam</strong></span> <span class='ocrx_word' id='word_1_463' title='bbox 820 5813 1102 5870; x_wconf 88' lang='lat' dir='ltr'><strong>possumus</strong></span> <span class='ocrx_word' id='word_1_464' title='bbox 1130 5808 1184 5856; x_wconf 86' lang='lat' dir='ltr'><strong>et</strong></span> <span class='ocrx_word' id='word_1_465' title='bbox 1213 5809 1426 5870; x_wconf 83' lang='lat' dir='ltr'><strong>tangere</strong></span> <span class='ocrx_word' id='word_1_466' title='bbox 1449 5818 1462 5854; x_wconf 89' lang='lat'><strong>:</strong></span> <span class='ocrx_word' id='word_1_467' title='bbox 1489 5801 1752 5871; x_wconf 86' lang='lat' dir='ltr'><strong>quomodo</strong></span> <span class='ocrx_word' id='word_1_468' title='bbox 1781 5819 1879 5861; x_wconf 87' lang='lat' dir='ltr'><strong>nec</strong></span> 
     </span>
    </p>
   </div>
   <div class='ocr_carea' id='block_1_61' title="bbox 1683 363 2178 422">
    <p class='ocr_par' dir='ltr' id='par_1_61' title="bbox 1683 363 2178 422">
     <span class='ocr_line' id='line_1_61' title="bbox 1683 363 2178 422; baseline 0 -1"><span class='ocrx_word' id='word_1_469' title='bbox 1683 365 1886 421; x_wconf 77' lang='lat' dir='ltr'><strong>LIBER</strong></span> <span class='ocrx_word' id='word_1_470' title='bbox 1926 363 2178 422; x_wconf 67' lang='lat' dir='ltr'><strong>PRIMUS</strong></span> 
     </span>
    </p>
   </div>
   <div class='ocr_carea' id='block_1_62' title="bbox 3472 375 3572 431">
    <p class='ocr_par' dir='ltr' id='par_1_62' title="bbox 3472 375 3572 431">
     <span class='ocr_line' id='line_1_62' title="bbox 3472 375 3572 431; baseline -0.02 0"><span class='ocrx_word' id='word_1_471' title='bbox 3472 375 3572 431; x_wconf 75' lang='lat' dir='ltr'><strong>I78</strong></span> 
     </span>
    </p>
   </div>
   <div class='ocr_carea' id='block_1_63' title="bbox 2003 482 3568 556">
    <p class='ocr_par' dir='ltr' id='par_1_63' title="bbox 2003 482 3568 556">
     <span class='ocr_line' id='line_1_63' title="bbox 2003 482 3568 556; baseline 0.006 -22"><span class='ocrx_word' id='word_1_472' title='bbox 2003 491 2138 536; x_wconf 89' lang='lat' dir='ltr'><strong>terra</strong></span> <span class='ocrx_word' id='word_1_473' title='bbox 2182 495 2301 554; x_wconf 73' lang='lat' dir='ltr'><strong>quae</strong></span> <span class='ocrx_word' id='word_1_474' title='bbox 2343 482 2687 554; x_wconf 88' lang='lat' dir='ltr'><strong>incomposita</strong></span> <span class='ocrx_word' id='word_1_475' title='bbox 2715 491 2768 540; x_wconf 91' lang='lat' dir='ltr'><strong>et</strong></span> <span class='ocrx_word' id='word_1_476' title='bbox 2802 485 3080 542; x_wconf 84' lang='lat' dir='ltr'><strong>invisibilis</strong></span> <span class='ocrx_word' id='word_1_477' title='bbox 3107 485 3246 544; x_wconf 89' lang='lat' dir='ltr'><strong>dicta</strong></span> <span class='ocrx_word' id='word_1_478' title='bbox 3289 498 3401 556; x_wconf 90' lang='lat' dir='ltr'><strong>est,</strong></span> <span class='ocrx_word' id='word_1_479' title='bbox 3449 492 3568 545; x_wconf 73' lang='lat' dir='ltr'><strong>talis</strong></span> 
     </span>
    </p>
   </div>
   <div class='ocr_carea' id='block_1_64' title="bbox 1998 572 3568 648">
    <p class='ocr_par' dir='ltr' id='par_1_64' title="bbox 1998 572 3568 648">
     <span class='ocr_line' id='line_1_64' title="bbox 1998 572 3568 648; baseline 0.006 -23"><span class='ocrx_word' id='word_1_480' title='bbox 1998 581 2111 625; x_wconf 90' lang='lat' dir='ltr'><strong>erat</strong></span> <span class='ocrx_word' id='word_1_481' title='bbox 2136 572 2306 642; x_wconf 85' lang='lat' dir='ltr'><strong>qualis</strong></span> <span class='ocrx_word' id='word_1_482' title='bbox 2328 574 2423 628; x_wconf 88' lang='lat' dir='ltr'><strong>ista</strong></span> <span class='ocrx_word' id='word_1_483' title='bbox 2450 590 2567 644; x_wconf 67' lang='lat' dir='ltr'><strong>qua:</strong></span> <span class='ocrx_word' id='word_1_484' title='bbox 2588 575 2697 645; x_wconf 87' lang='lat' dir='ltr'><strong>jam</strong></span> <span class='ocrx_word' id='word_1_485' title='bbox 2722 576 2888 630; x_wconf 88' lang='lat' dir='ltr'><strong>videri</strong></span> <span class='ocrx_word' id='word_1_486' title='bbox 2917 586 2970 632; x_wconf 92' lang='lat' dir='ltr'><strong>et</strong></span> <span class='ocrx_word' id='word_1_487' title='bbox 2998 579 3206 632; x_wconf 88' lang='lat' dir='ltr'><strong>tractari</strong></span> <span class='ocrx_word' id='word_1_488' title='bbox 3235 589 3426 648; x_wconf 86' lang='lat' dir='ltr'><strong>potest.</strong></span> <span class='ocrx_word' id='word_1_489' title='bbox 3464 581 3568 635; x_wconf 89' lang='lat' dir='ltr'><strong>Sed</strong></span> 
     </span>
    </p>
   </div>
   <div class='ocr_carea' id='block_1_65' title="bbox 1999 664 3569 741">
    <p class='ocr_par' dir='ltr' id='par_1_65' title="bbox 1999 664 3569 741">
     <span class='ocr_line' id='line_1_65' title="bbox 1999 664 3569 741; baseline 0.004 -23"><span class='ocrx_word' id='word_1_490' title='bbox 1999 664 2124 721; x_wconf 89' lang='lat' dir='ltr'><strong>illud</strong></span> <span class='ocrx_word' id='word_1_491' title='bbox 2163 665 2300 735; x_wconf 89' lang='lat' dir='ltr'><strong>quod</strong></span> <span class='ocrx_word' id='word_1_492' title='bbox 2326 666 2522 721; x_wconf 89' lang='lat' dir='ltr'><strong>dictum</strong></span> <span class='ocrx_word' id='word_1_493' title='bbox 2551 677 2658 733; x_wconf 89' lang='lat' dir='ltr'><strong>est,</strong></span> <span class='ocrx_word' id='word_1_494' title='bbox 2694 667 2758 722; x_wconf 86' lang='lat' dir='ltr'><strong>In</strong></span> <span class='ocrx_word' id='word_1_495' title='bbox 2789 671 3036 741; x_wconf 80' lang='lat' dir='ltr'><strong>principio</strong></span> <span class='ocrx_word' id='word_1_496' title='bbox 3070 673 3185 741; x_wconf 88' lang='lat' dir='ltr'><strong>fecit</strong></span> <span class='ocrx_word' id='word_1_497' title='bbox 3218 671 3355 725; x_wconf 86' lang='lat' dir='ltr'><strong>Deus</strong></span> <span class='ocrx_word' id='word_1_498' title='bbox 3389 673 3569 726; x_wconf 75' lang='lat' dir='ltr'><strong>cwlum</strong></span> 
     </span>
    </p>
   </div>
   <div class='ocr_carea' id='block_1_66' title="bbox 1997 759 3569 825">
    <p class='ocr_par' dir='ltr' id='par_1_66' title="bbox 1997 759 3569 825">
     <span class='ocr_line' id='line_1_66' title="bbox 1997 759 3569 825; baseline 0.006 -17"><span class='ocrx_word' id='word_1_499' title='bbox 1997 765 2041 809; x_wconf 80' lang='lat' dir='ltr'><strong>et</strong></span> <span class='ocrx_word' id='word_1_500' title='bbox 2071 767 2287 825; x_wconf 84' lang='lat' dir='ltr'><strong>terram,</strong></span> <span class='ocrx_word' id='word_1_501' title='bbox 2319 759 2440 813; x_wconf 66' lang='lat' dir='ltr'><strong>coeli</strong></span> <span class='ocrx_word' id='word_1_502' title='bbox 2463 768 2515 813; x_wconf 90' lang='lat' dir='ltr'><strong>et</strong></span> <span class='ocrx_word' id='word_1_503' title='bbox 2544 769 2696 814; x_wconf 75' lang='lat' dir='ltr'><strong>terra:</strong></span> <span class='ocrx_word' id='word_1_504' title='bbox 2718 760 2930 814; x_wconf 91' lang='lat' dir='ltr'><strong>nomine</strong></span> <span class='ocrx_word' id='word_1_505' title='bbox 2952 763 3194 816; x_wconf 89' lang='lat' dir='ltr'><strong>universa</strong></span> <span class='ocrx_word' id='word_1_506' title='bbox 3223 773 3461 816; x_wconf 85' lang='lat' dir='ltr'><strong>creatura</strong></span> <span class='ocrx_word' id='word_1_507' title='bbox 3495 764 3569 817; x_wconf 87' lang='lat' dir='ltr'><strong>si-</strong></span> 
     </span>
    </p>
   </div>
   <div class='ocr_carea' id='block_1_67' title="bbox 1997 848 3565 920">
    <p class='ocr_par' dir='ltr' id='par_1_67' title="bbox 1997 848 3565 920">
     <span class='ocr_line' id='line_1_67' title="bbox 1997 848 3565 920; baseline 0.005 -20"><span class='ocrx_word' id='word_1_508' title='bbox 1997 848 2238 919; x_wconf 85' lang='lat' dir='ltr'><strong>gnificata</strong></span> <span class='ocrx_word' id='word_1_509' title='bbox 2261 861 2343 904; x_wconf 88' lang='lat' dir='ltr'><strong>est</strong></span> <span class='ocrx_word' id='word_1_510' title='bbox 2361 892 2374 915; x_wconf 93' lang='lat'><strong>,</strong></span> <span class='ocrx_word' id='word_1_511' title='bbox 2400 866 2555 920; x_wconf 89' lang='lat' dir='ltr'><strong>quam</strong></span> <span class='ocrx_word' id='word_1_512' title='bbox 2586 851 2707 906; x_wconf 89' lang='lat' dir='ltr'><strong>fecit</strong></span> <span class='ocrx_word' id='word_1_513' title='bbox 2733 861 2787 907; x_wconf 93' lang='lat' dir='ltr'><strong>et</strong></span> <span class='ocrx_word' id='word_1_514' title='bbox 2812 852 3044 907; x_wconf 90' lang='lat' dir='ltr'><strong>condidit</strong></span> <span class='ocrx_word' id='word_1_515' title='bbox 3065 853 3223 908; x_wconf 89' lang='lat' dir='ltr'><strong>Dens.</strong></span> <span class='ocrx_word' id='word_1_516' title='bbox 3247 852 3369 908; x_wconf 86' lang='lat' dir='ltr'><strong>Ideo</strong></span> <span class='ocrx_word' id='word_1_517' title='bbox 3391 865 3565 908; x_wconf 87' lang='lat' dir='ltr'><strong>autem</strong></span> 
     </span>
    </p>
   </div>
   <div class='ocr_carea' id='block_1_68' title="bbox 1999 941 3568 1013">
    <p class='ocr_par' dir='ltr' id='par_1_68' title="bbox 1999 941 3568 1013">
     <span class='ocr_line' id='line_1_68' title="bbox 1999 941 3568 1013; baseline 0.005 -22"><span class='ocrx_word' id='word_1_518' title='bbox 1999 941 2299 995; x_wconf 89' lang='lat' dir='ltr'><strong>nominibus</strong></span> <span class='ocrx_word' id='word_1_519' title='bbox 2327 942 2607 996; x_wconf 89' lang='lat' dir='ltr'><strong>visibilium</strong></span> <span class='ocrx_word' id='word_1_520' title='bbox 2639 959 2816 998; x_wconf 89' lang='lat' dir='ltr'><strong>rerum</strong></span> <span class='ocrx_word' id='word_1_521' title='bbox 2846 944 2959 997; x_wconf 70' lang='lat' dir='ltr'><strong>hzee</strong></span> <span class='ocrx_word' id='word_1_522' title='bbox 2979 945 3234 1013; x_wconf 85' lang='lat' dir='ltr'><strong>appellata</strong></span> <span class='ocrx_word' id='word_1_523' title='bbox 3265 955 3420 1009; x_wconf 88' lang='lat' dir='ltr'><strong>sunt,</strong></span> <span class='ocrx_word' id='word_1_524' title='bbox 3443 962 3568 1012; x_wconf 82' lang='lat' dir='ltr'><strong>pro-</strong></span> 
     </span>
    </p>
   </div>
   <div class='ocr_carea' id='block_1_69' title="bbox 1998 1033 3572 1104">
    <p class='ocr_par' dir='ltr' id='par_1_69' title="bbox 1998 1033 3572 1104">
     <span class='ocr_line' id='line_1_69' title="bbox 1998 1033 3572 1104; baseline 0.004 -20"><span class='ocrx_word' id='word_1_525' title='bbox 1998 1040 2116 1100; x_wconf 86' lang='lat' dir='ltr'><strong>pter</strong></span> <span class='ocrx_word' id='word_1_526' title='bbox 2143 1033 2478 1101; x_wconf 87' lang='lat' dir='ltr'><strong>parvulorum</strong></span> <span class='ocrx_word' id='word_1_527' title='bbox 2507 1033 2899 1097; x_wconf 88' lang='lat' dir='ltr'><strong>infirmitatem,</strong></span> <span class='ocrx_word' id='word_1_528' title='bbox 2932 1036 3021 1104; x_wconf 90' lang='lat' dir='ltr'><strong>qui</strong></span> <span class='ocrx_word' id='word_1_529' title='bbox 3058 1036 3232 1089; x_wconf 88' lang='lat' dir='ltr'><strong>minus</strong></span> <span class='ocrx_word' id='word_1_530' title='bbox 3256 1035 3428 1088; x_wconf 62' lang='lat' dir='ltr'><strong>idonei</strong></span> <span class='ocrx_word' id='word_1_531' title='bbox 3451 1047 3572 1090; x_wconf 90' lang='lat' dir='ltr'><strong>sunt</strong></span> 
     </span>
    </p>
   </div>
   <div class='ocr_carea' id='block_1_70' title="bbox 1998 1123 3570 1195">
    <p class='ocr_par' dir='ltr' id='par_1_70' title="bbox 1998 1123 3570 1195">
     <span class='ocr_line' id='line_1_70' title="bbox 1998 1123 3570 1195; baseline 0.003 -19"><span class='ocrx_word' id='word_1_532' title='bbox 1998 1123 2273 1178; x_wconf 88' lang='lat' dir='ltr'><strong>invisibilia</strong></span> <span class='ocrx_word' id='word_1_533' title='bbox 2309 1125 2780 1193; x_wconf 84' lang='lat' dir='ltr'><strong>comprehendere.</strong></span> <span class='ocrx_word' id='word_1_534' title='bbox 2815 1125 2992 1180; x_wconf 83' lang='lat' dir='ltr'><strong>Primo</strong></span> <span class='ocrx_word' id='word_1_535' title='bbox 3023 1142 3148 1195; x_wconf 86' lang='lat' dir='ltr'><strong>ergo</strong></span> <span class='ocrx_word' id='word_1_536' title='bbox 3179 1127 3395 1180; x_wconf 88' lang='lat' dir='ltr'><strong>materia</strong></span> <span class='ocrx_word' id='word_1_537' title='bbox 3440 1127 3570 1180; x_wconf 83' lang='lat' dir='ltr'><strong>facta</strong></span> 
     </span>
    </p>
   </div>
   <div class='ocr_carea' id='block_1_71' title="bbox 1995 1213 3572 1286">
    <p class='ocr_par' dir='ltr' id='par_1_71' title="bbox 1995 1213 3572 1286">
     <span class='ocr_line' id='line_1_71' title="bbox 1995 1213 3572 1286; baseline 0.001 -17"><span class='ocrx_word' id='word_1_538' title='bbox 1995 1223 2076 1269; x_wconf 82' lang='lat' dir='ltr'><strong>e-t</strong></span> <span class='ocrx_word' id='word_1_539' title='bbox 2116 1213 2332 1270; x_wconf 85' lang='lat' dir='ltr'><strong>confusa</strong></span> <span class='ocrx_word' id='word_1_540' title='bbox 2370 1227 2419 1270; x_wconf 94' lang='lat' dir='ltr'><strong>et</strong></span> <span class='ocrx_word' id='word_1_541' title='bbox 2451 1217 2710 1282; x_wconf 63' lang='lat' dir='ltr'><strong>informis,</strong></span> <span class='ocrx_word' id='word_1_542' title='bbox 2733 1219 2869 1270; x_wconf 88' lang='lat' dir='ltr'><strong>unde</strong></span> <span class='ocrx_word' id='word_1_543' title='bbox 2899 1215 3074 1270; x_wconf 86' lang='lat' dir='ltr'><strong>omnia</strong></span> <span class='ocrx_word' id='word_1_544' title='bbox 3107 1217 3293 1270; x_wconf 88' lang='lat' dir='ltr'><strong>fierent</strong></span> <span class='ocrx_word' id='word_1_545' title='bbox 3319 1234 3436 1286; x_wconf 60' lang='lat' dir='ltr'><strong>quae</strong></span> <span class='ocrx_word' id='word_1_546' title='bbox 3465 1219 3572 1270; x_wconf 82' lang='lat' dir='ltr'><strong>dis-</strong></span> 
     </span>
    </p>
   </div>
   <div class='ocr_carea' id='block_1_72' title="bbox 1997 1307 3571 1379">
    <p class='ocr_par' dir='ltr' id='par_1_72' title="bbox 1997 1307 3571 1379">
     <span class='ocr_line' id='line_1_72' title="bbox 1997 1307 3571 1379; baseline 0.001 -18"><span class='ocrx_word' id='word_1_547' title='bbox 1997 1309 2156 1362; x_wconf 89' lang='lat' dir='ltr'><strong>tincta</strong></span> <span class='ocrx_word' id='word_1_548' title='bbox 2224 1317 2383 1379; x_wconf 86' lang='lat' dir='ltr'><strong>atque</strong></span> <span class='ocrx_word' id='word_1_549' title='bbox 2434 1307 2653 1362; x_wconf 88' lang='lat' dir='ltr'><strong>formata</strong></span> <span class='ocrx_word' id='word_1_550' title='bbox 2713 1319 2868 1375; x_wconf 91' lang='lat' dir='ltr'><strong>sunt,</strong></span> <span class='ocrx_word' id='word_1_551' title='bbox 2907 1308 3047 1378; x_wconf 88' lang='lat' dir='ltr'><strong>quod</strong></span> <span class='ocrx_word' id='word_1_552' title='bbox 3096 1309 3257 1363; x_wconf 83' lang='lat' dir='ltr'><strong>credo</strong></span> <span class='ocrx_word' id='word_1_553' title='bbox 3299 1325 3327 1362; x_wconf 89' lang='lat' dir='ltr'><strong>a</strong></span> <span class='ocrx_word' id='word_1_554' title='bbox 3373 1308 3571 1364; x_wconf 66' lang='lat' dir='ltr'><strong>Gra~cis</strong></span> 
     </span>
    </p>
   </div>
   <div class='ocr_carea' id='block_1_73' title="bbox 1993 1401 3569 1471">
    <p class='ocr_par' dir='ltr' id='par_1_73' title="bbox 1993 1401 3569 1471">
     <span class='ocr_line' id='line_1_73' title="bbox 1993 1401 3569 1471; baseline -0.002 -15"><span class='ocrx_word' id='word_1_555' title='bbox 1993 1401 2159 1456; x_wconf 89' lang='lat' dir='ltr'><strong>chaos</strong></span> <span class='ocrx_word' id='word_1_556' title='bbox 2187 1401 2581 1471; x_wconf 86' lang='lat' dir='ltr'><strong>appellari.-Sic</strong></span> <span class='ocrx_word' id='word_1_557' title='bbox 2611 1401 2749 1454; x_wconf 92' lang='lat' dir='ltr'><strong>enim</strong></span> <span class='ocrx_word' id='word_1_558' title='bbox 2772 1412 2825 1455; x_wconf 89' lang='lat' dir='ltr'><strong>et</strong></span> <span class='ocrx_word' id='word_1_559' title='bbox 2859 1401 2962 1454; x_wconf 89' lang='lat' dir='ltr'><strong>alio</strong></span> <span class='ocrx_word' id='word_1_560' title='bbox 2982 1402 3098 1455; x_wconf 89' lang='lat' dir='ltr'><strong>loco</strong></span> <span class='ocrx_word' id='word_1_561' title='bbox 3123 1401 3345 1471; x_wconf 78' lang='lat' dir='ltr'><strong>legimus</strong></span> <span class='ocrx_word' id='word_1_562' title='bbox 3375 1402 3569 1455; x_wconf 86' lang='lat' dir='ltr'><strong>dictum</strong></span> 
     </span>
    </p>
   </div>
   <div class='ocr_carea' id='block_1_74' title="bbox 1994 1493 3572 1566">
    <p class='ocr_par' dir='ltr' id='par_1_74' title="bbox 1994 1493 3572 1566">
     <span class='ocr_line' id='line_1_74' title="bbox 1994 1493 3572 1566; baseline 0 -18"><span class='ocrx_word' id='word_1_563' title='bbox 1994 1495 2045 1548; x_wconf 90' lang='lat' dir='ltr'><strong>in</strong></span> <span class='ocrx_word' id='word_1_564' title='bbox 2074 1493 2314 1547; x_wconf 89' lang='lat' dir='ltr'><strong>laudibus</strong></span> <span class='ocrx_word' id='word_1_565' title='bbox 2339 1494 2426 1547; x_wconf 89' lang='lat' dir='ltr'><strong>Dei</strong></span> <span class='ocrx_word' id='word_1_566' title='bbox 2450 1536 2464 1560; x_wconf 92' lang='lat'><strong>,</strong></span> <span class='ocrx_word' id='word_1_567' title='bbox 2498 1493 2594 1560; x_wconf 84' lang='lat' dir='ltr'><strong>Qui</strong></span> <span class='ocrx_word' id='word_1_568' title='bbox 2610 1494 2768 1565; x_wconf 75' lang='lat' dir='ltr'><strong>fecisti</strong></span> <span class='ocrx_word' id='word_1_569' title='bbox 2796 1493 3034 1546; x_wconf 87' lang='lat' dir='ltr'><strong>mundum</strong></span> <span class='ocrx_word' id='word_1_570' title='bbox 3057 1493 3116 1547; x_wconf 87' lang='lat' dir='ltr'><strong>de</strong></span> <span class='ocrx_word' id='word_1_571' title='bbox 3140 1495 3345 1546; x_wconf 78' lang='lat' dir='ltr'><strong>materia</strong></span> <span class='ocrx_word' id='word_1_572' title='bbox 3367 1496 3572 1566; x_wconf 62' lang='lat' dir='ltr'><strong>informi</strong></span> 
     </span>
    </p>
   </div>
   <div class='ocr_carea' id='block_1_75' title="bbox 1993 1585 3567 1658">
    <p class='ocr_par' dir='ltr' id='par_1_75' title="bbox 1993 1585 3567 1658">
     <span class='ocr_line' id='line_1_75' title="bbox 1993 1585 3567 1658; baseline -0.002 -19"><span class='ocrx_word' id='word_1_573' title='bbox 1993 1586 2148 1656; x_wconf 84' lang='lat' dir='ltr'><strong>(Sap.</strong></span> <span class='ocrx_word' id='word_1_574' title='bbox 2189 1602 2272 1652; x_wconf 66' lang='lat' dir='ltr'><strong>XI,</strong></span> <span class='ocrx_word' id='word_1_575' title='bbox 2310 1587 2395 1656; x_wconf 86' lang='lat' dir='ltr'><strong>l8)</strong></span> <span class='ocrx_word' id='word_1_576' title='bbox 2427 1604 2439 1640; x_wconf 90' lang='lat'><strong>:</strong></span> <span class='ocrx_word' id='word_1_577' title='bbox 2469 1587 2604 1658; x_wconf 87' lang='lat' dir='ltr'><strong>quod</strong></span> <span class='ocrx_word' id='word_1_578' title='bbox 2631 1586 2788 1656; x_wconf 83' lang='lat' dir='ltr'><strong>aliqui</strong></span> <span class='ocrx_word' id='word_1_579' title='bbox 2826 1585 3032 1641; x_wconf 83' lang='lat' dir='ltr'><strong>codices</strong></span> <span class='ocrx_word' id='word_1_580' title='bbox 3065 1585 3293 1651; x_wconf 87' lang='lat' dir='ltr'><strong>habent,</strong></span> <span class='ocrx_word' id='word_1_581' title='bbox 3327 1586 3388 1639; x_wconf 87' lang='lat' dir='ltr'><strong>de</strong></span> <span class='ocrx_word' id='word_1_582' title='bbox 3414 1596 3567 1638; x_wconf 79' lang='lat' dir='ltr'><strong>mate-</strong></span> 
     </span>
    </p>
   </div>
   <div class='ocr_carea' id='block_1_76' title="bbox 1991 1696 2271 1732">
    <p class='ocr_par' dir='ltr' id='par_1_76' title="bbox 1991 1696 2271 1732">
     <span class='ocr_line' id='line_1_76' title="bbox 1991 1696 2271 1732; baseline 0.004 0"><span class='ocrx_word' id='word_1_583' title='bbox 1991 1696 2068 1732; x_wconf 83' lang='lat' dir='ltr'><strong>rta</strong></span> <span class='ocrx_word' id='word_1_584' title='bbox 2093 1697 2271 1732; x_wconf 75' lang='grc' dir='ltr'><strong>υιυιδα.</strong></span> 
     </span>
    </p>
   </div>
   <div class='ocr_carea' id='block_1_77' title="bbox 1968 1757 3573 1841">
    <p class='ocr_par' dir='ltr' id='par_1_77' title="bbox 1968 1757 3573 1841">
     <span class='ocr_line' id='line_1_77' title="bbox 1968 1757 3573 1841; baseline -0.003 -15"><span class='ocrx_word' id='word_1_585' title='bbox 1968 1757 2213 1827; x_wconf 75' lang='lat' dir='ltr'><strong>CAPUT</strong></span> <span class='ocrx_word' id='word_1_586' title='bbox 2254 1771 2340 1826; x_wconf 73' lang='lat' dir='ltr'><strong>V&#39;l.</strong></span> <span class='ocrx_word' id='word_1_587' title='bbox 2365 1801 2434 1810; x_wconf 98' lang='lat'>—</span> <span class='ocrx_word' id='word_1_588' title='bbox 2460 1770 2694 1825; x_wconf 80' lang='lat' dir='ltr'><strong>Materies</strong></span> <span class='ocrx_word' id='word_1_589' title='bbox 2722 1771 2952 1841; x_wconf 78' lang='lat' dir='ltr'><strong>informis</strong></span> <span class='ocrx_word' id='word_1_590' title='bbox 2991 1787 3052 1823; x_wconf 78' lang='lat' dir='ltr'><strong>ea:</strong></span> <span class='ocrx_word' id='word_1_591' title='bbox 3089 1769 3278 1835; x_wconf 78' lang='lat' dir='ltr'><strong>nihilo,</strong></span> <span class='ocrx_word' id='word_1_592' title='bbox 3313 1779 3359 1823; x_wconf 82' lang='lat' dir='ltr'><strong>et</strong></span> <span class='ocrx_word' id='word_1_593' title='bbox 3387 1788 3447 1824; x_wconf 71' lang='lat' dir='ltr'><strong>ex</strong></span> <span class='ocrx_word' id='word_1_594' title='bbox 3485 1770 3573 1823; x_wconf 78' lang='lat' dir='ltr'><strong>illa</strong></span> 
     </span>
    </p>
   </div>
   <div class='ocr_carea' id='block_1_78' title="bbox 2687 1878 2876 1914">
    <p class='ocr_par' dir='ltr' id='par_1_78' title="bbox 2687 1878 2876 1914">
     <span class='ocr_line' id='line_1_78' title="bbox 2687 1878 2876 1914; baseline 0 0"><span class='ocrx_word' id='word_1_595' title='bbox 2687 1878 2876 1914; x_wconf 80' lang='grc' dir='ltr'><strong>οηιηια.</strong></span> 
     </span>
    </p>
   </div>
   <div class='ocr_carea' id='block_1_79' title="bbox 2063 1951 3573 2009">
    <p class='ocr_par' dir='ltr' id='par_1_79' title="bbox 2063 1951 3573 2009">
     <span class='ocr_line' id='line_1_79' title="bbox 2063 1951 3573 2009; baseline -0.003 -1"><span class='ocrx_word' id='word_1_596' title='bbox 2063 1954 2148 2008; x_wconf 74' lang='grc'><strong>10.</strong></span> <span class='ocrx_word' id='word_1_597' title='bbox 2187 1953 2256 2008; x_wconf 85' lang='grc' dir='ltr'>Ει</span> <span class='ocrx_word' id='word_1_598' title='bbox 2301 1953 2418 2009; x_wconf 90' lang='lat' dir='ltr'><strong>ideo</strong></span> <span class='ocrx_word' id='word_1_599' title='bbox 2453 1955 2592 2008; x_wconf 86' lang='lat' dir='ltr'><strong>Deus</strong></span> <span class='ocrx_word' id='word_1_600' title='bbox 2618 1953 2906 2007; x_wconf 86' lang='lat' dir='ltr'><strong>rectissime</strong></span> <span class='ocrx_word' id='word_1_601' title='bbox 2932 1952 3165 2006; x_wconf 87' lang='lat' dir='ltr'><strong>creditur</strong></span> <span class='ocrx_word' id='word_1_602' title='bbox 3194 1952 3366 2004; x_wconf 83' lang='lat' dir='ltr'><strong>onmia</strong></span> <span class='ocrx_word' id='word_1_603' title='bbox 3397 1951 3465 2004; x_wconf 80' lang='lat' dir='ltr'><strong>tle</strong></span> <span class='ocrx_word' id='word_1_604' title='bbox 3497 1952 3573 2003; x_wconf 86' lang='lat' dir='ltr'><strong>ni-</strong></span> 
     </span>
    </p>
   </div>
   <div class='ocr_carea' id='block_1_80' title="bbox 1988 2042 3571 2115">
    <p class='ocr_par' dir='ltr' id='par_1_80' title="bbox 1988 2042 3571 2115">
     <span class='ocr_line' id='line_1_80' title="bbox 1988 2042 3571 2115; baseline -0.002 -16"><span class='ocrx_word' id='word_1_605' title='bbox 1988 2047 2098 2099; x_wconf 86' lang='lat' dir='ltr'><strong>hilo</strong></span> <span class='ocrx_word' id='word_1_606' title='bbox 2117 2045 2456 2115; x_wconf 90' lang='lat' dir='ltr'><strong>fecisse,qnia</strong></span> <span class='ocrx_word' id='word_1_607' title='bbox 2476 2045 2679 2100; x_wconf 82' lang='lat' dir='ltr'><strong>etiamsi</strong></span> <span class='ocrx_word' id='word_1_608' title='bbox 2707 2045 2882 2098; x_wconf 89' lang='lat' dir='ltr'><strong>omnia</strong></span> <span class='ocrx_word' id='word_1_609' title='bbox 2906 2042 3126 2097; x_wconf 87' lang='lat' dir='ltr'><strong>formata</strong></span> <span class='ocrx_word' id='word_1_610' title='bbox 3151 2043 3214 2097; x_wconf 89' lang='lat' dir='ltr'><strong>de</strong></span> <span class='ocrx_word' id='word_1_611' title='bbox 3237 2045 3330 2095; x_wconf 82' lang='lat' dir='ltr'><strong>ista</strong></span> <span class='ocrx_word' id='word_1_612' title='bbox 3354 2045 3571 2096; x_wconf 90' lang='lat' dir='ltr'><strong>materia</strong></span> 
     </span>
    </p>
   </div>
   <div class='ocr_carea' id='block_1_81' title="bbox 1989 2135 3573 2208">
    <p class='ocr_par' dir='ltr' id='par_1_81' title="bbox 1989 2135 3573 2208">
     <span class='ocr_line' id='line_1_81' title="bbox 1989 2135 3573 2208; baseline 0 -18"><span class='ocrx_word' id='word_1_613' title='bbox 1989 2136 2278 2208; x_wconf 59' lang='lat' dir='ltr'><strong>faclajsunt,</strong></span> <span class='ocrx_word' id='word_1_614' title='bbox 2295 2137 2406 2191; x_wconf 75' lang='lat' dir='ltr'><strong>luce</strong></span> <span class='ocrx_word' id='word_1_615' title='bbox 2420 2137 2530 2206; x_wconf 90' lang='lat' dir='ltr'><strong>ipsa</strong></span> <span class='ocrx_word' id='word_1_616' title='bbox 2545 2138 2760 2190; x_wconf 85' lang='lat' dir='ltr'><strong>materia</strong></span> <span class='ocrx_word' id='word_1_617' title='bbox 2775 2145 2948 2191; x_wconf 88' lang='lat' dir='ltr'><strong>tamen</strong></span> <span class='ocrx_word' id='word_1_618' title='bbox 2962 2135 3027 2190; x_wconf 92' lang='lat' dir='ltr'><strong>de</strong></span> <span class='ocrx_word' id='word_1_619' title='bbox 3039 2136 3253 2189; x_wconf 87' lang='lat' dir='ltr'><strong>omnino</strong></span> <span class='ocrx_word' id='word_1_620' title='bbox 3268 2136 3428 2189; x_wconf 79' lang='lat' dir='ltr'><strong>nihilo</strong></span> <span class='ocrx_word' id='word_1_621' title='bbox 3443 2135 3573 2189; x_wconf 77' lang='lat' dir='ltr'><strong>facta</strong></span> 
     </span>
    </p>
   </div>
   <div class='ocr_carea' id='block_1_82' title="bbox 1989 2226 3576 2296">
    <p class='ocr_par' dir='ltr' id='par_1_82' title="bbox 1989 2226 3576 2296">
     <span class='ocr_line' id='line_1_82' title="bbox 1989 2226 3576 2296; baseline -0.001 -14"><span class='ocrx_word' id='word_1_622' title='bbox 1989 2236 2086 2282; x_wconf 88' lang='lat' dir='ltr'><strong>est.</strong></span> <span class='ocrx_word' id='word_1_623' title='bbox 2111 2228 2221 2283; x_wconf 85' lang='lat' dir='ltr'><strong>Non</strong></span> <span class='ocrx_word' id='word_1_624' title='bbox 2240 2229 2379 2282; x_wconf 91' lang='lat' dir='ltr'><strong>enim</strong></span> <span class='ocrx_word' id='word_1_625' title='bbox 2398 2228 2650 2284; x_wconf 90' lang='lat' dir='ltr'><strong>debemus</strong></span> <span class='ocrx_word' id='word_1_626' title='bbox 2665 2242 2784 2282; x_wconf 52' lang='lat' dir='ltr'><strong>esse</strong></span> <span class='ocrx_word' id='word_1_627' title='bbox 2802 2228 2999 2281; x_wconf 90' lang='lat' dir='ltr'><strong>similes</strong></span> <span class='ocrx_word' id='word_1_628' title='bbox 3017 2226 3133 2280; x_wconf 90' lang='lat' dir='ltr'><strong>istis</strong></span> <span class='ocrx_word' id='word_1_629' title='bbox 3145 2226 3229 2296; x_wconf 89' lang='lat' dir='ltr'><strong>qui</strong></span> <span class='ocrx_word' id='word_1_630' title='bbox 3248 2227 3576 2296; x_wconf 73' lang='lat' dir='ltr'><strong>omnipoten-</strong></span> 
     </span>
    </p>
   </div>
   <div class='ocr_carea' id='block_1_83' title="bbox 1991 2317 3572 2389">
    <p class='ocr_par' dir='ltr' id='par_1_83' title="bbox 1991 2317 3572 2389">
     <span class='ocr_line' id='line_1_83' title="bbox 1991 2317 3572 2389; baseline -0.001 -16"><span class='ocrx_word' id='word_1_631' title='bbox 1991 2331 2094 2374; x_wconf 91' lang='lat' dir='ltr'><strong>tem</strong></span> <span class='ocrx_word' id='word_1_632' title='bbox 2119 2319 2282 2374; x_wconf 92' lang='lat' dir='ltr'><strong>Deum</strong></span> <span class='ocrx_word' id='word_1_633' title='bbox 2303 2335 2407 2373; x_wconf 93' lang='lat' dir='ltr'><strong>non</strong></span> <span class='ocrx_word' id='word_1_634' title='bbox 2425 2318 2929 2389; x_wconf 83' lang='lat' dir='ltr'><strong>creduntaliquidde</strong></span> <span class='ocrx_word' id='word_1_635' title='bbox 2946 2317 3108 2371; x_wconf 88' lang='lat' dir='ltr'><strong>nihilo</strong></span> <span class='ocrx_word' id='word_1_636' title='bbox 3126 2317 3296 2372; x_wconf 86' lang='lat' dir='ltr'><strong>facere</strong></span> <span class='ocrx_word' id='word_1_637' title='bbox 3319 2317 3572 2388; x_wconf 74' lang='lat' dir='ltr'><strong>potuisse,</strong></span> 
     </span>
    </p>
   </div>
   <div class='ocr_carea' id='block_1_84' title="bbox 1989 2408 3576 2478">
    <p class='ocr_par' dir='ltr' id='par_1_84' title="bbox 1989 2408 3576 2478">
     <span class='ocr_line' id='line_1_84' title="bbox 1989 2408 3576 2478; baseline -0.003 -12"><span class='ocrx_word' id='word_1_638' title='bbox 1989 2425 2107 2466; x_wconf 86' lang='lat' dir='ltr'><strong>eum</strong></span> <span class='ocrx_word' id='word_1_639' title='bbox 2131 2409 2469 2464; x_wconf 88' lang='lat' dir='ltr'><strong>considerant</strong></span> <span class='ocrx_word' id='word_1_640' title='bbox 2500 2409 2674 2464; x_wconf 86' lang='lat' dir='ltr'><strong>fabros</strong></span> <span class='ocrx_word' id='word_1_641' title='bbox 2692 2418 2745 2464; x_wconf 92' lang='lat' dir='ltr'><strong>et</strong></span> <span class='ocrx_word' id='word_1_642' title='bbox 2769 2409 3030 2476; x_wconf 86' lang='lat' dir='ltr'><strong>quoslibet</strong></span> <span class='ocrx_word' id='word_1_643' title='bbox 3053 2408 3267 2478; x_wconf 78' lang='lat' dir='ltr'><strong>opifices</strong></span> <span class='ocrx_word' id='word_1_644' title='bbox 3289 2423 3392 2461; x_wconf 90' lang='lat' dir='ltr'><strong>non</strong></span> <span class='ocrx_word' id='word_1_645' title='bbox 3420 2423 3576 2476; x_wconf 82' lang='lat' dir='ltr'><strong>posse</strong></span> 
     </span>
    </p>
   </div>
   <div class='ocr_carea' id='block_1_85' title="bbox 1989 2493 3574 2572">
    <p class='ocr_par' dir='ltr' id='par_1_85' title="bbox 1989 2493 3574 2572">
     <span class='ocr_line' id='line_1_85' title="bbox 1989 2493 3574 2572; baseline -0.001 -18"><span class='ocrx_word' id='word_1_646' title='bbox 1989 2501 2185 2572; x_wconf 88' lang='lat' dir='ltr'><strong>aliquid</strong></span> <span class='ocrx_word' id='word_1_647' title='bbox 2200 2500 2477 2565; x_wconf 87' lang='lat' dir='ltr'><strong>fabricare,</strong></span> <span class='ocrx_word' id='word_1_648' title='bbox 2497 2501 2595 2554; x_wconf 81' lang='lat' dir='ltr'><strong>nisi</strong></span> <span class='ocrx_word' id='word_1_649' title='bbox 2611 2499 3040 2554; x_wconf 88' lang='lat' dir='ltr'><strong>habuerintundc</strong></span> <span class='ocrx_word' id='word_1_650' title='bbox 3055 2493 3331 2553; x_wconf 79' lang='lat' dir='ltr'><strong>fabricent.</strong></span> <span class='ocrx_word' id='word_1_651' title='bbox 3354 2499 3418 2552; x_wconf 87' lang='lat' dir='ltr'><strong>Et</strong></span> <span class='ocrx_word' id='word_1_652' title='bbox 3437 2499 3574 2568; x_wconf 83' lang='lat' dir='ltr'><strong>ligna</strong></span> 
     </span>
    </p>
   </div>
   <div class='ocr_carea' id='block_1_86' title="bbox 1989 2590 3575 2661">
    <p class='ocr_par' dir='ltr' id='par_1_86' title="bbox 1989 2590 3575 2661">
     <span class='ocr_line' id='line_1_86' title="bbox 1989 2590 3575 2661; baseline -0.002 -15"><span class='ocrx_word' id='word_1_653' title='bbox 1989 2593 2130 2646; x_wconf 91' lang='lat' dir='ltr'><strong>enim</strong></span> <span class='ocrx_word' id='word_1_654' title='bbox 2156 2591 2404 2661; x_wconf 88' lang='lat' dir='ltr'><strong>adjuvant</strong></span> <span class='ocrx_word' id='word_1_655' title='bbox 2430 2592 2634 2644; x_wconf 86' lang='lat' dir='ltr'><strong>fabrum</strong></span> <span class='ocrx_word' id='word_1_656' title='bbox 2660 2633 2671 2655; x_wconf 89' lang='lat'><strong>,</strong></span> <span class='ocrx_word' id='word_1_657' title='bbox 2699 2599 2755 2646; x_wconf 92' lang='lat' dir='ltr'><strong>et</strong></span> <span class='ocrx_word' id='word_1_658' title='bbox 2783 2601 3058 2660; x_wconf 90' lang='lat' dir='ltr'><strong>argentum</strong></span> <span class='ocrx_word' id='word_1_659' title='bbox 3088 2590 3297 2659; x_wconf 86' lang='lat' dir='ltr'><strong>adjuvat</strong></span> <span class='ocrx_word' id='word_1_660' title='bbox 3329 2600 3575 2659; x_wconf 87' lang='lat' dir='ltr'><strong>argenta-</strong></span> 
     </span>
    </p>
   </div>
   <div class='ocr_carea' id='block_1_87' title="bbox 1989 2681 3575 2750">
    <p class='ocr_par' dir='ltr' id='par_1_87' title="bbox 1989 2681 3575 2750">
     <span class='ocr_line' id='line_1_87' title="bbox 1989 2681 3575 2750; baseline -0.003 -14"><span class='ocrx_word' id='word_1_661' title='bbox 1989 2684 2158 2749; x_wconf 88' lang='lat' dir='ltr'><strong>rium,</strong></span> <span class='ocrx_word' id='word_1_662' title='bbox 2187 2692 2237 2736; x_wconf 93' lang='lat' dir='ltr'><strong>el</strong></span> <span class='ocrx_word' id='word_1_663' title='bbox 2268 2697 2454 2736; x_wconf 86' lang='lat' dir='ltr'><strong>aurum</strong></span> <span class='ocrx_word' id='word_1_664' title='bbox 2495 2682 2796 2747; x_wconf 84' lang='lat' dir='ltr'><strong>aurificem,</strong></span> <span class='ocrx_word' id='word_1_665' title='bbox 2843 2689 2897 2736; x_wconf 92' lang='lat' dir='ltr'><strong>ct</strong></span> <span class='ocrx_word' id='word_1_666' title='bbox 2925 2689 3063 2736; x_wconf 84' lang='lat' dir='ltr'><strong>terra</strong></span> <span class='ocrx_word' id='word_1_667' title='bbox 3103 2681 3314 2750; x_wconf 81' lang='lat' dir='ltr'><strong>ﬁgulum</strong></span> <span class='ocrx_word' id='word_1_668' title='bbox 3360 2681 3575 2748; x_wconf 85' lang='lat' dir='ltr'><strong>adjuvat</strong></span> 
     </span>
    </p>
   </div>
   <div class='ocr_carea' id='block_1_88' title="bbox 1991 2770 3576 2843">
    <p class='ocr_par' dir='ltr' id='par_1_88' title="bbox 1991 2770 3576 2843">
     <span class='ocr_line' id='line_1_88' title="bbox 1991 2770 3576 2843; baseline -0.002 -16"><span class='ocrx_word' id='word_1_669' title='bbox 1991 2783 2044 2827; x_wconf 92' lang='lat' dir='ltr'><strong>ut</strong></span> <span class='ocrx_word' id='word_1_670' title='bbox 2074 2775 2240 2842; x_wconf 90' lang='lat' dir='ltr'><strong>possit</strong></span> <span class='ocrx_word' id='word_1_671' title='bbox 2265 2773 2520 2843; x_wconf 89' lang='lat' dir='ltr'><strong>perficere</strong></span> <span class='ocrx_word' id='word_1_672' title='bbox 2545 2779 2700 2840; x_wconf 79' lang='lat' dir='ltr'><strong>opera</strong></span> <span class='ocrx_word' id='word_1_673' title='bbox 2733 2785 2848 2825; x_wconf 92' lang='lat' dir='ltr'><strong>sua.</strong></span> <span class='ocrx_word' id='word_1_674' title='bbox 2877 2771 2932 2826; x_wconf 90' lang='lat' dir='ltr'><strong>Si</strong></span> <span class='ocrx_word' id='word_1_675' title='bbox 2959 2770 3102 2827; x_wconf 89' lang='lat' dir='ltr'><strong>enim</strong></span> <span class='ocrx_word' id='word_1_676' title='bbox 3129 2787 3231 2825; x_wconf 92' lang='lat' dir='ltr'><strong>non</strong></span> <span class='ocrx_word' id='word_1_677' title='bbox 3261 2771 3576 2843; x_wconf 76' lang='lat' dir='ltr'><strong>adjuventm&#39;</strong></span> 
     </span>
    </p>
   </div>
   <div class='ocr_carea' id='block_1_89' title="bbox 1990 2839 3570 2933">
    <p class='ocr_par' dir='ltr' id='par_1_89' title="bbox 1990 2839 3570 2933">
     <span class='ocr_line' id='line_1_89' title="bbox 1990 2839 3570 2933; baseline -0.004 -13"><span class='ocrx_word' id='word_1_678' title='bbox 1990 2881 2052 2920; x_wconf 89' lang='lat' dir='ltr'><strong>ea</strong></span> <span class='ocrx_word' id='word_1_679' title='bbox 2074 2839 2303 2919; x_wconf 74' lang='lat' dir='ltr'><strong>materia</strong></span> <span class='ocrx_word' id='word_1_680' title='bbox 2325 2863 2464 2918; x_wconf 90' lang='lat' dir='ltr'><strong>unde</strong></span> <span class='ocrx_word' id='word_1_681' title='bbox 2494 2839 2689 2931; x_wconf 79' lang='lat' dir='ltr'><strong>aliquid</strong></span> <span class='ocrx_word' id='word_1_682' title='bbox 2715 2862 2934 2929; x_wconf 90' lang='lat' dir='ltr'><strong>faciunt,</strong></span> <span class='ocrx_word' id='word_1_683' title='bbox 2965 2862 3096 2917; x_wconf 91' lang='lat' dir='ltr'><strong>nihil</strong></span> <span class='ocrx_word' id='word_1_684' title='bbox 3127 2839 3347 2933; x_wconf 83' lang='lat' dir='ltr'><strong>possunt</strong></span> <span class='ocrx_word' id='word_1_685' title='bbox 3378 2839 3570 2923; x_wconf 51' lang='lat' dir='ltr'><strong>facere:</strong></span> 
     </span>
    </p>
   </div>
   <div class='ocr_carea' id='block_1_90' title="bbox 1990 2954 3576 3026">
    <p class='ocr_par' dir='ltr' id='par_1_90' title="bbox 1990 2954 3576 3026">
     <span class='ocr_line' id='line_1_90' title="bbox 1990 2954 3576 3026; baseline -0.003 -13"><span class='ocrx_word' id='word_1_686' title='bbox 1990 2974 2109 3013; x_wconf 88' lang='lat' dir='ltr'><strong>cum</strong></span> <span class='ocrx_word' id='word_1_687' title='bbox 2147 2957 2420 3012; x_wconf 90' lang='lat' dir='ltr'><strong>materiam</strong></span> <span class='ocrx_word' id='word_1_688' title='bbox 2467 2956 2632 3026; x_wconf 58' lang='lat' dir='ltr'><strong>ipsam</strong></span> <span class='ocrx_word' id='word_1_689' title='bbox 2671 2956 2768 3026; x_wconf 89' lang='lat' dir='ltr'><strong>ipsi</strong></span> <span class='ocrx_word' id='word_1_690' title='bbox 2795 2971 2899 3010; x_wconf 91' lang='lat' dir='ltr'><strong>non</strong></span> <span class='ocrx_word' id='word_1_691' title='bbox 2927 2955 3140 3010; x_wconf 90' lang='lat' dir='ltr'><strong>faciant.</strong></span> <span class='ocrx_word' id='word_1_692' title='bbox 3169 2955 3282 3010; x_wconf 86' lang='lat' dir='ltr'><strong>Non</strong></span> <span class='ocrx_word' id='word_1_693' title='bbox 3314 2955 3453 3010; x_wconf 89' lang='lat' dir='ltr'><strong>enim</strong></span> <span class='ocrx_word' id='word_1_694' title='bbox 3494 2954 3576 3008; x_wconf 83' lang='lat' dir='ltr'><strong>fa-</strong></span> 
     </span>
    </p>
   </div>
   <div class='ocr_carea' id='block_1_91' title="bbox 1989 3045 3577 3119">
    <p class='ocr_par' dir='ltr' id='par_1_91' title="bbox 1989 3045 3577 3119">
     <span class='ocr_line' id='line_1_91' title="bbox 1989 3045 3577 3119; baseline -0.004 -15"><span class='ocrx_word' id='word_1_695' title='bbox 1989 3047 2086 3104; x_wconf 83' lang='lat' dir='ltr'><strong>ber</strong></span> <span class='ocrx_word' id='word_1_696' title='bbox 2113 3049 2312 3119; x_wconf 87' lang='lat' dir='ltr'><strong>lignum</strong></span> <span class='ocrx_word' id='word_1_697' title='bbox 2360 3047 2518 3115; x_wconf 80' lang='lat' dir='ltr'><strong>facit,</strong></span> <span class='ocrx_word' id='word_1_698' title='bbox 2569 3048 2661 3102; x_wconf 90' lang='lat' dir='ltr'><strong>sed</strong></span> <span class='ocrx_word' id='word_1_699' title='bbox 2709 3045 2776 3102; x_wconf 91' lang='lat' dir='ltr'><strong>de</strong></span> <span class='ocrx_word' id='word_1_700' title='bbox 2803 3047 2946 3117; x_wconf 83' lang='lat' dir='ltr'><strong>ligno</strong></span> <span class='ocrx_word' id='word_1_701' title='bbox 2975 3045 3102 3102; x_wconf 87' lang='lat' dir='ltr'><strong>facit</strong></span> <span class='ocrx_word' id='word_1_702' title='bbox 3142 3045 3340 3116; x_wconf 88' lang='lat' dir='ltr'><strong>aliquid</strong></span> <span class='ocrx_word' id='word_1_703' title='bbox 3371 3063 3383 3098; x_wconf 92' lang='lat'>:</span> <span class='ocrx_word' id='word_1_704' title='bbox 3414 3046 3492 3100; x_wconf 91' lang='lat' dir='ltr'><strong>sic</strong></span> <span class='ocrx_word' id='word_1_705' title='bbox 3525 3055 3577 3098; x_wconf 85' lang='lat' dir='ltr'><strong>et</strong></span> 
     </span>
    </p>
   </div>
   <div class='ocr_carea' id='block_1_92' title="bbox 1991 3137 3574 3208">
    <p class='ocr_par' dir='ltr' id='par_1_92' title="bbox 1991 3137 3574 3208">
     <span class='ocr_line' id='line_1_92' title="bbox 1991 3137 3574 3208; baseline -0.003 -14"><span class='ocrx_word' id='word_1_706' title='bbox 1991 3141 2168 3194; x_wconf 65' lang='lat' dir='ltr'><strong>ca&#39;teri</strong></span> <span class='ocrx_word' id='word_1_707' title='bbox 2207 3153 2393 3194; x_wconf 90' lang='lat' dir='ltr'><strong>omnes</strong></span> <span class='ocrx_word' id='word_1_708' title='bbox 2421 3137 2722 3208; x_wconf 86' lang='lat' dir='ltr'><strong>hujusmodi</strong></span> <span class='ocrx_word' id='word_1_709' title='bbox 2755 3139 2992 3207; x_wconf 89' lang='lat' dir='ltr'><strong>opifices.</strong></span> <span class='ocrx_word' id='word_1_710' title='bbox 3025 3138 3370 3208; x_wconf 89' lang='lat' dir='ltr'><strong>Omnipotens</strong></span> <span class='ocrx_word' id='word_1_711' title='bbox 3398 3145 3574 3192; x_wconf 87' lang='lat' dir='ltr'><strong>autem</strong></span> 
     </span>
    </p>
   </div>
   <div class='ocr_carea' id='block_1_93' title="bbox 1995 3227 3574 3301">
    <p class='ocr_par' dir='ltr' id='par_1_93' title="bbox 1995 3227 3574 3301">
     <span class='ocr_line' id='line_1_93' title="bbox 1995 3227 3574 3301; baseline -0.003 -15"><span class='ocrx_word' id='word_1_712' title='bbox 1995 3234 2133 3286; x_wconf 85' lang='lat' dir='ltr'><strong>Deus</strong></span> <span class='ocrx_word' id='word_1_713' title='bbox 2164 3231 2303 3286; x_wconf 90' lang='lat' dir='ltr'><strong>nulla</strong></span> <span class='ocrx_word' id='word_1_714' title='bbox 2333 3248 2390 3286; x_wconf 92' lang='lat' dir='ltr'><strong>re</strong></span> <span class='ocrx_word' id='word_1_715' title='bbox 2417 3230 2749 3301; x_wconf 82' lang='lat' dir='ltr'><strong>adjuvandus</strong></span> <span class='ocrx_word' id='word_1_716' title='bbox 2776 3238 2886 3285; x_wconf 87' lang='lat' dir='ltr'><strong>erat</strong></span> <span class='ocrx_word' id='word_1_717' title='bbox 2907 3272 2920 3293; x_wconf 90' lang='lat'><strong>,</strong></span> <span class='ocrx_word' id='word_1_718' title='bbox 2951 3245 3108 3299; x_wconf 90' lang='lat' dir='ltr'><strong>quam</strong></span> <span class='ocrx_word' id='word_1_719' title='bbox 3143 3229 3254 3298; x_wconf 88' lang='lat' dir='ltr'><strong>ipse</strong></span> <span class='ocrx_word' id='word_1_720' title='bbox 3285 3245 3387 3283; x_wconf 93' lang='lat' dir='ltr'><strong>non</strong></span> <span class='ocrx_word' id='word_1_721' title='bbox 3429 3227 3574 3282; x_wconf 79' lang='lat' dir='ltr'><strong>fece-</strong></span> 
     </span>
    </p>
   </div>
   <div class='ocr_carea' id='block_1_94' title="bbox 1993 3319 3576 3393">
    <p class='ocr_par' dir='ltr' id='par_1_94' title="bbox 1993 3319 3576 3393">
     <span class='ocr_line' id='line_1_94' title="bbox 1993 3319 3576 3393; baseline -0.004 -15"><span class='ocrx_word' id='word_1_722' title='bbox 1993 3334 2074 3378; x_wconf 87' lang='lat' dir='ltr'><strong>rat</strong></span> <span class='ocrx_word' id='word_1_723' title='bbox 2092 3367 2106 3390; x_wconf 89' lang='lat'><strong>,</strong></span> <span class='ocrx_word' id='word_1_724' title='bbox 2131 3334 2188 3377; x_wconf 91' lang='lat' dir='ltr'><strong>ut</strong></span> <span class='ocrx_word' id='word_1_725' title='bbox 2211 3322 2348 3393; x_wconf 90' lang='lat' dir='ltr'><strong>quod</strong></span> <span class='ocrx_word' id='word_1_726' title='bbox 2380 3323 2584 3376; x_wconf 87' lang='lat' dir='ltr'><strong>volebat</strong></span> <span class='ocrx_word' id='word_1_727' title='bbox 2611 3321 2863 3377; x_wconf 90' lang='lat' dir='ltr'><strong>efficeret.</strong></span> <span class='ocrx_word' id='word_1_728' title='bbox 2884 3319 2940 3376; x_wconf 90' lang='lat' dir='ltr'><strong>Si</strong></span> <span class='ocrx_word' id='word_1_729' title='bbox 2961 3321 3100 3375; x_wconf 89' lang='lat' dir='ltr'><strong>enim</strong></span> <span class='ocrx_word' id='word_1_730' title='bbox 3123 3321 3186 3374; x_wconf 89' lang='lat' dir='ltr'><strong>ad</strong></span> <span class='ocrx_word' id='word_1_731' title='bbox 3217 3335 3309 3374; x_wconf 85' lang='lat' dir='ltr'><strong>eas</strong></span> <span class='ocrx_word' id='word_1_732' title='bbox 3336 3335 3420 3374; x_wconf 88' lang='lat' dir='ltr'><strong>res</strong></span> <span class='ocrx_word' id='word_1_733' title='bbox 3443 3335 3576 3389; x_wconf 83' lang='lat' dir='ltr'><strong>quas</strong></span> 
     </span>
    </p>
   </div>
   <div class='ocr_carea' id='block_1_95' title="bbox 1989 3412 3576 3483">
    <p class='ocr_par' dir='ltr' id='par_1_95' title="bbox 1989 3412 3576 3483">
     <span class='ocr_line' id='line_1_95' title="bbox 1989 3412 3576 3483; baseline -0.004 -13"><span class='ocrx_word' id='word_1_734' title='bbox 1989 3415 2168 3472; x_wconf 85' lang='lat' dir='ltr'><strong>facere</strong></span> <span class='ocrx_word' id='word_1_735' title='bbox 2205 3415 2448 3480; x_wconf 89' lang='lat' dir='ltr'><strong>volebat,</strong></span> <span class='ocrx_word' id='word_1_736' title='bbox 2479 3413 2758 3483; x_wconf 88' lang='lat' dir='ltr'><strong>adjuvabat</strong></span> <span class='ocrx_word' id='word_1_737' title='bbox 2794 3428 2918 3468; x_wconf 90' lang='lat' dir='ltr'><strong>eum</strong></span> <span class='ocrx_word' id='word_1_738' title='bbox 2957 3413 3129 3482; x_wconf 92' lang='lat' dir='ltr'><strong>aliqua</strong></span> <span class='ocrx_word' id='word_1_739' title='bbox 3161 3427 3246 3466; x_wconf 89' lang='lat' dir='ltr'><strong>res</strong></span> <span class='ocrx_word' id='word_1_740' title='bbox 3270 3428 3422 3480; x_wconf 85' lang='lat' dir='ltr'><strong>quam</strong></span> <span class='ocrx_word' id='word_1_741' title='bbox 3465 3412 3576 3479; x_wconf 84' lang='lat' dir='ltr'><strong>ipse</strong></span> 
     </span>
    </p>
   </div>
   <div class='ocr_carea' id='block_1_96' title="bbox 1993 3502 3572 3574">
    <p class='ocr_par' dir='ltr' id='par_1_96' title="bbox 1993 3502 3572 3574">
     <span class='ocr_line' id='line_1_96' title="bbox 1993 3502 3572 3574; baseline -0.003 -14"><span class='ocrx_word' id='word_1_742' title='bbox 1993 3523 2097 3560; x_wconf 89' lang='lat' dir='ltr'><strong>non</strong></span> <span class='ocrx_word' id='word_1_743' title='bbox 2130 3506 2358 3571; x_wconf 89' lang='lat' dir='ltr'><strong>fecerat,</strong></span> <span class='ocrx_word' id='word_1_744' title='bbox 2393 3522 2496 3559; x_wconf 88' lang='lat' dir='ltr'><strong>non</strong></span> <span class='ocrx_word' id='word_1_745' title='bbox 2522 3513 2636 3559; x_wconf 88' lang='lat' dir='ltr'><strong>erat</strong></span> <span class='ocrx_word' id='word_1_746' title='bbox 2667 3503 3004 3574; x_wconf 84' lang='lat' dir='ltr'><strong>omnipotens</strong></span> <span class='ocrx_word' id='word_1_747' title='bbox 3033 3520 3045 3555; x_wconf 90' lang='lat'><strong><em>:</em></strong></span> <span class='ocrx_word' id='word_1_748' title='bbox 3077 3503 3217 3573; x_wconf 91' lang='lat' dir='ltr'><strong>quod</strong></span> <span class='ocrx_word' id='word_1_749' title='bbox 3261 3502 3572 3572; x_wconf 83' lang='lat' dir='ltr'><strong>sacrilegum</strong></span> 
     </span>
    </p>
   </div>
   <div class='ocr_carea' id='block_1_97' title="bbox 1990 3597 2333 3653">
    <p class='ocr_par' dir='ltr' id='par_1_97' title="bbox 1990 3597 2333 3653">
     <span class='ocr_line' id='line_1_97' title="bbox 1990 3597 2333 3653; baseline -0.012 0"><span class='ocrx_word' id='word_1_750' title='bbox 1990 3607 2071 3653; x_wconf 88' lang='lat' dir='ltr'><strong>est</strong></span> <span class='ocrx_word' id='word_1_751' title='bbox 2093 3597 2333 3652; x_wconf 83' lang='lat' dir='ltr'><strong>credere.</strong></span> 
     </span>
    </p>
   </div>
   <div class='ocr_carea' id='block_1_98' title="bbox 1991 3683 3566 3758">
    <p class='ocr_par' dir='ltr' id='par_1_98' title="bbox 1991 3683 3566 3758">
     <span class='ocr_line' id='line_1_98' title="bbox 1991 3683 3566 3758; baseline -0.003 -15"><span class='ocrx_word' id='word_1_752' title='bbox 1991 3687 2213 3744; x_wconf 75' lang='lat' dir='ltr'><strong>CAPUT</strong></span> <span class='ocrx_word' id='word_1_753' title='bbox 2245 3685 2354 3741; x_wconf 74' lang='grc' dir='ltr'><strong>γη.</strong></span> <span class='ocrx_word' id='word_1_754' title='bbox 2379 3715 2449 3726; x_wconf 92' lang='lat'><strong><em>—</em></strong></span> <span class='ocrx_word' id='word_1_755' title='bbox 2474 3685 2718 3758; x_wconf 80' lang='lat' dir='ltr'><strong>Informis</strong></span> <span class='ocrx_word' id='word_1_756' title='bbox 2745 3685 2958 3739; x_wconf 86' lang='lat' dir='ltr'><strong>materia</strong></span> <span class='ocrx_word' id='word_1_757' title='bbox 2995 3685 3145 3739; x_wconf 80' lang='lat' dir='ltr'><strong>variis</strong></span> <span class='ocrx_word' id='word_1_758' title='bbox 3171 3683 3451 3738; x_wconf 87' lang='lat' dir='ltr'><strong>nominibus</strong></span> <span class='ocrx_word' id='word_1_759' title='bbox 3477 3685 3566 3738; x_wconf 86' lang='lat' dir='ltr'><strong>de-</strong></span> 
     </span>
    </p>
   </div>
   <div class='ocr_carea' id='block_1_99' title="bbox 2664 3779 2882 3850">
    <p class='ocr_par' dir='ltr' id='par_1_99' title="bbox 2664 3779 2882 3850">
     <span class='ocr_line' id='line_1_99' title="bbox 2664 3779 2882 3850; baseline -0.005 -17"><span class='ocrx_word' id='word_1_760' title='bbox 2664 3779 2882 3850; x_wconf 80' lang='lat' dir='ltr'><strong>signata.</strong></span> 
     </span>
    </p>
   </div>
   <div class='ocr_carea' id='block_1_100' title="bbox 2063 3867 3573 3942">
    <p class='ocr_par' dir='ltr' id='par_1_100' title="bbox 2063 3867 3573 3942">
     <span class='ocr_line' id='line_1_100' title="bbox 2063 3867 3573 3942; baseline -0.005 -14"><span class='ocrx_word' id='word_1_761' title='bbox 2063 3875 2147 3928; x_wconf 88' lang='lat' dir='ltr'><strong>ll.</strong></span> <span class='ocrx_word' id='word_1_762' title='bbox 2183 3871 2427 3928; x_wconf 87' lang='lat' dir='ltr'><strong>Informis</strong></span> <span class='ocrx_word' id='word_1_763' title='bbox 2452 3887 2578 3942; x_wconf 87' lang='lat' dir='ltr'><strong>ergo</strong></span> <span class='ocrx_word' id='word_1_764' title='bbox 2599 3871 2684 3927; x_wconf 89' lang='lat' dir='ltr'><strong>illa</strong></span> <span class='ocrx_word' id='word_1_765' title='bbox 2713 3869 2932 3925; x_wconf 87' lang='lat' dir='ltr'><strong>materia</strong></span> <span class='ocrx_word' id='word_1_766' title='bbox 2958 3883 3116 3940; x_wconf 88' lang='lat' dir='ltr'><strong>quam</strong></span> <span class='ocrx_word' id='word_1_767' title='bbox 3147 3868 3211 3924; x_wconf 91' lang='lat' dir='ltr'><strong>de</strong></span> <span class='ocrx_word' id='word_1_768' title='bbox 3239 3868 3404 3922; x_wconf 89' lang='lat' dir='ltr'><strong>nihilo</strong></span> <span class='ocrx_word' id='word_1_769' title='bbox 3431 3867 3573 3923; x_wconf 69' lang='lat' dir='ltr'><strong>Deus</strong></span> 
     </span>
    </p>
   </div>
   <div class='ocr_carea' id='block_1_101' title="bbox 1990 3957 3570 4032">
    <p class='ocr_par' dir='ltr' id='par_1_101' title="bbox 1990 3957 3570 4032">
     <span class='ocr_line' id='line_1_101' title="bbox 1990 3957 3570 4032; baseline -0.005 -14"><span class='ocrx_word' id='word_1_770' title='bbox 1990 3963 2116 4018; x_wconf 87' lang='lat' dir='ltr'><strong>fecit</strong></span> <span class='ocrx_word' id='word_1_771' title='bbox 2137 4006 2150 4030; x_wconf 92' lang='lat'><strong>,</strong></span> <span class='ocrx_word' id='word_1_772' title='bbox 2183 3962 2441 4032; x_wconf 87' lang='lat' dir='ltr'><strong>appellata</strong></span> <span class='ocrx_word' id='word_1_773' title='bbox 2481 3971 2562 4018; x_wconf 87' lang='lat' dir='ltr'><strong>est</strong></span> <span class='ocrx_word' id='word_1_774' title='bbox 2592 3962 2763 4030; x_wconf 91' lang='lat' dir='ltr'><strong>primo</strong></span> <span class='ocrx_word' id='word_1_775' title='bbox 2789 3959 2982 4015; x_wconf 70' lang='lat' dir='ltr'><strong>coelum</strong></span> <span class='ocrx_word' id='word_1_776' title='bbox 3011 3967 3066 4014; x_wconf 93' lang='lat' dir='ltr'><strong>et</strong></span> <span class='ocrx_word' id='word_1_777' title='bbox 3096 3967 3232 4013; x_wconf 90' lang='lat' dir='ltr'><strong>terra</strong></span> <span class='ocrx_word' id='word_1_778' title='bbox 3252 3999 3266 4024; x_wconf 93' lang='lat'><strong>,</strong></span> <span class='ocrx_word' id='word_1_779' title='bbox 3295 3967 3348 4012; x_wconf 92' lang='lat' dir='ltr'><strong>et</strong></span> <span class='ocrx_word' id='word_1_780' title='bbox 3375 3957 3570 4012; x_wconf 90' lang='lat' dir='ltr'><strong>dictum</strong></span> 
     </span>
    </p>
   </div>
   <div class='ocr_carea' id='block_1_102' title="bbox 1991 4049 3572 4124">
    <p class='ocr_par' dir='ltr' id='par_1_102' title="bbox 1991 4049 3572 4124">
     <span class='ocr_line' id='line_1_102' title="bbox 1991 4049 3572 4124; baseline -0.004 -15"><span class='ocrx_word' id='word_1_781' title='bbox 1991 4065 2073 4109; x_wconf 82' lang='lat' dir='ltr'><strong>est</strong></span> <span class='ocrx_word' id='word_1_782' title='bbox 2094 4095 2107 4115; x_wconf 89' lang='lat'><strong>,</strong></span> <span class='ocrx_word' id='word_1_783' title='bbox 2135 4052 2201 4106; x_wconf 89' lang='lat' dir='ltr'><strong>In</strong></span> <span class='ocrx_word' id='word_1_784' title='bbox 2228 4052 2476 4124; x_wconf 82' lang='lat' dir='ltr'><strong>principio</strong></span> <span class='ocrx_word' id='word_1_785' title='bbox 2500 4052 2612 4121; x_wconf 85' lang='lat' dir='ltr'><strong>fecit</strong></span> <span class='ocrx_word' id='word_1_786' title='bbox 2639 4050 2779 4105; x_wconf 87' lang='lat' dir='ltr'><strong>Deus</strong></span> <span class='ocrx_word' id='word_1_787' title='bbox 2801 4049 2979 4104; x_wconf 83' lang='lat' dir='ltr'><strong>caelum</strong></span> <span class='ocrx_word' id='word_1_788' title='bbox 3003 4059 3050 4104; x_wconf 88' lang='lat' dir='ltr'><strong>et</strong></span> <span class='ocrx_word' id='word_1_789' title='bbox 3074 4059 3294 4113; x_wconf 85' lang='lat' dir='ltr'><strong>terram;</strong></span> <span class='ocrx_word' id='word_1_790' title='bbox 3322 4064 3425 4102; x_wconf 91' lang='lat' dir='ltr'><strong>non</strong></span> <span class='ocrx_word' id='word_1_791' title='bbox 3455 4051 3572 4119; x_wconf 84' lang='lat' dir='ltr'><strong>quia</strong></span> 
     </span>
    </p>
   </div>
   <div class='ocr_carea' id='block_1_103' title="bbox 1985 4143 3575 4215">
    <p class='ocr_par' dir='ltr' id='par_1_103' title="bbox 1985 4143 3575 4215">
     <span class='ocr_line' id='line_1_103' title="bbox 1985 4143 3575 4215; baseline -0.003 -17"><span class='ocrx_word' id='word_1_792' title='bbox 1985 4144 2094 4215; x_wconf 84' lang='lat' dir='ltr'><strong>jam</strong></span> <span class='ocrx_word' id='word_1_793' title='bbox 2119 4144 2218 4198; x_wconf 90' lang='lat' dir='ltr'><strong>hoc</strong></span> <span class='ocrx_word' id='word_1_794' title='bbox 2241 4152 2390 4211; x_wconf 90' lang='lat' dir='ltr'><strong>erat,</strong></span> <span class='ocrx_word' id='word_1_795' title='bbox 2422 4143 2514 4198; x_wconf 91' lang='lat' dir='ltr'><strong>sed</strong></span> <span class='ocrx_word' id='word_1_796' title='bbox 2545 4144 2665 4212; x_wconf 89' lang='lat' dir='ltr'><strong>quia</strong></span> <span class='ocrx_word' id='word_1_797' title='bbox 2694 4143 2795 4196; x_wconf 90' lang='lat' dir='ltr'><strong>hoc</strong></span> <span class='ocrx_word' id='word_1_798' title='bbox 2819 4156 2939 4196; x_wconf 89' lang='lat' dir='ltr'><strong>esse</strong></span> <span class='ocrx_word' id='word_1_799' title='bbox 2966 4148 3172 4211; x_wconf 85' lang='lat' dir='ltr'><strong>poterat</strong></span> <span class='ocrx_word' id='word_1_800' title='bbox 3195 4158 3208 4194; x_wconf 91' lang='lat'><strong>:</strong></span> <span class='ocrx_word' id='word_1_801' title='bbox 3241 4156 3360 4194; x_wconf 90' lang='lat' dir='ltr'><strong>nam</strong></span> <span class='ocrx_word' id='word_1_802' title='bbox 3387 4151 3438 4194; x_wconf 87' lang='lat' dir='ltr'><strong>et</strong></span> <span class='ocrx_word' id='word_1_803' title='bbox 3465 4157 3575 4194; x_wconf 74' lang='lat' dir='ltr'><strong>ca:-</strong></span> 
     </span>
    </p>
   </div>
   <div class='ocr_carea' id='block_1_104' title="bbox 1990 4230 3572 4304">
    <p class='ocr_par' dir='ltr' id='par_1_104' title="bbox 1990 4230 3572 4304">
     <span class='ocr_line' id='line_1_104' title="bbox 1990 4230 3572 4304; baseline -0.004 -14"><span class='ocrx_word' id='word_1_804' title='bbox 1990 4236 2099 4290; x_wconf 91' lang='lat' dir='ltr'><strong>lum</strong></span> <span class='ocrx_word' id='word_1_805' title='bbox 2142 4235 2391 4290; x_wconf 91' lang='lat' dir='ltr'><strong>scribitur</strong></span> <span class='ocrx_word' id='word_1_806' title='bbox 2431 4243 2612 4304; x_wconf 87' lang='lat' dir='ltr'><strong>postea</strong></span> <span class='ocrx_word' id='word_1_807' title='bbox 2653 4232 2864 4286; x_wconf 90' lang='lat' dir='ltr'><strong>factum.</strong></span> <span class='ocrx_word' id='word_1_808' title='bbox 2895 4230 3350 4299; x_wconf 86' lang='lat' dir='ltr'><strong>Quemadmodum</strong></span> <span class='ocrx_word' id='word_1_809' title='bbox 3393 4231 3436 4283; x_wconf 92' lang='lat' dir='ltr'><strong>si</strong></span> <span class='ocrx_word' id='word_1_810' title='bbox 3484 4246 3572 4284; x_wconf 83' lang='lat' dir='ltr'><strong>se-</strong></span> 
     </span>
    </p>
   </div>
   <div class='ocr_carea' id='block_1_105' title="bbox 1991 4320 3570 4388">
    <p class='ocr_par' dir='ltr' id='par_1_105' title="bbox 1991 4320 3570 4388">
     <span class='ocr_line' id='line_1_105' title="bbox 1991 4320 3570 4388; baseline -0.004 -8"><span class='ocrx_word' id='word_1_811' title='bbox 1991 4342 2111 4380; x_wconf 91' lang='lat' dir='ltr'><strong>men</strong></span> <span class='ocrx_word' id='word_1_812' title='bbox 2141 4325 2346 4380; x_wconf 88' lang='lat' dir='ltr'><strong>arboris</strong></span> <span class='ocrx_word' id='word_1_813' title='bbox 2373 4323 2773 4379; x_wconf 86' lang='lat' dir='ltr'><strong>considerantes</strong></span> <span class='ocrx_word' id='word_1_814' title='bbox 2791 4364 2806 4388; x_wconf 92' lang='lat'><strong>,</strong></span> <span class='ocrx_word' id='word_1_815' title='bbox 2832 4321 3069 4377; x_wconf 90' lang='lat' dir='ltr'><strong>dicamus</strong></span> <span class='ocrx_word' id='word_1_816' title='bbox 3091 4321 3161 4375; x_wconf 90' lang='lat' dir='ltr'><strong>ibi</strong></span> <span class='ocrx_word' id='word_1_817' title='bbox 3191 4336 3308 4375; x_wconf 84' lang='lat' dir='ltr'><strong>esse</strong></span> <span class='ocrx_word' id='word_1_818' title='bbox 3334 4320 3570 4387; x_wconf 82' lang='lat' dir='ltr'><strong>radices,</strong></span> 
     </span>
    </p>
   </div>
   <div class='ocr_carea' id='block_1_106' title="bbox 1989 4410 3571 4483">
    <p class='ocr_par' dir='ltr' id='par_1_106' title="bbox 1989 4410 3571 4483">
     <span class='ocr_line' id='line_1_106' title="bbox 1989 4410 3571 4483; baseline -0.005 -12"><span class='ocrx_word' id='word_1_819' title='bbox 1989 4427 2043 4472; x_wconf 91' lang='lat' dir='ltr'><strong>et</strong></span> <span class='ocrx_word' id='word_1_820' title='bbox 2071 4417 2252 4482; x_wconf 89' lang='lat' dir='ltr'><strong>robur,</strong></span> <span class='ocrx_word' id='word_1_821' title='bbox 2276 4425 2328 4471; x_wconf 92' lang='lat' dir='ltr'><strong>et</strong></span> <span class='ocrx_word' id='word_1_822' title='bbox 2355 4430 2530 4470; x_wconf 89' lang='lat' dir='ltr'><strong>ramos</strong></span> <span class='ocrx_word' id='word_1_823' title='bbox 2550 4456 2565 4483; x_wconf 94' lang='lat'><strong>,</strong></span> <span class='ocrx_word' id='word_1_824' title='bbox 2589 4422 2642 4468; x_wconf 90' lang='lat' dir='ltr'><strong>et</strong></span> <span class='ocrx_word' id='word_1_825' title='bbox 2669 4414 2898 4478; x_wconf 89' lang='lat' dir='ltr'><strong>fructus,</strong></span> <span class='ocrx_word' id='word_1_826' title='bbox 2923 4421 2976 4466; x_wconf 91' lang='lat' dir='ltr'><strong>et</strong></span> <span class='ocrx_word' id='word_1_827' title='bbox 3001 4411 3120 4465; x_wconf 89' lang='lat' dir='ltr'><strong>folia</strong></span> <span class='ocrx_word' id='word_1_828' title='bbox 3143 4426 3158 4475; x_wconf 92' lang='lat'><strong>;</strong></span> <span class='ocrx_word' id='word_1_829' title='bbox 3187 4426 3291 4464; x_wconf 91' lang='lat' dir='ltr'><strong>non</strong></span> <span class='ocrx_word' id='word_1_830' title='bbox 3321 4411 3439 4480; x_wconf 86' lang='lat' dir='ltr'><strong>quia</strong></span> <span class='ocrx_word' id='word_1_831' title='bbox 3461 4410 3571 4479; x_wconf 82' lang='lat' dir='ltr'><strong>jam</strong></span> 
     </span>
    </p>
   </div>
   <div class='ocr_carea' id='block_1_107' title="bbox 1990 4499 3573 4577">
    <p class='ocr_par' dir='ltr' id='par_1_107' title="bbox 1990 4499 3573 4577">
     <span class='ocr_line' id='line_1_107' title="bbox 1990 4499 3573 4577; baseline -0.008 -13"><span class='ocrx_word' id='word_1_832' title='bbox 1990 4518 2146 4575; x_wconf 90' lang='lat' dir='ltr'><strong>sunt,</strong></span> <span class='ocrx_word' id='word_1_833' title='bbox 2180 4507 2273 4563; x_wconf 92' lang='lat' dir='ltr'><strong>sed</strong></span> <span class='ocrx_word' id='word_1_834' title='bbox 2300 4507 2420 4577; x_wconf 89' lang='lat' dir='ltr'><strong>quia</strong></span> <span class='ocrx_word' id='word_1_835' title='bbox 2465 4505 2586 4560; x_wconf 88' lang='lat' dir='ltr'><strong>inde</strong></span> <span class='ocrx_word' id='word_1_836' title='bbox 2615 4505 2786 4558; x_wconf 84' lang='lat' dir='ltr'><strong>futura</strong></span> <span class='ocrx_word' id='word_1_837' title='bbox 2829 4510 2954 4557; x_wconf 91' lang='lat' dir='ltr'><strong>sunt</strong></span> <span class='ocrx_word' id='word_1_838' title='bbox 2985 4519 2997 4556; x_wconf 92' lang='lat'>:</span> <span class='ocrx_word' id='word_1_839' title='bbox 3027 4501 3103 4555; x_wconf 90' lang='lat' dir='ltr'><strong>sic</strong></span> <span class='ocrx_word' id='word_1_840' title='bbox 3128 4501 3325 4554; x_wconf 86' lang='lat' dir='ltr'><strong>dictum</strong></span> <span class='ocrx_word' id='word_1_841' title='bbox 3359 4510 3436 4554; x_wconf 90' lang='lat' dir='ltr'><strong>est</strong></span> <span class='ocrx_word' id='word_1_842' title='bbox 3459 4499 3573 4566; x_wconf 56' lang='lat' dir='ltr'><strong>,.ln</strong></span> 
     </span>
    </p>
   </div>
   <div class='ocr_carea' id='block_1_108' title="bbox 1989 4592 3570 4674">
    <p class='ocr_par' dir='ltr' id='par_1_108' title="bbox 1989 4592 3570 4674">
     <span class='ocr_line' id='line_1_108' title="bbox 1989 4592 3570 4674; baseline -0.006 -20"><span class='ocrx_word' id='word_1_843' title='bbox 1989 4601 2236 4674; x_wconf 83' lang='lat' dir='ltr'><strong>principio</strong></span> <span class='ocrx_word' id='word_1_844' title='bbox 2280 4601 2398 4671; x_wconf 87' lang='lat' dir='ltr'><strong>fecit</strong></span> <span class='ocrx_word' id='word_1_845' title='bbox 2441 4598 2579 4651; x_wconf 84' lang='lat' dir='ltr'><strong>Deus</strong></span> <span class='ocrx_word' id='word_1_846' title='bbox 2620 4596 2797 4650; x_wconf 70' lang='lat' dir='ltr'><strong>coelum</strong></span> <span class='ocrx_word' id='word_1_847' title='bbox 2843 4602 2888 4649; x_wconf 85' lang='lat' dir='ltr'><strong>et</strong></span> <span class='ocrx_word' id='word_1_848' title='bbox 2933 4602 3149 4656; x_wconf 87' lang='lat' dir='ltr'><strong>terrant,</strong></span> <span class='ocrx_word' id='word_1_849' title='bbox 3191 4592 3338 4660; x_wconf 88' lang='lat' dir='ltr'><strong>quasi</strong></span> <span class='ocrx_word' id='word_1_850' title='bbox 3389 4606 3570 4645; x_wconf 85' lang='lat' dir='ltr'><strong>semen</strong></span> 
     </span>
    </p>
   </div>
   <div class='ocr_carea' id='block_1_109' title="bbox 1989 4683 3574 4756">
    <p class='ocr_par' dir='ltr' id='par_1_109' title="bbox 1989 4683 3574 4756">
     <span class='ocr_line' id='line_1_109' title="bbox 1989 4683 3574 4756; baseline -0.008 -8"><span class='ocrx_word' id='word_1_851' title='bbox 1989 4694 2108 4748; x_wconf 71' lang='lat' dir='ltr'><strong>cmli</strong></span> <span class='ocrx_word' id='word_1_852' title='bbox 2133 4699 2187 4747; x_wconf 84' lang='lat' dir='ltr'><strong>et</strong></span> <span class='ocrx_word' id='word_1_853' title='bbox 2216 4701 2406 4756; x_wconf 85' lang='lat' dir='ltr'><strong>terrae,</strong></span> <span class='ocrx_word' id='word_1_854' title='bbox 2448 4706 2568 4745; x_wconf 77' lang='lat' dir='ltr'><strong>cuin</strong></span> <span class='ocrx_word' id='word_1_855' title='bbox 2610 4688 2662 4743; x_wconf 92' lang='lat' dir='ltr'><strong>in</strong></span> <span class='ocrx_word' id='word_1_856' title='bbox 2707 4684 2927 4742; x_wconf 91' lang='lat' dir='ltr'><strong>confuso</strong></span> <span class='ocrx_word' id='word_1_857' title='bbox 2967 4684 3140 4738; x_wconf 89' lang='lat' dir='ltr'><strong>adhuc</strong></span> <span class='ocrx_word' id='word_1_858' title='bbox 3177 4693 3318 4738; x_wconf 84' lang='lat' dir='ltr'><strong>esset</strong></span> <span class='ocrx_word' id='word_1_859' title='bbox 3361 4683 3479 4739; x_wconf 83' lang='lat' dir='ltr'><strong>coeli</strong></span> <span class='ocrx_word' id='word_1_860' title='bbox 3522 4693 3574 4736; x_wconf 85' lang='lat' dir='ltr'><strong>ct</strong></span> 
     </span>
    </p>
   </div>
   <div class='ocr_carea' id='block_1_110' title="bbox 1990 4775 3570 4850">
    <p class='ocr_par' dir='ltr' id='par_1_110' title="bbox 1990 4775 3570 4850">
     <span class='ocr_line' id='line_1_110' title="bbox 1990 4775 3570 4850; baseline -0.008 -10"><span class='ocrx_word' id='word_1_861' title='bbox 1990 4795 2146 4840; x_wconf 75' lang='lat' dir='ltr'><strong>terra:</strong></span> <span class='ocrx_word' id='word_1_862' title='bbox 2189 4783 2439 4849; x_wconf 88' lang='lat' dir='ltr'><strong>materia;</strong></span> <span class='ocrx_word' id='word_1_863' title='bbox 2482 4781 2577 4837; x_wconf 91' lang='lat' dir='ltr'><strong>sed</strong></span> <span class='ocrx_word' id='word_1_864' title='bbox 2620 4780 2738 4850; x_wconf 90' lang='lat' dir='ltr'><strong>quia</strong></span> <span class='ocrx_word' id='word_1_865' title='bbox 2785 4786 2990 4834; x_wconf 87' lang='lat' dir='ltr'><strong>eertum</strong></span> <span class='ocrx_word' id='word_1_866' title='bbox 3023 4785 3137 4830; x_wconf 87' lang='lat' dir='ltr'><strong>erat</strong></span> <span class='ocrx_word' id='word_1_867' title='bbox 3179 4775 3296 4829; x_wconf 89' lang='lat' dir='ltr'><strong>inde</strong></span> <span class='ocrx_word' id='word_1_868' title='bbox 3343 4776 3570 4828; x_wconf 82' lang='lat' dir='ltr'><strong>futurum</strong></span> 
     </span>
    </p>
   </div>
   <div class='ocr_carea' id='block_1_111' title="bbox 1988 4867 3573 4942">
    <p class='ocr_par' dir='ltr' id='par_1_111' title="bbox 1988 4867 3573 4942">
     <span class='ocr_line' id='line_1_111' title="bbox 1988 4867 3573 4942; baseline -0.01 -8"><span class='ocrx_word' id='word_1_869' title='bbox 1988 4893 2107 4934; x_wconf 90' lang='lat' dir='ltr'><strong>esse</strong></span> <span class='ocrx_word' id='word_1_870' title='bbox 2131 4877 2325 4933; x_wconf 69' lang='lat' dir='ltr'><strong>caalum</strong></span> <span class='ocrx_word' id='word_1_871' title='bbox 2356 4884 2409 4931; x_wconf 91' lang='lat' dir='ltr'><strong>et</strong></span> <span class='ocrx_word' id='word_1_872' title='bbox 2435 4884 2628 4930; x_wconf 87' lang='lat' dir='ltr'><strong>terram</strong></span> <span class='ocrx_word' id='word_1_873' title='bbox 2650 4914 2662 4938; x_wconf 88' lang='lat'><strong>,</strong></span> <span class='ocrx_word' id='word_1_874' title='bbox 2692 4872 2799 4942; x_wconf 85' lang='lat' dir='ltr'><strong>jam</strong></span> <span class='ocrx_word' id='word_1_875' title='bbox 2829 4877 2881 4925; x_wconf 91' lang='lat' dir='ltr'><strong>et</strong></span> <span class='ocrx_word' id='word_1_876' title='bbox 2911 4869 3020 4939; x_wconf 89' lang='lat' dir='ltr'><strong>ipsa</strong></span> <span class='ocrx_word' id='word_1_877' title='bbox 3051 4867 3270 4922; x_wconf 87' lang='lat' dir='ltr'><strong>materia</strong></span> <span class='ocrx_word' id='word_1_878' title='bbox 3300 4868 3490 4922; x_wconf 80' lang='lat' dir='ltr'><strong>ccelum</strong></span> <span class='ocrx_word' id='word_1_879' title='bbox 3520 4877 3573 4920; x_wconf 88' lang='lat' dir='ltr'><strong>et</strong></span> 
     </span>
    </p>
   </div>
   <div class='ocr_carea' id='block_1_112' title="bbox 1990 4958 3573 5040">
    <p class='ocr_par' dir='ltr' id='par_1_112' title="bbox 1990 4958 3573 5040">
     <span class='ocr_line' id='line_1_112' title="bbox 1990 4958 3573 5040; baseline -0.009 -15"><span class='ocrx_word' id='word_1_880' title='bbox 1990 4979 2129 5025; x_wconf 90' lang='lat' dir='ltr'><strong>terra</strong></span> <span class='ocrx_word' id='word_1_881' title='bbox 2155 4968 2422 5040; x_wconf 87' lang='lat' dir='ltr'><strong>appellata</strong></span> <span class='ocrx_word' id='word_1_882' title='bbox 2456 4975 2557 5022; x_wconf 90' lang='lat' dir='ltr'><strong>est.</strong></span> <span class='ocrx_word' id='word_1_883' title='bbox 2587 4965 2692 5018; x_wconf 91' lang='lat' dir='ltr'><strong>lsto</strong></span> <span class='ocrx_word' id='word_1_884' title='bbox 2729 4977 2922 5034; x_wconf 86' lang='lat' dir='ltr'><strong>genere</strong></span> <span class='ocrx_word' id='word_1_885' title='bbox 2954 4960 3236 5014; x_wconf 89' lang='lat' dir='ltr'><strong>locutionis</strong></span> <span class='ocrx_word' id='word_1_886' title='bbox 3265 4959 3422 5013; x_wconf 89' lang='lat' dir='ltr'><strong>etiam</strong></span> <span class='ocrx_word' id='word_1_887' title='bbox 3473 4958 3573 5010; x_wconf 82' lang='lat' dir='ltr'><strong>Do-</strong></span> 
     </span>
    </p>
   </div>
   <div class='ocr_carea' id='block_1_113' title="bbox 1987 5052 3566 5131">
    <p class='ocr_par' dir='ltr' id='par_1_113' title="bbox 1987 5052 3566 5131">
     <span class='ocr_line' id='line_1_113' title="bbox 1987 5052 3566 5131; baseline -0.01 -13"><span class='ocrx_word' id='word_1_888' title='bbox 1987 5062 2162 5118; x_wconf 89' lang='lat' dir='ltr'><strong>minus</strong></span> <span class='ocrx_word' id='word_1_889' title='bbox 2191 5061 2443 5131; x_wconf 88' lang='lat' dir='ltr'><strong>loquitur,</strong></span> <span class='ocrx_word' id='word_1_890' title='bbox 2476 5074 2597 5113; x_wconf 91' lang='lat' dir='ltr'><strong>cum</strong></span> <span class='ocrx_word' id='word_1_891' title='bbox 2623 5056 2784 5120; x_wconf 89' lang='lat' dir='ltr'><strong>dicit,</strong></span> <span class='ocrx_word' id='word_1_892' title='bbox 2808 5054 2927 5108; x_wconf 83' lang='lat' dir='ltr'><strong>Jam</strong></span> <span class='ocrx_word' id='word_1_893' title='bbox 2949 5071 3047 5106; x_wconf 90' lang='lat' dir='ltr'><strong>non</strong></span> <span class='ocrx_word' id='word_1_894' title='bbox 3070 5052 3230 5106; x_wconf 89' lang='lat' dir='ltr'><strong>dicam</strong></span> <span class='ocrx_word' id='word_1_895' title='bbox 3257 5067 3340 5104; x_wconf 74' lang='lat' dir='ltr'><strong>vos</strong></span> <span class='ocrx_word' id='word_1_896' title='bbox 3369 5066 3532 5103; x_wconf 74' lang='lat' dir='ltr'><strong>setzvos</strong></span> <span class='ocrx_word' id='word_1_897' title='bbox 3551 5091 3566 5116; x_wconf 88' lang='lat'><strong>,</strong></span> 
     </span>
    </p>
   </div>
   <div class='ocr_carea' id='block_1_114' title="bbox 1985 5141 3568 5225">
    <p class='ocr_par' dir='ltr' id='par_1_114' title="bbox 1985 5141 3568 5225">
     <span class='ocr_line' id='line_1_114' title="bbox 1985 5141 3568 5225; baseline -0.009 -17"><span class='ocrx_word' id='word_1_898' title='bbox 1985 5155 2104 5225; x_wconf 89' lang='lat' dir='ltr'><strong>quia</strong></span> <span class='ocrx_word' id='word_1_899' title='bbox 2128 5169 2296 5208; x_wconf 82' lang='lat' dir='ltr'><strong>servus</strong></span> <span class='ocrx_word' id='word_1_900' title='bbox 2319 5151 2471 5207; x_wconf 87' lang='lat' dir='ltr'><strong>nescit</strong></span> <span class='ocrx_word' id='word_1_901' title='bbox 2495 5147 2616 5222; x_wconf 86' lang='lat' dir='ltr'><strong>quid</strong></span> <span class='ocrx_word' id='word_1_902' title='bbox 2656 5148 2810 5221; x_wconf 85' lang='lat' dir='ltr'><strong>faciat</strong></span> <span class='ocrx_word' id='word_1_903' title='bbox 2854 5146 3085 5199; x_wconf 86' lang='lat' dir='ltr'><strong>dominus</strong></span> <span class='ocrx_word' id='word_1_904' title='bbox 3110 5145 3237 5213; x_wconf 89' lang='lat' dir='ltr'><strong>ejus.</strong></span> <span class='ocrx_word' id='word_1_905' title='bbox 3285 5141 3378 5195; x_wconf 75' lang='lat' dir='ltr'><strong>Vos</strong></span> <span class='ocrx_word' id='word_1_906' title='bbox 3403 5151 3568 5195; x_wconf 82' lang='lat' dir='ltr'><strong>autem</strong></span> 
     </span>
    </p>
   </div>
   <div class='ocr_carea' id='block_1_115' title="bbox 1987 5235 3569 5314">
    <p class='ocr_par' dir='ltr' id='par_1_115' title="bbox 1987 5235 3569 5314">
     <span class='ocr_line' id='line_1_115' title="bbox 1987 5235 3569 5314; baseline -0.009 -14"><span class='ocrx_word' id='word_1_907' title='bbox 1987 5247 2098 5301; x_wconf 74' lang='lat' dir='ltr'><strong>dixi</strong></span> <span class='ocrx_word' id='word_1_908' title='bbox 2133 5246 2346 5308; x_wconf 86' lang='lat' dir='ltr'><strong>amicos,</strong></span> <span class='ocrx_word' id='word_1_909' title='bbox 2371 5243 2488 5314; x_wconf 86' lang='lat' dir='ltr'><strong>quia</strong></span> <span class='ocrx_word' id='word_1_910' title='bbox 2512 5242 2679 5296; x_wconf 89' lang='lat' dir='ltr'><strong>omnia</strong></span> <span class='ocrx_word' id='word_1_911' title='bbox 2711 5255 2824 5311; x_wconf 68' lang='lat' dir='ltr'><strong>qua:</strong></span> <span class='ocrx_word' id='word_1_912' title='bbox 2847 5238 3016 5293; x_wconf 84' lang='lat' dir='ltr'><strong>audivi</strong></span> <span class='ocrx_word' id='word_1_913' title='bbox 3044 5253 3075 5289; x_wconf 91' lang='lat' dir='ltr'><strong>a</strong></span> <span class='ocrx_word' id='word_1_914' title='bbox 3102 5235 3258 5288; x_wconf 86' lang='lat' dir='ltr'><strong>Patre</strong></span> <span class='ocrx_word' id='word_1_915' title='bbox 3283 5251 3388 5286; x_wconf 87' lang='lat' dir='ltr'><strong>meo</strong></span> <span class='ocrx_word' id='word_1_916' title='bbox 3408 5273 3424 5301; x_wconf 91' lang='lat'><strong>,</strong></span> <span class='ocrx_word' id='word_1_917' title='bbox 3453 5242 3569 5286; x_wconf 72' lang='lat' dir='ltr'><strong>nota</strong></span> 
     </span>
    </p>
   </div>
   <div class='ocr_carea' id='block_1_116' title="bbox 1989 5327 3564 5411">
    <p class='ocr_par' dir='ltr' id='par_1_116' title="bbox 1989 5327 3564 5411">
     <span class='ocr_line' id='line_1_116' title="bbox 1989 5327 3564 5411; baseline -0.01 -17"><span class='ocrx_word' id='word_1_918' title='bbox 1989 5341 2086 5411; x_wconf 83' lang='lat' dir='ltr'><strong>feci</strong></span> <span class='ocrx_word' id='word_1_919' title='bbox 2109 5339 2247 5394; x_wconf 84' lang='lat' dir='ltr'><strong>vobis</strong></span> <span class='ocrx_word' id='word_1_920' title='bbox 2275 5336 2454 5408; x_wconf 80' lang='lat' dir='ltr'><strong>(Joan.</strong></span> <span class='ocrx_word' id='word_1_921' title='bbox 2483 5350 2575 5401; x_wconf 82' lang='lat' dir='ltr'><strong>xv,</strong></span> <span class='ocrx_word' id='word_1_922' title='bbox 2607 5334 2698 5405; x_wconf 82' lang='lat' dir='ltr'><strong>l5)</strong></span> <span class='ocrx_word' id='word_1_923' title='bbox 2727 5351 2739 5386; x_wconf 93' lang='lat'>:</span> <span class='ocrx_word' id='word_1_924' title='bbox 2773 5348 2881 5386; x_wconf 86' lang='lat' dir='ltr'><strong>non</strong></span> <span class='ocrx_word' id='word_1_925' title='bbox 2907 5330 3152 5401; x_wconf 80' lang='lat' dir='ltr'><strong>quiajam</strong></span> <span class='ocrx_word' id='word_1_926' title='bbox 3193 5327 3385 5380; x_wconf 88' lang='lat' dir='ltr'><strong>factum</strong></span> <span class='ocrx_word' id='word_1_927' title='bbox 3418 5335 3530 5380; x_wconf 84' lang='lat' dir='ltr'><strong>erat</strong></span> <span class='ocrx_word' id='word_1_928' title='bbox 3550 5368 3564 5392; x_wconf 94' lang='lat'><strong>,</strong></span> 
     </span>
    </p>
   </div>
   <div class='ocr_carea' id='block_1_117' title="bbox 1987 5423 3649 5502">
    <p class='ocr_par' dir='ltr' id='par_1_117' title="bbox 1987 5423 3649 5502">
     <span class='ocr_line' id='line_1_117' title="bbox 1987 5423 3649 5502; baseline -0.009 -14"><span class='ocrx_word' id='word_1_929' title='bbox 1987 5433 2079 5488; x_wconf 91' lang='lat' dir='ltr'><strong>sed</strong></span> <span class='ocrx_word' id='word_1_930' title='bbox 2106 5433 2226 5502; x_wconf 91' lang='lat' dir='ltr'><strong>quia</strong></span> <span class='ocrx_word' id='word_1_931' title='bbox 2254 5431 2551 5487; x_wconf 90' lang='lat' dir='ltr'><strong>certissime</strong></span> <span class='ocrx_word' id='word_1_932' title='bbox 2581 5429 2813 5484; x_wconf 89' lang='lat' dir='ltr'><strong>futurum</strong></span> <span class='ocrx_word' id='word_1_933' title='bbox 2835 5435 2968 5482; x_wconf 91' lang='lat' dir='ltr'><strong>erat.</strong></span> <span class='ocrx_word' id='word_1_934' title='bbox 2999 5425 3129 5478; x_wconf 88' lang='lat' dir='ltr'><strong>Nam</strong></span> <span class='ocrx_word' id='word_1_935' title='bbox 3158 5431 3276 5492; x_wconf 80' lang='lat' dir='ltr'><strong>post</strong></span> <span class='ocrx_word' id='word_1_936' title='bbox 3300 5423 3566 5492; x_wconf 88' lang='lat' dir='ltr'><strong>paululum</strong></span> <span class='ocrx_word' id='word_1_937' title='bbox 3647 5445 3649 5447; x_wconf 88' lang='lat'><strong><em>-</em></strong></span> 
     </span>
    </p>
   </div>
   <div class='ocr_carea' id='block_1_118' title="bbox 1987 5517 3569 5585">
    <p class='ocr_par' dir='ltr' id='par_1_118' title="bbox 1987 5517 3569 5585">
     <span class='ocr_line' id='line_1_118' title="bbox 1987 5517 3569 5585; baseline -0.009 -5"><span class='ocrx_word' id='word_1_938' title='bbox 1987 5524 2113 5580; x_wconf 88' lang='lat' dir='ltr'><strong>dicit</strong></span> <span class='ocrx_word' id='word_1_939' title='bbox 2141 5523 2244 5578; x_wconf 90' lang='lat' dir='ltr'><strong>illis</strong></span> <span class='ocrx_word' id='word_1_940' title='bbox 2274 5542 2287 5578; x_wconf 89' lang='lat'>:</span> <span class='ocrx_word' id='word_1_941' title='bbox 2320 5523 2498 5576; x_wconf 81' lang='lat' dir='ltr'><strong>Adhuc</strong></span> <span class='ocrx_word' id='word_1_942' title='bbox 2519 5522 2676 5575; x_wconf 85' lang='lat' dir='ltr'><strong>multa</strong></span> <span class='ocrx_word' id='word_1_943' title='bbox 2697 5520 2851 5573; x_wconf 86' lang='lat' dir='ltr'><strong>habeo</strong></span> <span class='ocrx_word' id='word_1_944' title='bbox 2876 5519 3010 5572; x_wconf 79' lang='lat' dir='ltr'><strong>vobis</strong></span> <span class='ocrx_word' id='word_1_945' title='bbox 3031 5517 3194 5568; x_wconf 86' lang='lat' dir='ltr'><strong>dicere</strong></span> <span class='ocrx_word' id='word_1_946' title='bbox 3214 5557 3228 5582; x_wconf 89' lang='lat'><strong>,</strong></span> <span class='ocrx_word' id='word_1_947' title='bbox 3251 5519 3336 5568; x_wconf 81' lang='lat' dir='ltr'><strong>sed</strong></span> <span class='ocrx_word' id='word_1_948' title='bbox 3359 5532 3456 5568; x_wconf 87' lang='lat' dir='ltr'><strong>non</strong></span> <span class='ocrx_word' id='word_1_949' title='bbox 3479 5533 3569 5585; x_wconf 83' lang='lat' dir='ltr'><strong>pe-</strong></span> 
     </span>
    </p>
   </div>
   <div class='ocr_carea' id='block_1_119' title="bbox 1987 5606 3564 5686">
    <p class='ocr_par' dir='ltr' id='par_1_119' title="bbox 1987 5606 3564 5686">
     <span class='ocr_line' id='line_1_119' title="bbox 1987 5606 3564 5686; baseline -0.008 -16"><span class='ocrx_word' id='word_1_950' title='bbox 1987 5618 2122 5672; x_wconf 82' lang='lat' dir='ltr'><strong>tcstis</strong></span> <span class='ocrx_word' id='word_1_951' title='bbox 2149 5624 2346 5686; x_wconf 81' lang='lat' dir='ltr'><strong>portare</strong></span> <span class='ocrx_word' id='word_1_952' title='bbox 2369 5614 2518 5669; x_wconf 88' lang='lat' dir='ltr'><strong>modo</strong></span> <span class='ocrx_word' id='word_1_953' title='bbox 2539 5613 2560 5684; x_wconf 74' lang='grc' dir='ltr'>ζ</span> <span class='ocrx_word' id='word_1_954' title='bbox 2563 5612 2647 5666; x_wconf 86' lang='lat' dir='ltr'><strong>Id.</strong></span> <span class='ocrx_word' id='word_1_955' title='bbox 2680 5628 2764 5666; x_wconf 77' lang='lat' dir='ltr'><strong>xvr</strong></span> <span class='ocrx_word' id='word_1_956' title='bbox 2785 5651 2800 5676; x_wconf 91' lang='lat'><strong>,</strong></span> <span class='ocrx_word' id='word_1_957' title='bbox 2832 5609 2942 5680; x_wconf 71' lang='lat'><strong>1‘2).</strong></span> <span class='ocrx_word' id='word_1_958' title='bbox 2976 5606 3166 5677; x_wconf 89' lang='lat' dir='ltr'><strong>thuid</strong></span> <span class='ocrx_word' id='word_1_959' title='bbox 3187 5622 3312 5677; x_wconf 88' lang='lat' dir='ltr'><strong>ergo</strong></span> <span class='ocrx_word' id='word_1_960' title='bbox 3341 5607 3564 5668; x_wconf 84' lang='lat' dir='ltr'><strong>dixerat,</strong></span> 
     </span>
    </p>
   </div>
   <div class='ocr_carea' id='block_1_120' title="bbox 1992 5700 3567 5779">
    <p class='ocr_par' dir='ltr' id='par_1_120' title="bbox 1992 5700 3567 5779">
     <span class='ocr_line' id='line_1_120' title="bbox 1992 5700 3567 5779; baseline -0.004 -16"><span class='ocrx_word' id='word_1_961' title='bbox 1992 5710 2174 5763; x_wconf 78' lang='lat' dir='ltr'><strong>Omnia</strong></span> <span class='ocrx_word' id='word_1_962' title='bbox 2207 5724 2320 5779; x_wconf 71' lang='lat' dir='ltr'><strong>qua:</strong></span> <span class='ocrx_word' id='word_1_963' title='bbox 2348 5707 2516 5760; x_wconf 82' lang='lat' dir='ltr'><strong>audivi</strong></span> <span class='ocrx_word' id='word_1_964' title='bbox 2548 5723 2580 5759; x_wconf 90' lang='lat' dir='ltr'><strong>a</strong></span> <span class='ocrx_word' id='word_1_965' title='bbox 2612 5704 2766 5758; x_wconf 88' lang='lat' dir='ltr'><strong>Patre</strong></span> <span class='ocrx_word' id='word_1_966' title='bbox 2793 5718 2898 5755; x_wconf 84' lang='lat' dir='ltr'><strong>meo</strong></span> <span class='ocrx_word' id='word_1_967' title='bbox 2919 5741 2932 5766; x_wconf 92' lang='lat'><strong>,</strong></span> <span class='ocrx_word' id='word_1_968' title='bbox 2963 5710 3083 5754; x_wconf 88' lang='lat' dir='ltr'><strong>nota</strong></span> <span class='ocrx_word' id='word_1_969' title='bbox 3124 5700 3220 5770; x_wconf 84' lang='lat' dir='ltr'><strong>feci</strong></span> <span class='ocrx_word' id='word_1_970' title='bbox 3254 5700 3424 5765; x_wconf 76' lang='lat' dir='ltr'><strong>vobis;</strong></span> <span class='ocrx_word' id='word_1_971' title='bbox 3467 5700 3567 5756; x_wconf 75' lang='lat' dir='ltr'><strong>nisi</strong></span> 
     </span>
    </p>
   </div>
   <div class='ocr_carea' id='block_1_121' title="bbox 1987 5781 3574 5876">
    <p class='ocr_par' dir='ltr' id='par_1_121' title="bbox 1987 5781 3574 5876">
     <span class='ocr_line' id='line_1_121' title="bbox 1987 5781 3574 5876; baseline -0.007 -18"><span class='ocrx_word' id='word_1_972' title='bbox 1987 5804 2107 5876; x_wconf 77' lang='lat' dir='ltr'><strong>quia</strong></span> <span class='ocrx_word' id='word_1_973' title='bbox 2132 5816 2190 5860; x_wconf 87' lang='lat' dir='ltr'><strong>se</strong></span> <span class='ocrx_word' id='word_1_974' title='bbox 2214 5801 2414 5860; x_wconf 87' lang='lat' dir='ltr'><strong>sciebat</strong></span> <span class='ocrx_word' id='word_1_975' title='bbox 2443 5801 2544 5856; x_wconf 88' lang='lat' dir='ltr'><strong>hoc</strong></span> <span class='ocrx_word' id='word_1_976' title='bbox 2569 5814 2687 5855; x_wconf 88' lang='lat' dir='ltr'><strong>esse</strong></span> <span class='ocrx_word' id='word_1_977' title='bbox 2722 5794 3020 5853; x_wconf 86' lang='lat' dir='ltr'><strong>facturum?</strong></span> <span class='ocrx_word' id='word_1_978' title='bbox 3062 5794 3150 5850; x_wconf 88' lang='lat' dir='ltr'><strong>Sic</strong></span> <span class='ocrx_word' id='word_1_979' title='bbox 3183 5781 3574 5850; x_wconf 69' lang='lat' dir='ltr'><strong>etiamcwlum</strong></span> 
     </span>
    </p>
   </div>
  </div>
