4056 6442
510 395 613 452 {79

507 518 564 566 et
592 517 730 564 terra
761 504 928 576 potuit
953 504 1054 560 dici
1082 504 1298 560 materia
1329 503 1467 558 unde
1493 502 1728 556 nondum
1751 507 1864 556 erat
1889 498 2083 554 factum

509 599 703 653 cmlum
731 604 785 652 ct
809 605 980 662 terra,
1013 593 1106 650 sed
1147 603 1322 648 tamen
1365 607 1468 646 non
1509 599 1622 647 erat
1649 589 1860 644 aliunde
1889 588 2086 642 facien-

509 688 657 744 dum.
691 686 1104 742 Innumerabiles
1134 685 1263 739 tales
1289 683 1580 738 locutiones
1609 681 1660 735 in
1689 679 1975 749 Scripturis
2002 678 2086 732 di-

507 781 646 837 vinis
673 779 1028 834 inveniuntur.
1060 777 1207 832 Sicut
1233 777 1286 831 in
1314 774 1695 830 consuetudine
1715 769 1976 827 sermonis
1998 785 2086 825 no-

506 871 604 926 stri
628 911 643 937 ,
669 885 789 925 cum
821 869 872 924 id
899 867 1039 940 quod
1067 867 1360 922 certissime
1397 878 1672 935 speramus
1697 863 1924 917 futurum
1955 861 2084 916 dici-

505 978 646 1031 mus,
669 963 784 1018 lam
809 961 1001 1018 factum
1029 969 1172 1031 puta.

578 1055 667 1111 12.
706 1055 854 1110 Hanc
879 1064 1050 1108 autem
1077 1051 1251 1106 adhuc
1280 1049 1554 1104 informem
1584 1047 1881 1113 materiam,
1918 1043 2078 1100 etiam

505 1155 708 1202 terram
740 1145 1058 1200 invisibilem
1086 1151 1243 1212 atque
1269 1141 1670 1212 incompositam
1700 1139 1866 1194 voluit
1895 1137 2080 1208 appel-

503 1236 638 1303 lare,
664 1234 786 1306 quia
814 1233 953 1288 inter
979 1231 1157 1287 omnia
1195 1231 1458 1286 elementa
1496 1228 1679 1284 mundi
1707 1239 1843 1282 terra
1873 1227 2082 1281 videtur

502 1331 682 1384 minus
710 1325 946 1397 speciosa
968 1339 1125 1394 quam
1147 1331 1357 1379 cmtera.
1379 1321 1702 1377 lnvisibilem
1729 1327 1903 1374 autem
1925 1316 2078 1384 dixit,

502 1429 725 1491 propter
761 1415 1138 1472 obscuritatem
1165 1431 1179 1480 ;
1212 1421 1264 1470 et
1292 1413 1717 1482 incompositam,
1750 1417 1966 1480 propter
1996 1408 2079 1460 in-

500 1507 842 1565 formitatem.
887 1504 1141 1560 Eamdem
1187 1505 1353 1573 ipsam
1385 1502 1658 1556 materiam
1699 1500 1856 1554 etiam
1890 1511 2080 1568 aquam

500 1598 814 1668 appellavit,
843 1611 1004 1666 super
1028 1611 1184 1665 quam
1218 1593 1487 1650 ferebatur
1521 1591 1750 1662 Spiritus
1779 1590 1907 1656 Dei,
1943 1588 2081 1643 sicut

500 1689 834 1760 superfertur
857 1688 1019 1744 rebus
1048 1685 1369 1740 fabricandis
1394 1684 1638 1739 voluntas
1664 1681 1899 1736 artificis.
1928 1679 2079 1748 Quod

499 1780 598 1834 etsi
626 1794 913 1849 paucorum
951 1775 1293 1846 intelligentia
1326 1781 1497 1844 potest
1525 1773 1803 1840 attingere,
1835 1770 2080 1824 humanis

499 1880 678 1925 tamen
713 1869 885 1924 verbis
905 1908 922 1934 ,
964 1868 1143 1922 nescio
1170 1875 1342 1920 utrum
1373 1865 1455 1920 vel
1483 1880 1512 1918 a
1547 1865 1728 1934 paucis
1755 1863 2076 1928 hominibus,

498 1961 671 2031 possit
723 1959 934 2030 exponi.
985 1959 1272 2028 Propterea
1317 1970 1447 2012 vero
1499 1970 1605 2010 non
1649 1954 1876 2009 absurde
1918 1954 2077 2008 etiam

500 2066 637 2122 aqua
662 2051 796 2104 dicta
827 2057 911 2104 est
937 2049 1034 2103 ista
1066 2047 1284 2103 materia
1305 2085 1322 2113 ,
1349 2049 1471 2117 quia
1499 2045 1676 2100 omnia
1713 2060 1831 2114 qum
1862 2045 1911 2098 in
1942 2054 2078 2098 terra

499 2149 807 2204 nascuntur,
838 2141 948 2194 sive
985 2139 1254 2204 animalia,
1286 2137 1400 2194 sive
1426 2137 1642 2193 arbores
1672 2138 1751 2190 vel
1793 2137 1992 2198 herbaz,
2025 2145 2080 2190 et

499 2233 550 2288 si
591 2248 694 2304 qua
737 2233 948 2297 similia,
981 2231 1046 2286 ab
1089 2232 1310 2286 humore
1356 2230 1613 2299 incipiunt
1661 2228 1875 2282 formari
1921 2238 2078 2297 atque

497 2323 706 2378 nutriri.
730 2322 856 2377 Haec
879 2336 1005 2392 ergo
1030 2321 1243 2376 nomina
1269 2320 1467 2386 omnia,
1485 2321 1594 2375 sive
1618 2318 1811 2374 ctelum
1838 2329 1889 2372 et
1916 2327 2074 2382 terra,

502 2416 616 2470 sive
652 2421 792 2470 terra
834 2413 1110 2468 invisibilis
1145 2421 1198 2468 et
1227 2410 1576 2481 incomposita
1607 2421 1658 2465 et
1693 2411 1916 2482 abyssus
1955 2425 2075 2463 eum

501 2509 769 2574 tenebris,
811 2509 922 2564 sive
961 2522 1095 2578 aqua
1139 2521 1300 2576 super
1333 2521 1488 2576 quam
1526 2505 1750 2574 Spiritus
1792 2504 2074 2568 ferebatur,

501 2599 718 2654 nomina
757 2605 885 2652 sunt
912 2597 1154 2652 informis
1179 2596 1416 2651 materiae
1455 2613 1470 2650 :
1509 2605 1565 2649 ut
1593 2611 1679 2650 res
1718 2596 1893 2664 ignota
1937 2594 2077 2648 notis

498 2687 771 2744 vocabulis
819 2687 1176 2743 insinuaretur
1219 2683 1673 2754 imperitioribus;
1719 2693 1774 2740 et
1819 2699 1925 2737 non
1971 2697 2077 2737 uno

496 2779 779 2844 .vocabulo,
807 2779 900 2835 sed
928 2778 1127 2844 multis,
1163 2793 1228 2832 ne
1255 2778 1298 2832 si
1331 2793 1490 2832 unum
1520 2786 1683 2843 esset,
1727 2776 1827 2831 hoc
1869 2785 2079 2845 putare-

499 2871 587 2926 tur
609 2884 727 2926 esse
755 2869 893 2939 quod
919 2875 1304 2924 consueverant
1329 2866 1571 2921 homines
1607 2867 1658 2920 in
1699 2866 1790 2920 illo
1817 2865 2078 2920 vocabulo

500 2961 814 3032 intelligere.
836 2961 1044 3014 Dictum
1072 2967 1154 3015 est
1179 2973 1306 3030 ergo
1331 2959 1524 3013 ccelum
1556 2969 1607 3012 et
1630 2967 1789 3021 terra,
1812 2958 1930 3026 quia
1956 2956 2078 3010 inde

497 3052 732 3106 futurum
771 3059 884 3105 crat
913 3050 1102 3105 caelum
1133 3057 1188 3104 et
1229 3058 1388 3104 terra.
1421 3048 1564 3102 Dicta
1607 3057 1687 3101 est
1719 3056 1853 3100 terra
1892 3047 2078 3100 invisi-

501 3144 624 3200 bilis
653 3153 706 3198 et
735 3142 1078 3212 incomposita
1107 3151 1162 3197 et
1197 3141 1430 3196 tenebrae
1459 3157 1619 3209 super
1644 3142 1921 3210 abyssum,
1955 3141 2076 3210 quia

501 3237 746 3293 informis
771 3246 904 3304 erat,
932 3247 986 3292 et
1014 3237 1154 3290 nulla
1184 3236 1361 3306 specie
1386 3234 1530 3290 cerni
1563 3242 1652 3287 aut
1681 3235 1888 3287 tractari
1929 3243 2078 3301 pote-

503 3338 606 3393 rat,
635 3327 839 3384 etiamsi
881 3337 1023 3384 esset
1051 3325 1211 3381 homo
1236 3327 1322 3396 qui
1361 3325 1562 3380 videret
1605 3333 1762 3394 atque
1804 3332 2073 3378 tractaret.

502 3415 650 3473 Dicta
682 3426 764 3472 cst
786 3432 942 3488 aqua,
965 3418 1085 3486 quia
1112 3417 1277 3471 facilis
1301 3425 1354 3470 et
1377 3416 1586 3469 ductilis
1613 3415 1919 3484 subiacebat
1944 3429 2077 3484 ope-

498 3509 679 3578 ranti,
722 3517 778 3564 ut
825 3509 890 3564 de
933 3508 1018 3562 illa
1063 3509 1238 3562 omnia
1281 3506 1652 3562 formarentur.
1703 3505 1808 3561 Sed
1853 3507 1952 3560 sub
1995 3507 2079 3562 his

502 3600 750 3655 omnibus
791 3599 1090 3654 nominibus
1116 3598 1332 3653 materia
1362 3607 1476 3653 erat
1521 3598 1686 3652 invisa
1725 3606 1780 3652 et
1816 3596 2076 3666 informis,

505 3689 573 3744 de
597 3704 696 3759 qua
725 3689 862 3744 Deus
888 3688 1122 3744 condidit
1150 3689 1424 3742 mundum.

501 3782 730 3838 CAPUT
765 3780 894 3837 Vill.
939 3811 1005 3822 â€”
1045 3780 1355 3851 Deprimitur
1395 3779 1792 3834 Manichaeorum
1825 3780 2080 3835 calumnia

1133 3871 1196 3925 de
1222 3888 1349 3925 vers.
1377 3872 1430 3926 4.

574 3964 662 4020 15.
706 3961 771 4017 Et
805 3962 931 4018 dixit
963 3961 1125 4028 Deus,
1166 3960 1286 4016 Fiat
1325 3962 1430 4016 lux.
1465 3961 1532 4016 Et
1558 3964 1690 4032 facta
1720 3971 1790 4016 est
1819 3961 1926 4017 lux.
1965 3963 2079 4020 Hoc

499 4070 610 4111 non
655 4054 827 4109 solent
863 4053 1250 4123 reprehendere
1291 4053 1583 4115 Manichaei,
1625 4055 1718 4108 sed
1765 4054 1893 4108 illud
1934 4055 2076 4124 quod

500 4147 761 4218 sequitur,
802 4145 869 4200 Et
905 4145 1026 4200 vidit
1062 4144 1200 4199 Deus
1240 4145 1398 4199 lucem
1433 4147 1550 4216 quia
1586 4145 1715 4200 bona
1753 4157 1844 4201 est.
1886 4147 2076 4203 Dicunt

501 4239 644 4294 enim
671 4256 684 4293 :
713 4239 853 4309 Ergo
879 4254 985 4293 non
1014 4246 1232 4293 noverat
1272 4239 1407 4293 Deus
1437 4240 1624 4306 lucem,
1657 4250 1748 4294 aut
1778 4255 1882 4295 non
1910 4257 2076 4295 nove-

497 4339 586 4386 rat
624 4330 844 4385 bonum.
884 4329 1063 4385 Miseri
1091 4329 1358 4396 homines,
1387 4330 1575 4400 quibus
1618 4333 1893 4403 displicet,
1933 4327 2075 4403 quod

499 4422 612 4479 Deo
639 4421 950 4492 placuerunt
975 4435 1135 4492 opera
1165 4436 1281 4489 sua,
1311 4437 1428 4476 cum
1459 4421 1670 4476 videant
1704 4424 1864 4478 etiam
1906 4424 2077 4479 horni-

499 4530 624 4570 nem
685 4514 983 4582 artificem,
1036 4515 1183 4579 verbi
1240 4515 1443 4584 gratia,
1499 4516 1775 4586 lignarium
1831 4517 2073 4586 fabrum,

443 4619 449 4652 á¼‘
501 4609 748 4680 quamvis
774 4608 826 4663 in
860 4607 1253 4678 comparatione
1290 4606 1561 4677 sapientiae
1600 4616 1657 4664 et
1695 4610 1942 4679 potentia:
1982 4612 2074 4666 Dei

497 4715 644 4772 pene
669 4703 840 4757 nullus
865 4701 931 4757 sit
951 4743 966 4764 .
998 4710 1172 4757 tamen
1201 4711 1306 4756 tam
1337 4702 1427 4756 ditt
1457 4703 1652 4773 lignum
1680 4704 1886 4759 cardere
1919 4713 2076 4776 atque

497 4802 732 4850 tractare
768 4792 1028 4857 dolando,
1055 4793 1302 4848 asciando
1323 4834 1341 4861 ,
1373 4795 1664 4864 planando,
1693 4797 1777 4850 vel
1817 4798 2077 4852 tornando

499 4892 660 4955 atque
693 4884 940 4954 poliendo
967 4899 1242 4955 quousque
1291 4884 1356 4939 ad
1397 4888 1526 4939 artis
1567 4887 1778 4955 regulas
1819 4888 2078 4956 perduca-

499 4981 610 5044 tur,
637 4981 888 5045 quantum
917 4983 1111 5044 potest,
1145 4983 1198 5029 et
1222 4974 1422 5044 placeat
1449 4975 1637 5030 artifici
1668 4991 1785 5030 suo.
1814 4977 2075 5047 Numquid

500 5079 633 5137 ergo
667 5063 788 5135 quia
816 5062 988 5133 placet
1014 5062 1062 5118 ei
1092 5065 1232 5133 quod
1263 5063 1404 5128 fecit,
1433 5063 1553 5119 ideo
1589 5079 1693 5119 non
1733 5076 1951 5121 noverat
1976 5067 2076 5122 bo-

497 5157 672 5215 num?
696 5156 921 5212 Prorsus
956 5163 1176 5210 noverat
1214 5155 1353 5211 intus
1387 5155 1440 5210 in
1474 5155 1671 5222 animo,
1708 5156 1795 5211 ubi
1835 5171 1923 5212 ars
1964 5158 2076 5226 ipsa

497 5251 773 5323 pulchrior
804 5258 914 5315 est,
958 5265 1116 5321 quam
1155 5249 1246 5304 illa
1285 5264 1403 5320 quae
1444 5258 1558 5304 arte
1591 5248 1930 5304 fabricantur.
1972 5249 2077 5305 Sed

501 5342 645 5414 quod
686 5341 828 5397 videt
855 5339 1042 5396 artifex
1071 5341 1214 5395 intus
1243 5340 1295 5394 in
1338 5347 1474 5406 arte,
1502 5339 1605 5394 hoc
1641 5339 1770 5395 foris
1810 5340 1997 5411 probat
2023 5341 2076 5395 in

501 5450 685 5504 opere,
711 5441 766 5489 et
793 5435 894 5489 hoc
921 5441 1004 5489 est
1045 5429 1336 5502 perfectum
1371 5431 1510 5502 quod
1535 5431 1723 5486 artifici
1757 5447 1854 5488 suo
1883 5433 2075 5502 placet.

509 5526 648 5582 Vidit
673 5541 801 5598 ergo
837 5525 974 5582 Deus
1012 5525 1174 5580 lucem
1209 5523 1327 5595 quia
1368 5524 1497 5578 bona
1537 5533 1607 5579 est
1629 5540 1649 5579 :
1671 5525 1863 5596 quibus
1901 5525 2077 5579 verbis

499 5637 610 5677 non
649 5621 948 5678 ostenditur
984 5619 1214 5676 eluxisse
1251 5616 1362 5674 Deo
1401 5616 1668 5672 insolitum
1707 5617 1938 5686 bonum,
1982 5615 2078 5674 sed

502 5714 764 5787 placuisse
784 5711 1090 5782 perfectum.

579 5807 668 5864 ll.
705 5804 844 5873 Quid
873 5803 917 5863 si
945 5802 1144 5860 dictum
1178 5807 1355 5870 esset,
1382 5798 1598 5856 Miratus
1620 5807 1704 5856 est
1736 5799 1877 5857 Deus
1899 5797 2076 5858 lucem

1364 388 1454 445 DE
1493 384 1740 446 CENESI
1773 382 2044 439 CONTRA
2082 380 2382 452 MAMCH.,
2423 385 2480 442 S.
2520 386 2893 446 AUGUSTI!â€œ

3671 400 3782 460 Î·Î¿

2191 497 2312 567 quia
2341 497 2480 553 bona
2512 501 2636 556 est?
2661 507 2916 572 quantum
2947 494 3280 562 clamarent?
3303 516 3558 580 quantum
3587 511 3766 586 litiga-

2191 590 2353 644 rent?
2391 590 2684 646 Admiratio
2739 594 2880 648 enim
2934 611 3119 652 revera
3160 597 3227 653 de
3282 603 3442 656 rebus
3482 603 3775 675 insperatis

2190 679 2334 734 nasci
2363 681 2515 746 solet,
2539 689 2593 736 et
2627 691 2798 737 tamen
2830 684 3007 755 legunt
3032 687 3136 753 isti,
3161 697 3213 742 et
3239 689 3455 747 laudant
3480 694 3769 755 Dominum

2188 778 2427 824 nostrum
2471 770 2650 826 Jesum
2699 772 2968 830 Christum
3013 778 3065 832 in
3109 780 3396 852 Evangelio
3448 785 3768 846 admiratum

2187 875 2307 917 esse
2336 860 2490 917 fidem
2517 864 2845 921 credentium
2873 869 2893 940 (
2917 868 3102 924 Matth.
3133 887 3244 939 vni,
3276 875 3346 930 t0
3369 875 3407 945 l.
3438 876 3567 944 Quis
3590 890 3768 938 autem

2189 949 2240 1004 in
2273 951 2378 1006 illis
2407 951 2604 1009 fecerat
2633 956 2800 1026 ipsam
2831 958 2986 1014 fidem
3007 1002 3022 1027 ,
3054 961 3152 1016 nisi
3188 963 3300 1034 ipse
3326 968 3412 1037 qui
3443 985 3558 1023 eam
3601 973 3767 1027 mira-

2186 1040 2382 1097 batur?
2408 1045 2556 1110 Quod
2587 1048 2629 1102 si
2657 1055 2712 1103 et
2738 1049 2873 1105 alius
2897 1067 3013 1105 eam
3045 1052 3286 1120 fecisset,
3315 1060 3497 1128 utquid
3529 1062 3757 1120 mirare-

2188 1143 2291 1200 tur,
2321 1136 2410 1206 qui
2437 1139 2691 1206 praescius
2719 1142 2872 1195 erat?
2900 1141 2955 1197 Si
2985 1143 3198 1200 solvunt
3220 1145 3494 1204 Manichari
3518 1154 3767 1220 qurestio-

2187 1241 2308 1283 nem
2338 1227 2516 1296 istam,
2542 1232 2756 1287 videant
2784 1235 2904 1304 quia
2934 1243 2989 1290 et
3013 1236 3096 1289 illa
3124 1237 3259 1292 solvi
3287 1249 3476 1309 potest.
3507 1242 3563 1297 Si
3589 1255 3768 1301 autem

2186 1331 2292 1371 non
2316 1319 2548 1387 solvunt,
2572 1324 2695 1392 quid
2723 1325 2820 1379 ista
2842 1326 3237 1396 reprehendunt
3257 1347 3374 1401 qua:
3399 1332 3466 1386 ad
3495 1349 3554 1389 se
3579 1335 3767 1392 nolunt

2183 1408 2450 1477 pertinere
2471 1453 2486 1475 ,
2518 1427 2637 1467 cum
2669 1414 2757 1469 illa
2787 1431 2904 1485 quae
2931 1417 2996 1470 ad
3027 1433 3085 1474 se
3123 1421 3388 1489 pertinere
3417 1423 3630 1492 dicunt,
3660 1443 3765 1483 non

2186 1502 2472 1558 noverint?
2500 1505 2652 1572 Quod
2678 1509 2818 1562 enim
2851 1510 3070 1564 miratur
3101 1512 3356 1568 Dominus
3381 1527 3582 1584 noster,
3613 1520 3770 1575 nobis

2184 1593 2484 1648 mirandum
2514 1611 2632 1652 es<e
2661 1598 2918 1668 signiï¬cat
2940 1641 2955 1668 ,
2989 1602 3178 1670 quibus
3215 1603 3388 1659 adhuc
3423 1616 3506 1661 est
3533 1623 3666 1677 opus
3688 1610 3770 1666 sic

2184 1683 2407 1738 meveri.
2437 1684 2634 1741 Omnes
2669 1703 2795 1758 ergo
2821 1690 2951 1744 tales
2985 1699 3158 1746 motus
3187 1693 3302 1762 ejus
3335 1711 3438 1750 non
3469 1701 3764 1766 perturbati

2184 1772 2348 1827 animi
2379 1784 2500 1828 sunt
2527 1776 2673 1845 signa
2693 1819 2706 1842 ,
2739 1778 2833 1833 sed
2866 1779 3111 1835 docentis
3139 1783 3399 1853 magistri.
3442 1784 3531 1840 Sic
3561 1799 3683 1844 sunt
3711 1799 3768 1845 et

2185 1863 2344 1918 verba
2371 1865 2577 1923 Veteris
2605 1867 2952 1935 Testamenti,
2981 1887 3097 1941 qua:
3137 1888 3242 1926 non
3286 1875 3448 1929 Deum
3494 1877 3768 1934 infirmum

2183 1954 2395 2020 docent,
2418 1958 2510 2011 sed
2539 1970 2733 2013 nostra:
2757 1960 3046 2016 infirmitati
3075 1963 3429 2021 blandiuntur.
3452 1967 3589 2024 Nihil
3619 1974 3768 2027 enim

2183 2045 2250 2100 de
2275 2047 2384 2102 Deo
2407 2048 2564 2119 digne
2589 2050 2690 2105 dici
2713 2060 2908 2120 potest.
2933 2053 3097 2108 Nobis
3124 2067 3297 2111 tamen
3323 2067 3379 2112 ut
3405 2062 3698 2117 nutriamur
3721 2065 3765 2132 á½·,

2183 2144 2237 2190 et
2277 2137 2342 2191 ad
2383 2153 2442 2193 ea
2490 2141 2860 2209 perveniamus
2898 2160 3015 2214 qua:
3055 2147 3198 2200 nullo
3242 2147 3473 2206 humano
3519 2168 3768 2214 sermone

2181 2223 2282 2280 dici
2311 2239 2548 2295 possunt,
2573 2247 2632 2285 ea
2661 2231 2907 2286 dicuntur
2929 2250 3046 2304 quae
3075 2250 3264 2306 capere
3295 2253 3596 2306 possumus.

2181 2315 2408 2376 CAPUT
2432 2317 2524 2374 IX.
2564 2351 2638 2362 -â€”
2675 2321 2856 2392 Agitur
2893 2340 2986 2394 pro
3015 2325 3172 2378 altera
3204 2339 3343 2396 parte
3373 2331 3601 2400 ejusdem
3633 2350 3741 2389 verr

2485 2420 2532 2464 et
2561 2429 2652 2481 pro
2679 2414 2841 2482 prima
2871 2424 3011 2484 parte
3034 2433 3156 2471 vers.
3185 2422 3452 2488 sequentis.

2256 2499 2341 2555 l5.
2386 2497 2453 2553 Et
2485 2503 2651 2556 divisit
2679 2502 2816 2558 Deus
2841 2505 2968 2558 inter
2995 2506 3152 2560 lucem
3177 2519 3221 2561 et
3242 2512 3486 2578 tenebras,
3511 2523 3557 2567 et
3575 2518 3774 2571 vocavit

2187 2589 2321 2646 Deus
2358 2593 2489 2647 diem
2517 2595 2708 2663 lucem,
2745 2607 2790 2650 el
2818 2596 3041 2653 tenebras
3068 2602 3258 2655 vocavit
3287 2615 3500 2658 noctem.
3538 2607 3632 2662 llic
3657 2624 3764 2663 non

2183 2681 2380 2737 dictum
2407 2694 2508 2750 est,
2540 2685 2688 2740 Fecit
2719 2687 2857 2743 Deus
2884 2690 3169 2757 tenebras;
3201 2694 3322 2762 quia
3353 2696 3606 2763 tenebraz,
3630 2699 3771 2754 sicut

2183 2775 2428 2843 superius
2471 2775 2668 2830 dictum
2710 2787 2825 2845 est,
2872 2779 3002 2835 lucis
3041 2781 3279 2838 absentia
3323 2794 3405 2840 est
3442 2803 3455 2840 :
3497 2786 3775 2845 distinctio

2184 2873 2361 2920 tamen
2394 2866 2528 2921 facta
2556 2877 2639 2922 est
2669 2869 2806 2924 inter
2833 2870 3004 2926 lucem
3035 2882 3086 2926 et
3116 2875 3380 2930 tenebras.
3407 2875 3767 2944 Quemadmo-

2182 2956 2308 3010 dum
2341 2972 2438 3012 nos
2473 2959 2754 3014 clamando
2778 2976 2964 3016 vocent
3001 2963 3262 3032 facimus;
3294 2966 3557 3022 silentium
3588 2978 3764 3026 autem

2183 3063 2288 3100 non
2329 3049 2568 3104 sonando
2605 3049 2846 3118 facimus,
2890 3053 3011 3123 quia
3049 3057 3276 3110 cessatio
3313 3059 3460 3112 vecis
3497 3060 3766 3117 silentium

2185 3149 2301 3192 est:
2333 3139 2703 3209 distinguimus
2742 3152 2916 3197 tamen
2945 3158 3102 3199 sensu
3138 3147 3368 3216 quodam
3407 3149 3548 3204 inter
3577 3167 3766 3206 vocem

2185 3236 2237 3281 et
2261 3228 2553 3297 silentium,
2577 3239 2630 3285 et
2659 3232 2786 3286 illud
2812 3247 3062 3289 vocamus
3091 3252 3296 3304 vocem,
3322 3239 3449 3293 illud
3471 3241 3763 3308 silentium;

2183 3321 2626 3388 quemadmodum
2657 3340 2784 3394 ergo
2822 3334 2970 3381 recte
3007 3327 3234 3382 dicimur
3263 3329 3433 3386 facere
3472 3331 3765 3399 silentium,

2185 3410 2262 3464 sie
2303 3418 2448 3465 recte
2486 3413 2666 3466 multis
2700 3415 2994 3470 divinarum
3036 3417 3428 3487 Scripturarum
3461 3420 3590 3476 locis
3627 3423 3768 3478 Deus

2185 3499 2379 3555 dicitur
2409 3504 2581 3557 facere
2608 3505 2854 3560 tenebras
2873 3547 2890 3573 ,
2916 3508 3038 3577 quia
3065 3509 3238 3563 lucem
3269 3512 3459 3580 quibus
3487 3513 3598 3566 vult
3629 3523 3764 3567 tem-

2185 3592 2404 3662 poribus
2428 3603 2480 3646 et
2512 3594 2638 3648 locis
2669 3595 2753 3649 vel
2781 3611 2883 3650 nou
2914 3597 3024 3663 dat,
3057 3598 3134 3652 vel
3165 3598 3415 3654 detrahit.
3449 3601 3559 3656 Hoc
3587 3611 3768 3658 autem

2187 3692 2353 3738 totum
2392 3685 2458 3738 ad
2488 3687 2812 3742 intellectum
2843 3698 3078 3743 nostrum
3117 3691 3314 3747 dictum
3343 3703 3445 3748 est.
3481 3697 3595 3763 Qua
3624 3699 3764 3753 enim

2187 3773 2364 3844 lingua
2388 3778 2592 3830 vocavit
2617 3777 2754 3831 Deus
2780 3778 2920 3834 diem
2946 3781 3138 3845 lucem,
3163 3792 3217 3836 et
3239 3787 3486 3840 tenebras
3513 3789 3766 3844 noctem?

2184 3873 2361 3919 utrum
2405 3865 2646 3933 hebrma,
2676 3883 2742 3922 an
2773 3883 2940 3938 grazca
2961 3911 2976 3936 ,
3011 3886 3076 3924 an
3109 3871 3299 3939 latina,
3326 3890 3393 3928 an
3419 3877 3590 3948 aliqua
3621 3880 3719 3933 alia
3739 3881 3766 3935 á¼²

2184 3963 2240 4010 et
2280 3957 2357 4010 sic
2393 3957 2568 4010 omnia
2609 3973 2726 4028 qua:
2765 3961 2994 4028 vocavit,
3025 3963 3190 4031 quieri
3233 3975 3406 4034 potest
3449 3984 3550 4038 qua
3588 3969 3763 4041 lingua

2183 4049 2469 4104 vocaverit.
2505 4050 2608 4105 Sed
2639 4051 2775 4120 apud
2805 4052 2970 4107 Deum
3003 4069 3166 4123 purus
3193 4056 3492 4114 intellectus
3519 4071 3620 4127 est,
3647 4064 3770 4119 sine

2183 4139 2404 4208 strepitu
2433 4149 2488 4195 et
2531 4141 2834 4197 diversitate
2870 4143 3186 4214 linguarum.
3228 4145 3433 4203 Vocavit
3469 4161 3646 4206 autem
3676 4155 3763 4208 di-

2183 4239 2325 4285 ctum
2355 4241 2468 4296 est,
2510 4233 2687 4287 vocari
2727 4233 2889 4300 fecit;
2927 4237 3047 4306 quia
3089 4237 3167 4292 sic
3201 4238 3441 4296 distinxit
3478 4243 3682 4311 omnia,
3711 4254 3768 4301 et

2183 4320 2471 4387 ordinavit,
2497 4331 2554 4376 ut
2579 4333 2633 4378 et
2656 4323 2884 4379 discerni
2909 4337 3148 4397 possent,
3185 4337 3239 4384 et
3263 4332 3476 4386 nomina
3501 4336 3762 4405 accipere.

2185 4411 2291 4468 Sed
2321 4423 2502 4482 postea
2538 4429 2636 4468 suo
2670 4416 2787 4471 loco
2824 4419 3190 4488 requiremus,
3229 4434 3405 4478 utrum
3435 4441 3560 4482 vere
3583 4428 3659 4482 sic
3683 4436 3767 4484 est

2183 4503 2544 4573 accipiendum
2565 4548 2579 4572 ,
2611 4507 2732 4576 quia
2767 4510 2974 4564 vocavit
3003 4511 3182 4579 Deus;
3213 4517 3461 4585 quoniam
3505 4529 3770 4588 quantum

2182 4594 2485 4650 accedimus
2510 4596 2562 4650 in
2585 4595 2874 4669 Scripturis
2895 4610 2949 4657 et
2974 4603 3024 4657 in
3051 4604 3130 4659 eis
3157 4607 3535 4676 assuescimus,
3561 4620 3762 4668 tantum

2183 4689 2336 4744 nobis
2355 4689 2650 4748 locutiones
2669 4707 2850 4748 earum
2873 4695 3224 4754 innotescunt.
3244 4697 3332 4756 Sic
3353 4704 3492 4757 enim
3514 4703 3760 4772 dicimus,

2181 4777 2277 4836 llle
2307 4781 2684 4850 paterfamilias
2709 4785 2987 4841 aedificavit
3010 4787 3226 4844 domum
3253 4791 3428 4856 istam,
3459 4794 3510 4847 id
3533 4805 3614 4850 est
3633 4796 3764 4850 ardi-

2181 4870 2324 4926 ilcari
2353 4871 2498 4937 fecit,
2526 4881 2579 4927 et
2604 4874 2768 4928 multa
2797 4877 2918 4932 talia
2944 4866 3039 4946 per
3061 4894 3246 4936 omnes
3275 4881 3444 4940 libros
3463 4884 3764 4945 divinarum

2183 4963 2573 5033 Scripturarum
2601 4967 2956 5022 inveniuntur.

2182 5054 2407 5110 CAPUT
2435 5056 2503 5111 X.
2528 5085 2600 5098 --
2620 5056 2687 5112 Ut
2719 5068 2846 5112 recte
2869 5060 3164 5133 intelligitur
3198 5066 3405 5137 coepisse
3444 5077 3491 5122 et
3527 5071 3770 5127 transisse

2641 5147 2746 5202 dies
2771 5166 2900 5205 unus
2914 5152 3070 5224 juxta
3089 5170 3217 5210 vers.
3245 5157 3299 5211 5.

2255 5238 2342 5294 l6.
2385 5238 2452 5292 Et
2479 5243 2612 5310 facta
2650 5249 2720 5295 est
2761 5257 2964 5314 vespera
2989 5245 3034 5308 â¸,
3075 5255 3120 5299 et
3158 5247 3347 5316 factum
3376 5260 3449 5304 est
3477 5269 3623 5308 mane
3659 5255 3767 5311 dies

2185 5348 2333 5386 unus.
2370 5332 2436 5386 Et
2462 5331 2546 5387 hic
2570 5333 2960 5389 calumniantur
2987 5335 3292 5406 Manichaei,
3324 5341 3449 5396 dum
3482 5353 3668 5413 putant
3693 5347 3766 5403 ita

2183 5422 2382 5476 dictum
2411 5437 2563 5490 esse,
2594 5424 2744 5493 quasi
2780 5441 2810 5479 a
2844 5440 3063 5496 vespera
3105 5429 3218 5486 dies
3247 5435 3488 5504 cmperit.
3523 5437 3641 5493 Non
3680 5439 3763 5494 in.

2186 5512 2425 5582 telligunt
2450 5514 2812 5583 operationem
2839 5517 2981 5572 illam
3009 5536 3111 5590 qua
3138 5522 3226 5577 lux
3256 5523 3388 5580 facta
3418 5535 3520 5593 est,
3549 5538 3603 5583 et
3631 5530 3740 5586 divi

2247 5624 2423 5704 1Esz
2436 5624 2756 5704 á¼“Î¾á½·Î¼Ï‰Î»á½³á½±Î±Îµá½·Ïƒ
2769 5625 2909 5704 Î²á½±Î¸Îµ-
2933 5639 2991 5704 Aï¬,
3011 5637 3185 5704 Î·Î¸Îµá½·Ï…Îµ
3205 5638 3359 5697 codex
3383 5650 3696 5704 venetum:
3716 5651 3769 5698 ct

2184 5687 2376 5760 Optima:
2397 5694 2543 5760 noue,
2562 5689 2746 5760 aliique
2766 5687 2938 5743 decem
2955 5702 3061 5746 Mss.
3075 5687 3650 5760 á¼¶Î¸Ï„Ï…Î·Ïˆá½¶á½¶á¿—Î¹á¿¦Î¹á½¶á¼±á¿–á½ á½¶Î¹á¿–Î¹á¿—Î¾

2249 5748 2804 5832 :Etfa'ctum
2824 5764 2893 5807 est
2939 5770 3145 5823 vespere.
3171 5766 3222 5812 In
3708 5772 3770 5822 Et

2186 5808 2317 5874 facta
2337 5817 2405 5862 est
2436 5808 2646 5875 vespera.
