4056 6488
377 341 490 399 (81

360 501 495 542 sum
525 495 611 542 est
650 480 788 539 inter
828 481 998 538 lucem
1043 490 1099 537 et
1133 481 1398 546 tenebras,
1427 488 1481 536 et
1516 491 1700 536 vocata
1742 491 1825 538 est
1863 482 1953 537 lux

361 575 514 640 dies.
549 585 607 632 et
635 574 862 632 tenebrae
897 589 1040 636 nox;
1073 572 1210 629 hanc
1238 588 1365 642 ergo
1401 581 1563 626 totam
1593 574 1951 642 operationem

361 683 478 725 non
524 669 823 740 in.elligunt
855 670 922 725 ad
952 671 1090 723 diem
1132 669 1433 738 pertinere;
1468 679 1582 738 post
1611 667 1749 723 hanc
1776 676 1950 721 autem

358 765 735 832 operationem
767 775 1011 833 tanquam
1041 761 1189 816 linito
1213 761 1301 816 die
1325 759 1460 816 facta
1486 771 1568 816 est
1591 775 1830 836 vespera.
1848 759 1952 815 Sed

357 857 491 925 quia
519 857 683 911 etiam
726 873 830 910 nox
859 857 924 909 ad
965 855 1104 910 diem
1144 871 1298 910 suum
1338 854 1600 925 pertinet,
1633 870 1735 909 non
1763 853 1953 908 dicitur

357 943 628 1003 transisse
665 947 778 1002 dies
808 963 975 1013 unus,
1011 947 1112 1002 nisi
1143 949 1298 1002 etiam
1331 954 1486 1002 nocte
1529 955 1790 1001 transacta
1830 961 1951 1000 cum

357 1037 565 1093 factum
604 1048 687 1093 est
724 1054 915 1094 mane:
957 1038 1033 1093 sic
1067 1039 1318 1108 deinceps
1347 1038 1533 1109 reliqui
1577 1036 1692 1093 dies
1728 1051 1950 1106 eompu~

356 1138 552 1185 tantur
569 1148 596 1184 a
625 1147 782 1201 mane.
804 1147 974 1202 usque
996 1132 1049 1185 in
1072 1147 1246 1186 mane.
1267 1131 1420 1186 Nunc
1443 1131 1585 1186 enim
1611 1146 1730 1184 cum
1757 1128 1949 1184 factum

356 1232 454 1276 est
482 1238 668 1288 mane,
695 1231 749 1276 et
782 1232 1075 1276 transactus
1103 1231 1186 1277 est
1224 1237 1358 1276 unus
1392 1223 1525 1285 dies,
1556 1221 1736 1291 incipit
1763 1236 1947 1290 opera—

356 1313 462 1377 tio,
486 1329 605 1382 qua:
636 1314 878 1382 sequitur
901 1313 967 1367 ab
997 1312 1113 1383 ipso
1141 1329 1293 1368 mane
1314 1313 1452 1383 quod
1481 1316 1588 1381 jam
1613 1312 1808 1366 factum
1839 1322 1945 1380 est,

353 1414 418 1458 et
448 1415 568 1474 post
593 1406 764 1475 ipsam
794 1407 1155 1475 operationem
1186 1407 1243 1459 lit
1272 1421 1514 1475 vespera,
1544 1404 1737 1460 deinde
1769 1420 1945 1471 mane,

355 1509 418 1554 et
459 1500 649 1554 transit
691 1499 824 1554 alter
863 1499 977 1555 dies
1003 1517 1016 1554 :
1047 1507 1204 1570 atque
1247 1497 1316 1552 ita
1358 1498 1609 1567 deinceps
1631 1497 1806 1552 caeteri
1834 1496 1949 1552 dies

358 1601 662 1646 transeunt.

356 1682 591 1738 CAPUT
617 1683 708 1738 Xl.
731 1714 803 1724 —
827 1683 980 1756 Aqua:
1015 1693 1069 1736 ut
1094 1684 1408 1751 ﬁrmamento
1438 1682 1609 1736 divisae
1631 1697 1650 1736 :
1674 1699 1800 1735 vers.
1825 1681 1943 1737 6-8.

438 1776 525 1828 l7.
558 1774 624 1828 Et
650 1775 776 1828 dixit
799 1773 956 1837 Deus,
983 1774 1101 1828 Fiat
1127 1775 1501 1843 [imitamentum
1520 1773 1572 1827 in
1597 1774 1759 1826 medio
1782 1789 1944 1844 aquae,

351 1875 408 1918 et
435 1866 498 1918 sit
539 1866 715 1919 divisio
754 1867 881 1920 inter
909 1883 1092 1936 aquam
1123 1875 1167 1918 ct
1194 1879 1421 1934 aquam;
1451 1873 1497 1918 et
1535 1864 1607 1918 sic
1635 1868 1822 1936 factum
1850 1872 1943 1918 est.

355 1957 432 2012 Et
459 1960 575 2030 fecit
601 1958 742 2013 Deus
770 1960 1160 2026 ﬁrmamentum,
1189 1967 1235 2011 et
1265 1957 1428 2010 divisit
1453 1955 1588 2010 Deus
1611 1957 1740 2010 inter
1763 1968 1945 2022 aquam

351 2065 471 2117 qua
501 2057 572 2101 est
601 2065 750 2118 super
776 2049 1168 2116 (irritamentum,
1193 2057 1239 2101 et
1263 2048 1390 2100 inter
1415 2063 1596 2116 aquam
1621 2062 1732 2116 quae
1758 2054 1828 2118 est
1855 2044 1944 2100 sub

356 2137 711 2203 ﬁrmamento,
746 2147 792 2192 et
825 2139 1013 2191 vocavit
1044 2136 1182 2191 Deus
1226 2138 1598 2207 ﬁrmamentum
1640 2137 1820 2190 cretum
1842 2152 1861 2191 :
1899 2145 1944 2190 et

353 2231 484 2284 vidit
504 2229 642 2283 Deus
661 2230 778 2301 quia
799 2230 980 2282 bonum
1001 2238 1093 2283 est.
1119 2229 1240 2283 "me
1263 2246 1365 2283 non
1390 2231 1605 2284 memini
1629 2229 1943 2284 Manichmos

353 2321 754 2390 reprehendere
796 2323 1004 2377 solere:
1039 2331 1212 2375 tamen
1257 2321 1398 2392 quod
1433 2322 1614 2375 divisae
1642 2330 1764 2374 sunt
1793 2336 1942 2392 aqua:

353 2423 413 2466 ut
436 2413 556 2466 alia:
582 2421 764 2468 essent
784 2428 942 2482 super
967 2411 1382 2475 firmamentum,
1409 2419 1465 2466 et
1491 2413 1606 2465 aliae
1636 2412 1733 2466 sub
1761 2414 1939 2465 firma-

352 2516 567 2570 mento,
600 2506 849 2575 quoniam
880 2507 1154 2560 materiam
1194 2505 1336 2561 illam
1379 2504 1686 2559 dicebamus
1726 2505 1941 2561 nomine

351 2612 508 2666 aqua:
540 2597 885 2664 appellatam,
920 2597 1080 2652 credo
1111 2597 1442 2652 firmamento
1471 2595 1590 2653 εαξη
1619 2597 1636 2628 ¹
1664 2597 1938 2650 materiam

351 2689 686 2754 corporalem
724 2703 900 2741 rerum
946 2687 1226 2742 visibilium
1257 2688 1323 2741 ab
1364 2687 1450 2741 illa
1491 2686 1809 2757 incorporali
1847 2701 1939 2742 re-

351 2794 470 2833 rum
505 2779 844 2833 invisibilium
890 2778 1049 2834 fuisse
1087 2780 1394 2834 discretam.
1419 2779 1547 2833 Cum
1576 2778 1715 2833 enim
1743 2777 1936 2833 caelum

350 2871 418 2924 sit
458 2885 657 2939 corpus
697 2870 1138 2938 pulcherrimum,
1180 2869 1353 2924 omnis
1395 2868 1668 2922 invisibilis
1696 2878 1937 2923 creatura

349 2962 565 3017 excedit
608 2963 767 3016 etiam
807 2961 1254 3030 pulchritudinem
1283 2959 1525 3026 cmli;et
1555 2961 1672 3014 ideo
1716 2961 1936 3014 fortasse

348 3069 514 3126 super
553 3055 746 3110 caelum
776 3070 895 3109 esse
934 3055 1182 3108 dicuntur
1211 3069 1359 3123 aqua:
1399 3052 1708 3118 invisibiles,
1750 3069 1867 3122 qua:
1905 3067 1935 3106 a

349 3151 534 3220 paucis
562 3149 924 3218 intelliguntur
954 3164 1056 3202 non
1095 3149 1329 3202 locorum
1360 3147 1594 3214 sedibus,
1627 3147 1718 3201 sed
1760 3147 1934 3217 digni-

349 3251 462 3296 tate
492 3252 695 3296 natura:
740 3257 992 3310 superare
1039 3242 1231 3296 cmlum
1257 3259 1270 3294 :
1299 3256 1598 3311 quanquam
1643 3240 1706 3294 de
1748 3240 1847 3294 hac
1877 3255 1935 3294 re

349 3334 482 3388 nihil
529 3344 728 3388 temere
773 3334 1140 3388 aflirmandum
1187 3344 1303 3400 est;
1335 3334 1558 3389 obscura
1587 3344 1666 3388 est
1693 3334 1854 3400 enim,
1882 3345 1936 3388 et

347 3437 553 3481 remota
597 3442 628 3480 a
657 3427 898 3481 sensibus
938 3427 1253 3481 hominum:
1293 3425 1386 3479 sed
1426 3440 1637 3494 quoquo
1678 3425 1838 3478 modo
1877 3441 1934 3480 se

351 3515 566 3580 habeat,
603 3524 886 3587 antequam
916 3517 1256 3585 intelligatur,
1289 3514 1552 3569 credenda
1579 3523 1678 3568 est.
1707 3513 1771 3566 Et
1796 3517 1935 3586 facta

349 3620 420 3663 est
465 3625 692 3678 vespera,
722 3618 769 3661 et
816 3612 1006 3679 factum
1053 3616 1123 3661 est
1171 3620 1318 3660 mane
1355 3605 1462 3659 dies
1507 3605 1772 3659 secundas.
1814 3605 1932 3660 .lam

348 3701 527 3755 Omnia
552 3700 667 3754 haec
684 3716 801 3769 quze
823 3709 1152 3768 repetuntur,
1173 3699 1308 3754 sicut
1328 3697 1570 3769 superius
1590 3697 1932 3768 intelligenda

350 3800 508 3860 atque
539 3791 810 3844 tractanda
832 3801 982 3844 Sunt.

350 3881 576 3938 CAPUT
603 3881 717 3936 XII.
747 3911 818 3922 —
855 3884 1114 3952 Aquarum
1143 3882 1459 3952 congregatio
1498 3882 1560 3937 de
1611 3899 1712 3953 qua
1741 3898 1867 3938 vers.
1898 3883 1932 3938 9

707 3982 752 4025 et
773 3972 855 4034 lO,
885 3981 954 4026 est
980 3972 1092 4048 ipsa
1121 3988 1292 4025 earum
1319 3972 1573 4042 formatio.

420 4062 508 4117 18.
551 4060 618 4116 Et
657 4063 784 4116 dixit
825 4061 982 4126 Deus,
1025 4062 1360 4134 Congregetur
1393 4079 1545 4134 aqua,
1582 4079 1694 4133 qua?
1733 4072 1804 4117 est
1841 4064 1932 4118 sub

349 4153 473 4207 calo
492 4195 509 4221 ,
547 4154 600 4206 in
629 4155 1063 4225 congregationem
1103 4169 1255 4206 imam
1275 4193 1289 4218 ,
1323 4163 1366 4206 et
1393 4165 1635 4224 appareat
1661 4155 1845 4222 arida;
1885 4167 1931 4210 et

348 4245 420 4300 sic
460 4247 652 4314 factum
679 4255 768 4298 est.
811 4246 874 4298 Et
903 4254 1203 4317 congregata
1243 4255 1318 4300 est
1358 4263 1507 4317 aqua,
1539 4264 1651 4319 qua:
1689 4260 1792 4302 erat
1839 4251 1930 4304 sub

348 4339 471 4391 caelo
493 4379 508 4403 ,
541 4339 592 4390 in
629 4339 1065 4409 congregationem
1103 4356 1295 4404 unam,
1329 4348 1374 4392 et
1401 4341 1636 4409 apparuit
1665 4341 1828 4394 arida.
1867 4342 1930 4397 lit

347 4429 538 4482 vocavit
575 4427 712 4482 Deus
739 4429 968 4494 aridam,
996 4437 1222 4495 terram;
1248 4439 1296 4483 et
1329 4432 1760 4500 congregationem
1789 4450 1931 4502 aqua:

348 4523 537 4576 vocavit
563 4540 720 4579 mare.
745 4521 812 4576 Et
837 4523 959 4576 vidit
985 4522 1116 4575 Deus
1140 4523 1255 4592 quia
1282 4526 1464 4576 bonum
1488 4534 1576 4586 est.
1605 4524 1663 4578 in
1687 4524 1786 4578 isto
1812 4525 1929 4580 loco

347 4613 621 4668 llaniclnri
648 4614 869 4667 dicunt:
899 4613 956 4668 Si
996 4622 1160 4667 totum
1187 4615 1337 4683 aquis
1368 4615 1576 4682 plenum
1622 4625 1763 4682 erat,
1799 4633 1931 4685 quo-

347 4705 507 4758 modo
550 4713 794 4774 poterant
823 4720 974 4775 aqure
1017 4705 1322 4774 congregari
1365 4704 1414 4758 in
1455 4707 1790 4761 unum?Scd
1817 4710 1925 4776 jam

346 4797 593 4866 snperius
618 4795 816 4850 dictum
839 4805 942 4862 est,
967 4797 1182 4850 nomine
1202 4812 1452 4865 aquarum
1483 4799 1753 4850 materiam
1783 4799 1925 4854 illiilli

345 4889 662 4958 appellatam
706 4903 866 4957 super
891 4903 1048 4958 quam
1080 4887 1346 4941 ferebalnr
1372 4887 1599 4956 Spiritus
1641 4889 1755 4955 Dei,
1789 4891 1926 4946 unde

345 4990 459 5033 erat
486 4980 628 5032 Deus
653 4979 831 5032 omnia
863 4977 1201 5031 lormaturus.
1229 4977 1379 5032 Nunc
1400 4993 1526 5032 vero
1562 4993 1680 5032 cum
1713 4980 1922 5048 dicitur,

345 5067 688 5140 Congreqetur
715 5086 867 5135 aqua,
898 5084 1011 5139 qua:
1037 5078 1108 5122 est
1133 5068 1223 5122 sub
1248 5069 1390 5134 cazlo,
1421 5070 1471 5122 in
1496 5073 1926 5142 congregationem

345 5176 498 5214 unam
521 5175 540 5224 ;
575 5161 676 5216 hoc
700 5160 892 5215 dicitur
913 5171 968 5216 ut
997 5162 1082 5214 illa
1110 5162 1328 5216 materia
1357 5164 1645 5231 corporalis
1669 5163 1926 5222 formetur

344 5250 397 5305 in
417 5266 536 5306 eam
558 5253 789 5322 speciem
811 5268 966 5322 quam
993 5252 1188 5307 habent
1212 5268 1362 5322 aqum
1389 5254 1501 5308 ista:
1530 5256 1783 5314 visibiles.
1810 5257 1924 5328 ipsa

343 5345 486 5426 enim
516 5345 857 5414 c0ngregatio
885 5344 938 5398 in
967 5361 1151 5412 unum,
1180 5345 1291 5414 ipsa
1317 5354 1398 5400 est
1421 5361 1675 5416 aquarum
1709 5349 1924 5404 istarum

343 5437 629 5503 formatio,
678 5454 809 5508 quas
854 5437 1092 5493 videmus
1135 5447 1189 5493 et
1235 5441 1513 5509 tangimus.
1555 5439 1739 5495 Omnis
1785 5443 1924 5497 enim

343 5529 518 5584 forma
545 5529 612 5586 ad
652 5531 868 5584 unitatis
906 5531 1140 5600 regulam
1179 5531 1404 5603 cogitur.
1437 5531 1504 5586 Et
1543 5534 1682 5603 quod
1711 5533 1924 5603 dicitur,

345 5623 605 5695 Appareat
632 5625 803 5692 arida,
824 5623 950 5695 quid
977 5623 1118 5679 aliud
1148 5623 1249 5679 dici
1277 5625 1672 5695 intelligendum
1701 5635 1803 5696 est,
1826 5629 1927 5684 nisi

606 5733 758 5789 credo
785 5732 1197 5803 sublimatum
1224 5731 1351 5789 cali.
1375 5740 1558 5789 Atlas.
1591 5745 1763 5792 carent
1781 5739 1929 5804 parti-

1731 367 1932 425 LlBER
1969 369 2243 430 PRIMUS.

3532 383 3640 442 182

2059 492 2119 538 ut
2139 482 2227 538 illa
2247 482 2496 541 materies
2517 485 2740 558 accipiat
2761 486 3019 548 visibilem
3041 489 3286 563 formam,
3308 510 3462 564 quam
3486 514 3507 552 ι
3524 514 3628 558 unc

2060 574 2218 631 habet
2239 583 2377 631 terra
2405 576 2503 632 ista
2524 593 2681 648 quam
2701 579 2942 637 videmus
2963 591 3018 638 et
3041 583 3345 655 tangimus?
3373 586 3628 658 Superius

2056 680 2184 735 ergo
2229 667 2370 736 quod
2418 670 2788 727 nominabatur
2827 682 2967 728 terra
3011 673 3289 732 invisibilis
3332 687 3386 734 et
3431 680 3633 736 incom-

2059 756 2250 825 posita,
2280 759 2515 813 materia:
2538 759 2780 817 confusio
2806 769 2861 819 et
2886 761 3180 820 obscuritas
3208 767 3584 826 nominabatur
3609 789 3626 838 ;

2057 858 2110 903 et
2135 851 2274 920 quod
2305 852 2673 908 nominabatur
2695 869 2828 925 aqua
2855 869 3016 927 super
3037 873 3197 928 quam
3226 859 3491 918 ferebatur
3513 862 3632 934 Spi-

2057 942 2190 997 ritus
2219 943 2340 1009 Dei,
2375 943 2560 999 eadem
2595 961 2780 1002 rursus
2808 948 3030 1004 materia
3057 950 3448 1008 nominabatur.
3480 951 3632 1010 Nune

2057 1049 2185 1090 vero
2209 1050 2343 1106 aqua
2367 1037 2466 1092 ista
2492 1045 2542 1092 et
2565 1046 2702 1094 terra
2728 1037 3021 1097 formantur
3043 1057 3109 1098 ex
3134 1043 3222 1100 illa
3248 1045 3488 1112 materia,
3515 1061 3634 1118 qua:

2058 1124 2185 1197 ipsis
2215 1127 2517 1183 nominibus
2539 1129 2918 1199 appellabatur,
2945 1142 3227 1204 antequam
3256 1132 3455 1193 formas
3479 1136 3630 1200 istas.

2055 1233 2188 1287 quas
2209 1235 2346 1274 nunc
2366 1220 2626 1288 videmus,
2649 1222 2930 1292 acciperet.
2953 1225 3092 1280 Sane
3111 1225 3322 1294 dicitur,
3343 1226 3395 1280 in
3420 1227 3630 1284 hebrtea

2057 1311 2322 1367 locutione
2350 1327 2564 1368 omnem
2595 1329 2848 1383 aquarum
2873 1317 3357 1387 congregationem,
3387 1318 3500 1374 sive
3527 1318 3634 1374 sal-

2055 1417 2232 1458 sarnm
2260 1403 2372 1460 sive
2399 1404 2652 1472 dulcium,
2678 1421 2823 1460 mare
2851 1407 3126 1477 appellari.

2056 1493 2278 1550 CAPUT
2306 1493 2442 1549 Xlll.
2467 1524 2540 1535 —
2559 1494 2864 1566 Exploditur
2900 1499 3185 1567 conquestio
3211 1497 3346 1552 circa
3373 1515 3498 1554 vers.
3537 1499 3630 1554 11-

2104 1585 2190 1649 15,
2221 1586 2425 1650 scilicet,
2459 1586 2759 1661 infrugifera
2787 1597 2830 1641 et
2857 1589 3008 1643 noxia
3033 1606 3189 1661 quare
3214 1591 3370 1662 gignit
3395 1591 3564 1646 tellus.

2127 1676 2211 1732 l9.
2259 1677 2323 1731 Et
2361 1678 2490 1732 dixit
2531 1678 2668 1735 Deus
2689 1721 2703 1745 ,
2737 1678 2988 1736 Germinet
3035 1692 3167 1737 terra
3206 1684 3411 1738 herbam
3457 1684 3629 1754 pabuli

2053 1771 2290 1838 ferentem
2317 1787 2482 1824 semen
2505 1771 2780 1826 secundum
2806 1789 2950 1826 suum
2977 1790 3133 1845 genus
3158 1783 3204 1829 et
3228 1776 3627 1844 similitudinem,

2051 1869 2098 1915 et
2126 1861 2318 1932 lignum
2344 1863 2656 1934 fructiferum
2684 1864 2873 1933 faciens
2905 1866 3122 1935 fructum
3143 1908 3156 1930 ,
3187 1869 3332 1938 cujus
3361 1885 3529 1924 semen
3565 1870 3631 1924 sit

2051 1955 2103 2008 in
2119 1971 2171 2009 se
2188 1953 2458 2009 secundum
2473 1949 3034 2012 suam‘similitudinem.
3057 1957 3122 2012 Et
3146 1959 3217 2014 sic
3244 1970 3312 2014 est
3331 1960 3541 2030 factum.
3563 1960 3633 2015 Et

2048 2047 2193 2115 ejeczt
2238 2053 2370 2101 terra
2417 2046 2619 2101 herbam
2664 2045 2854 2116 pabuli,
2889 2049 3123 2117 ferentem
3159 2066 3326 2104 semen
3357 2049 3632 2104 secundum

2048 2155 2198 2192 suum
2221 2155 2396 2210 genus,
2411 2149 2455 2194 et
2481 2139 2674 2212 lignum
2700 2141 3016 2212 fructiferum
3031 2142 3220 2212 faciens
3232 2145 3472 2213 fructum,
3487 2143 3631 2212 cujus

2047 2247 2215 2285 semen
2243 2241 2315 2286 est
2340 2231 2394 2286 in
2419 2248 2472 2287 se
2493 2233 2762 2287 secundant
2783 2251 2924 2289 suam
2945 2235 3339 2302 similitudinem,
3359 2235 3632 2291 secundum

2047 2338 2194 2376 suum
2215 2339 2371 2394 genus
2397 2339 2547 2394 super
2567 2333 2769 2379 terram.
2799 2324 2867 2378 Et
2886 2325 3010 2379 vidit
3029 2324 3166 2381 Deus
3193 2327 3312 2396 quia
3332 2325 3516 2380 bonum
3536 2335 3629 2381 est.

2047 2408 2114 2465 Et
2139 2416 2274 2480 facta
2297 2422 2370 2466 est
2395 2429 2618 2483 vespera,
2636 2423 2684 2468 et
2705 2414 2892 2482 factum
2909 2425 2980 2468 est
3003 2432 3149 2470 mane
3162 2415 3269 2470 dies
3284 2417 3458 2470 tertius
3475 2414 3628 2488 (Gen.

2045 2505 2341 2574 111,17·19).
2372 2503 2467 2560 llic
2496 2505 2668 2560 solent
2695 2506 2872 2562 dicere
2899 2525 2912 2560 :
2946 2507 3000 2561 Si
3033 2508 3172 2563 Deus
3205 2507 3364 2579 jussit
3391 2509 3532 2564 nasci
3560 2508 3629 2564 de

2045 2602 2184 2651 terra
2208 2597 2425 2652 herbam
2449 2597 2650 2666 pabuli,
2673 2607 2725 2652 et
2747 2598 2944 2668 lignum
2966 2598 3314 2666 fruetiferum,
3339 2599 3457 2670 quis
3473 2600 3631 2669 jussit

2045 2687 2188 2740 nasci
2210 2693 2384 2742 tantas
2409 2688 2596 2744 herbas
2620 2689 2700 2744 vel
2726 2690 2967 2758 Spinosas
2982 2690 3065 2745 vel
3085 2706 3396 2754 venenosas,
3424 2707 3538 2761 quae
3560 2691 3626 2747 ad

2043 2777 2292 2846 pabulum
2319 2791 2421 2830 non
2445 2777 2742 2846 proficiunt,
2756 2786 2808 2832 et
2825 2789 2928 2833 tam
2948 2779 3111 2834 multa
3129 2781 3266 2850 ligna
3285 2795 3402 2851 quce
3425 2781 3627 2836 nullum

2043 2867 2268 2923 fructum
2291 2867 2498 2924 ferunt?
2516 2869 2718 2935 Quibus
2735 2863 2814 2924 sic
2832 2871 3261 2940 respOndendum
3283 2882 3386 2938 est,
3406 2883 3463 2926 ut
3483 2873 3627 2927 nulla

2043 2958 2272 3028 indignis
2301 2961 2605 3029 aperiantur
2628 2961 2899 3032 mysteria,
2928 2976 3099 3031 neque
3118 2962 3424 3016 ostendatur
3445 2963 3495 3016 in
3521 2976 3626 3032 qua

2042 3049 2207 3121 figura
2233 3050 2526 3106 futurorum
2571 3052 2670 3106 ista
2713 3053 2789 3106 sic
2818 3052 2957 3107 dicta
3000 3055 3126 3107 sint.
3166 3053 3306 3123 Ergo
3343 3053 3624 3110 dicendum

2041 3152 2122 3198 est
2143 3184 2157 3208 ,
2187 3142 2327 3213 quod
2369 3158 2461 3212 per
2506 3151 2779 3212 peccatum
2807 3144 3036 3200 hominis
3067 3153 3201 3199 terra
3229 3144 3506 3199 maledicta
3535 3145 3623 3210 sit,

2041 3239 2097 3287 ut
2127 3234 2306 3302 apinas
2334 3241 2545 3304 pareret
2574 3251 2586 3286 :
2617 3249 2720 3288 non
2763 3243 2819 3288 ut
2857 3234 2967 3305 ipsa
3006 3248 3190 3303 pinnas
3227 3236 3476 3300 sentiret,
3507 3249 3628 3303 quae

2039 3325 2156 3380 sine
2183 3340 2342 3380 sensu
2373 3332 2474 3391 est,
2505 3324 2597 3380 sed
2630 3333 2686 3380 ut
2715 3327 2912 3394 peccati
2939 3326 3154 3380 humani
3179 3326 3383 3381 crimen
3413 3341 3626 3395 semper

2039 3417 2340 3471 hominibus
2382 3425 2507 3471 ante
2547 3417 2728 3471 oculos
2774 3424 3030 3486 poneret,
3061 3430 3168 3486 quo
3209 3415 3623 3472 admonerentur

2037 3507 2320 3576 aliquando
2345 3506 2512 3561 averti
2538 3522 2566 3559 a
2597 3509 2860 3576 peccatis,
2891 3517 2943 3560 et
2978 3507 3041 3561 ad
3075 3507 3168 3562 Dei
3197 3515 3460 3576 praecepta
3488 3522 3618 3562 con.

2038 3599 2192 3652 verti.
2243 3598 2435 3652 Herba:
2494 3607 2671 3651 autem
2733 3613 3013 3652 venenosae
3053 3597 3120 3651 ad
3161 3613 3392 3667 poenam,
3422 3599 3504 3654 vel
3553 3598 3624 3656 ad

2037 3691 2470 3744 exercitationem
2495 3690 2797 3744 mortalium
2827 3699 3020 3744 creata'
3044 3697 3169 3745 sunt
3194 3705 3209 3756 ;
3239 3700 3292 3744 et
3319 3690 3422 3745 hoc
3455 3699 3620 3746 totum

2037 3790 2254 3849 propter
2284 3789 2580 3850 peceatum,
2608 3779 2726 3849 quia
2759 3781 3010 3835 mortales
3039 3788 3158 3848 post
3195 3789 3469 3849 peccatum
3500 3781 3623 3838 lacti

2037 3884 2237 3924 sumus.
2279 3872 2381 3926 Per
2417 3869 2769 3925 infructuosas
2802 3887 2925 3925 vero
2956 3871 3174 3925 arbores
3212 3871 3494 3926 insultatur
3519 3872 3620 3926 ho-

2036 3964 2286 4026 minibus,
2318 3974 2375 4017 ut
2409 3964 2704 4033 intelligant
2740 3979 2897 4033 quam
2941 3963 3011 4018 sit
3043 3965 3461 4020 erubescendum
3504 3966 3624 4023 sine

2037 4055 2211 4125 {ructu
2253 4055 2510 4110 bonorqu
2541 4071 2760 4125 operum
2792 4071 2911 4110 esse
2937 4058 2987 4109 in
3016 4072 3142 4126 agro
3168 4057 3297 4123 Dei,
3332 4058 3431 4112 hoc
3454 4067 3543 4113 est
3565 4059 3617 4114 in

2037 4146 2271 4201 Ecclesia
2296 4161 2311 4210 ;
2343 4155 2395 4200 et
2423 4147 2642 4201 timeant
2671 4162 2736 4201 ne
2756 4147 2967 4202 deserat
2991 4162 3084 4202 eos
3114 4148 3270 4212 Deus,
3299 4149 3418 4218 quia
3441 4159 3494 4204 et
3518 4149 3620 4217 ipsi

2036 4236 2088 4291 in
2120 4238 2259 4306 agris
2286 4239 2394 4292 suis
2425 4238 2778 4292 infructuosas
2811 4239 3026 4293 arbores
3066 4239 3351 4308 deserunt,
3384 4257 3483 4296 nec
3516 4242 3617 4297 ali-

2035 4345 2192 4398 quam
2223 4331 2480 4384 culturam
2509 4331 2586 4384 eis
2611 4329 2884 4384 adhibent.
2914 4332 3048 4383 Ante
3067 4339 3339 4401 peccatmn
3369 4347 3495 4402 ergo
3521 4332 3622 4388 ho-

2039 4419 2196 4473 minis
2222 4435 2326 4473 non
2355 4430 2438 4473 est
2464 4421 2751 4489 scriptum,
2783 4419 2924 4488 quod
2971 4428 3109 4473 terra
3153 4420 3295 4474 aliud
3340 4421 3621 4490 protulerit

2035 4513 2135 4566 nisi
2169 4512 2386 4566 herbam
2420 4511 2593 4580 pabuli
2620 4521 2674 4565 et
2702 4512 2835 4579 ligna
2863 4510 3126 4564 fructuosa
3153 4529 3166 4563 :
3198 4521 3316 4580 post
3341 4521 3626 4580 peccatum

2034 4612 2208 4656 autem
2243 4602 2482 4655 videmus
2512 4601 2673 4654 multa
2705 4601 2916 4654 horrida
2947 4610 3004 4655 et
3031 4599 3352 4656 infructuosa
3379 4603 3447 4656 de
3475 4611 3617 4660 terra

2035 4698 2199 4761 nasci,
2228 4695 2388 4749 credo
2419 4704 2634 4763 propter
2661 4709 2776 4748 eam
2805 4709 3019 4748 causam
3046 4709 3202 4764 quam
3236 4695 3485 4751 diximus.
3527 4696 3618 4754 Sic

2033 4789 2173 4841 enim
2195 4787 2389 4841 dicitur
2412 4786 2478 4839 ad
2506 4785 2732 4855 primum
2763 4784 3029 4839 hominem
3059 4796 3399 4856 posteaquam
3431 4802 3619 4856 pecca-

2032 4879 2106 4932 vit
2132 4895 2145 4930 :
2179 4877 2450 4930 Maledicta
2477 4878 2570 4930 erit
2595 4887 2726 4930 terra
2757 4877 2843 4931 tibi
2881 4878 2940 4943 in.
2968 4876 3195 4930 omnibus
3222 4879 3455 4948 aperibus
3481 4881 3617 4949 tuis;

2029 4969 2083 5024 in
2112 4969 2311 5023 tristitia
2331 4977 2376 5021 et
2400 4969 2585 5038 gemitu
2611 4969 2723 5021 edes
2744 4983 2806 5022 ea:
2829 4985 2886 5021 ea
2907 4967 3135 5021 omnibus
3155 4968 3328 5022 diebus
3349 4970 3461 5022 vitae
3478 4980 3576 5024 tua:
3595 4985 3616 5025 ξ

2034 5061 2225 5130 Spinas
2253 5069 2297 5113 et
2327 5058 2538 5112 tribulos
2565 5059 2724 5129 ejiciet
2756 5060 2863 5122 tibi,
2892 5069 2937 5113 et
2965 5060 3078 5113 edes
3106 5058 3346 5130 pabulum
3371 5061 3480 5130 agri
3510 5061 3617 5116 tui:

2030 5153 2083 5206 in
2111 5152 2293 5206 sudore
2322 5151 2484 5204 vultus
2513 5152 2583 5203 tui
2610 5150 2723 5214 edes
2756 5167 2934 5218 panem
2973 5159 3142 5213 tuum,
3171 5149 3328 5203 donec
3352 5151 3615 5206 revertaris

2031 5245 2084 5297 in
2115 5255 2319 5307 terram,
2351 5243 2413 5296 de
2435 5258 2536 5313 qua
2561 5251 2906 5312 sumptuses;
2933 5242 3052 5312 quia
3079 5250 3211 5295 terra
3237 5256 3310 5306 es,
3341 5250 3388 5294 et
3424 5242 3477 5295 in
3515 5251 3617 5296 ter-

2094 5351 2141 5385 ιη
2167 5351 2281 5386 1018.

2059 5351 2141 5386 ant
2167 5335 2236 5386 ibi
2267 5373 2281 5386 .

2030 5351 2261 5480 rCAPU'I“
2299 5422 2437 5478 XIV.
2465 5452 2537 5465 —
2566 5422 2903 5478 Resolvuntnr
2940 5422 3256 5492 diﬁicultates
3301 5421 3436 5476 circa
3481 5439 3612 5478 vers.

2739 5513 2922 5569 “~19.

2102 5608 2190 5666 20.
2234 5607 2301 5663 Et
2329 5608 2454 5663 dixit
2487 5607 2648 5674 Deus,
2674 5607 2825 5661 Fiant
2853 5607 3020 5661 sidera
3055 5605 3109 5660 in
3133 5606 3445 5676 [innamento
3475 5607 3610 5676 cazli,

2033 5701 2110 5757 sic
2137 5709 2190 5754 ut
2213 5700 2408 5754 luceant
2446 5710 2596 5769 super
2633 5709 2850 5764 terram,
2877 5707 2924 5752 et
2965 5697 3192 5753 dividant
3231 5700 3360 5753 inter
3397 5699 3528 5753 diem
3567 5707 3612 5753 et

2037 5803 2251 5863 noctem,
2282 5802 2330 5850 et
2357 5793 2454 5850 sint
2481 5794 2532 5847 in
2561 5793 2731 5862 signa,
2753 5801 2799 5846 et
2826 5792 2879 5847 in
2909 5801 3152 5865 (corpora,
3182 5792 3302 5848 etin
3331 5791 3460 5862 dies,
3484 5801 3529 5846 et
3558 5791 3624 5847 iis
