4074 6356
464 471 662 521 annos;
692 462 743 511 et
773 433 878 510 sint
899 453 953 509 in
982 451 1297 524 splendorem
1317 453 1371 506 in
1394 454 1712 522 ﬁrmamento
1732 453 1862 520 cati,
1895 452 1966 506 sic
1994 460 2050 507 ut

463 550 666 605 luceant
691 564 845 618 super
885 558 1088 602 terram.
1132 544 1198 599 Et
1225 548 1296 599 sic
1322 554 1392 598 est
1421 546 1630 614 factum.
1673 544 1740 598 Et
1769 544 1886 615 fecit
1911 543 2049 599 Deus

464 639 568 694 duo
597 639 886 701 luminaria,
921 640 1086 708 majus
1112 646 1156 689 et
1186 637 1350 690 minus
1379 651 1398 690 :
1423 635 1676 690 luminare
1697 637 1866 706 majus
1889 636 1941 689 in
1969 636 2050 689 in-

467 730 780 784 choationem
810 729 929 794 diei,
957 738 1002 781 et
1029 729 1277 782 luminare
1304 727 1468 780 minus
1494 727 1547 780 in
1572 727 1939 780 inchoationem
1966 741 2051 780 no-

464 823 580 888 ctis,
609 830 658 876 et
684 820 876 875 stellas.
920 818 988 873 Et
1016 819 1186 890 posuit
1201 819 1316 872 illas
1337 816 1475 872 Deus
1499 817 1551 871 in
1574 818 1889 887 ﬁrmamento
1914 816 2046 885 coeli,

461 913 539 966 sic
559 919 614 965 ut
641 911 840 965 luceant
864 927 1015 980 super
1040 921 1224 963 terram
1248 951 1262 972 ,
1288 917 1336 963 et
1365 909 1571 978 praesint
1599 908 1698 962 diei
1738 919 1784 962 et
1813 909 1945 962 nocti
1963 949 1978 974 ,
2003 917 2050 962 et

464 1003 691 1058 dividant
717 1004 848 1058 inter
872 1003 1006 1056 diem
1046 1011 1099 1056 et
1135 1010 1347 1056 noctem.
1390 999 1458 1054 Et
1495 1001 1619 1055 vidit
1655 1000 1792 1056 Deus
1817 1002 1936 1072 quia
1963 1003 2050 1055 bo-

463 1110 588 1148 num
621 1103 712 1148 est.
755 1092 824 1147 Et
848 1093 984 1164 facta
1010 1102 1081 1148 est
1107 1108 1330 1162 vespera,
1363 1102 1410 1147 et
1448 1096 1636 1164 factum
1663 1102 1734 1146 est
1771 1109 1918 1146 mane
1943 1091 2050 1146 dies

462 1195 694 1256 quartus.
719 1185 815 1240 Hic
835 1186 1008 1255 primo
1034 1194 1277 1254 qumrunt
1300 1185 1566 1255 quomodo
1592 1194 1781 1254 quarto
1802 1184 1887 1239 die
1913 1184 2049 1239 facta

463 1277 574 1332 sint
602 1276 794 1342 sidera,
825 1276 878 1330 id
903 1285 984 1330 est
1011 1276 1113 1342 sol,
1143 1283 1198 1330 ct
1233 1277 1357 1330 luna
1383 1317 1398 1342 ,
1441 1285 1494 1330 et
1522 1275 1710 1330 stellae.
1748 1275 1881 1331 Tres
1906 1276 2049 1331 enim

464 1368 581 1425 dies
622 1369 924 1439 superiores
965 1367 1232 1438 quomodo
1275 1381 1394 1421 esse
1430 1367 1547 1422 sine
1584 1367 1697 1422 sole
1742 1374 2045 1436 potuerunt,

463 1475 586 1514 eum
609 1459 879 1515 videamus
901 1473 1042 1512 nunc
1064 1458 1191 1512 solis
1218 1466 1337 1512 ortu
1357 1465 1410 1512 et
1430 1472 1618 1511 occasu
1643 1457 1780 1510 diem
1809 1456 2046 1526 transigi,

463 1557 673 1606 noctem
692 1564 818 1605 vero
830 1549 984 1604 nobis
1001 1548 1113 1603 ﬁeri
1135 1548 1266 1602 solis
1280 1547 1541 1612 absentia,
1561 1562 1682 1601 cum
1697 1547 1763 1601 ab
1781 1547 1878 1600 alia
1901 1555 2050 1617 parte

460 1641 647 1695 mundi
673 1640 738 1695 ad
769 1640 1027 1695 orientem
1059 1637 1234 1694 redit?
1270 1637 1476 1704 Quibus
1499 1637 1881 1706 respondemus
1903 1677 1916 1701 ,
1949 1652 2047 1706 po-

461 1733 629 1788 tuisse
658 1732 771 1786 ﬁeri
800 1741 860 1786 ut
889 1741 996 1786 tres
1020 1731 1323 1802 superiores
1362 1729 1478 1785 dies
1507 1729 1700 1800 singuli
1731 1745 1824 1799 per
1852 1738 2048 1783 tantam

459 1837 670 1877 moram
695 1823 946 1891 temporis
967 1830 1421 1891 computarentur,
1444 1835 1540 1891 per
1566 1830 1815 1890 quantam
1844 1835 2047 1875 moram

461 1913 710 1968 circumit
739 1913 817 1968 sol
843 1952 860 1979 ,
892 1927 956 1966 ex
1001 1926 1106 1981 quo
1141 1910 1376 1981 procedit
1422 1910 1490 1964 ab
1525 1911 1729 1965 oriente
1771 1925 2049 1980 quousque

463 2020 652 2060 rursus
703 2005 770 2058 ad
822 2005 1083 2060 orientem
1119 2004 1422 2058 revertitur.
1462 2002 1609 2057 Hanc
1658 2003 1797 2056 enim
1846 2016 2048 2057 moram

460 2107 516 2152 et
567 2095 944 2167 longitudinem
1004 2094 1258 2164 temporis
1305 2102 1524 2166 possent
1571 2094 1769 2149 sentire
1807 2094 2049 2149 homines

461 2189 672 2246 etiamsi
699 2189 752 2244 in
783 2188 1050 2258 speluncis
1077 2187 1393 2253 habitarent,
1418 2187 1504 2242 ubi
1535 2188 1791 2242 orientem
1826 2197 1880 2242 et
1901 2189 2046 2242 occi-

456 2279 676 2336 dentem
718 2281 886 2334 solem
919 2279 1100 2334 videre
1130 2295 1234 2334 non
1264 2289 1501 2350 possent.
1532 2279 1701 2349 Atque
1729 2280 1798 2333 ita
1825 2281 2050 2334 sentitur

455 2371 697 2443 potuisse
722 2373 876 2426 istam
907 2387 1110 2425 moram
1141 2371 1254 2426 ﬁeri
1282 2373 1439 2426 etiam
1468 2372 1583 2426 siue
1621 2371 1731 2425 sole
1763 2381 2047 2440 antequam

457 2462 540 2517 sol
568 2461 734 2516 factus
759 2469 922 2528 esset,
952 2470 1112 2532 atque
1141 2463 1307 2531 ipsam
1337 2477 1539 2516 moram
1568 2462 1618 2515 in
1645 2462 1731 2515 illo
1759 2461 1931 2514 triduo
1955 2478 2047 2530 per

456 2551 574 2607 dies
599 2552 834 2622 singulos
861 2562 1240 2622 eomputatam.
1288 2552 1398 2606 lloc
1423 2567 1552 2621 ergo
1580 2551 2042 2620 responderemus,

454 2641 562 2698 nisi
593 2656 690 2697 nos
719 2651 994 2697 revocaret
1017 2642 1158 2712 quod
1185 2642 1256 2696 ibi
1276 2643 1495 2710 dicitur,
1524 2641 1590 2694 Et
1617 2643 1751 2711 facta
1777 2652 1848 2696 est
1877 2659 2044 2714 vespe-

453 2750 538 2803 ra,
567 2744 614 2790 et
640 2735 832 2805 factum
851 2743 926 2790 est
945 2751 1093 2790 mane
1114 2775 1130 2799 ,
1156 2735 1298 2805 quod
1319 2749 1458 2789 nunc
1483 2735 1598 2789 sine
1627 2736 1752 2788 solis
1782 2749 1940 2788 cursu
1967 2737 2044 2789 vi-

456 2825 649 2882 demus
678 2827 793 2882 tleri
818 2841 922 2882 non
946 2841 1125 2897 posse.
1159 2826 1344 2881 Restat
1367 2840 1495 2895 ergo
1525 2835 1582 2879 ut
1602 2826 1971 2896 intelligamus,
1993 2827 2043 2881 in

454 2916 577 2987 ipsa
605 2916 821 2988 quidem
862 2931 1013 2972 mora
1053 2917 1308 2986 temporis
1336 2916 1478 2986 ipsas
1521 2917 1891 2972 distinctiones
1919 2933 2042 2987 ope-

454 3023 576 3063 rum
601 3008 681 3064 sic
712 3009 1034 3081 appellatas,
1062 3023 1341 3080 vesperam
1371 3016 1589 3077 propter
1637 3010 2043 3063 transactionem

455 3100 811 3155 constanmati
857 3099 1068 3169 aperis,
1099 3106 1155 3152 et
1197 3111 1355 3152 mane
1394 3105 1609 3166 propter
1656 3097 2042 3176 inchoationem

455 3191 619 3247 ﬁtturi
636 3191 812 3262 operis
831 3207 846 3257 ;
864 3190 931 3246 de
952 3189 1294 3244 similitudine
1320 3188 1521 3243 scilicet
1542 3187 1887 3242 humanorum
1911 3203 2040 3258 ope-

458 3300 599 3351 rum,
627 3284 747 3355 quia
775 3283 1086 3353 plerumque
1114 3295 1144 3335 a
1175 3295 1329 3334 mane
1356 3279 1646 3350 incipiunt,
1673 3288 1728 3334 et
1750 3279 1816 3333 ad
1835 3329 1838 3332 .
1857 3294 2046 3348 vespe-

456 3391 574 3432 ram
619 3375 886 3437 desinunt.
927 3373 1136 3429 Habent
1178 3372 1319 3427 enim
1367 3372 1804 3428 consuetudinem
1853 3372 2043 3426 divinae

455 3467 745 3540 Scriptura:
759 3465 826 3522 de
844 3465 1004 3522 rebus
1020 3463 1263 3528 humanis
1279 3463 1344 3518 ad
1365 3463 1567 3520 divinas
1587 3478 1676 3519 res
1691 3463 1852 3520 verba
1874 3473 2044 3518 trans—

454 3560 621 3616 ferre.

527 3650 618 3705 21'.
658 3649 861 3706 Deinde
879 3657 1122 3720 quterunt
1140 3647 1324 3719 utquid
1345 3647 1540 3702 dictum
1563 3647 1632 3701 sit
1651 3646 1719 3702 de
1739 3647 2002 3702 sideribus
2024 3664 2038 3701 :

455 3738 529 3793 Et
556 3739 656 3793 sint
678 3739 733 3793 in
755 3740 903 3810 signa
935 3747 982 3792 et
1015 3738 1068 3792 in
1099 3747 1344 3808 tempora.
1386 3735 1648 3805 Numquid
1677 3736 1840 3799 enim,
1873 3737 2038 3805 aiunt,

455 3841 569 3887 tres
596 3829 673 3887 illi
699 3823 816 3886 dies
843 3831 959 3885 sine
987 3829 1312 3898 temporibus
1349 3842 1468 3881 esse
1504 3837 1811 3896 potuerunt,
1843 3838 1934 3883 aut
1971 3828 2040 3884 ad

457 3922 722 3994 temporis
751 3922 918 3992 spatia
945 3935 1048 3976 non
1077 3919 1386 3990 pertinent?
1418 3917 1541 3982 Sed,
1573 3919 1624 3971 in
1653 3919 1798 3990 signa
1835 3928 1880 3974 et
1913 3931 2040 3975 tem-

456 4031 587 4088 pora
613 4014 812 4070 dictum
843 4021 957 4078 est,
983 4020 1038 4066 ut
1068 4027 1160 4082 per
1203 4010 1316 4065 lucc
1351 4011 1526 4066 sidera
1571 4021 1808 4081 tempora
1850 4013 2040 4069 distin-

456 4115 708 4180 guantur,
723 4114 778 4170 et
793 4105 859 4160 ab
877 4103 1180 4160 hominibus
1201 4103 1576 4173 dignoscantur
1596 4121 1608 4157 :
1626 4103 1745 4176 quia
1762 4103 1804 4157 si
1826 4115 2042 4161 currant

455 4208 696 4269 tempora
715 4238 729 4263 ,
760 4207 813 4252 et
851 4197 1008 4250 nullis
1037 4194 1424 4264 distinguantur
1442 4193 1698 4260 articulis,
1722 4194 1810 4264 qui
1831 4194 2040 4250 articuli

455 4307 554 4362 per
575 4289 808 4345 siderum
831 4302 1018 4343 cursus
1036 4295 1307 4351 notantur,
1332 4295 1551 4356 possunt
1584 4286 1796 4356 quidem
1824 4303 2040 4344 currere

455 4391 698 4451 tempora
736 4388 893 4450 atque
933 4377 1236 4448 praeterire;
1264 4377 1358 4432 sed
1399 4377 1613 4447 intelligi
1641 4386 1692 4431 et
1718 4377 1944 4433 discerni
1972 4380 2039 4434 ab

453 4471 761 4528 hominibus
797 4486 900 4526 non
931 4477 1169 4540 possunt.
1212 4467 1359 4522 Sicut
1403 4468 1546 4522 horae
1576 4468 1787 4537 quando
1829 4471 2037 4525 nubilus

454 4563 573 4620 dics
609 4571 726 4629 est,
759 4569 1032 4616 transeunt
1056 4560 1268 4630 quidem
1291 4603 1304 4625 ,
1332 4569 1384 4614 et
1426 4575 1518 4614 sua
1547 4561 1715 4629 spatia
1750 4571 2033 4631 peragunt;

451 4656 555 4715 sed
578 4655 828 4725 distingui
857 4670 886 4708 a
915 4653 1065 4708 nobis
1092 4661 1141 4706 et
1170 4653 1338 4706 notari
1370 4668 1474 4706 non
1505 4662 1745 4721 posaunt.

527 4745 621 4800 22.
665 4743 818 4813 Quod
847 4751 1022 4797 autem
1061 4742 1257 4796 dictum
1284 4749 1392 4800 est.
1429 4740 1494 4794 Et
1521 4744 1637 4813 fecit
1667 4742 1803 4796 Deus
1831 4744 1928 4798 duo
1956 4743 2037 4798 lu-

454 4837 676 4895 minaria
692 4853 713 4901 ;
743 4833 989 4890 luminare
1007 4833 1171 4902 majus
1198 4832 1250 4886 in
1277 4833 1644 4901 inchoationem
1673 4833 1792 4900 diei,
1819 4844 1864 4887 et
1886 4836 2038 4888 lumi-

455 4946 583 4987 nare
605 4929 770 4982 minus
811 4926 864 4980 in
895 4925 1260 4979 inchoationem
1293 4925 1450 4978 noctis
1470 4965 1486 4992 ,
1521 4940 1617 4994 pro
1642 4940 1707 4980 eo
1735 4926 1930 4980 dictum
1959 4937 2041 4983 est

453 5037 528 5080 ac
545 5022 591 5080 si
615 5021 901 5086 diceretur,
932 5019 984 5072 in
1023 5008 1370 5088 principatum
1394 5016 1502 5072 diei
1528 5027 1580 5072 et
1606 5017 1660 5072 in
1689 5017 2038 5088 principatum

453 5116 654 5176 noctis.
682 5114 800 5171 Non
828 5112 970 5170 enim
1012 5111 1093 5166 sol
1125 5109 1489 5165 tantummodo
1533 5111 1748 5165 inchoat
1785 5111 1958 5177 diem,
1985 5121 2040 5166 et

454 5222 572 5267 non
599 5207 757 5264 etiam
784 5204 988 5277 peragit
1007 5211 1061 5258 et
1081 5202 1195 5256 linit
1219 5220 1232 5256 :
1261 5201 1386 5256 luna
1408 5216 1536 5257 vero
1563 5201 1845 5272 aliquando
1868 5201 2038 5263 media

456 5307 621 5357 nocte
642 5299 728 5354 vel
753 5297 808 5354 in
839 5297 945 5352 ﬁne
973 5294 1144 5351 noctis
1179 5293 1245 5348 ad
1277 5308 1374 5348 nos
1413 5293 1680 5364 procedit;
1709 5293 1752 5348 si
1783 5308 1908 5365 ergo
1937 5294 2041 5350 illae

454 5397 667 5458 noctes,
697 5389 888 5460 quibus
909 5389 1007 5444 hoc
1032 5387 1172 5451 facit,
1200 5400 1305 5440 non
1329 5385 1396 5440 ab
1420 5385 1517 5439 ista
1546 5383 1876 5449 inchoantur,
1905 5400 2038 5454 quo-

453 5483 622 5540 modo
649 5482 704 5538 in
734 5481 1124 5539 inchoationem
1149 5478 1320 5532 noctis
1351 5477 1483 5532 facta
1507 5475 1631 5532 est?
1657 5476 1712 5532 Si
1739 5485 1913 5530 autem
1947 5491 2042 5545 per

456 5573 850 5633 inchoationem
881 5570 1195 5643 principium
1222 5568 1501 5637 intelligas,
1526 5577 1578 5622 et
1602 5581 1696 5637 per
1724 5567 2038 5636 principium

457 5665 835 5737 principatum,
865 5661 1202 5718 manifestum
1227 5667 1328 5727 est,
1356 5658 1477 5730 quia
1507 5673 1600 5727 per
1624 5657 1763 5711 diem
1791 5656 1871 5711 sol
1899 5657 2042 5726 prin-

461 5759 699 5829 cipatum
721 5763 863 5818 tenet
880 5769 896 5827 ;
913 5753 1037 5812 luna
1061 5767 1188 5812 vero
1206 5766 1308 5825 per
1326 5758 1558 5821 noctem,
1583 5748 1706 5823 quia
1725 5748 1825 5809 etsi
1849 5758 2042 5809 catera

1313 335 1404 393 ne
1441 336 1692 394 GENESI
1730 335 2004 394 comas
2041 335 2348 411 MANICH.,
2384 339 2442 399 s.
2481 317 2850 404 aucus'rnvt

3626 355 3735 417 ηδ

2154 451 2329 509 sidera
2358 463 2481 512 tunc
2503 469 2786 529 apparent,
2816 460 2907 518 illa
2929 468 3103 519 tamen
3149 478 3247 522 suo
3273 465 3471 540 fulgore
3512 481 3727 542 superat

2153 546 2352 611 omnia,
2381 556 2436 602 et
2464 549 2582 604 ideo
2610 551 2856 622 princeps
2883 568 3066 610 eorum
3091 559 3384 615 rectissime
3407 561 3619 618 dicitur.

2222 636 2311 692 25.
2349 638 2498 707 Quod
2528 652 2704 698 autem
2733 644 2930 700 dictum
2957 657 3058 711 est,
3091 649 3154 703 Et
3181 651 3404 706 dividant
3445 654 3572 709 inter
3596 655 3727 710 diem

2153 734 2201 779 et
2228 738 2462 794 noctem;
2488 741 2660 800 potest
2687 735 2771 789 hic
2798 737 2909 790 tieri
2932 738 3214 808 calumnia,
3241 752 3299 797 ut
3327 743 3562 800 dicatur:
3586 745 3730 814 Quo~

2152 817 2312 873 modo
2330 819 2439 889 jam
2477 821 2620 878 Deus
2643 823 2893 881 diviserat
2928 831 3170 899 superius
3199 832 3336 888 inter
3376 834 3515 890 diem
3546 846 3598 890 et
3636 853 3732 891 no-

2152 918 2310 976 ctein,
2341 912 2387 965 si
2408 911 2530 980 hoc,
2552 925 2742 984 quarto
2771 917 2875 983 die,
2894 919 3068 975 sidera
3094 921 3330 978 iaciunt?
3353 925 3440 980 Sic
3466 926 3623 997 igitur
3641 927 3730 984 hic

2153 998 2350 1056 dictum
2379 1013 2478 1068 est,
2511 1003 2750 1060 Dividam
2776 1008 2904 1062 inter
2930 1011 3062 1063 diem
3089 1022 3134 1066 et
3164 1024 3375 1079 noctem,
3405 1027 3651 1086 tanquam
3683 1019 3729 1074 si

2152 1090 2448 1162 diceretur,
2476 1095 2562 1152 Sic
2588 1096 2726 1153 inter
2755 1115 2812 1154 se
2841 1100 2981 1156 diem
3025 1102 3259 1159 dividant
3297 1118 3349 1160 et
3395 1119 3638 1175 noctem,
3672 1119 3732 1166 ut

2152 1184 2252 1237 soli
2281 1184 2396 1240 dies
2423 1186 2598 1254 detur,
2628 1205 2728 1243 nox
2759 1201 2933 1247 autem
2963 1193 3100 1248 luna:
3127 1205 3180 1250 et
3205 1197 3466 1252 sideribus
3502 1201 3728 1256 cet-teris.

2153 1272 2281 1338 Qua:
2306 1274 2412 1330 duo
2435 1277 2545 1346 jam
2579 1278 2748 1335 divisa
2776 1293 2944 1348 erant,
2978 1284 3071 1338 sed
3103 1287 3332 1342 nondum
3368 1289 3502 1342 inter
3530 1289 3728 1358 sidera,

2153 1373 2211 1417 ut
2256 1364 2365 1434 jam
2403 1375 2605 1422 certum
2648 1381 2792 1425 esset
2843 1371 2908 1426 de
2937 1374 3168 1429 siderum
3207 1393 3446 1442 numero,
3476 1380 3600 1448 quid
3633 1397 3732 1450 per

2151 1454 2310 1520 diem,
2343 1467 2396 1511 et
2419 1459 2542 1528 quid
2569 1475 2663 1528 per
2690 1472 2902 1518 noctem
2927 1477 3205 1536 appareret
3240 1469 3560 1525 hominibus.

2187 1567 2412 1626 CAPUT
2433 1571 2548 1628 XV.
2569 1577 2831 1631 —Aerem
2859 1579 3150 1635 nebulosum
3191 1600 3336 1654 aqua:
3373 1586 3570 1640 nomine
3607 1586 3700 1642 de-

2643 1668 2836 1737 signari
2861 1687 2986 1725 vers.
3014 1673 3103 1736 20,
3136 1684 3227 1726 etc.

2222 1769 2311 1826 24.
2355 1772 2418 1826 Et
2448 1773 2574 1829 dixit
2605 1775 2758 1843 Deus,
2793 1779 3016 1849 Ejiciant
3042 1799 3185 1851 aqua:
3208 1786 3406 1855 reptilia
3447 1787 3734 1843 animarum

2151 1863 2409 1930 vivarum,
2435 1875 2481 1918 et
2521 1868 2745 1922 volatilia
2787 1872 3007 1927 volantia
3035 1892 3183 1943 super
3208 1887 3390 1930 terram
3419 1880 3508 1932 sub
3549 1881 3731 1948 ﬁrma-

2150 1966 2314 2009 mento
2343 1959 2473 2012 caeli.
2514 1957 2583 2013 Et
2614 1961 2685 2014 sic
2709 1965 2896 2032 factum
2917 1974 3006 2017 est.
3049 1965 3114 2018 Et
3151 1969 3264 2031 fecit
3293 1967 3426 2022 Deus
3462 1981 3594 2023 cetos
3620 1988 3733 2023 nta-

2150 2064 2295 2118 gnos,
2341 2059 2385 2104 et
2429 2066 2624 2104 omnem
2663 2054 2882 2107 animant
2917 2057 3212 2109 animalium
3237 2068 3282 2110 et
3319 2062 3590 2129 repentium
3615 2077 3735 2130 qut!

2150 2142 2398 2208 ejecerunt
2425 2159 2570 2210 aqum
2599 2145 2867 2198 secundum
2894 2147 3286 2219 uniuscujusque
3311 2167 3484 2220 genus,
3513 2160 3558 2204 et
3584 2168 3734 2206 omne

2148 2249 2304 2302 genus
2329 2235 2528 2287 volatile
2555 2247 2823 2306 pennatam
2851 2239 3122 2292 secundum
3140 2257 3313 2310 genus.
3361 2240 3426 2294 Et
3446 2242 3566 2295 vidit
3589 2241 3740 2297 Deus

2149 2325 2268 2396 quia
2295 2325 2424 2378 bona
2461 2337 2577 2379 sunt
2599 2342 2618 2390 ,'
2650 2338 2692 2380 et
2719 2328 2965 2382 benedixit
2999 2330 3088 2382 illa
3115 2330 3251 2384 Deus
3272 2332 3441 2386 dicens
3472 2347 3489 2386 :
3516 2332 3737 2388 Crescite

2150 2424 2196 2467 ct
2236 2416 2662 2485 multiplicamini,
2692 2428 2735 2471 et
2772 2419 2958 2488 replete
2994 2438 3152 2490 aquas
3193 2439 3382 2487 maris,
3423 2433 3467 2476 et
3505 2425 3735 2478 volatilia

2149 2504 2549 2573 multiplicantur
2583 2524 2733 2578 super
2771 2519 2975 2564 terram.
3019 2509 3083 2563 Et
3131 2513 3263 2582 facta
3305 2523 3375 2565 est
3414 2529 3654 2582 vespera,
3680 2523 3736 2567 et

2149 2596 2338 2665 [intum
2361 2607 2428 2650 est
2459 2614 2604 2652 mane
2622 2599 2728 2651 dies
2747 2600 2966 2667 quintus.
2994 2601 3088 2654 Hic
3114 2603 3284 2656 solent
3312 2603 3730 2670 reprehendere,

2147 2699 2447 2755 quaerentes
2490 2687 2572 2742 vel
2616 2689 2791 2758 potius
2817 2690 3235 2756 calumniantes,
3268 2709 3432 2762 quare
3477 2694 3730 2748 animalia

2149 2793 2252 2830 non
2284 2778 2456 2832 solum
2481 2794 2542 2834 ea
2569 2796 2686 2850 qua:
2713 2781 2765 2835 in
2796 2782 2949 2851 aquis
2976 2783 3184 2848 vivunt,
3213 2784 3306 2838 sed
3335 2786 3492 2838 etiam
3520 2801 3580 2840 ea
3605 2802 3732 2856 qua:

2149 2868 2198 2923 iu
2227 2885 2350 2925 acre
2376 2871 2616 2938 volitant,
2644 2881 2696 2927 et
2725 2873 2899 2928 omnia
2931 2883 3157 2944 pennata
3186 2876 3251 2931 de
3279 2877 3428 2946 aquis
3452 2887 3570 2932 nata
3591 2878 3733 2933 scri-

2150 2971 2294 3031 ptum
2325 2964 2412 3016 sit.
2452 2963 2555 3018 Sed
2585 2965 2753 3019 sciant
2777 2981 2962 3021 omnes
2989 2983 3122 3038 quos
3152 2968 3266 3024 inec
3290 2980 3503 3025 movent
3525 3013 3541 3038 ,
3566 2972 3728 3026 istum

2146 3067 2323 3108 aerem
2355 3056 2667 3110 nebulosum
2700 3067 2755 3112 et
2774 3058 3066 3127 humidum,
3091 3061 3143 3116 itt
3173 3076 3278 3131 quo
3306 3078 3430 3117 aves
3459 3064 3665 3131 volant,
3695 3081 3729 3120 a

2145 3143 2467 3199 doctissimis
2498 3146 2799 3203 hominibus
2833 3149 2920 3220 qui
2961 3149 3074 3206 hare
3114 3153 3394 3222 diligenter
3435 3154 3729 3224 inquirunt,

2147 3249 2265 3288 cum
2293 3237 2442 3306 aquis
2469 3237 2640 3292 solere
2661 3238 2924 3308 deputari.
2949 3241 3252 3298 Concrescit
3277 3243 3418 3298 enim
3441 3257 3493 3298 et
3513 3261 3730 3301 crassus

2147 3324 2375 3381 emcitur
2401 3328 2820 3385 exhalationibus
2857 3341 2912 3387 et
2953 3334 3102 3402 quasi
3147 3336 3429 3403 vaporibus
3465 3337 3626 3390 maris
3667 3347 3730 3392 et

2148 3423 2324 3484 terrae,
2355 3427 2410 3472 et
2431 3418 2498 3474 de
2528 3420 2642 3490 ipso
2671 3419 2895 3478 humore
2931 3425 3222 3495 pinguescit
3246 3427 3633 3496 quodammodo
3665 3438 3731 3484 ut

2146 3508 2351 3564 volatus
2371 3511 2544 3565 avium
2571 3523 2782 3582 portare
2803 3517 2988 3584 possit.
3029 3516 3152 3573 ldeo
3182 3534 3276 3587 per
3300 3530 3481 3574 noctes
3505 3534 3730 3576 serenas

2146 3600 2305 3654 etiam
2349 3613 2518 3666 rorat,
2549 3603 2699 3674 cujus
2725 3607 2862 3660 roris
2896 3617 3056 3677 gutta:
3091 3624 3244 3663 mane
3276 3612 3326 3663 in
3371 3609 3548 3665 herbis
3579 3611 3732 3667 inve-

2146 3688 2380 3744 niuntur.
2421 3691 2550 3745 Nam
2579 3709 2731 3748 mons
2758 3695 2846 3750 ille
2873 3697 3211 3762 Macedonum,
3235 3699 3322 3768 qui
3351 3698 3607 3771 Olympus
3629 3716 3728 3756 vo-

2146 3789 2328 3848 catur,
2353 3790 2512 3837 tanta:
2549 3784 2842 3841 altitudinis
2871 3803 2989 3844 esse
3017 3789 3229 3854 dicitur,
3260 3801 3315 3846 ut
3345 3794 3395 3846 in
3425 3793 3540 3861 ejus
3566 3807 3729 3847 cacu—

2147 3872 2290 3927 mine
2319 3888 2418 3928 nec
2455 3883 2644 3929 ventus
2674 3879 2932 3932 sentiatur
2956 3921 2970 3945 ,
3005 3895 3101 3934 nec
3143 3881 3308 3936 nubes
3350 3897 3407 3936 se
3449 3882 3722 3952 colligant,

2146 3963 2266 4034 quia
2296 3964 2503 4019 excedit
2531 3966 2808 4022 altitudine
2833 3983 2926 4023 sua
2961 3980 3122 4025 totum
3157 3973 3310 4026 istum
3341 3989 3518 4028 aerem
3549 3973 3726 4028 intuti-

2145 4053 2268 4109 dttm
2297 4057 2346 4109 in
2377 4072 2482 4126 quo
2507 4073 2632 4112 aves
2659 4059 2871 4127 volant,
2899 4070 2952 4116 et
2998 4062 3116 4116 ideo
3155 4079 3252 4117 nec
3280 4079 3403 4118 aves
3435 4063 3503 4117 ibi
3541 4065 3724 4120 volare

2145 4161 2530 4204 asseverantur.
2572 4150 2723 4217 Quod
2751 4153 2819 4208 ab
2849 4154 2925 4208 eis
2962 4153 3224 4223 proditum
3264 4156 3482 4222 dicitur,
3510 4157 3596 4225 qui
3626 4170 3726 4226 per

2144 4240 2380 4308 singulos
2408 4256 2576 4296 annos
2597 4242 2858 4310 solebant,
2883 4245 3062 4298 nescio
3090 4261 3311 4315 quorum
3343 4247 3721 4300 sacriﬁciorum

2143 4345 2336 4396 causa,
2364 4334 2643 4388 memorati
2683 4337 2878 4392 montis
2915 4352 3167 4392 cacumen
3203 4337 3520 4402 ascendere,
3544 4346 3596 4392 et
3622 4339 3722 4393 ali-

2142 4437 2273 4492 quas
2293 4434 2445 4477 notas
2467 4426 2517 4478 in
2542 4426 2754 4494 pulvere
2775 4428 3027 4494 scribere,
3051 4444 3180 4498 quas
3201 4429 3304 4484 alio
3329 4445 3470 4483 anno
3493 4431 3723 4498 integras

2142 4513 2477 4570 inveniebant
2505 4533 2518 4570 :
2545 4517 2684 4585 quod
2732 4519 2840 4572 lieri
2887 4535 2991 4573 non
3035 4532 3258 4591 posset,
3286 4521 3331 4574 si
3371 4531 3586 4576 ventum
3629 4530 3718 4576 aut

2143 4607 2370 4676 pluviam
2395 4607 2539 4662 locus
2562 4609 2649 4662 ille
2672 4620 2956 4679 pateretur.
2980 4612 3178 4666 Deinde
3200 4613 3318 4681 quia
3338 4615 3563 4667 tenuitas
3583 4615 3720 4668 aeris

2143 4699 2286 4753 illius
2313 4699 2403 4769 qui
2432 4700 2498 4753 ibi
2529 4709 2612 4754 est
2633 4742 2646 4766 ,
2681 4717 2782 4755 non
2813 4717 2906 4756 eos
2944 4703 3264 4772 inspirabat,
3293 4703 3482 4757 durare
3515 4704 3583 4757 ibi
3616 4721 3718 4758 non

2145 4799 2407 4860 poterant,
2435 4791 2535 4846 nisi
2563 4793 2810 4868 spongias
2833 4792 3105 4846 bumectas
3133 4794 3346 4847 naribus
3369 4795 3716 4862 applicarent,

2146 4883 2284 4937 unde
2311 4885 2623 4938 crassiorem
2650 4891 2706 4938 et
2733 4893 3042 4938 consuetum
3074 4884 3314 4954 spiritum
3353 4884 3605 4939 ducerent
3630 4904 3641 4938 :
3665 4885 3724 4942 hi

2145 4989 2271 5043 ergo
2301 4975 2663 5030 indicaverunt
2701 4992 2758 5030 se
2787 4977 2946 5030 etiam
2991 4977 3188 5030 nullam
3216 4991 3367 5030 avem
3414 4976 3465 5029 in
3507 4991 3571 5030 eo
3606 4977 3722 5031 loco

2145 5066 2429 5136 aliquando
2473 5067 2689 5122 vidisse.
2730 5067 2844 5122 Non
2875 5068 3050 5137 itaque
3095 5068 3360 5121 immerito
3400 5083 3503 5121 non
3547 5068 3720 5121 solum

2145 5158 2319 5227 pisces
2335 5167 2388 5213 et
2413 5168 2603 5213 cretera
2624 5174 2740 5228 qum
2763 5159 2816 5212 in
2844 5159 2994 5228 aquis
3010 5166 3135 5213 sunt
3155 5158 3424 5225 animalia,
3449 5158 3540 5213 sed
3561 5159 3721 5214 etiam

2145 5263 2270 5304 aves
2294 5249 2362 5305 de
2387 5249 2538 5319 aquis
2564 5258 2715 5305 natas
2740 5264 2859 5304 esse
2879 5290 2893 5315 ,
2930 5249 3235 5303 ﬁdelissima
3265 5248 3537 5318 Scriptura
3568 5265 3719 5303 com-

2144 5350 2441 5406 memorat;
2471 5341 2591 5412 quia
2633 5357 2725 5410 per
2754 5340 2913 5396 istum
2945 5356 3122 5396 aerem
3153 5342 3333 5396 volare
3363 5349 3599 5410 possunt,
3631 5342 3722 5411 qui

2144 5431 2212 5488 de
2237 5432 2399 5487 maris
2427 5441 2480 5487 et
2504 5441 2657 5487 terra:
2687 5432 2995 5487 humoribus
3035 5431 3221 5502 surgit.

2215 5547 2442 5605 CAPUT
2470 5547 2607 5604 XVI.
2632 5579 2705 5590 ——
2734 5548 3027 5606 Perniciosa
3053 5551 3328 5605 animantia
3351 5567 3442 5604 cur
3462 5558 3649 5604 creata.

2215 5656 2306 5712 25.
2353 5655 2414 5709 Et
2443 5655 2571 5710 dixit
2597 5653 2734 5709 Deus
2756 5696 2773 5724 ,
2803 5653 2991 5725 Ejiciat
3019 5664 3152 5710 terra
3190 5655 3411 5707 animam
3457 5654 3614 5707 vivam
3642 5669 3724 5707 se-

2147 5750 2365 5806 cundum
2387 5750 2770 5822 unumquodque
2789 5765 2943 5820 genus
2963 5746 3342 5821 quadrupedum
3360 5756 3406 5803 et
3424 5754 3725 5821 serpentium
