4056 6458
304 339 418 396 155

301 545 493 597 bestias
527 551 674 596 terra!
699 541 972 595 secundum
996 555 1151 610 genus
1171 581 1184 603 ,
1215 548 1260 591 et
1292 555 1468 606 pecora
1491 540 1764 592 secundum
1801 557 1890 608 ge-

299 651 423 699 nus,
456 645 504 689 et
535 634 704 687 omnia
730 633 955 703 repentia
982 642 1128 684 terra:
1154 631 1427 684 secundum
1451 647 1626 702 genus.
1661 631 1726 684 Et
1770 632 1892 685 cidit

295 724 446 781 Deus
481 727 602 796 quia
640 726 767 779 bona
813 734 945 778 sunt.
987 722 1171 778 Solent
1215 722 1373 776 etiam
1419 723 1572 776 istam
1616 722 1890 778 Manichzni

294 834 528 872 movere
554 815 901 887 quaestionem
925 824 980 868 ut
1007 815 1184 868 dicant
1208 831 1219 868 :
1243 813 1378 878 Quid
1405 829 1535 883 opus
1561 822 1676 868 erat
1696 825 1750 867 ιιι
1782 823 1888 868 tam

294 909 473 962 multa
498 906 748 962 animalia
786 907 924 961 Deus
965 906 1156 960 faceret
1179 946 1194 971 ,
1222 906 1334 959 sive
1378 905 1430 958 in
1469 905 1619 976 aquis
1641 944 1655 968 ,
1687 905 1798 958 sive
1832 904 1886 958 in

294 1009 476 1065 terra,
507 1015 628 1069 qua:
669 997 974 1052 hominibus
1021 1013 1125 1051 non
1171 1005 1293 1050 sunt
1339 995 1672 1051 necessaria?
1721 995 1886 1049 multa

291 1091 460 1145 etiam
485 1089 781 1160 perniciosa
797 1099 917 1143 sunt
941 1099 993 1142 ct
1016 1087 1266 1142 timenda.
1293 1088 1398 1142 Sed
1421 1102 1538 1141 cum
1562 1087 1657 1140 ista
1680 1087 1881 1152 dicunt,

290 1201 405 1239 non
447 1185 744 1255 intelligunt
793 1183 1238 1253 quemadmodum
1283 1182 1459 1235 omnia
1502 1181 1720 1250 pulchra
1761 1193 1884 1235 sunt

289 1278 565 1333 conditori
595 1285 650 1330 ct
676 1276 863 1330 artiﬁci
891 1292 1006 1340 suo,
1035 1275 1125 1342 qui
1145 1275 1389 1340 omnibus
1418 1275 1579 1328 utitur
1599 1273 1662 1328 ad
1687 1274 1881 1342 guber-

289 1370 569 1421 nationem
602 1365 998 1429 universitatis,
1033 1366 1118 1419 cui
1157 1380 1361 1417 smnma
1399 1365 1514 1434 lege
1554 1365 1874 1417 dominatur.

287 1458 346 1514 Si
377 1460 524 1512 enim
554 1457 606 1511 in
637 1457 857 1525 alicujus
881 1456 1086 1525 Opiﬁcis
1112 1455 1374 1510 ofﬁcinam
1410 1457 1682 1522 imperitus
1709 1456 1879 1508 intra-

285 1552 464 1615 verit,
493 1550 638 1604 videt
689 1549 758 1603 ibi
799 1549 962 1603 multa
1006 1549 1360 1603 instrumenta
1408 1564 1631 1618 quorum
1689 1563 1878 1602 causas

289 1645 522 1714 ignorat,
556 1651 610 1698 et
636 1643 680 1697 si
708 1643 930 1696 multum
959 1652 1042 1697 est
1071 1643 1322 1709 insipiens
1343 1683 1355 1706 ,
1402 1642 1664 1710 superﬂua
1705 1652 1872 1711 putat.

285 1734 541 1790 Jamvero
567 1735 613 1788 si
645 1735 698 1787 in
728 1734 993 1788 fornacem
1025 1733 1266 1786 incautus
1294 1732 1563 1800 ceciderit,
1591 1741 1684 1787 aut
1710 1733 1774 1788 fe-
1793 1750 1875 1787 ra-

284 1838 472 1883 mento
494 1828 670 1896 aliquo
691 1839 864 1885 acuto,
888 1841 1006 1879 cum
1030 1825 1079 1878 id
1105 1825 1241 1879 male
1270 1832 1478 1890 tractat,
1504 1825 1731 1893 seipsum
1759 1825 1871 1877 vnl-

283 1917 578 1981 neraveril,
607 1917 762 1970 etiam
794 1916 1086 1986 perniciosa
1117 1926 1168 1970 ct
1195 1917 1348 1969 noxia
1371 1917 1634 1970 existimat
1661 1916 1727 1969 ibi
1756 1932 1873 1972 esse

284 2012 474 2064 multa.
519 2009 753 2076 Quorum
791 2015 968 2061 tamen
1007 2023 1158 2060 nsum
1190 2006 1438 2076 quoniam
1482 2008 1625 2061 novit
1658 2009 1867 2072 artifcx,

284 2099 644 2169 insipientiam
671 2099 786 2169 cjus
815 2099 1020 2162 irridet,
1043 2106 1094 2151 et
1123 2098 1280 2152 verba
1318 2098 1490 2168 inepta
1521 2115 1624 2152 non
1655 2115 1867 2163 curans,

285 2190 555 2244 ofﬁcinam
592 2205 740 2244 suam
779 2189 1034 2242 instanter
1057 2198 1287 2242 exercet.
1315 2189 1378 2242 Et
1399 2198 1570 2245 tamen
1597 2198 1700 2244 tam
1723 2192 1868 2245 stulti

281 2293 406 2339 sunt
435 2283 682 2339 homines
705 2327 718 2349 ,
750 2292 806 2337 ut
848 2283 987 2354 apud
1019 2285 1273 2338 artiﬁcem
1321 2284 1585 2340 hominem
1628 2301 1731 2339 non
1771 2303 1868 2341 au—

281 2375 445 2430 deant
469 2377 768 2445 vituperare
811 2393 928 2446 qna:
955 2376 1227 2445 ignorant.
1255 2375 1347 2430 sed
1387 2391 1506 2430 cum
1549 2393 1608 2430 ea
1643 2377 1868 2433 viderint

280 2470 502 2525 credant
518 2485 638 2524 esse
659 2470 979 2536 necessaria,
998 2479 1051 2525 et
1065 2479 1277 2538 propter
1294 2485 1420 2524 usus
1435 2471 1639 2541 aliquos
1662 2473 1866 2528 institu-

279 2574 362 2618 ta:
380 2565 432 2618 in
452 2566 552 2618 hoc
569 2573 745 2618 autem
769 2564 964 2618 mundo
981 2565 1131 2632 cujus
1146 2564 1390 2618 conditor
1405 2573 1457 2620 et
1471 2565 1868 2621 adminiStrator

279 2655 601 2725 praedicatur
625 2657 760 2711 Deus
778 2701 790 2720 ,
816 2655 1015 2709 audent
1039 2655 1198 2708 multa
1227 2656 1615 2725 reprehendere
1640 2673 1863 2725 quorum

278 2763 468 2802 causas
497 2762 604 2802 non
635 2747 844 2808 vident,
876 2756 929 2800 et
959 2747 1008 2799 in
1036 2749 1287 2816 operibus
1315 2756 1472 2818 atque
1499 2749 1864 2804 instrumentis

275 2837 660 2907 omnipotentis
685 2836 903 2891 artiﬁcis
927 2835 1110 2892 volunt
1143 2852 1199 2892 se
1225 2836 1388 2893 videri
1417 2838 1555 2893 scire
1589 2838 1728 2909 quod
1764 2854 1862 2894 ne-

273 2930 470 2985 sciunt.

345 3019 440 3075 26.
474 3020 585 3090 Ego
605 3033 732 3073 vero
760 3016 926 3072 fateor
955 3032 1039 3072 me
1069 3017 1272 3072 nescire
1290 3033 1469 3073 mures
1487 3027 1540 3074 et
1566 3035 1708 3073 rana:
1727 3038 1857 3089 qua-

274 3124 336 3164 re
359 3118 553 3164 create
584 3109 710 3175 sint,
756 3118 848 3162 aut
891 3125 1084 3162 musca:
1118 3117 1210 3162 aut
1235 3109 1506 3164 vermiculi
1541 3129 1556 3166 :
1597 3112 1750 3168 video
1779 3122 1859 3167 ta-

275 3216 400 3256 men
429 3201 610 3255 omnia
639 3201 690 3255 in
715 3216 813 3255 suo
840 3216 1034 3270 genere
1064 3201 1278 3270 pulchra
1303 3217 1440 3266 esse,
1470 3206 1707 3272 quamvis
1738 3220 1859 3273 prn-

275 3301 394 3358 pter
444 3301 662 3361 peccata
709 3304 888 3345 nostra
939 3292 1099 3345 multa
1132 3292 1283 3347 nobis
1314 3293 1586 3347 videantur
1613 3295 1855 3350 advcrsa.

275 3383 390 3438 Non
413 3384 555 3438 enim
576 3382 816 3436 animalis
833 3382 1056 3451 alicujus
1075 3398 1264 3450 corpus
1285 3391 1337 3436 et
1360 3383 1592 3437 inctnhra
1616 3385 1858 3439 conside-

273 3489 357 3540 ro,
391 3474 479 3527 ubi
497 3491 602 3528 non
631 3488 902 3528 mensuras
923 3485 976 3526 et
1002 3487 1250 3527 numeros
1270 3480 1321 3526 et
1338 3473 1573 3528 ordinem
1593 3475 1855 3530 inveniam

277 3566 344 3620 ad
370 3566 626 3620 nuiuttcm
656 3563 950 3618 concordiae
995 3564 1280 3632 pertinere.
1321 3564 1452 3631 Quae
1490 3567 1669 3620 omnia
1717 3566 1856 3621 unde

274 3657 490 3711 veniant
516 3673 622 3708 non
662 3655 918 3725 intelligo,
973 3655 1124 3708 nisia
1151 3669 1356 3708 summa
1392 3670 1637 3710 mensura
1675 3665 1730 3710 et
1758 3673 1855 3712 nu-

280 3763 430 3801 mcro
462 3746 871 3814 etordine,qua:
898 3745 949 3798 in
977 3746 1085 3814 ipsa
1111 3745 1200 3798 Dei
1217 3744 1536 3800 sublimitate
1561 3745 1856 3800 incommu-

272 3840 415 3893 tabili
444 3849 605 3908 atque
631 3848 828 3892 zetcrna
858 3838 1173 3890 consistunt.
1198 3835 1346 3903 Quod
1371 3837 1415 3888 si
1445 3837 1736 3905 cogitarent
1766 3837 1854 3892 isti

271 3930 628 4000 loquacissimi
648 3936 699 3983 et
715 3927 1048 3997 ineptissimi,
1073 3943 1174 3979 non
1198 3927 1349 3980 nobis
1367 3926 1579 3981 aedium
1598 3928 1849 3996 facerent,

268 4023 359 4077 sed
379 4023 478 4091 ipsi
498 4021 882 4074 considerando
904 4036 1089 4074 omnes
1117 4019 1531 4089 pulchritudines
1547 4032 1598 4075 et
1618 4038 1852 4080 summas

268 4126 320 4170 et
349 4117 580 4181 inﬁmas,
616 4117 776 4168 Deum
801 4116 1052 4168 artificem
1078 4113 1270 4183 ubique
1301 4114 1572 4168 laudarent
1597 4131 1610 4179 ;
1640 4126 1692 4168 ct
1720 4133 1850 4185 quo-

270 4210 411 4263 niam
469 4224 724 4277 nusquam
757 4206 1038 4261 oﬂemlitur
1075 4208 1228 4270 ratio,
1273 4208 1440 4262 sicubi
1483 4208 1618 4264 forte
1660 4225 1850 4266 sensus

267 4300 498 4354 carnalis
535 4297 838 4362 oﬂenditur,
873 4315 974 4350 non
995 4313 1168 4350 rerum
1203 4299 1432 4366 ipsarum
1462 4300 1609 4364 vitio,
1634 4301 1725 4354 sed
1752 4317 1846 4354 no-

269 4402 390 4446 stne
423 4391 764 4444 mortalitatis
792 4391 996 4443 meritis
1026 4391 1363 4459 imputarent.
1409 4393 1472 4445 Et
1496 4403 1640 4446 certe
1670 4396 1845 4448 omnia

266 4483 512 4537 animalia
543 4490 635 4534 aut
663 4482 804 4535 utilia
832 4481 982 4535 nobis
1011 4491 1158 4547 sunt,
1180 4491 1270 4538 aut
1298 4484 1612 4552 perniciosa,
1643 4496 1730 4540 aut
1757 4503 1847 4540 su-

266 4575 488 4648 perﬂua.
521 4575 790 4628 Adversus
838 4574 978 4627 utilia
1028 4590 1131 4627 non
1177 4575 1372 4629 habent
1398 4578 1520 4645 quid
1543 4578 1739 4633 dicant.
1770 4580 1844 4634 De

263 4666 580 4736 perniciosis
617 4675 794 4718 autem
835 4665 916 4719 vel
963 4665 1228 4733 punimur,
1258 4667 1339 4719 vel
1385 4682 1712 4734 exercemur,
1750 4671 1840 4724 vel

263 4767 549 4819 terremur,
583 4769 637 4810 ut
662 4773 763 4810 non
787 4758 943 4810 vitam
964 4759 1116 4811 istam
1148 4758 1328 4811 multis
1359 4760 1602 4826 periculis
1619 4771 1670 4814 et
1697 4761 1842 4815 labo-

262 4847 409 4902 nbus
437 4847 724 4910 subditam,
767 4847 859 4900 sed
903 4848 1061 4900 aliam
1106 4849 1408 4914 meliorem,
1444 4849 1545 4902 ubi.
1581 4854 1844 4906 securitas

260 4952 468 4992 Summa
497 4946 601 5002 est,
631 4936 910 5006 diligamus
938 4948 990 4991 et
1028 4938 1416 5005 desideremus,
1445 4949 1498 4994 ct
1525 4956 1642 4994 eam
1687 4943 1839 4998 nobis

263 5031 472 5099 pietatis
501 5028 708 5084 fueritis
732 5044 1116 5098 comparemus.
1151 5032 1225 5086 De
1251 5032 1532 5102 superﬂuis
1561 5051 1685 5090 vero
1711 5038 1838 5106 quid

257 5119 410 5176 nobis
435 5128 517 5174 est
539 5119 814 5190 quzerere?
843 5120 896 5174 Si
927 5120 1017 5174 tibi
1035 5121 1277 5189 displicet
1300 5123 1438 5192 quod
1463 5139 1566 5178 non
1593 5137 1835 5196 prosunt,

257 5211 466 5281 placeat
521 5208 663 5280 quod
715 5224 817 5263 non
870 5211 1096 5276 obsunt;
1137 5213 1256 5281 quia
1287 5213 1386 5267 etsi
1418 5213 1598 5269 domui
1641 5227 1836 5272 nostra:

254 5315 359 5355 non
387 5309 513 5356 sunt
532 5301 854 5368 necessaria,
885 5301 963 5355 eis
990 5311 1165 5356 tamen
1211 5306 1506 5374 completur
1543 5307 1696 5376 huius
1719 5311 1835 5364 uni-

254 5393 522 5447 versitatis
544 5391 840 5461 integritas,
859 5409 975 5462 quae
997 5394 1165 5448 multo
1187 5397 1355 5464 major
1375 5409 1453 5451 est
1471 5417 1625 5469 quam
1646 5403 1834 5460 domus

253 5491 436 5537 nostra
465 5490 522 5537 et
547 5481 714 5535 tnulto
743 5482 948 5538 melior.
973 5483 1118 5539 llanc
1153 5486 1296 5540 enim
1325 5489 1488 5542 multo
1515 5492 1704 5546 melius
1740 5495 1833 5548 ad-

254 5575 522 5629 ministrat
569 5575 730 5640 Deus,
770 5590 924 5644 quam
964 5577 1319 5646 unusquisque
1350 5591 1585 5635 nostrum
1613 5584 1830 5642 domum

255 5680 424 5722 suam.
453 5666 666 5736 Usurpa
710 5682 837 5734 ergo
879 5667 1050 5732 utilia,
1077 5684 1206 5724 cave
1245 5673 1562 5742 perniciosa,
1592 5678 1831 5749 relinque

252 5761 542 5832 superﬂua.
576 5761 634 5817 In
663 5761 908 5819 omnibus
935 5770 1108 5820 tamen
1129 5778 1249 5820 cum
1271 5781 1548 5824 mensuras
1573 5781 1624 5826 et
1652 5787 1829 5831 nume»

1643 334 1842 391 Lmen
1873 307 2154 400 ramus.

300 463 356 508 et
403 451 678 506 bestiarum
715 423 884 505 teme;
932 445 998 501 Et
1034 445 1110 502 sic
1135 445 1446 516 estfactum.
1492 445 1558 501 Et
1599 448 1719 518 fecit
1758 449 1896 505 Deus

2003 466 2094 506 ros
2112 461 2165 508 et
2192 452 2430 511 ordinem
2461 470 2631 528 vmes,
2657 462 2919 521 artiﬁcem
2943 482 3141 538 quaare.
3171 469 3280 526 Nec
3307 472 3467 529 alium
3489 477 3575 530 iu-

1998 545 2200 611 venies,
2223 547 2323 602 nisi
2346 550 2432 604 ubi
2453 566 2658 608 summa
2682 570 2950 622 mensura,
2973 568 3026 614 et
3041 575 3278 617 summus
3299 580 3574 632 immerita,

1998 642 2053 688 et
2100 651 2339 693 sunnnus
2367 641 2499 696 ordo
2525 653 2625 711 est,
2658 645 2708 700 id
2751 656 2834 702 est
2865 649 3053 718 Deum,
3081 651 3151 708 de
3175 667 3282 723 quo
3307 658 3582 714 verissime

1995 723 2192 780 dictum
2246 739 2346 794 est,
2402 732 2540 800 quod
2583 737 2828 792 omniain
2853 755 3116 807 mensura,
3150 753 3205 799 et
3249 761 3492 816 numero,
3521 760 3578 804 et

1996 817 2231 884 pondere
2256 819 2576 890 disposuerit
2608 827 2625 897 (
2657 828 2785 896 Sap.
2815 845 2891 897 χι,
2917 831 2979 886 21
3004 833 3044 902 ).
3066 833 3154 889 Sic
3187 835 3418 893 fortasse
3448 840 3576 895 ube-

1993 907 2186 962 riorem
2211 913 2388 980 capies
2411 914 2656 985 fructum,
2679 937 2798 975 cum
2828 923 2989 978 Deum
3020 926 3200 982 laudas
3224 929 3276 982 in
3306 929 3575 988 humilita-

1993 1005 2046 1052 te
2075 999 2334 1068 formicaz,
2353 1021 2508 1073 quam
2538 1024 2658 1064 cum
2701 1014 2896 1069 transis
2923 1015 3140 1074 ﬂuvium
3163 1021 3212 1073 in
3240 1022 3460 1093 alicujus
3481 1024 3570 1094 ju-

1991 1093 2152 1145 tnenti
2182 1094 2478 1152 altitudine.

1988 1180 2214 1238 CAPUT
2255 1185 2505 1241 XVll.-—
2538 1189 2604 1244 Ut
2644 1193 2947 1265 intelligitur
2967 1199 3034 1252 ad
3061 1203 3328 1272 imaginem
3370 1203 3463 1258 Dei
3481 1206 3567 1274 fa-

2429 1289 2536 1333 ctus
2557 1283 2724 1348 homo,
2740 1287 2894 1354 juxta
2916 1305 3042 1343 vers.
3068 1291 3156 1345 26.

2056 1361 2143 1416 27.
2170 1363 2235 1418 Et
2261 1367 2386 1422 dixit
2415 1370 2547 1427 Deus
2579 1389 2597 1427 .'
2628 1374 2900 1434 Faciamus
2919 1381 3171 1437 hominem
3200 1387 3266 1438 ml
3291 1387 3556 1458 imaginem

1985 1460 2031 1505 et
2052 1454 2427 1513 similitudinem
2458 1473 2680 1517 nostram
2706 1484 2726 1532 ;
2756 1478 2800 1521 et
2821 1470 2996 1524 habent
3023 1483 3316 1543 potestatem
3341 1454 3556 1545 piscium

1983 1547 2138 1600 maris
2157 1557 2201 1600 et
2226 1550 2498 1605 volatilium
2520 1557 2650 1621 caeli,
2677 1567 2722 1610 et
2745 1561 2968 1614 omnium
2993 1580 3226 1632 pecorum
3248 1577 3293 1620 et
3315 1571 3560 1637 ferarum,

1982 1645 2027 1688 et
2049 1639 2209 1692 omnis
2240 1649 2402 1704 terraz,
2426 1655 2471 1696 et
2497 1647 2716 1700 omnium
2738 1652 3013 1719 reptilium,
3049 1671 3163 1723 qua:
3197 1673 3346 1726 super
3374 1669 3562 1713 terram

1980 1739 2178 1796 repunt.
2202 1741 2254 1784 et
2275 1743 2462 1788 cetera
2488 1752 2652 1806 usque
2672 1739 2736 1793 ad
2757 1757 3026 1810 vesperam
3045 1757 3098 1800 et
3120 1762 3273 1802 mane
3289 1765 3392 1817 quo
3416 1765 3534 1804 com
3549 1783 3562 1794 ι

1982 1820 2150 1886 pietur
2178 1822 2290 1878 dies
2319 1835 2518 1880 sextus.
2550 1825 2705 1883 Istam
2738 1835 2966 1888 maxime
3009 1840 3357 1904 quaastiouem
3385 1841 3556 1895 solent

1980 1908 2251 1966 Manichmi
2281 1913 2572 1982 loquaciter
2599 1921 2819 1997 agitare,
2850 1931 2902 1975 et
2930 1923 3182 1980 insultare
3211 1929 3367 1983 nobis
3411 1930 3551 1997 quod

1979 1997 2245 2056 hominem
2268 2005 2545 2061 credamus
2573 1992 2762 2064 factum
2783 2013 2846 2065 ad
2871 2014 3148 2083 imaginem
3170 2027 3224 2072 et
3252 2020 3556 2074 similitudi-

1977 2105 2101 2144 ncm
2139 2092 2248 2146 Dei.
2300 2096 2590 2152 Attendunt
2615 2101 2754 2154 enitn
2786 2102 3002 2170 ﬁguram
3031 2110 3268 2175 corporis
3295 2113 3480 2172 nostri,
3503 2122 3559 2166 et

1977 2180 2254 2236 infeliciter
2283 2195 2527 2255 quaerunt
2553 2199 2728 2244 utrum
2757 2191 2948 2247 habeat
2973 2195 3113 2250 Deus
3144 2214 3298 2254 nares
3324 2207 3379 2254 ct
3425 2202 3557 2257 den-

1977 2281 2055 2328 tcs
2081 2283 2134 2329 et
2160 2275 2396 2342 barbam,
2429 2289 2481 2332 ct
2505 2283 2739 2337 membra
2783 2286 2939 2339 etiam
2971 2288 3240 2355 interiora,
3278 2301 3334 2347 et
3357 2298 3550 2348 cattera

1973 2381 2090 2434 qua:
2117 2368 2166 2420 in
2195 2370 2344 2424 nobis
2389 2381 2513 2425 sunt
2537 2377 2852 2430 necessaria.
2888 2377 2942 2432 In
2981 2380 3090 2434 Deo
3126 2393 3300 2436 autem
3331 2384 3452 2437 talia
3474 2386 3550 2438 ri-

1971 2457 2201 2514 diculum
2233 2470 2332 2523 cst,
2365 2463 2470 2518 imo
2497 2465 2714 2533 impium
2738 2469 2973 2532 credere,
2999 2480 3052 2525 et
3073 2472 3192 2526 ideo
3230 2483 3424 2543 negant
3449 2475 3548 2530 ho-

1971 2550 2166 2604 minem
2216 2551 2561 2610 factumesse
2614 2557 2678 2610 ad
2735 2559 3014 2628 imaginem
3053 2572 3105 2617 et
3148 2565 3546 2622 similitudinem

1973 2643 2084 2698 Dei.
2120 2644 2321 2710 Quibus
2352 2649 2755 2716 rCSpondemus,
2799 2653 3036 2708 meinln'a
3090 2657 3301 2725 quidem
3343 2655 3440 2712 ista
3488 2660 3543 2714 in

1967 2732 2252 2801 Scripturis
2274 2735 2582 2807 plerumque
2607 2741 2888 2805 nominari,
2920 2759 3041 2798 cum
3079 2746 3217 2802 Deus
3244 2747 3544 2804 insinuatur

1966 2824 2304 2880 audientibus
2353 2830 2614 2898 parvulis;
2644 2839 2698 2885 et
2734 2831 2834 2887 hoc
2881 2848 2986 2888 non
3029 2836 3200 2890 solum
3251 2839 3302 2892 in
3346 2839 3550 2894 Veteris

1968 2917 2289 2970 Testamrmi
2327 2920 2490 2984 libris,
2536 2921 2629 2975 sed
2674 2924 2832 2976 etiam
2863 2927 2912 2980 in
2967 2925 3118 2979 Novi.
3150 2927 3279 2982 Nam
3327 2931 3545 2985 etoculi

1968 3009 2057 3062 Dei
2088 3023 2588 3076 commemorantur,
2620 3024 2674 3068 et
2693 3029 2869 3080 aures,
2889 3025 2942 3070 et
2965 3018 3097 3071 labia
3131 3021 3170 3084 ί,
3198 3029 3252 3074 et
3282 3023 3460 3090 pedes,
3485 3032 3542 3078 et

1963 3099 2026 3152 ad
2052 3099 2321 3154 dexteram
2371 3103 2460 3155 Dei
2501 3103 2671 3157 Patris
2715 3105 2903 3160 sedere
2944 3112 3332 3178 evangelizatur
3358 3113 3543 3168 Filius.

1967 3188 2025 3241 lit
2054 3188 2162 3256 ipsc
2197 3190 2447 3244 Dominus
2473 3192 2598 3246 dicit
2627 3211 2640 3245 :
2675 3192 2850 3250 Nolite
2873 3215 2961 3266 per
3001 3201 3179 3253 caelum
3193 3203 3389 3272 jurare,
3423 3205 3544 3272 quia

1961 3281 2100 3332 sedes
2131 3280 2220 3332 Dei
2262 3292 2332 3332 est
2359 3300 2377 3346 ;
2405 3299 2557 3352 neque
2581 3303 2668 3354 per
2693 3295 2894 3351 terram,
2922 3291 3038 3358 quia
3065 3293 3335 3346 scabellum
3359 3297 3544 3364 pedum

1962 3372 2070 3439 ejus
2097 3380 2167 3422 cat
2194 3371 2210 3441 (
2236 3369 2419 3424 .llutth.
2449 3389 2503 3437 v,
2540 3377 2629 3440 5i,
2653 3378 2720 3430 55
2749 3377 2786 3442 ).
2824 3378 2950 3433 ltcm
2997 3381 3108 3449 ipse
3154 3384 3280 3438 dicit
3319 3387 3457 3452 quod
3486 3388 3540 3442 in

1960 3458 2124 3526 digito
2148 3461 2237 3513 Dei
2264 3462 2506 3529 cjiciebat
2527 3465 2784 3520 dazmonia
2811 3467 2972 3539 (Luc.
2992 3488 3066 3537 xu,
3085 3473 3155 3528 20
3170 3476 3211 3543 ).
3233 3475 3335 3529 Sed
3353 3493 3540 3532 omnes

1959 3551 2046 3617 qui
2073 3551 2414 3619 spiritualiter
2441 3555 2738 3624 intelligunt
2782 3559 3102 3630 Scripturas,
3134 3579 3242 3619 ll0n
3299 3569 3541 3624 membra

1958 3656 2215 3711 corporea
2247 3661 2340 3713 per
2378 3646 2474 3700 ista
2524 3649 2757 3715 nomina,
2787 3651 2882 3707 sed
2925 3655 3224 3722 spirituales
3277 3661 3546 3728 potentias

1957 3732 2201 3801 accipere
2227 3735 2544 3804 didicerunt,
2595 3740 2734 3795 sicut
2771 3743 2970 3812 galeas,
3000 3756 3053 3801 et
3091 3757 3317 3815 scutum,
3346 3760 3398 3804 et
3423 3752 3541 3820 gla-

1957 3821 2099 3875 dium
2122 3823 2140 3895 (
2164 3822 2356 3894 Eplies.
2411 3844 2485 3892 vt,
2520 3829 2603 3894 16,
2631 3832 2695 3884 17
2723 3835 2766 3902 ),
2796 3844 2851 3889 et
2873 3835 2974 3890 alia
3005 3838 3188 3892 multa.
3209 3840 3387 3896 Primo
3410 3857 3541 3909 ergo

1956 3910 2072 3965 istis
2103 3911 2365 3969 luereticis
2395 3915 2674 3973 dicendum
2702 3931 2804 3989 est,
2828 3940 2932 3992 qua
2969 3925 3288 3997 impudentia
3321 3931 3388 3985 de
3413 3931 3536 3984 tali-

1954 4000 2053 4055 bus
2095 4004 2270 4058 verbis
2327 4005 2504 4061 Veteri
2560 4009 2898 4067 Tcstamento
2944 4017 3366 4087 calumnicntur,
3415 4038 3543 4077 cum-

1954 4091 2112 4146 etiam
2156 4094 2204 4145 in
2255 4094 2406 4148 Novo
2438 4096 2550 4151 haec
2591 4102 2759 4168 posita
2788 4103 3020 4170 videant,
3045 4116 3140 4161 aut
3183 4109 3402 4166 fortasse
3429 4128 3538 4167 non

1954 4181 2187 4247 videant,
2211 4185 2302 4238 sed
2331 4200 2448 4240 cum
2469 4189 2674 4258 litigant
2700 4206 3055 4251 exczecentur.

2021 4271 2107 4326 ‘28.
2139 4273 2242 4328 Sed
2271 4286 2442 4332 tamen
2472 4282 2714 4336 noverint
2744 4284 2796 4338 in
2819 4287 3077 4342 catholica
3099 4290 3374 4361 disciplina
3411 4297 3527 4365 spi-

1950 4361 2168 4418 ritualcs
2212 4365 2393 4422 ﬁdeles
2431 4384 2535 4425 non
2580 4375 2803 4430 credere
2854 4378 3020 4433 Deum
3061 4381 3226 4435 forma
3273 4399 3530 4454 corporea

1949 4452 2257 4522 deﬁnitum;
2290 4467 2343 4511 et
2372 4461 2512 4528 quod
2541 4461 2700 4518 homo
2736 4467 2802 4520 ad
2830 4468 3111 4539 imaginem
3140 4473 3232 4526 Dei
3265 4452 3430 4530 iactus
3450 4477 3532 4532 di-

1949 4544 2107 4611 citur,
2138 4549 2424 4602 secundum
2448 4551 2752 4609 interiorem
2776 4556 3045 4615 hominem
3075 4561 3201 4626 dici,
3222 4565 3309 4620 ubi
3329 4576 3412 4621 est
3437 4585 3528 4622 ra-

1950 4636 2022 4688 tio
2047 4646 2100 4689 et
2125 4637 2457 4694 intellectus:
2489 4643 2626 4698 unde
2677 4647 2835 4701 etiam
2886 4648 3042 4704 habet
3094 4663 3406 4722 potestatem
3450 4659 3504 4727 pi

1947 4727 2113 4779 scium
2141 4729 2324 4796 maris,
2355 4741 2409 4785 et
2428 4733 2716 4790 volatilium
2741 4740 2882 4805 cmli,
2929 4750 2983 4795 et
3009 4745 3244 4799 omnium
3269 4762 3523 4816 pecorum

1946 4827 1999 4870 et
2029 4817 2284 4885 ferarum,
2335 4831 2389 4875 et
2427 4826 2600 4880 onmis
2646 4835 2824 4892 terrae,
2855 4840 2906 4885 ct
2959 4836 3198 4890 omnium
3225 4841 3526 4907 repentium

1945 4922 2062 4975 qua)
2091 4919 2281 4978 repunt
2301 4927 2460 4980 super
2479 4923 2692 4970 terram.
2719 4918 2852 4973 Cum
2871 4923 3012 4976 enim
3037 4926 3282 4992 dixisset,
3325 4929 3519 4983 Facia-

1944 5014 2053 5052 mus
2079 4999 2327 5068 hominem
2378 5005 2446 5057 ad
2478 5006 2744 5077 imaginem
2775 5020 2818 5063 et
2844 5014 3224 5070 similitudinem
3260 5030 3524 5085 nostram;

1943 5087 2140 5142 addidit
2171 5094 2442 5158 continuo,
2483 5094 2546 5148 Et
2569 5097 2748 5152 habeat
2779 5111 3068 5168 potestate»:
3099 5107 3308 5174 piscium
3369 5113 3523 5165 maria

1941 5187 1987 5230 et
2034 5180 2310 5234 volatilium
2362 5186 2492 5251 coeli,
2522 5197 2573 5240 et
2611 5200 2839 5245 cretera:
2872 5205 2928 5247 ut
2974 5197 3384 5266 intelligeremus
3412 5217 3518 5254 non

1943 5280 2158 5338 propter
2203 5288 2394 5342 corpus
2442 5277 2545 5330 dici
2579 5279 2843 5336 hominem
2893 5283 3092 5340 factum
3132 5288 3196 5341 ad
3231 5289 3516 5360 imaginem

1942 5360 2054 5424 Dei,
2087 5361 2180 5416 sed
2207 5375 2423 5434 propter
2447 5383 2564 5423 eam
2607 5381 2919 5439 potestatem
2951 5393 3053 5445 qua
3096 5380 3270 5432 ornuia
3327 5396 3519 5448 pecora

1939 5465 2170 5522 superat.
2198 5458 2381 5512 Omnia
2430 5463 2568 5515 enim
2615 5466 2860 5522 animalia
2901 5481 3090 5524 caetera
3132 5473 3368 5541 subjecta
3397 5486 3522 5533 sunt

1945 5542 2165 5610 homini,
2193 5562 2299 5601 non
2325 5561 2535 5620 prOpter
2564 5569 2755 5622 corpus
2774 5599 2794 5622 ,
2820 5559 2910 5612 Sed
2941 5570 3152 5628 promer
3169 5563 3514 5634 intellectura,

1936 5648 2092 5703 quem
2139 5653 2234 5690 nos
2282 5637 2558 5708 habemus,
2602 5654 2656 5698 et
2703 5646 2790 5699 illa
2840 5664 2943 5701 non
2992 5648 3233 5705 habent:
3271 5657 3520 5724 quamvis

1933 5813 1980 5858 α
1998 5747 2177 5862 :1
2199 5757 2244 5801 et
2267 5749 2391 5804 labia
2426 5761 2470 5806 et
2494 5755 2655 5810 dentes
2679 5763 2724 5808 et
2745 5759 2910 5824 pedes,
2930 5769 3052 5828 ctc.;
3075 5763 3162 5816 sed
3185 5778 3210 5816 a
3229 5773 3336 5819 Mss.
3357 5767 3518 5832 abest,
3585 5770 3588 5773 ’
