4056 6464
481 370 580 429 187

455 482 640 536 etiam
681 493 878 551 corpus
928 483 1172 534 nostrum
1215 474 1295 531 sic
1322 473 1636 530 fabricatum
1661 468 1750 534 sit,
1777 476 1836 523 ut
1863 465 2062 522 indicet

481 588 582 631 nos
608 573 857 630 meliores
884 585 1006 628 esse
1051 583 1211 640 quam
1237 566 1454 632 bestias,
1476 572 1530 620 et
1548 571 1830 634 prepterea
1859 560 1970 614 Deo
1995 558 2070 614 si-

483 667 660 723 miles.
687 664 935 721 Omnium
962 663 1104 719 enim
1127 659 1435 715 animalium
1458 670 1703 725 corpora,
1733 653 1848 709 sive
1867 667 1986 722 quae
2012 651 2066 706 in

483 757 658 829 squis,
687 757 797 811 sive
817 771 935 826 quae
965 755 1018 809 in
1047 763 1186 809 terra
1216 751 1416 816 vivunt,
1451 747 1566 802 sive
1601 759 1721 817 quae
1751 745 1802 799 in
1827 757 1953 799 aere
1977 755 2071 796 vo-

491 851 666 915 litant,
689 847 936 902 inclinata
964 852 1089 900 sunt
1111 843 1175 898 ad
1195 852 1414 907 terram,
1429 848 1482 894 et
1497 853 1602 892 non
1617 844 1742 892 sunt
1765 843 1940 890 erecta
1965 833 2070 888 sic-

455 951 550 997 -ut
576 940 808 996 hominis
850 953 1063 1010 corpus.
1096 937 1213 1004 Quo
1253 932 1597 1003 significatur,
1628 930 1788 985 etiam
1835 926 2071 980 animum

488 1041 730 1087 nostrum
753 1030 805 1084 in
836 1041 1062 1101 superna
1083 1041 1177 1079 sua
1209 1025 1251 1090 ¹,
1283 1023 1334 1078 id
1355 1030 1436 1076 est
1456 1021 1507 1074 iu
1534 1027 1732 1074 :eterna
1754 1013 2068 1088 spiritualia,

487 1130 728 1177 erectum
757 1133 880 1174 esse
901 1117 1116 1172 debere.
1146 1114 1221 1168 lta
1252 1112 1565 1182 intelligitur
1582 1125 1676 1180 per
1707 1108 1940 1162 animum
1959 1121 2074 1161 ma-

487 1213 656 1276 xime,
707 1218 992 1265 attestante
1034 1206 1191 1260 etiam
1218 1215 1396 1260 erecta
1422 1201 1662 1272 corporis
1691 1199 1880 1265 forma,
1911 1197 2072 1253 homo

487 1300 656 1358 factus
683 1300 748 1353 ad
780 1299 1057 1367 imaginem
1084 1305 1137 1352 et
1157 1296 1550 1350 similitudinem
1585 1293 1696 1347 Dei.

613 1389 840 1446 CAPUT
881 1389 1064 1442 XVlll.
1092 1417 1166 1428 —-
1194 1388 1424 1441 Potestas
1451 1385 1666 1439 hominis
1691 1385 1740 1437 in
1764 1383 1962 1437 bestias.

563 1481 654 1536 29.
688 1481 983 1551 Aliquando
1001 1482 1155 1535 etiam
1185 1481 1358 1535 solent
1377 1479 1555 1533 dicere
1586 1497 1598 1530 :
1627 1475 1905 1544 Quomodo
1925 1489 2077 1529 acce-

490 1572 570 1643 pit
597 1572 753 1626 homo
786 1554 1097 1640 petestatem
1121 1571 1339 1640 piscium
1359 1571 1520 1624 maris
1549 1577 1601 1622 et
1632 1566 1922 1622 volatilium
1953 1565 2074 1620 οωιί

489 1673 548 1720 et
570 1665 808 1718 omnium
860 1678 1112 1733 pecorum
1160 1672 1212 1717 et
1260 1663 1512 1728 ferarum,
1566 1676 1686 1715 cum
1720 1659 1994 1713 videamus
2044 1672 2074 1710 a

490 1757 675 1812 multis
693 1757 817 1812 leris
839 1756 1079 1810 homines
1102 1756 1290 1822 occidi,
1319 1763 1370 1808 et
1393 1769 1422 1808 a
1454 1753 1633 1807 multis
1663 1751 1959 1805 volatilibus
1981 1764 2076 1802 no-

492 1849 579 1906 bis
603 1850 810 1915 noceri,
839 1865 957 1919 qum
984 1831 1231 1902 volumus
1259 1848 1340 1902 vel
1373 1848 1542 1901 vitare
1563 1845 1643 1898 vel
1673 1860 1863 1914 capere
1881 1851 1933 1896 et
1961 1841 2074 1910 plc-

494 1954 722 2008 rumquc
751 1954 854 1992 non
889 1939 1215 2007 possumus?
1245 1936 1511 2006 quomodo
1540 1951 1667 2005 ergo
1701 1934 1751 1988 iu
1799 1933 1909 1987 haec
1935 1947 2079 1986 accc.

495 2031 675 2102 pimus
700 2029 1054 2100 potestatem?
1085 2029 1179 2083 llic
1208 2028 1309 2081 illis
1339 2027 1507 2096 primo
1529 2024 1811 2079 dicendum
1836 2030 1915 2076 cst
1935 2020 2078 2091 quod

495 2121 720 2176 multum
767 2129 948 2174 errent
971 2120 1059 2189 qui
1087 2130 1205 2188 post
1232 2126 1504 2187 peccatum
1527 2115 1867 2170 considerant
1911 2111 2078 2164 homi-

499 2227 644 2277 nem,
673 2228 792 2268 eum
823 2213 872 2265 in
902 2211 1059 2278 hujus
1085 2211 1204 2263 vitm
1246 2208 1620 2262 mortalitatem
1650 2205 1930 2259 damnatus
1974 2210 2078 2267 est,

495 2310 554 2358 et
579 2302 755 2357 amisit
783 2301 1159 2372 perfectionem
1190 2299 1331 2352 illam
1362 2314 1462 2368 qua
1487 2297 1656 2350 factus
1685 2303 1767 2350 est
1796 2295 1862 2348 ad
1894 2293 2080 2363 imagi-

503 2407 628 2448 nem
662 2393 774 2446 Dei.
800 2391 902 2446 Sed
925 2392 967 2445 si
989 2389 1259 2444 damnatio
1284 2390 1305 2420 ³
1333 2388 1449 2457 ejus
1467 2395 1667 2440 tantum
1695 2385 1851 2449 valet,
1885 2394 1942 2437 ut
1973 2393 2078 2437 tam

498 2481 681 2540 luitis
711 2481 989 2550 pecoribus
1014 2480 1236 2548 imperet
1265 2496 1278 2533 :
1310 2477 1547 2546 quamvis
1574 2475 1716 2530 enim
1747 2489 1774 2527 a
1806 2474 1986 2528 multis
2007 2472 2085 2528 fe-

498 2571 577 2626 ris
605 2579 822 2641 propter
850 2569 1184 2640 fragilitatem
1211 2567 1452 2636 corporis
1492 2567 1658 2636 possit
1682 2565 1872 2630 occidi,
1903 2581 1930 2617 a
1963 2565 2080 2618 nul-

498 2664 568 2718 εἰς
588 2672 764 2716 tamen
784 2660 987 2715 domari
1019 2669 1208 2729 potest,
1241 2673 1360 2712 cum
1383 2659 1498 2726 ipse
1525 2666 1635 2711 tam
1661 2655 1853 2710 multas
1873 2662 1926 2708 et
1955 2669 2084 2724 pro-

497 2767 772 2815 neomnes
795 2752 974 2806 domet
1005 2769 1018 2805 :
1049 2751 1092 2805 si
1115 2765 1244 2820 ergo
1276 2750 1390 2805 haec
1423 2749 1657 2804 hominis
1677 2747 1948 2802 damnatio
1971 2755 2086 2800 lan-

499 2852 612 2900 um
639 2844 796 2907 valet,
829 2843 955 2913 quid
999 2841 1067 2898 de
1095 2856 1260 2912 regno
1303 2841 1418 2910 ejus
1453 2839 1792 2911 cogitandum
1817 2847 1919 2905 est,
1943 2835 2086 2908 quod

500 2935 552 2992 ei
577 2943 832 2990 renovato
857 2945 912 2989 ct
931 2934 1150 2988 liberato
1165 2934 1338 2987 divina
1359 2947 1490 2987 voce
1517 2931 1876 3002 promittitur?

498 3026 727 3083 CAPUT
767 3026 910 3081 XIX.
932 3055 1002 3066 —
1043 3024 1111 3081 Ut
1135 3025 1467 3096 spiritualiter
1492 3024 1814 3093 accipiendas
1837 3039 1965 3077 vers.
1991 3021 2084 3076 28.

573 3117 664 3173 '50.
695 3117 846 3184 Quod
870 3125 1046 3171 autem
1069 3115 1326 3187 scriptum
1349 3124 1450 3179 est,
1476 3113 1766 3168 Masculum
1779 3123 1824 3166 et
1840 3113 2084 3184 feminam

502 3209 623 3281 fecit
641 3206 800 3272 illos;
831 3216 878 3260 et
897 3207 1146 3261 benedixit
1174 3223 1259 3261 eos
1283 3205 1416 3260 Deus
1435 3205 1628 3270 dicens,
1651 3203 1868 3258 Crescite
1891 3211 1936 3256 et
1956 3201 2088 3256 utul-

506 3299 830 3369 tiplicamini,
863 3308 911 3353 et
951 3309 1202 3370 generate,
1235 3307 1283 3352 et
1326 3296 1514 3370 replete
1539 3307 1764 3361 terram;
1791 3295 2089 3350 rectissime

501 3393 756 3463 quaeritur
781 3391 1227 3463 quemadmodum
1247 3388 1550 3460 accipienda
1567 3389 1636 3444 sit
1658 3387 1960 3458 conjunctio
1978 3401 2089 3440 ma-

500 3486 637 3542 sculi
668 3495 722 3540 et
750 3484 962 3542 feminae
989 3493 1112 3539 ante
1136 3492 1433 3554 peccatum,
1467 3490 1520 3538 et
1542 3483 1641 3536 ista
1672 3480 1968 3537 benedictio
1985 3494 2088 3550 qua

499 3577 699 3633 dictum
724 3584 824 3642 est,
863 3575 1077 3632 Crescite
1101 3584 1147 3630 et
1189 3574 1620 3645 multiplicamini,
1651 3581 1696 3628 et
1740 3580 1992 3644 generate,
2041 3580 2088 3624 et

499 3668 689 3740 replete
707 3678 893 3722 terram
921 3683 940 3722 :
968 3677 1141 3722 utrum
1170 3667 1472 3731 carnaliter,
1496 3681 1561 3720 an
1580 3665 1923 3735 Spiritualiter
1947 3663 2090 3717 acci-

507 3759 701 3831 pienda
742 3761 830 3815 sit.
871 3759 1019 3814 Licet
1061 3760 1201 3814 enim
1233 3759 1386 3812 nobis
1412 3773 1529 3812 eam
1555 3759 1714 3812 etiam
1745 3756 2090 3826 Spiritualiter

504 3852 770 3921 accipere,
799 3861 853 3906 ut
874 3850 927 3905 in
957 3850 1224 3906 carnalem
1253 3849 1629 3904 fecunditatem
1657 3856 1776 3918 post
1813 3856 2087 3917 peccatum

499 3953 758 3997 conversa
782 3954 903 3995 esse
923 3940 1172 3994 credatur
1198 3937 1295 4009 (a).
1323 3939 1446 3992 Erat
1467 3939 1605 3992 enim
1627 3939 1771 4008 prius
1790 3946 1932 3992 casta
1955 3952 2089 3991 con-

500 4029 707 4103 junctio
735 4031 953 4084 masculi
975 4037 1031 4084 et
1058 4029 1264 4084 feminze
1293 4046 1307 4095 ;
1341 4028 1497 4098 hujus
1515 4027 1582 4083 ad
1607 4027 1918 4098 regendum,
1949 4027 2090 4080 illius

501 4121 570 4176 ad
592 4121 1063 4190 obtemperantium
1092 4120 1487 4176 accommodata
1520 4136 1533 4173 :
1563 4131 1616 4175 et
1640 4120 1926 4190 spiritualis
1951 4117 2090 4174 fetus

504 4213 911 4284 intelligibilium
937 4223 993 4268 et
1020 4213 1394 4268 immortalium
1425 4213 1733 4284 gaudiorum
1761 4213 1971 4282 replens
1988 4219 2089 4266 ter-

506 4319 645 4368 ram,
676 4304 725 4359 id
765 4313 867 4371 est,
908 4304 1182 4358 vivillcans
1222 4318 1435 4374 corpus,
1467 4315 1518 4358 et
1544 4304 1821 4358 dominans
1851 4303 2003 4372 ejus;
2038 4303 2088 4358 id

505 4405 609 4465 est,
639 4396 708 4451 ita
738 4397 1037 4466 subjectum
1067 4396 1289 4462 habens,
1322 4405 1378 4450 ut
1407 4395 1601 4450 nullam
1623 4411 1687 4450 ex
1708 4411 1772 4449 eo
1795 4394 2091 4448 adversita-

505 4497 638 4554 tem,
658 4488 858 4544 nullam
877 4487 1172 4543 molestiam
1203 4496 1490 4557 pateretur.
1515 4486 1665 4553 Quod
1698 4485 1816 4541 ideo
1865 4487 1944 4541 sic
1972 4501 2091 4541 cre-

507 4578 738 4634 dendum
764 4587 866 4647 est,
892 4580 1016 4650 quia
1044 4579 1277 4633 nondum
1301 4588 1451 4634 erant
1481 4577 1571 4632 lilii
1599 4578 1779 4632 smculi
1809 4578 1967 4649 hujus
1988 4593 2089 4633 an-

505 4677 720 4739 tequam
750 4677 1052 4739 peccarent.
1085 4669 1200 4723 Filii
1231 4669 1370 4724 enim
1415 4669 1595 4723 saeculi
1639 4668 1796 4739 hujus
1833 4679 2092 4741 generant

504 4770 562 4818 et
584 4771 928 4833 generantur,
960 4763 1098 4818 sicut
1123 4763 1376 4817 Dominus
1393 4762 1542 4829 dicit,
1571 4777 1692 4817 cum
1721 4765 1772 4817 in
1807 4778 2089 4834 compara-

508 4857 654 4912 tione
696 4857 884 4912 lutura:
933 4856 1056 4912 vita:
1099 4872 1216 4927 qum
1255 4856 1410 4911 nobis
1453 4856 1800 4929 promittitur,
1821 4858 2090 4912 carnalem

505 4947 663 5003 istam
682 4948 1079 5019 generationem
1103 4948 1548 5004 contemnendam
1597 4963 1718 5004 esse
1761 4948 2091 5004 demonstrat

507 5036 528 5111 (
556 5037 680 5093 Luc.
710 5055 804 5105 xx,
830 5036 999 5095 54-56
1026 5041 1066 5110 ).

576 5127 807 5186 CAPUT
844 5129 964 5184 XX.
992 5160 1063 5170 —
1091 5129 1272 5185 Bestiis
1292 5131 1564 5195 dominari,
1597 5147 1684 5200 per
1702 5131 2016 5200 allegoriam.

578 5223 670 5276 '51.
693 5221 758 5276 Et
785 5221 926 5292 quod
959 5222 1038 5278 eis
1060 5222 1258 5277 dictum
1289 5231 1390 5289 est,
1440 5221 1631 5276 Ilabete
1670 5231 1958 5291 potestatem
2008 5223 2092 5294 pi-

508 5312 668 5366 scium
688 5313 864 5380 maris,
888 5321 934 5367 et
976 5313 1258 5368 volatilium
1298 5313 1432 5379 cazli,
1460 5323 1504 5366 et
1549 5313 1829 5382 repentium
1868 5314 2093 5367 omnium

507 5417 623 5472 qua
637 5411 818 5474 repunt
840 5419 993 5474 super
1011 5413 1197 5458 terram
1221 5418 1240 5457 :
1261 5403 1410 5457 salvo
1436 5402 1649 5472 quidem
1676 5403 1968 5468 intellectu,
1987 5419 2092 5474 quo

511 5509 604 5550 ma
621 5495 866 5550 nilestum
897 5503 980 5550 est
1006 5493 1252 5549 omnibus
1270 5493 1353 5548 his
1372 5494 1688 5549 animalibus
1714 5494 1984 5549 hominem
2007 5510 2094 5549 ra-

570 5588 589 5650 ξ
614 5593 714 5638 nuc
731 5587 1083 5649 revoavhnus,
1106 5599 1216 5650 sua,
1245 5599 1309 5638 ex
1331 5585 1587 5637 duodecim
1619 5592 1875 5650 Mss.,qua:
1908 5599 2004 5636 vox
2044 5587 2094 5636 in

929 5658 1078 5788 έῗῗῖιὶιρ
1100 5718 1245 5788 1³0⁵31
1261 5707 2092 5788 Ρνὲιεξιῖεξξίιιιεέθγο

505 5771 958 5888 ἓξὺὲἓάιέιζΐὶῃωοιῗ
981 5774 1073 5825 sed
1088 5771 1430 5838 corrigendum
1451 5773 1511 5823 ad
1529 5771 1638 5824 Mss.
1657 5771 1876 5834 codices;
1892 5771 2094 5825 dauma-

737 5853 752 5886 ι
799 5852 878 5888 ιη.

572 5899 646 5964 (a)
671 5907 687 5949 t
711 5907 1040 5962 hetract..cap.
1068 5898 1143 5960 lO,
1170 5911 1217 5948 u.
1243 5897 1290 5947 2.

1321 339 1419 414 DE
1443 350 1689 413 emcsn
1718 347 1994 409 comas
2031 347 2335 418 MANlCli.,
2371 348 2431 408 s.
2471 348 2837 408 sucosruu

3657 351 3759 408 188

2165 464 2311 521 tione
2325 463 2585 520 dominari
2603 481 2618 530 ;
2645 472 2789 520 recte
2811 471 2986 520 tamen
3008 463 3319 536 intelligitur
3333 462 3494 520 etiam
3510 461 3762 533 spiritua-

2173 557 2314 624 litcr,
2342 567 2399 612 ut
2424 572 2611 613 omnes
2630 557 2935 613 all‘ectioncs
2955 566 3008 612 et
3034 565 3209 612 motus
3234 557 3418 621 animi,
3441 571 3576 627 quos
3597 554 3761 610 habe.

2175 664 2294 702 mus
2315 648 2434 702 istis
2463 648 2779 703 animalibus
2807 648 3030 713 similes,
3074 647 3316 703 subditos
3344 644 3683 711 haberemus,
3708 655 3764 702 et

2174 753 2358 794 eorum
2383 738 2780 794 dominaremur
2801 755 2896 812 per
2922 744 3326 809 temperantiam
3347 750 3400 794 et
3422 739 3760 796 modestiam.

2174 829 2308 886 Cum
2333 831 2475 886 enim
2506 846 2611 885 non
2639 841 2893 901 reguntur
2914 833 2998 886 isti
3026 843 3224 899 motus,
3251 844 3536 903 erumpunt
3555 841 3612 888 et
3641 849 3766 903 per-

2175 931 2309 994 gunt
2358 921 2412 977 in
2455 920 2774 978 foedissimas
2819 923 3248 991 consuetudines,
3280 934 3335 980 et
3384 941 3480 995 per
3519 925 3760 980 diversas

2177 1015 2606 1085 perniciosasque
2653 1015 3032 1070 delectationes
3076 1030 3174 1071 nos
3198 1015 3430 1086 rapiunt,
3461 1025 3514 1070 et
3565 1015 3766 1071 faciunt

2177 1105 2378 1160 similes
2404 1105 2548 1158 omni
2575 1106 2754 1175 generi
2795 1105 3106 1160 bestiarum.
3137 1104 3269 1159 Cum
3295 1115 3474 1161 autem
3501 1115 3766 1176 reguntur

2177 1206 2227 1252 et
2278 1196 2648 1266 subjiciuntur,
2701 1198 2918 1252 omnino
2973 1209 3348 1252 mansuescunt
3391 1207 3448 1253 et
3491 1197 3764 1252 uobiscum

2177 1289 2512 1344 concorditer
2536 1289 2739 1343 vivunt.
2763 1289 2877 1344 Non
2903 1290 3044 1344 enim
3068 1305 3097 1343 a
3125 1291 3276 1345 nobis
3303 1291 3461 1344 alieni
3492 1300 3614 1344 sunt
3644 1305 3763 1344 mo-

2179 1389 2264 1435 tus
2291 1381 2453 1435 animi
2482 1383 2668 1436 nostri.
2699 1382 2990 1437 Pascuntur
3011 1383 3171 1437 etiam
3194 1383 3468 1438 nobiscum
3493 1384 3757 1453 cognitio-

2179 1488 2247 1526 ne
2276 1471 2542 1526 rationum
2569 1481 2621 1526 et
2649 1488 2855 1526 morum
2893 1474 3236 1544 optimorum,
3280 1484 3334 1528 et
3361 1475 3482 1528 vita:
3513 1485 3749 1540 maternae,

2182 1570 2428 1631 tanquam
2453 1561 2631 1617 herbis
2660 1563 3004 1618 semiualibus
3026 1573 3077 1618 et
3094 1564 3247 1633 lignis
3269 1563 3555 1620 lructiferis
3575 1574 3628 1620 ct
3643 1565 3741 1620 her

2181 1653 2261 1708 his
2282 1653 2558 1708 viridibus.
2610 1654 2818 1709 Ethmc
2864 1663 2946 1710 est
2992 1655 3220 1709 hominis
3263 1655 3367 1709 vita
3417 1656 3566 1710 beata
3609 1665 3767 1726 atque

2181 1755 2258 1800 tra
2286 1744 2478 1815 «quilla,
2508 1760 2628 1800 cum
2671 1760 2857 1800 omnes
2896 1753 3070 1799 motus
3099 1745 3213 1814 ejus
3239 1745 3426 1799 rationi
3453 1744 3768 1815 veritatique

2180 1838 2557 1904 consentiunt;
2589 1845 2644 1892 et
2671 1846 2926 1892 vocantur
2956 1837 3166 1906 gaudia,
3215 1846 3270 1891 et
3319 1851 3528 1890 amores
3572 1836 3766 1904 sancti,

2181 1939 2234 1984 et
2265 1932 2394 1985 casti
2419 1940 2471 1986 et
2492 1931 2635 1986 boni.
2660 1931 2717 1988 Si
2755 1942 2932 1986 autem
2976 1947 3082 1986 non
3119 1930 3478 1996 consentiunt,
3502 1929 3770 1984 nihilomi-

2183 2037 2282 2076 nus
2314 2022 2330 2054 ί
2357 2021 2482 2076 dum
2516 2023 2839 2094 negligenter
2856 2031 3133 2093 geruntur,
3158 2021 3512 2078 conscindunt
3530 2030 3583 2076 et
3601 2020 3767 2076 dissi-

2185 2123 2307 2181 pant
2324 2114 2575 2176 animum,
2597 2124 2650 2168 et
2672 2114 2866 2170 faciunt
2890 2115 3051 2168 vitam
3069 2113 3423 2168 miserrimam
3448 2127 3463 2177 ;
3489 2123 3543 2167 et
3567 2127 3769 2168 vocan-

2187 2213 2271 2260 tur
2293 2205 2732 2274 perturbationes,
2757 2213 2812 2261 et
2832 2205 3098 2270 libidines,
3125 2214 3178 2259 et
3199 2204 3640 2273 concupiscentia:
3658 2218 3773 2258 ma-

2186 2294 2268 2349 lae.
2302 2296 2377 2352 De
2399 2295 2588 2366 quibus
2603 2297 2712 2366 jam
2740 2297 2891 2350 nobis
2911 2297 3232 2366 principitur,
3258 2304 3423 2350 utcas
3437 2311 3555 2350 cum
3573 2307 3773 2366 quanto

2187 2401 2470 2456 possumus
2493 2388 2674 2443 labore
2700 2389 3072 2458 cruciligamus
3098 2388 3151 2442 in
3176 2387 3351 2451 nobis,
3376 2387 3548 2443 donec
3569 2389 3772 2442 absor-

2186 2477 2374 2531 beatur
2397 2492 2541 2532 mors
2569 2476 2621 2531 in
2647 2478 2922 2532 victoriam
2948 2475 3004 2550 (l
3029 2475 3170 2542 Con,
3203 2477 3384 2542 “.54
3402 2476 3443 2548 ).
3464 2477 3599 2532 Dicit
3623 2479 3775 2533 enim

2189 2569 2477 2637 Apestolus
2508 2586 2520 2621 :
2556 2569 2656 2634 Qui
2679 2578 2847 2622 autem
2872 2567 2998 2623 Iesu
3025 2566 3211 2623 Christi
3229 2576 3366 2635 sunt,
3396 2584 3599 2622 carnem
3624 2585 3774 2622 suam

2188 2660 2546 2730 eruci/ixernnt
2593 2677 2706 2713 cum
2755 2659 3212 2729 perturbationibus
3261 2668 3309 2712 et
3352 2659 3776 2728 concupiscentiis

2193 2751 2212 2825 (
2239 2751 2409 2807 Gulat.
2431 2768 2484 2817 v,
2519 2752 2591 2807 2i
2614 2752 2656 2824 ).
2681 2751 2775 2808 Vel
2802 2751 2925 2807 hinc
2950 2753 3090 2805 enim
3123 2749 3296 2821 quivis
3323 2750 3598 2806 admoneri
3617 2751 3779 2807 debet

2189 2862 2294 2901 non
2325 2847 2611 2901 carnaliter
2635 2845 2748 2900 haec
2775 2860 2895 2901 esse
2935 2843 3298 2915 intelligenda,
3343 2843 3466 2915 quia
3497 2842 3676 2898 herbze
3701 2843 3780 2897 vi-

2190 2938 2334 2993 rides
2360 2947 2408 2993 ct
2456 2937 2593 3008 ligna
2641 2937 2910 2990 fructifera
2953 2936 3098 2989 omni
3143 2933 3328 3005 generi
3379 2933 3688 3002 bestiarum,
3721 2941 3780 2988 et

2190 3029 2436 3082 omnibus
2457 3027 2758 3082 volatilibus
2783 3034 2837 3080 et
2859 3025 3109 3080 omnibus
3130 3024 3467 3095 serpentibus
3497 3024 3550 3079 in
3581 3024 3778 3079 Genesi

2189 3117 2382 3173 dantur
2399 3117 2464 3171 ad
2485 3119 2681 3182 cibum,
2711 3132 2831 3171 cum
2851 3117 3128 3170 videamus
3151 3115 3353 3178 leones,
3385 3124 3440 3170 et
3467 3115 3771 3185 accipitres,

2190 3218 2244 3263 et
2275 3209 2486 3273 milvos,
2509 3218 2562 3263 et
2578 3208 2780 3278 aquilas
2811 3221 2914 3260 non
2941 3206 3086 3279 pasci
3119 3205 3220 3260 nisi
3241 3206 3510 3272 carnibus,
3533 3213 3586 3259 et
3610 3204 3777 3259 inter-

2191 3299 2416 3354 fcctione
2443 3298 2666 3354 aliorum
2696 3297 3025 3352 animalium.
3057 3296 3210 3365 Quod
3245 3297 3404 3351 etiam
3434 3294 3501 3350 de
3539 3296 3777 3350 nonnul-

2193 3390 2258 3445 lis
2278 3391 2611 3460 serpentibus
2637 3389 2819 3455 credo,
2848 3391 2935 3460 qui
2957 3399 3083 3444 sunt
3121 3388 3174 3443 in
3201 3389 3442 3443 arenosis
3470 3399 3524 3443 et
3550 3387 3779 3444 desertis

2191 3482 2343 3547 locis,
2370 3483 2458 3536 ubi
2485 3482 2794 3551 neclignum
2815 3497 2912 3537 nec
2942 3481 3105 3536 herba
3134 3482 3368 3536 nascitur
3394 3480 3491 3553 (a).

2191 3572 2417 3629 CAPUT
2455 3571 2674 3628 XXI.—
2701 3571 2766 3627 In
2795 3589 2924 3627 vers.
2953 3573 3042 3640 5|,
3063 3589 3154 3626 cur
3182 3571 3395 3640 dicitur,
3430 3572 3573 3627 Bona
3599 3572 3777 3627 valde.
3799 3577 3812 3582 “

2263 3665 2351 3719 52.
2383 3664 2522 3720 Sane
2551 3680 2656 3718 non
2687 3673 2768 3719 est
2803 3664 3130 3734 negligenter
3167 3663 3595 3734 przetereundum
3639 3663 3781 3733 quod

2193 3758 2392 3812 dictum
2421 3766 2524 3824 est,
2559 3757 2624 3811 Et
2648 3758 2771 3810 vidit
2799 3756 2936 3811 Deus
2962 3758 3132 3811 omnia
3157 3772 3478 3829 quaecumque
3503 3758 3642 3828 fecit,
3672 3775 3780 3812 esse

2193 3849 2323 3902 bona
2361 3848 2522 3902 valde.
2565 3847 2697 3902 Cum
2748 3849 2888 3902 enim
2938 3847 3005 3902 de
3047 3832 3268 3917 singulis
3305 3840 3523 3920 ageret,
3573 3849 3782 3904 dicebat

2195 3950 2396 3995 tantum
2422 3983 2438 4008 ,
2479 3938 2612 3994 Vidit
2640 3938 2783 3994 Deus
2819 3940 2947 4024 quia
2974 3937 3159 3993 bonum
3201 3947 3272 3993 est
3313 3954 3332 3994 :
3359 3955 3480 3994 cum
3509 3928 3687 3995 autem.
3713 3940 3782 3995 de

2202 4031 2450 4085 omnibus
2477 4029 2778 4097 diceretur,
2807 4046 2994 4101 parum
3022 4029 3122 4085 fuit
3159 4030 3338 4086 dicere
3367 4032 3496 4085 bona
3514 4071 3530 4096 ,
3562 4031 3661 4086 nisi
3688 4031 3782 4084 ad-

2194 4131 2412 4180 deretur
2436 4136 2490 4180 et
2517 4124 2682 4178 valde.
2716 4123 2773 4179 Si
2795 4126 2936 4178 enim
2964 4123 3168 4193 singula
3199 4137 3360 4192 opera
3389 4123 3480 4177 Dei
3507 4138 3626 4177 cum
3655 4138 3782 4177 con-

2195 4217 2500 4271 siderantur
2529 4231 2558 4269 a
2589 4216 2938 4286 prudentibus
2958 4257 2974 4283 ,
3005 4215 3345 4270 inveniuntur
3372 4216 3567 4271 habere
3593 4215 3782 4270 lauda-

2194 4308 2334 4363 biles
2363 4322 2642 4363 mensuras
2670 4316 2724 4362 et
2747 4321 3000 4361 numeros
3029 4317 3084 4361 et
3112 4307 3327 4362 ordines
3356 4307 3405 4359 in
3434 4321 3532 4360 suo
3557 4322 3783 4376 quaeque

2193 4415 2391 4471 genere
2416 4401 2737 4467 constituta;
2777 4407 2976 4471 quanto
3005 4400 3172 4469 magis
3197 4399 3373 4454 omnia
3400 4398 3591 4463 simul,
3619 4399 3671 4454 id
3701 4409 3785 4454 est

2195 4495 2310 4565 ipsa
2337 4494 2653 4548 universitas
2675 4534 2692 4560 ,
2723 4509 2842 4563 qua:
2878 4493 2995 4547 istis
3021 4493 3244 4562 singulis
3273 4493 3322 4546 in
3355 4508 3516 4546 unum
3546 4491 3785 4546 collectis

2195 4585 2482 4654 impletur?
2509 4585 2693 4639 Omnis
2719 4586 2859 4640 enim
2887 4584 3226 4654 pulchritudo
3251 4599 3368 4654 qua:
3398 4584 3632 4653 partibus
3661 4598 3786 4638 cono

2196 4685 2322 4743 stat,
2353 4676 2521 4731 multo
2546 4683 2630 4732 est
2653 4675 2970 4731 laudabilior
2998 4676 3050 4730 in
3077 4683 3189 4730 toto
3211 4690 3370 4746 quam
3399 4675 3450 4729 in
3481 4674 3786 4746 partezsic-

2196 4777 2255 4824 ut
2281 4769 2333 4824 in
2388 4783 2618 4838 corpore
2651 4768 2902 4833 humano,
2936 4768 2981 4822 si
3021 4767 3301 4822 laudamus
3329 4767 3512 4821 oculos
3540 4765 3704 4832 solos,
3735 4766 3784 4821 si

2197 4877 2384 4916 nasum
2409 4861 2605 4927 solum,
2631 4860 2675 4914 si
2699 4859 2839 4916 solas
2863 4873 3046 4929 genas,
3072 4867 3164 4912 aut
3187 4858 3359 4912 solum
3384 4868 3561 4928 caput,
3584 4869 3675 4911 aut
3696 4872 3787 4912 so-

2198 4952 2276 5007 las
2302 4966 2514 5018 manus,
2535 4957 2627 5004 aut
2653 4951 2798 5004 solos
2823 4949 3007 5020 pedes,
3035 4958 3091 5004 et
3124 4958 3314 5004 cmtera
3352 4949 3396 5004 si
3425 4949 3642 5019 pulchra
3668 4949 3784 5002 sin-

2196 5045 2316 5115 gula
2346 5053 2401 5099 et
2438 5043 2554 5098 sola
2583 5043 2890 5108 laudamus;
2918 5049 3118 5112 quanto
3147 5041 3314 5112 magis
3348 5049 3518 5096 totum
3547 5056 3741 5111 corpus
3765 5083 3782 5108 ,

2197 5135 2281 5190 cui
2310 5135 2488 5189 omnia
2526 5132 2800 5199 membra,
2831 5147 2949 5201 qua:
2975 5131 3179 5202 singula
3220 5133 3439 5203 pulchra
3466 5141 3620 5196 sunt,
3651 5149 3785 5186 con-

2199 5227 2375 5282 ferunt
2405 5224 2854 5296 pulchritudinem
2891 5240 3040 5279 suam
3074 5241 3088 5278 :
3118 5225 3188 5280 ita
3220 5235 3277 5280 ut
3304 5242 3493 5280 manus
3521 5225 3740 5296 pulchra
3767 5269 3782 5293 ,

2198 5333 2316 5389 qua:
2344 5319 2504 5372 etiam
2539 5317 2649 5371 sola
2692 5316 3006 5371 laudabatur
3035 5316 3087 5372 iu
3137 5332 3394 5389 corpore,
3429 5319 3474 5372 si
3504 5328 3788 5389 separetur

2198 5424 2228 5462 a
2258 5423 2478 5478 corpore
2499 5449 2514 5474 ,
2549 5416 2603 5463 et
2631 5408 2742 5478 ipsa
2781 5407 2987 5461 amittat
3021 5409 3246 5478 gratiam
3289 5423 3438 5463 suam
3467 5450 3479 5473 ,
3512 5418 3566 5463 et
3592 5418 3787 5464 cetera

2199 5500 2314 5554 sine
2341 5499 2428 5553 illa
2459 5498 2739 5553 inhonesta
2765 5498 2916 5553 sint?
2945 5498 3116 5553 Tanta
3145 5509 3228 5554 est
3252 5501 3333 5554 vis
3361 5507 3415 5554 et
3444 5501 3675 5570 potentia
3701 5500 3785 5553 in-

2200 5591 2462 5664 tegritatis
2499 5599 2555 5647 et
2581 5592 2796 5647 unitatis
2819 5633 2834 5659 ,
2862 5599 2923 5647 ut
2962 5593 3126 5648 etiam
3162 5608 3282 5663 qua:
3308 5593 3469 5648 multa
3499 5603 3625 5648 sunt
3649 5595 3790 5649 bona

2264 5772 2282 5805 ³
2314 5779 2421 5822 Mss.
2447 5777 2640 5834 septem
2662 5770 2980 5837 non‘habent,
3003 5767 3329 5823 nihilominus.
3353 5777 3404 5824 Et
3423 5770 3500 5824 alii
3525 5779 3628 5824 tres
3649 5769 3791 5837 paulo

2201 5842 2307 5899 post
2323 5847 2420 5899 pro
2441 5833 2688 5895 geruntur,
2707 5833 3020 5899 substituunt,
3046 5838 3293 5898 reguntur.

2269 5893 2344 5959 (ui
2375 5903 2390 5945 l
2414 5893 2617 5946 lt'ctract.
2643 5907 2746 5957 cup.
2774 5893 2850 5956 10,
2875 5908 2921 5942 u.
2942 5893 2991 5943 ‘2.
