4056 6450
346 460 475 505 tunc
510 448 841 522 placeant‘,
883 461 1006 513 cum
1048 447 1105 505 in
1144 446 1451 503 universum
1494 447 1694 519 aliquid
1730 463 1930 505 conve-

350 543 503 598 niunt
529 551 690 613 atque
716 550 1057 599 concurrunt.
1085 540 1403 599 Universum
1432 550 1608 597 autem
1636 542 1704 597 ab
1732 542 1934 597 unitate

349 651 548 690 nomen
576 637 801 705 accepit.
827 633 979 703 Quod
1005 633 1051 688 si
1076 631 1346 689 Manicbaai
1373 632 1796 697 considerarent,
1822 633 1936 686 lau-

348 725 541 780 darent
568 724 932 779 universitatis
959 735 1229 779 auctorem
1272 734 1327 777 et
1363 723 1694 778 conditorem
1728 725 1930 788 Deum;

344 825 401 871 et
436 815 582 887 quod
613 830 706 871 eos
738 825 953 886 propter
976 815 1333 870 conditionem
1362 823 1557 869 nostrae
1595 815 1933 869 mortalitatis

344 905 400 959 in
427 916 579 975 parte
609 905 827 960 offendit
847 950 863 970 ,
890 904 1194 976 redigerent
1221 904 1285 959 ad
1318 904 1549 960 universi
1583 903 1930 974 pulchritudi-

345 1012 468 1051 nem
489 1036 507 1062 ,
533 1004 588 1051 et
614 995 857 1051 viderent
894 993 1337 1065 quemadmodum
1372 995 1507 1049 Deus
1547 993 1730 1050 fecerit
1757 994 1931 1049 omnia

344 1102 453 1142 non
484 1088 660 1142 solum
708 1087 844 1141 bona
868 1126 886 1155 ,
916 1087 1008 1141 sed
1039 1088 1199 1142 etiam
1237 1087 1373 1141 bona
1412 1086 1584 1141 valde.
1613 1086 1745 1154 Quia
1770 1085 1929 1141 etiam

342 1177 397 1231 in
426 1192 678 1232 sermone
699 1178 873 1247 aliquo
898 1187 1088 1232 ornato
1118 1187 1277 1248 atque
1299 1179 1594 1249 composito
1616 1180 1658 1231 si
1688 1178 1930 1233 conside-

340 1283 530 1323 remus
557 1268 791 1338 singulas
818 1267 1070 1336 syllabas,
1111 1267 1197 1322 vel
1223 1268 1384 1323 etiam
1424 1268 1656 1338 singulas
1686 1268 1889 1325 litteras
1912 1312 1926 1335 ,

340 1373 466 1430 qua:
495 1375 615 1413 cum
644 1359 917 1413 sonuerint
942 1359 1119 1412 statim
1144 1367 1439 1423 transeunt,
1466 1375 1569 1411 nou
1600 1359 1651 1412 in
1682 1360 1758 1413 eis
1785 1360 1930 1415 inve-

342 1450 525 1504 nimus
544 1448 671 1521 quid
694 1448 920 1504 delectet
942 1460 1097 1519 atque
1128 1448 1446 1504 laudandum
1476 1450 1563 1503 sit.
1595 1449 1760 1504 Totus
1789 1452 1928 1505 enim

343 1540 435 1596 ille
461 1555 640 1596 sermo
664 1556 769 1596 non
798 1539 865 1596 de
892 1542 1111 1612 singulis
1138 1541 1357 1613 syllabis
1382 1550 1475 1598 aut
1502 1543 1713 1612 litteris,
1744 1544 1838 1601 sed
1864 1544 1930 1601 de

341 1631 593 1686 omnibus
619 1630 841 1701 pulcher
873 1641 975 1688 est.

343 1740 581 1797 CAPUT
609 1740 776 1798 XXII.
797 1772 872 1784 —
894 1742 1109 1813 Requies
1133 1743 1234 1797 diei
1259 1744 1458 1813 septimi
1483 1761 1573 1815 per
1592 1745 1884 1818 allegoriam
1908 1761 1929 1802 :

874 1853 989 1906 cap.
1014 1836 1051 1890 2
1073 1878 1087 1900 ,
1118 1852 1247 1891 vers.
1281 1837 1398 1893 1-5.

412 1949 507 2005 33.
553 1948 671 2004 Jam
713 1964 855 2004 nunc
895 1948 1168 2004 videamus
1197 1950 1355 2004 etiam
1385 1949 1543 2015 illud,
1576 1949 1715 2020 quod
1758 1950 1930 2007 solent

341 2044 551 2111 majore
580 2041 904 2111 impudentia
926 2081 941 2107 ,
970 2056 1127 2111 quam
1174 2040 1436 2110 imperitia
1472 2041 1719 2095 deridere
1743 2084 1758 2104 ,
1787 2042 1928 2111 quod

341 2134 606 2203 scriptum
649 2142 768 2197 est,
816 2133 981 2187 Deum
1025 2140 1393 2187 consummato
1430 2132 1569 2188 cmlo
1616 2140 1669 2188 et
1708 2142 1846 2187 terra
1876 2142 1929 2188 et

342 2224 596 2279 omnibus
620 2240 737 2293 qua:
763 2224 905 2288 fecit,
939 2224 1263 2293 requievissc
1289 2223 1375 2278 die
1402 2224 1629 2293 septimo
1664 2224 1731 2279 ab
1757 2225 1928 2278 omni-

343 2313 444 2368 bus
473 2313 725 2381 Operibus
755 2314 886 2377 suis,
915 2323 964 2367 et
998 2313 1330 2368 benedixisse
1358 2314 1499 2368 diem
1526 2315 1809 2383 septimum
1833 2357 1845 2379 ,
1876 2326 1929 2370 ct

340 2403 709 2458 sanctificasse
747 2418 889 2465 eum,
930 2403 1052 2472 quia
1092 2403 1352 2472 requievit
1391 2402 1457 2455 ab
1502 2404 1751 2473 operibus
1795 2405 1925 2459 suis.

342 2495 541 2550 Dicunt
570 2495 711 2549 enim
742 2513 755 2547 :
787 2494 922 2561 Quid
951 2509 1085 2564 Opus
1113 2502 1226 2549 erat
1265 2503 1321 2548 ut
1364 2496 1500 2549 Deus
1529 2494 1927 2564 requiesceret?

341 2601 409 2641 an
453 2587 593 2641 forte
636 2586 889 2654 operibus
932 2601 1025 2642 sex
1069 2586 1274 2640 dierum
1323 2584 1570 2656 fatigatus
1608 2594 1660 2640 et
1703 2586 1928 2641 lassatus

340 2678 501 2732 erat?
542 2677 758 2732 Addunt
797 2678 954 2731 etiam
1003 2678 1206 2731 Domini
1243 2678 1640 2742 testimonium,
1690 2678 1779 2731 ubi
1822 2678 1924 2742 ait,

342 2767 506 2822 Pater
523 2786 664 2823 meus
684 2784 840 2840 usque
864 2784 996 2822 nunc
1020 2778 1258 2839 operatur
1288 2767 1463 2837 (Joan.
1486 2784 1540 2834 v,
1574 2767 1662 2840 17)
1686 2783 1700 2833 ;
1730 2779 1783 2824 et
1806 2771 1928 2826 hinc

343 2862 546 2917 multos
593 2862 869 2930 imperitos
908 2862 1210 2931 decipiunt,
1254 2861 1443 2931 quibus
1472 2860 1794 2930 persuadere
1832 2876 1927 2915 co-

344 2960 541 3006 lantur
568 2950 774 3006 Novum
818 2951 1212 3004 Testamentum
1251 2950 1429 3003 Veteri
1459 2950 1800 3005 Testamento
1830 2952 1922 3005 ad-

342 3040 569 3095 versari.
611 3040 717 3095 Sed
755 3040 891 3093 sicut
929 3040 1001 3093 illi
1044 3039 1237 3108 quibus
1280 3040 1529 3092 Dominus
1570 3038 1726 3104 dicit,
1771 3038 1928 3094 Pater

340 3149 483 3187 meus
505 3148 663 3197 usque
689 3148 824 3186 nunc
857 3140 1092 3202 operatur
1114 3173 1127 3195 ,
1155 3132 1437 3185 carnaliter
1462 3131 1813 3199 opinabantur
1838 3149 1925 3186 re-

339 3224 521 3294 quiem
550 3223 681 3287 Dei,
727 3232 781 3278 et
824 3222 1106 3277 carnaliter
1130 3222 1404 3274 sabbatum
1436 3221 1777 3276 observantes
1818 3239 1925 3278 non

342 3314 599 3369 videbant
632 3313 756 3384 quid
787 3314 927 3368 illius
964 3313 1067 3368 diei
1117 3312 1431 3382 significatio
1460 3310 1736 3381 figuraret;
1770 3314 1845 3367 sic
1874 3322 1927 3368 et

341 3404 431 3458 isti
455 3405 670 3459 diversa
700 3404 912 3474 quidem
940 3405 1209 3457 voluntate
1231 3444 1246 3468 ,
1281 3403 1474 3470 pariter
1501 3412 1674 3458 tamen
1704 3420 1807 3457 nou
1840 3408 1921 3457 in-

342 3496 591 3565 telligunt
620 3496 823 3549 sabbati
850 3504 1259 3549 sacramentum.
1284 3494 1351 3547 Et
1382 3494 1451 3547 illi
1477 3496 1616 3547 enim
1645 3496 1925 3549 carnaliter

343 3584 680 3639 observando
703 3625 719 3651 ,
751 3594 806 3639 et
836 3585 920 3639 isti
946 3585 1231 3638 carnaliter
1256 3582 1580 3636 exsecranda
1605 3624 1618 3648 ,
1646 3584 1921 3641 sabbatum

343 3692 448 3732 non
492 3686 776 3731 noverunt.
808 3676 1065 3731 Transeat
1107 3691 1233 3745 ergo
1276 3676 1637 3745 unusquisque
1670 3675 1735 3730 ad
1765 3676 1922 3731 Chri-

342 3777 480 3822 stum
530 3776 590 3822 ut
633 3767 901 3823 auferatur
943 3767 1220 3833 velamen,
1271 3766 1406 3820 sicut
1460 3768 1748 3837 Apostolus
1792 3767 1923 3824 dicit

344 3858 409 3929 (ll
443 3858 563 3913 Cor.
590 3874 676 3923 nt,
721 3856 834 3927 l6).
862 3857 1114 3912 Velamen
1146 3857 1285 3911 enim
1324 3857 1574 3921 aufertur,
1606 3858 1818 3927 quando
1845 3860 1919 3913 si-

342 3950 661 4004 militudinis
686 3958 741 4005 et
772 3950 1038 4019 allegoriae
1065 3949 1461 4019 cooperimento
1490 3950 1693 4018 ablato,
1725 3952 1921 4007 veritas

342 4038 591 4104 nudatur,
624 4048 680 4092 ut
704 4038 868 4108 possit
891 4038 1076 4092 videri.

410 4129 499 4183 34.
534 4129 715 4184 Primo
754 4143 879 4199 ergo
917 4128 1073 4198 hujus
1114 4128 1396 4182 locutionis
1430 4128 1607 4198 regula
1648 4128 1698 4182 in
1739 4124 1918 4185 multis

341 4220 639 4277 divinarum
680 4222 1069 4291 Scripturarum
1110 4221 1238 4275 locis
1270 4220 1729 4275 animadvertenda
1760 4230 1917 4291 atque

341 4312 594 4369 discenda
620 4323 703 4368 est
725 4315 767 4367 ².
799 4312 933 4378 Quid
964 4311 1104 4366 enim
1136 4311 1278 4365 aliud
1310 4312 1588 4381 significat,
1620 4312 1756 4380 quod
1788 4312 1920 4367 dici-

340 4413 423 4459 tur
464 4404 605 4459 Deus
632 4404 955 4473 requiei-isse
982 4402 1050 4455 ab
1075 4402 1317 4455 omnibus
1357 4402 1606 4469 operibus
1645 4402 1775 4468 suis,
1800 4418 1917 4471 quae

338 4494 461 4550 fecit
487 4495 624 4549 bona
654 4493 836 4558 valde,
865 4493 966 4547 nisi
994 4494 1227 4562 requiem
1258 4500 1490 4545 nostram
1514 4532 1529 4555 ,
1576 4506 1731 4560 quam
1765 4491 1917 4546 nobis

336 4586 558 4640 daturus
581 4594 664 4639 est
691 4585 759 4639 ab
802 4585 1049 4639 omnibus
1078 4583 1327 4653 Operibus
1370 4582 1564 4647 nostris
1586 4622 1603 4649 ,
1635 4582 1679 4635 si
1723 4591 1777 4636 et
1818 4597 1916 4638 nos

336 4676 471 4732 bona
500 4691 662 4746 opera
693 4674 1015 4730 fecerimus?
1042 4674 1343 4729 Secundum
1373 4674 1539 4743 ipsam
1583 4673 1800 4742 figuram
1836 4672 1914 4726 lo-

334 4770 562 4824 cutionis
588 4768 717 4823 dicit
750 4777 803 4823 ct
829 4768 1113 4837 Apostolus
1146 4784 1158 4820 :
1195 4766 1329 4832 Quid
1362 4766 1492 4820 enim
1520 4781 1718 4818 oremus
1738 4805 1753 4829 ,
1787 4765 1915 4818 sicut

333 4871 550 4931 oportet,
576 4862 825 4916 nescimus
848 4879 868 4926 ;
890 4861 979 4914 sed
1007 4862 1114 4931 ipse
1139 4860 1361 4930 Spiritus
1396 4859 1616 4928 postulat
1654 4874 1744 4929 pro
1774 4858 1915 4914 nobis

331 4952 595 5023 gemitibus
622 4950 1045 5005 inenarrabilibus
1076 4950 1247 5022 (Rom.
1276 4966 1401 5016 vm,
1448 4949 1564 5020 26).
1612 4949 1725 5004 Non
1770 4951 1911 5004 enim

330 5042 559 5113 Spiritus
594 5054 810 5099 sanctus
833 5045 1033 5114 gemit,
1073 5042 1224 5113 quasi
1259 5043 1491 5112 indigeat
1526 5051 1619 5096 aut
1646 5044 1914 5113 angustias

330 5134 580 5204 patiatur,
609 5137 696 5204 qui
723 5136 1011 5190 secundum
1036 5135 1201 5189 Deum
1225 5134 1523 5204 interpellat
1551 5150 1651 5205 pro
1675 5135 1869 5189 sanctis
1894 5151 1908 5188 :

327 5225 421 5281 sed
450 5227 574 5295 quia
605 5227 718 5296 ipse
748 5242 846 5282 nos
877 5236 1055 5281 movet
1083 5226 1148 5281 ad
1178 5227 1434 5281 orandum
1462 5242 1582 5280 cum
1610 5227 1869 5296 gemimus
1892 5269 1908 5294 ,

328 5316 467 5386 quod
492 5318 606 5386 ipso
629 5327 879 5373 movente
899 5333 997 5373 nos
1014 5317 1257 5381 facimus,
1282 5318 1395 5386 ipse
1417 5316 1591 5371 facere
1613 5318 1785 5372 dictus
1807 5328 1906 5372 est.

325 5404 417 5465 Sic
440 5407 638 5463 dicitur
665 5412 823 5463 etiam
852 5410 978 5464 illud
1006 5427 1020 5464 :
1054 5410 1231 5463 Tentat
1265 5425 1350 5463 ros
1378 5408 1622 5463 Dominus
1652 5408 1789 5463 Deus
1823 5426 1909 5463 ve-

324 5508 462 5563 ler,
493 5509 549 5553 ut
576 5502 704 5554 sciat
731 5501 775 5555 si
796 5501 1006 5572 diligitis
1030 5517 1142 5554 eum
1169 5501 1347 5571 (Deut.
1370 5516 1461 5555 xm
1483 5542 1496 5565 ,
1525 5500 1602 5570 5).
1626 5500 1739 5554 Non
1765 5501 1907 5554 enim

386 5653 403 5686 ι
430 5652 501 5701 sic
519 5657 627 5716 ξιτεδ.
649 5661 701 5703 At
718 5653 833 5703 editi
851 5652 1037 5703 habent
1057 5666 1069 5702 :
1095 5658 1269 5716 thue:
1294 5651 1413 5703 bona
1430 5655 1558 5712 sunt,
1574 5655 1684 5702 tunc
1708 5648 1910 5702 multum

319 5713 466 5765 etiam
476 5713 725 5777 placeant.

385 5777 406 5809 ³
429 5774 537 5826 Ilus.
560 5777 799 5839 quinque,
822 5774 1138 5828 discernenda
1169 5781 1257 5828 est.

1656 336 1855 393 LIBER
1893 330 2162 400 PRIMUS;

3519 355 3621 416 £90

2042 458 2100 504 ut
2124 450 2256 506 sciat
2284 450 2397 524 ipse
2422 468 2578 525 quem
2602 456 2734 513 nihil
2761 457 2911 529 latet,
2941 460 3036 521 sed
3060 470 3120 529 ut
3145 464 3284 522 scire
3308 480 3407 523 nos
3431 467 3615 537 faciat,

2039 550 2291 611 quantum
2322 543 2375 599 in
2403 546 2520 615 ejus
2548 547 2836 606 dilectione
2862 552 3259 622 profecerimus,
3296 560 3487 615 tentari
3516 577 3614 615 nos

2036 636 2315 702 permittit.
2362 637 2663 696 Secundum
2696 644 2861 713 ipsam
2892 646 3213 705 locutionem
3255 649 3383 705 dicit
3421 661 3476 707 et
3504 653 3605 709 Do

2037 726 2213 782 minus
2238 740 2419 786 noster
2438 773 2453 797 ,
2482 732 2688 790 nescire
2712 752 2771 790 se
2803 738 2942 792 diem
2971 747 3025 794 et
3047 739 3230 796 horam
3259 742 3328 800 de
3360 741 3466 799 fine
3507 758 3613 799 δευ-

2037 819 2140 873 culi
2172 820 2382 892 (Matth.
2425 840 2553 880 xxtv
2576 867 2590 891 ,
2636 827 2749 899 56).
2778 829 2914 896 Quid
2951 832 3093 886 enim
3126 843 3299 903 potest
3327 849 3448 892 esse
3470 836 3613 907 quod
3691 876 3701 889 .

2037 908 2126 965 ille
2155 912 2391 969 nesciat?
2418 914 2524 971 Sed
2550 919 2670 987 quia
2701 919 2802 975 hoc
2830 923 3030 978 utiliter
3057 925 3354 981 occultabat
3382 927 3615 998 discipu-

2038 1000 2136 1067 lis,
2167 1006 2490 1061 nescientem
2537 1024 2595 1063 se
2634 1025 2753 1066 esse
2778 1011 2944 1081 dixit,
2987 1015 3105 1084 quia
3152 1017 3270 1071 illos
3312 1019 3611 1075 nescientes

2036 1093 2352 1151 occultando
2394 1097 2634 1154 faciebat.
2677 1100 2973 1159 Secundum
3021 1106 3156 1161 hanc
3196 1106 3417 1179 figuram
3448 1111 3608 1165 etiam

2038 1182 2245 1240 Patrem
2274 1188 2443 1243 solum
2471 1190 2603 1245 dixit
2626 1194 2763 1247 scire
2792 1195 2930 1250 diem
2964 1198 3132 1267 ipsum
3153 1241 3169 1267 ,
3212 1202 3333 1269 quia
3361 1203 3607 1258 eumdem

2037 1274 2226 1332 Filium
2254 1280 2391 1335 scire
2419 1280 2629 1338 faceret.
2664 1286 2739 1339 Ex
2768 1286 2866 1341 bac
2888 1288 3049 1358 figura
3084 1292 3262 1347 multa:
3288 1296 3610 1362 quaestiones

2037 1366 2088 1421 in
2119 1367 2316 1425 divinis
2356 1369 2643 1441 Scripturis
2668 1417 2683 1441 ,
2728 1378 2806 1430 eis
2849 1379 2937 1447 qui
2972 1380 3081 1448 jam
3121 1398 3287 1450 genus
3326 1384 3607 1440 locutionis

2035 1456 2193 1529 hujus
2218 1474 2511 1530 noverunt,
2540 1467 2653 1521 sine
2678 1468 2781 1521 ulla
2808 1469 3116 1527 difficultate
3138 1474 3432 1531 solvuntur.
3464 1476 3610 1532 Tali-

2034 1546 2133 1602 bus
2180 1549 2537 1609 locntionibus
2570 1557 2726 1610 etiam
2758 1559 2989 1614 abundat
3022 1573 3200 1618 nostra
3241 1566 3567 1621 consuetudo
3589 1606 3606 1631 ,

2033 1652 2152 1693 cum
2178 1641 2404 1698 dicimus
2430 1645 2605 1700 laetum
2634 1647 2795 1715 diem,
2826 1652 2948 1720 quia
2974 1667 3070 1706 nos
3095 1653 3244 1708 lzetos
3270 1654 3427 1720 facit;
3452 1667 3506 1712 et
3532 1657 3612 1727 pi-

2033 1744 2187 1801 grum
2219 1732 2386 1805 frigus
2404 1777 2420 1803 ,
2441 1738 2563 1806 quia
2594 1754 2691 1793 nos
2712 1740 2889 1810 pigros
2914 1740 3069 1807 facit;
3092 1753 3145 1797 et
3170 1743 3364 1799 fossam
3388 1760 3607 1811 caecam,

2034 1823 2153 1891 quia
2185 1839 2283 1879 nos
2308 1841 2424 1880 eam
2451 1843 2555 1883 non
2583 1830 2822 1885 videmus
2845 1848 2859 1895 ;
2892 1842 2946 1886 et
2972 1834 3199 1903 linguam
3228 1836 3463 1903 politam,
3487 1836 3611 1906 quia

2033 1915 2194 1971 verba
2221 1918 2379 1986 polita
2409 1919 2530 1974 facit
2556 1938 2570 1975 :
2604 1932 2871 1991 postremo
2886 1925 3043 1978 etiam
3074 1927 3309 1995 quietum
3339 1928 3405 1982 ab
3434 1930 3610 1983 omni-

2034 2004 2131 2060 bus
2159 2008 2416 2063 molestiis
2442 2020 2648 2081 tempus
2674 2013 2922 2081 dicimus,
2950 2016 2999 2069 iu
3022 2032 3127 2086 quo
3153 2034 3249 2071 nos
3269 2018 3335 2072 ab
3364 2018 3611 2074 omnibus

2034 2098 2294 2153 molestiis
2315 2102 2479 2169 quieti
2505 2118 2706 2157 sumus.
2732 2104 2833 2159 Sed
2857 2113 2911 2160 et
2937 2106 3074 2161 Deus
3094 2108 3417 2177 requievisse
3436 2108 3611 2165 dictus

2033 2197 2115 2244 est
2142 2190 2210 2245 ab
2237 2191 2483 2246 omnibus
2509 2194 2759 2264 operibus
2786 2187 2897 2250 suis
2916 2238 2931 2263 ,
2964 2211 3081 2265 qure
3117 2195 3239 2253 fecit
3267 2198 3404 2253 bona
3432 2199 3608 2266 valde,

2034 2278 2155 2346 quia
2183 2281 2237 2333 in
2266 2278 2359 2335 illo
2410 2283 2803 2351 requiescemus
2841 2285 2908 2339 ab
2943 2286 3188 2341 omnibus
3223 2288 3473 2357 operibus
3509 2302 3608 2344 no-

2035 2370 2179 2431 stris,
2210 2371 2254 2424 si
2299 2386 2461 2441 opera
2510 2373 2645 2429 bona
2696 2377 3022 2433 fecerimus:
3056 2380 3178 2448 quia
3223 2388 3276 2433 et
3318 2381 3430 2450 ipsa
3472 2381 3609 2436 bona

2034 2476 2196 2529 Opera
2236 2472 2416 2518 nostra
2452 2465 2526 2519 illi
2556 2466 2829 2522 tribuenda
2860 2478 2981 2523 sunt
3006 2470 3093 2539 qui
3129 2478 3316 2537 vocat,
3347 2472 3436 2541 qui
3474 2486 3611 2540 prae-

2033 2555 2178 2624 cipit,
2227 2557 2315 2626 qui
2342 2558 2479 2611 viam
2518 2560 2753 2614 veritatis
2781 2562 3045 2628 ostendit,
3074 2562 3161 2631 qui
3190 2570 3248 2616 ut
3288 2573 3345 2617 et
3384 2563 3611 2618 velimus

2033 2646 2256 2712 invitat,
2299 2658 2353 2703 et
2390 2650 2529 2705 vires
2567 2650 2818 2722 implendi
2856 2667 2917 2708 ea
2963 2668 3082 2724 qua:
3108 2655 3370 2724 imperat,
3411 2656 3613 2711 submi-

2034 2746 2242 2792 ηιεῑττη.

2033 2830 2257 2885 CAPUT
2308 2831 2496 2888 XXIII.
2541 2863 2615 2875 —
2654 2832 2859 2904 Septem
2898 2836 3044 2903 dies,
3098 2845 3147 2891 et
3197 2846 3381 2909 septem
3438 2847 3610 2895 tetates

2721 2926 2916 2981 mundi.
3452 2974 3455 2977 .

2102 3010 2190 3066 55.
2215 3011 2268 3064 Γ
2286 3026 2454 3067 arras.
2476 3012 2579 3067 Sed
2597 3029 2757 3083 quare
2771 3016 2998 3083 septimo
3014 3016 3099 3071 die
3122 3017 3137 3049 ¹
3155 3018 3369 3087 requies
3387 3019 3485 3073 ista
3513 3019 3610 3074 tri—

2033 3102 2239 3165 buatur,
2258 3104 2556 3173 diligentius
2569 3106 3005 3161 considerandum
3024 3107 3272 3163 arbitror.
3288 3108 3453 3165 Video
3468 3112 3607 3165 enim

2034 3210 2126 3262 per
2140 3203 2302 3249 totum
2322 3205 2519 3250 textum
2537 3196 2829 3251 divinarum
2848 3198 3237 3268 Scripturarum
3252 3214 3342 3254 sex
3356 3200 3606 3269 quasdam

2030 3294 2215 3339 mlalcs
2243 3300 2529 3353 operosas,
2561 3288 2721 3341 certis
2745 3288 2892 3356 quasi
2927 3284 3176 3343 limitibus
3216 3291 3326 3346 suis
3350 3305 3471 3346 esse
3494 3290 3606 3345 dis-

2033 3376 2251 3438 tinctas,
2284 3385 2341 3429 ut
2378 3377 2428 3429 in
2458 3379 2681 3445 septima
2720 3387 2965 3447 speretur
3003 3379 3244 3449 requies;
3293 3389 3346 3434 et
3388 3380 3605 3436 easdem

2030 3481 2119 3521 sex
2148 3476 2332 3523 aetates
2358 3468 2552 3524 habere
2579 3470 2975 3525 similitudinem
3005 3471 3224 3533 istorum
3250 3484 3343 3525 sex
3371 3470 3601 3538 dierum,

2030 3558 2083 3612 in
2124 3558 2313 3627 quibus
2333 3574 2392 3612 ea
2422 3558 2554 3613 facta
2583 3567 2705 3613 sunt
2746 3576 2863 3629 qua:
2894 3562 3057 3615 Deum
3100 3559 3289 3615 fecisse
3329 3562 3603 3633 Scriptura

2029 3658 2431 3704 commemorat.
2473 3649 2766 3704 Primordia
2814 3650 2958 3706 enim
3003 3651 3216 3720 generis
3254 3650 3507 3715 humani,
3548 3652 3602 3706 in

2029 3742 2220 3811 quibus
2247 3742 2343 3796 ista
2370 3742 2489 3797 luce
2516 3741 2617 3796 frui
2658 3741 2840 3811 capit,
2870 3741 3005 3797 bene
3028 3751 3401 3812 comparantur
3429 3742 3603 3812 primo

2031 3833 2133 3888 diei
2161 3848 2265 3903 quo
2294 3832 2420 3889 fecit
2449 3834 2586 3888 Deus
2615 3833 2805 3888 lucem.
2837 3833 2961 3887 Haec
2994 3842 3122 3887 aatas
3153 3843 3399 3903 tanquam
3432 3831 3601 3887 infan-

2031 3923 2100 3978 tia
2124 3923 2424 3993 deputanda
2456 3933 2537 3977 est
2579 3924 2745 3992 ipsius
2785 3924 3019 3978 universi
3061 3924 3243 3979 Saeculi
3267 3965 3282 3989 ,
3320 3923 3459 3994 quod
3491 3934 3603 3979 tan-

2027 4030 2182 4086 quam
2223 4030 2385 4069 unum
2416 4014 2683 4070 hominem
2713 4016 3052 4084 proportione
3080 4016 3460 4087 magnitudinis
3488 4030 3606 4073 sua:

2027 4108 2262 4176 cogitare
2287 4106 2572 4165 debemus;
2601 4105 2721 4177 quia
2754 4107 3112 4176 unusquisque
3141 4105 3301 4160 homo
3337 4121 3459 4160 cum
3486 4107 3602 4177 pri-

2028 4212 2117 4253 mo
2144 4197 2377 4252 nascitur
2396 4237 2409 4260 ,
2450 4205 2504 4251 et
2528 4198 2635 4251 exit
2662 4196 2729 4251 ad
2757 4196 2927 4251 lucem
2946 4236 2963 4263 ,
2992 4196 3218 4266 primam
3254 4205 3463 4251 aetatem
3492 4198 3602 4269 agit

2028 4288 2323 4343 infantiam.
2356 4287 2479 4340 lltec
2518 4286 2749 4341 tenditur
2772 4286 2841 4340 ab
2868 4286 3033 4340 Adam
3077 4301 3245 4356 usque
3275 4286 3341 4340 ad
3366 4286 3476 4342 Noe
3504 4302 3603 4357 ge-

2027 4380 2391 4436 nerationibus
2429 4378 2636 4436 decem.
2680 4379 2841 4445 Quasi
2869 4394 3087 4448 vespera
3114 4378 3273 4447 hujus
3306 4378 3409 4434 diei
3440 4379 3499 4433 ﬁt
3521 4380 3604 4434 di-

2028 4472 2293 4537 luvium’;
2322 4470 2443 4540 quia
2481 4479 2536 4526 et
2569 4469 2787 4523 infantia
2816 4477 2994 4524 nostra
3033 4478 3280 4539 tanquam
3318 4468 3602 4526 oblivionis

2023 4564 2220 4619 diluvio
2241 4562 2466 4618 deletur.

2094 4655 2183 4710 36.
2206 4653 2262 4708 2'
2290 4667 2461 4709 .cns.
2485 4650 2757 4721 Etincipit
2779 4666 2935 4706 mane
2966 4665 2997 4705 a
3018 4652 3345 4721 temporibus
3364 4652 3476 4709 Noe
3504 4669 3598 4710 se-

2021 4746 2193 4803 cunda
2218 4754 2346 4800 aetas
2388 4752 2633 4813 tanquam
2666 4742 2924 4812 pueritia,
2949 4751 3004 4797 et
3041 4742 3271 4798 tenditur
3314 4743 3429 4799 haec
3469 4755 3601 4800 artas

2022 4853 2187 4909 usque
2202 4836 2267 4891 ad
2284 4835 2548 4890 Abraham
2565 4833 2685 4888 aliis
2702 4833 3130 4903 generationibus
3145 4834 3347 4890 decem.
3379 4835 3444 4890 Et
3463 4835 3601 4891 bene

2020 4937 2360 5000 comparatur
2377 4925 2614 4984 secundo
2634 4924 2738 4979 diei
2768 4938 2873 4994 quo
2889 4923 3082 4979 factum
3109 4934 3192 4981 est
3208 4925 3596 4979 firmamentum

2021 5024 2162 5078 inter
2186 5034 2375 5090 aquam
2403 5026 2458 5073 et
2479 5030 2706 5086 aquam;
2744 5015 2867 5084 quia
2895 5024 2948 5070 et
2974 5029 3097 5068 arca
3124 5015 3173 5068 in
3205 5029 3307 5084 qua
3334 5021 3451 5068 erat
3484 5013 3598 5069 Noe

2019 5128 2138 5168 cum
2164 5111 2295 5174 suis,
2329 5110 2717 5163 lirmamentum
2742 5114 2855 5161 erat
2884 5105 3021 5159 inter
3044 5120 3208 5175 aquas
3236 5102 3512 5159 inferiores
3542 5105 3595 5159 in

2019 5205 2212 5276 quibus
2238 5201 2470 5264 natabat,
2516 5207 2571 5255 et
2599 5199 2901 5269 superiores
2943 5197 3135 5268 quibus
3173 5195 3592 5265 compluebatur.

2020 5296 2147 5351 Ηιῐξο
2176 5302 2307 5349 aetas
2334 5306 2437 5347 non
2468 5290 2664 5346 diluvio
2687 5290 2915 5354 deletur,
2940 5288 3062 5358 quia
3084 5296 3137 5342 et
3165 5287 3385 5357 pueritia
3412 5298 3595 5343 nostra

2020 5401 2124 5440 nou
2149 5385 2416 5439 oblivione
2436 5381 2658 5451 tergitur
2687 5380 2754 5435 de
2777 5379 3051 5435 memoria.
3078 5377 3413 5433 Meminimus
3446 5379 3592 5434 enim

2018 5495 2115 5534 nos
2154 5479 2313 5532 fuisse
2341 5489 2574 5547 pueros,
2613 5474 2836 5527 infantes
2878 5481 3054 5526 autem
3097 5486 3201 5525 non
3230 5471 3588 5526 meminimus.

2018 5573 2186 5643 llujus
2211 5582 2429 5638 vespera
2456 5575 2539 5621 est
2573 5564 2813 5620 confusio
2851 5563 3145 5634 linguarum
3180 5563 3232 5620 in
3255 5563 3337 5621 eis
3364 5565 3454 5636 qui
3481 5574 3590 5620 tur-

2082 5727 2099 5759 ι
2122 5731 2227 5774 tlss.
2252 5728 2445 5784 septem
2475 5719 2675 5787 habent,
2696 5716 2892 5787 septimo
2912 5713 3028 5767 diei.

2078 5788 2101 5821 ⁸
2126 5795 2227 5837 MSS.
2252 5778 2459 5847 septem,
2490 5779 2541 5833 in
2568 5778 2763 5831 diluvio;
