4056 6474
454 360 555 419 I91

451 489 571 531 rem
600 473 882 541 faciebant,
910 483 965 530 et
984 472 1044 529 ﬁt
1067 483 1224 529 mane
1245 471 1314 527 ab
1342 472 1628 527 Abraham.
1667 470 1772 526 Sed
1803 486 1900 525 nec
1926 470 2025 525 ista

455 573 588 622 mtas
614 565 844 620 secunda
864 565 1138 635 generavit
1160 563 1410 636 populum
1439 563 1556 630 Dei,
1581 563 1704 633 quia
1728 576 1827 617 nec
1852 561 2030 632 pueri-

455 654 529 710 tia
557 662 678 725 apta
704 665 787 711 est
813 655 879 710 ad
907 657 1290 726 generandum.

518 745 610 800 37.
626 744 682 801 3⁸
699 760 866 801 usus.
884 745 1037 801 Mane
1047 760 1174 816 ergo
1191 746 1250 799 ﬁt
1267 744 1334 800 ab
1346 742 1567 808 Abrah.,
1583 752 1636 799 et
1651 743 1885 799 succedit
1899 751 2028 798 aetas

455 837 615 891 tertia
651 836 836 891 similis
855 837 1248 894 adolescentia.
1287 837 1354 890 Et
1395 835 1532 891 bene
1558 845 1895 906 comparatur
1921 834 2029 892 diei

458 927 637 994 tertio,
676 942 784 998 quo
811 928 878 983 ab
905 928 1055 998 aquis
1086 936 1226 982 terra
1246 937 1485 995 separata
1527 936 1628 980 est.
1659 927 1740 982 Ab
1781 926 2027 981 omnibus

456 1017 598 1072 enim
623 1016 889 1087 gentibus,
918 1031 1136 1086 quarum
1154 1030 1306 1071 error
1333 1014 1591 1070 instabilis
1620 1023 1673 1071 et
1694 1015 1844 1069 vanis
1863 1016 2033 1070 simu-

460 1104 723 1162 lacrorum
753 1105 1008 1161 doctrinis
1039 1115 1288 1174 tanquam
1314 1105 1484 1159 ventis
1521 1105 1769 1160 omnibus
1797 1104 2024 1171 mobilis,

454 1197 618 1252 maris
641 1196 856 1251 nomine
877 1195 1013 1251 bene
1035 1195 1392 1266 signiﬁcatur;
1420 1195 1486 1250 ab
1510 1196 1608 1250 hac
1636 1210 1764 1266 ergo
1791 1195 2027 1266 gentium

453 1286 686 1341 vanitate
707 1294 761 1341 et
787 1285 944 1356 hujus
965 1286 1144 1341 saeculi
1173 1286 1420 1342 ﬂuctibus
1446 1294 1718 1357 separatus
1746 1295 1831 1342 cst
1853 1301 2026 1357 popu-

452 1375 540 1430 lus
567 1375 660 1431 Dei
700 1390 794 1445 per
834 1375 1135 1442 Abraham,
1179 1385 1426 1448 tanquam
1469 1385 1608 1432 terra
1635 1391 1754 1432 cum
1786 1375 2029 1446 apparuit

452 1465 637 1532 arida,
684 1465 734 1520 id
775 1475 892 1532 est,
934 1467 1120 1522 sitiens
1158 1466 1381 1523 imbrem
1416 1468 1685 1524 cmlestem
1729 1466 2026 1521 divinorum

453 1556 821 1612 mandatorum
855 1574 869 1611 :
899 1558 988 1629 qui
1017 1559 1243 1629 populus
1263 1575 1425 1614 unum
1445 1560 1610 1614 Deum
1639 1558 1883 1625 colendo,
1913 1567 2026 1613 tan-

449 1662 610 1716 quam
642 1647 856 1718 irrigata
888 1658 1048 1715 terra,
1079 1659 1136 1704 ut
1170 1649 1373 1704 fructus
1400 1651 1555 1706 utiles
1593 1658 1771 1721 posset
1799 1649 1990 1704 aﬁ‘erre
2009 1688 2025 1714 ,

450 1748 664 1794 sanctas
689 1737 987 1810 Scripturas
1012 1750 1066 1796 et
1093 1741 1405 1811 Proplietias
1427 1742 1443 1772 ¹
1470 1741 1694 1810 accepit.
1722 1741 1846 1796 Haec
1883 1741 2026 1795 enim

452 1839 586 1886 tetas
613 1831 783 1901 potuit
801 1833 910 1902 jam
931 1847 1188 1902 generare
1212 1834 1463 1904 populum
1496 1835 1622 1898 Deo,
1653 1835 1772 1903 quia
1798 1844 1852 1889 et
1878 1834 2029 1889 tertia

455 1928 617 1987 aetas,
646 1921 698 1976 id
727 1931 809 1978 cst
834 1923 1191 1980 adolescentia
1221 1924 1358 1978 ﬁlios
1387 1924 1580 1979 habere
1605 1925 1712 1994 jam
1742 1933 1934 1995 potest.
1964 1926 2029 1980 Et

454 2009 578 2066 ideo
615 2011 682 2066 ad
707 2012 970 2068 Abraham
995 2014 1193 2068 dictum
1223 2023 1307 2070 est
1335 2032 1348 2068 :
1381 2015 1583 2069 Patrem
1606 2017 1874 2070 multarum
1902 2033 2028 2088 gen-

455 2101 582 2156 tium
613 2105 760 2172 posui
787 2113 834 2159 te
853 2105 908 2171 ²,
939 2114 983 2159 et
1007 2123 1219 2177 augeam
1245 2116 1292 2160 te
1329 2108 1478 2162 nimis
1505 2108 1668 2174 valde,
1701 2117 1745 2162 et
1773 2125 1957 2180 ponam
1986 2119 2032 2162 te

457 2192 510 2246 in
531 2203 721 2264 gentes,
751 2204 799 2248 et
835 2210 976 2265 reges
1000 2195 1062 2249 de
1086 2205 1133 2250 te
1164 2197 1346 2250 exierit.
1378 2196 1447 2250 Et
1476 2213 1660 2266 ponam
1688 2206 2031 2252 testamentum

456 2299 622 2338 meum
644 2285 772 2339 inter
797 2302 878 2340 me
901 2293 946 2340 ct
977 2296 1024 2341 te
1040 2328 1055 2352 ,
1082 2296 1130 2342 et
1149 2288 1280 2342 inter
1297 2305 1462 2343 semen
1483 2297 1625 2343 tuum
1649 2300 1760 2360 post
1787 2300 1851 2358 te,
1875 2293 1929 2344 in
1955 2308 2032 2362 ge-

457 2375 740 2430 nerationes
767 2393 937 2431 eorum
963 2379 1015 2432 in
1043 2387 1389 2434 testamentum
1417 2390 1656 2434 (uernum
1672 2399 1692 2446 ;
1725 2391 1782 2435 ut
1810 2383 1904 2436 sim
1945 2382 2033 2437 tibi

403 2521 409 2525 .
457 2466 631 2538 Deus,
662 2478 712 2524 et
741 2470 918 2524 semini
957 2479 1043 2524 tuo
1068 2480 1180 2541 post
1207 2481 1255 2526 te
1281 2487 1301 2526 :
1326 2481 1372 2526 et
1398 2473 1528 2526 dabo
1557 2474 1645 2526 tibi
1671 2483 1716 2527 et
1741 2474 1919 2527 semini
1947 2483 2032 2528 tuo

457 2569 571 2630 post
610 2568 658 2615 te
685 2570 870 2615 terram
893 2562 944 2616 in
974 2579 1073 2630 qua
1101 2564 1319 2629 habitas,
1345 2581 1543 2618 omnem
1583 2574 1768 2619 terram
1790 2564 2033 2622 Chanaan

453 2649 508 2703 in
537 2652 902 2706 possessionem
933 2661 1204 2720 aeternam,
1235 2664 1282 2707 et
1306 2671 1392 2709 ero
1416 2656 1516 2709 illis
1546 2654 1684 2710 Deus
1710 2657 1859 2729 (Gen.
1890 2674 2030 2724 xvtt,

456 2742 606 2815 5-8).
633 2744 760 2800 Haec
788 2755 918 2800 tetas
943 2747 1228 2818 porrigitur
1254 2748 1322 2802 ab
1346 2748 1609 2803 Abraham
1639 2765 1805 2819 usque
1833 2750 1898 2804 ad
1927 2751 2030 2804 Da-

453 2834 545 2890 vid
584 2837 984 2906 quatuordecim
1023 2839 1480 2909 generationibus.
1513 2841 1682 2910 llujus
1708 2857 1924 2911 veSpera
1952 2849 2036 2896 est

453 2925 513 2980 in
551 2926 730 2996 populi
774 2928 1038 2997 peccatis,
1075 2929 1266 2997 quibus
1306 2929 1480 2983 divina
1524 2931 1770 2985 mandata
1811 2941 2035 3001 practer-

453 3015 626 3084 ibant,
652 3032 820 3087 usque
844 3018 908 3073 ad
936 3018 1187 3073 malitiam
1212 3020 1425 3089 pessimi
1449 3020 1587 3089 regis
1607 3021 1751 3076 Saul.

533 3109 626 3165 38.
658 3109 717 3164 4⁸
745 3123 911 3164 λετλε.
939 3111 1004 3164 Ει
1033 3111 1154 3166 inde
1179 3111 1237 3166 ﬁt
1263 3127 1420 3166 mane
1453 3129 1672 3183 regnmn
1701 3113 1884 3168 David.
1915 3115 2035 3170 lliec

457 3207 590 3254 mtas
604 3198 793 3254 similis
807 3201 1212 3268 juventutisest.
1230 3202 1488 3257 Etrevcra
1511 3203 1842 3259 interomnes
1855 3216 2035 3261 aetates

455 3298 639 3362 regnat
661 3290 931 3361 juventus,
951 3302 1004 3347 et
1023 3292 1134 3363 ipsa
1151 3303 1230 3348 est
1253 3292 1463 3349 ﬁrmum
1489 3307 1858 3350 ornamentum
1883 3299 1898 3328 ¹
1917 3313 2035 3351 om-

455 3382 602 3438 nium
633 3390 848 3436 aetatum
895 3398 910 3436 :
952 3391 1008 3438 et
1029 3383 1148 3441 ideo
1176 3384 1309 3438 bene
1333 3396 1670 3456 comparatur
1693 3396 1880 3457 quarto
1907 3388 2035 3457 diei,

456 3487 562 3543 quo
586 3472 722 3528 facta
751 3481 874 3528 sunt
899 3474 1073 3530 sidera
1101 3475 1153 3529 in
1177 3475 1508 3534 ﬁrmamento
1542 3478 1686 3532 cmli.
1721 3479 1858 3545 Quid
1896 3479 2037 3534 enim

455 3563 756 3620 evidentius
803 3565 1067 3635 signiﬁcat
1109 3567 1450 3636 splendorem
1491 3569 1675 3639 regni,
1715 3585 1872 3640 quam
1910 3571 2039 3627 solis

453 3655 804 3712 excellentia?
820 3655 888 3710 Et
909 3657 1113 3726 plebem
1135 3657 1588 3728 obtemperantem
1605 3675 1769 3731 regno
1789 3661 2042 3730 splendor

455 3746 598 3803 luna:
644 3747 902 3815 ostendit,
948 3759 1194 3818 tanquam
1221 3765 1538 3822 synagogam
1568 3753 1734 3822 ipsam
1755 3797 1769 3819 ,
1792 3764 1844 3810 et
1871 3757 2040 3810 stellae

455 3838 724 3910 principes
749 3839 866 3908 ejus
886 3880 901 3905 ,
933 3847 989 3894 et
1016 3841 1192 3894 omnia
1223 3850 1468 3911 tanquam
1513 3843 1566 3897 in
1611 3844 1941 3902 ﬁrmamento
1987 3849 2038 3902 in

454 3931 604 4001 regni
645 3931 928 3987 stabilitate
969 3931 1203 3986 fundata.
1235 3933 1399 4003 Hujus
1436 3936 1584 4006 quasi
1610 3952 1827 4008 vespera
1868 3948 1950 3994 est
1986 3941 2038 3996 in

454 4022 688 4090 peccatis
715 4037 894 4092 regum
921 4063 934 4088 ,
969 4023 1159 4093 quibus
1180 4024 1266 4079 illa
1293 4040 1423 4095 gens
1452 4029 1644 4082 meruit
1680 4031 1936 4100 captivari
1961 4041 2041 4086 at-

452 4127 557 4183 que
582 4113 798 4168 servire.

528 4205 618 4260 59.
650 4204 706 4260 5'
737 4219 902 4261 nam.
933 4206 1000 4272 Et
1027 4206 1086 4262 ﬁt
1125 4223 1280 4264 mane
1307 4211 1697 4282 transmigratio
1741 4215 1792 4268 in
1815 4215 2039 4288 Babylo-

457 4295 624 4362 niam,
644 4313 764 4351 cum
784 4298 836 4351 in
856 4313 918 4352 ea
939 4300 1240 4368 captivitate
1262 4303 1485 4371 populus
1507 4305 1696 4360 leniter
1727 4307 1778 4360 in
1801 4309 2038 4378 peregri-

454 4402 527 4444 no
546 4390 656 4444 otio
682 4390 973 4446 collocatus
999 4401 1099 4447 est.
1120 4393 1183 4447 Et
1202 4395 1491 4465 porrigitur
1515 4397 1626 4452 hmo
1642 4407 1771 4454 tetas
1790 4403 2036 4471 usquead

450 4480 740 4537 adventum
781 4482 988 4539 Domini
1021 4487 1184 4540 nostri
1211 4485 1336 4542 Jesu
1365 4487 1599 4552 Christi,
1638 4491 1689 4545 id
1733 4501 1812 4547 est
1852 4493 2036 4563 quinta

449 4582 612 4641 tetas,
635 4575 836 4630 scilicet
879 4576 1160 4634 declinatio
1205 4595 1234 4632 a
1268 4579 1542 4650 juventute
1578 4583 1643 4638 ad
1669 4595 1991 4641 senectutem
2017 4630 2032 4654 ,

449 4664 683 4720 nondum
705 4677 967 4732 senectus,
993 4669 1084 4723 sed
1105 4672 1211 4738 jam
1235 4687 1338 4726 non
1363 4673 1613 4742 juventus
1635 4695 1647 4730 :
1669 4693 1787 4746 qua:
1810 4679 2036 4736 senioris

448 4767 580 4810 astas
609 4766 725 4822 est,
753 4773 908 4828 quem
949 4758 1119 4815 Graeci
1159 4769 1413 4832 πρεσϐύτην
1451 4777 1659 4820 vocant.
1701 4768 1830 4823 Nam
1872 4785 2034 4826 senex

451 4847 590 4916 apud
616 4862 710 4902 eos
756 4864 860 4904 non
893 4859 1143 4921 πρεσϐυτης
1166 4895 1180 4917 ,
1208 4855 1301 4909 sed
1342 4866 1484 4926 γέρων
1514 4858 1723 4914 dicitur.
1755 4862 1818 4915 Et
1843 4879 2032 4918 revera

447 4939 528 4994 sic
553 4941 649 4994 ista
675 4948 804 4996 mtas
829 4957 858 4996 a
888 4947 1033 5013 regni
1065 4947 1257 5001 robore
1283 4948 1531 5002 inclinata
1571 4959 1624 5004 et
1661 4950 1823 5007 fracta
1864 4963 1946 5008 est
1981 4957 2032 5010 in

447 5039 644 5103 populo
663 5033 995 5102 Judaeorum,
1028 5039 1471 5106 quemadmodum
1513 5041 1672 5096 homo
1700 5060 1728 5098 a
1755 5046 2034 5113 juventute

516 5169 530 5243 ξ
558 5171 735 5232 Regius
754 5170 910 5244 codex
950 5178 1003 5244 et
1025 5171 1101 5244 alii
1134 5175 1382 5239 quinque:
1427 5183 1485 5227 (ﬁt
1507 5179 1650 5244 possit
1687 5181 1875 5244 fructus
1896 5181 2034 5234 utiles

446 5232 622 5294 afferre
639 5236 914 5283 sanctarum
937 5232 1293 5299 scripturarum
1311 5244 1357 5288 et
1379 5232 1743 5304 Prophetarum.
1949 5232 1972 5234 ’ν
1987 5232 2025 5234 Π

446 5360 462 5371 ⁸
505 5295 758 5371 impr-ius
773 5293 988 5371 vulgatis
993 5305 1106 5371 am.
1131 5303 1204 5346 Er.
1219 5305 1286 5371 _et
1305 5307 1562 5371 [ovs-post,
1587 5305 1723 5371 posui
1745 5311 1808 5371 te,
1840 5307 1944 5356 haec
1961 5307 2033 5356 in-

445 5339 796 5432 tem—erimina:
826 5339 943 5406 Αἴλιε
965 5366 1118 5408 Deum

443 5421 567 5491 tuos,
591 5423 634 5467 et
651 5422 871 5491 vocatea
898 5430 1009 5480 qua:
1028 5428 1270 5491 nor-rosum,
1296 5421 1524 5491 tanquam
1556 5421 1614 5477 ea
1653 5421 1767 5491 qua;
1781 5437 1904 5480 sunt.
1943 5430 2032 5490 Qui

442 5483 609 5555 fpntra
779 5481 832 5555 in
845 5492 980 5543 spem
997 5481 1224 5555 credidit,
1245 5491 1293 5534 ut
1323 5481 1461 5555 fieret
1474 5496 1618 5555 pater
1647 5481 1908 5541 multarum
1921 5481 2032 5555 geu-

443 5543 580 5601 tium,
613 5543 876 5607 secundum
910 5543 1040 5607 quod
1077 5544 1257 5596 dictum
1278 5543 1347 5599 es't
1381 5559 1399 5598 :
1436 5543 1512 5600 sic
1541 5552 1633 5602 erit
1663 5566 1821 5604 semz‘tt
1850 5543 1984 5604 tuuvm
2010 5566 2030 5605 :

442 5615 552 5666 qua:
573 5604 731 5666 omnia
751 5616 795 5666 a7
809 5604 1132 5658 Mssiabsunt.

739 5665 1115 5740 Firmamentum
1142 5673 1188 5718 et
1209 5677 1555 5740 ornamentum.
1593 5681 1646 5724 Αι
1679 5681 1815 5740 3133,,
1833 5673 2030 5740 ﬁrmum

439 5732 800 5802 grammatica;
823 5735 970 5802 atque
989 5742 1051 5778 ex
1088 5732 1395 5802 iis.uonnulli
1430 5735 1572 5798 paulo
1615 5749 1722 5799 post
1744 5732 1959 5802 habent,
1983 5745 2030 5791 et

438 5786 626 5852 plebem
647 5786 1048 5852 obtemperantem
1070 5792 1189 5854 regi.

1282 358 1374 416 DE
1412 356 1656 416 (ΞΕΝεεί
1690 355 1961 414 CONTRA
2001 354 2303 425 MANICH.,
2343 355 2402 412 S.
2443 353 2807 414 AUGUSTIN.

3614 359 3718 417 {92

2142 470 2199 524 ﬁt
2216 471 2413 527 senior.
2428 471 2493 525 Et
2509 470 2644 527 bene
2664 479 3002 541 comparatur
3020 471 3092 527 illi
3113 472 3217 528 diei
3235 473 3437 544 quinto,
3457 490 3563 544 quo
3583 475 3720 534 facta

2137 571 2262 614 sunt
2282 560 2333 614 in
2362 561 2511 631 aquis
2529 561 2776 614 animalia
2794 603 2808 628 ,
2835 571 2890 617 et
2914 562 3146 617 volatilia
3186 565 3340 630 coeli,
3374 576 3718 637 posteaquam

2128 649 2209 705 illi
2231 651 2468 705 homines
2487 651 2620 706 inter
2629 663 2833 722 gentes,
2849 661 3094 723 tanquam
3113 654 3165 708 in
3180 656 3332 723 mari,
3351 658 3530 713 vivere
3542 673 3720 729 ανδρες

2136 753 2279 807 runt,
2303 753 2356 798 et
2371 743 2568 798 habere
2593 745 2846 800 incertam
2865 745 3044 801 sedem
3065 757 3115 802 et
3130 747 3445 815 instabilem,
3467 750 3600 804 sicut
3621 766 3718 806 vo-

2136 831 2306 888 lantes
2331 847 2475 888 aves.
2502 832 2604 888 Sed
2632 834 2783 903 plane
2807 844 2956 889 erant
2975 834 3042 890 ibi
3066 838 3225 891 etiam
3243 839 3344 892 ceti
3363 841 3622 909 magni,id
3638 850 3722 896 est

2135 923 2210 978 illi
2241 924 2415 994 magni
2447 924 2688 980 homines
2726 927 2814 995 qui
2864 927 3030 997 magis
3056 927 3315 982 dominari
3343 928 3587 985 ﬂuctibus
3614 948 3718 986 sa:-

2136 1014 2275 1080 culi,
2305 1030 2463 1084 quam
2495 1016 2693 1070 servire
2724 1016 2773 1069 in
2809 1016 2896 1070 illa
2929 1019 3230 1087 captivitate
3274 1030 3572 1089 potuerunt.
3602 1022 3718 1078 Non

2136 1105 2277 1158 enim
2323 1104 2388 1159 ad
2436 1106 2632 1160 cultum
2682 1091 2939 1162 idolorum
2979 1109 3156 1178 aliquo
3208 1120 3411 1166 terrore
3448 1113 3718 1182 depravati

2136 1203 2280 1249 sunt.
2333 1194 2430 1250 Ubi
2493 1210 2622 1250 sane
2675 1198 3195 1253 animadvertendum
3247 1211 3327 1254 est
3371 1202 3509 1271 quod
3559 1202 3720 1258 bene-

2137 1283 2268 1338 dixit
2315 1284 2451 1339 Deus
2477 1285 2562 1338 illa
2591 1286 2866 1353 animalia,
2905 1288 3088 1342 dicens
3109 1331 3124 1354 ,
3155 1289 3374 1344 Crescite
3398 1302 3442 1345 et
3470 1293 3715 1361 multipli-

2135 1375 2354 1443 camini,
2382 1387 2428 1428 et
2447 1376 2648 1446 implete
2673 1394 2828 1447 aquas
2849 1380 3021 1442 maris,
3053 1390 3097 1434 et
3127 1382 3350 1435 volatilia
3375 1383 3716 1455 multiplicen-

2137 1474 2218 1519 tur
2246 1483 2394 1537 super
2422 1475 2603 1520 terram
2625 1484 2642 1522 :
2666 1469 2788 1537 quia
2813 1484 2996 1524 revera
3021 1485 3151 1540 gens
3176 1471 3273 1526 Jud
3295 1488 3497 1539 eorum,
3522 1491 3586 1529 ex
3610 1492 3718 1544 quo

2136 1555 2376 1624 dispersa
2407 1565 2486 1610 est
2515 1572 2608 1626 per
2627 1568 2843 1626 gentes,
2875 1559 3033 1615 valde
3059 1562 3396 1630 multiplicata
3421 1574 3520 1617 est.
3551 1565 3718 1634 Hujus

2135 1644 2240 1699 dici
2259 1685 2274 1712 ,
2307 1645 2409 1700 hoc
2433 1657 2514 1700 est
2541 1647 2696 1716 hujus
2719 1648 2911 1716 aetatis,
2937 1651 3088 1719 quasi
3113 1667 3331 1720 vespera
3362 1662 3443 1706 cst
3465 1654 3718 1723 multiplic

2135 1735 2272 1789 catio
2298 1745 2634 1805 peccatorum
2664 1737 2716 1792 in
2748 1739 2940 1808 populo
2967 1739 3272 1795 Judaaorum
3295 1783 3310 1806 ,
3345 1743 3466 1812 quia
3511 1744 3586 1798 sic
3623 1759 3718 1800 cx—

2135 1829 2316 1884 ca-cati
2339 1837 2493 1893 sunt,
2525 1839 2581 1884 ut
2609 1831 2766 1885 etiam
2793 1831 3074 1887 Dominum
3097 1833 3278 1888 Jesum
3303 1833 3569 1891 Christum
3610 1853 3716 1892 non

2135 1928 2352 1989 possent
2385 1935 2694 1990 agnoscere.
2930 1989 2932 1991 g

2207 2009 2295 2063 40.
2317 2008 2374 2064 ϐ·
2393 2025 2560 2064 raras.
2582 2012 2730 2066 Mane
2745 2020 2918 2068 autem
2941 2012 2997 2068 ﬁt
3021 2029 3088 2069 ex
3122 2015 3494 2084 praedicatione
3511 2016 3711 2088 Evang.

2137 2114 2231 2168 per
2250 2099 2530 2154 Dominum
2552 2111 2790 2156 nostrum
2811 2103 2991 2158 Jesum
3013 2104 3302 2171 Christum,
3326 2116 3379 2162 et
3409 2108 3586 2161 ﬁnitur
3605 2109 3717 2164 dies

2136 2190 2353 2259 quintus
2381 2210 2394 2246 :
2421 2193 2604 2263 incipit
2631 2203 2844 2261 sextus,
2877 2195 2928 2248 in
2959 2212 3064 2266 quo
3097 2206 3345 2252 senectus
3385 2199 3581 2254 veteris
3615 2199 3714 2254 ho-

2137 2283 2295 2335 minis
2327 2292 2565 2352 apparet.
2601 2284 2708 2338 llac
2735 2285 2878 2340 enim
2913 2294 3070 2341 suate
3094 2286 3220 2341 illud
3245 2289 3460 2343 carnale
3490 2303 3711 2359 regnum

2137 2375 2486 2430 vehementer
2526 2378 2764 2431 attritum
2808 2385 2926 2445 est,
2953 2379 3163 2449 quando
3189 2389 3242 2435 et
3270 2382 3523 2451 templum
3566 2383 3713 2453 deje-

2137 2475 2280 2520 ctum
2305 2477 2386 2522 est
2409 2509 2422 2530 ,
2459 2477 2511 2521 et
2553 2469 2809 2522 sacriﬁcia
2849 2469 2958 2538 ipsa
2997 2485 3366 2538 cessaverunt;
3401 2480 3454 2528 et
3481 2487 3620 2527 nunc
3653 2488 3718 2528 ea

2137 2573 2268 2628 gens
2291 2569 2543 2629 quantum
2579 2561 2643 2615 ad
2675 2562 2820 2632 regni
2845 2563 2926 2617 sui
2953 2563 3090 2618 vires
3120 2565 3336 2629 attinet,
3361 2566 3511 2636 quasi
3538 2575 3718 2622 extre-

2139 2666 2279 2703 mam
2317 2651 2474 2704 vitam
2509 2651 2683 2706 trahit.
2719 2653 2777 2706 In
2805 2653 2902 2706 ista
2945 2661 3121 2709 tamen
3164 2663 3320 2710 atate
3369 2665 3618 2726 tanquam
3666 2659 3719 2713 in

2138 2751 2410 2797 senectute
2447 2744 2645 2797 veteris
2683 2743 2943 2810 hominis,
2976 2744 3135 2798 homo
3159 2761 3325 2800 novus
3350 2749 3602 2814 nascitur,
3631 2750 3722 2819 qui

2137 2832 2244 2903 jam
2287 2834 2635 2903 Spiritualiter
2659 2835 2804 2889 vivit.
2833 2834 2992 2890 Sexta
3038 2837 3179 2891 enim
3217 2836 3304 2892 die
3344 2837 3540 2893 dictum
3562 2848 3719 2895 erat:

2143 2922 2402 2979 Producat
2427 2935 2560 2980 terra
2587 2928 2807 2980 animam
2837 2943 3018 2980 vivam.
3039 2927 3170 2982 Nam
3198 2928 3382 2997 quinto
3408 2928 3496 2984 die
3525 2930 3721 2987 dictum

2141 3027 2282 3070 crat:
2309 3016 2603 3088 Producant
2627 3034 2790 3087 aqua),
2817 3034 2919 3073 non
2947 3017 3176 3074 animam
3201 3019 3393 3086 vivam,
3413 3020 3506 3075 sed
3523 3023 3724 3091 reptilia

2140 3107 2427 3160 animarum
2447 3109 2707 3169 vivarum;
2735 3109 2983 3178 quoniam
3006 3125 3227 3180 corpora
3254 3121 3378 3164 sunt
3403 3111 3608 3180 rcptilia
3628 3153 3644 3177 ,
3672 3123 3727 3167 et

2141 3197 2313 3252 adhuc
2333 3199 2592 3268 corporali
2620 3199 3022 3254 circumcisione
3039 3209 3091 3254 ct
3109 3199 3384 3255 sacriﬁciis
3406 3209 3652 3270 tanquam
3671 3204 3723 3257 in

2143 3289 2275 3342 mari
2291 3287 2535 3342 Gentium
2553 3288 2708 3359 popul
2720 3303 2780 3342 us
2798 3290 2884 3342 ille
2904 3289 3163 3344 serviebat
3176 3290 3298 3360 Legi
3315 3288 3412 3362 (ιι).
3429 3290 3586 3346 lstam
3601 3307 3726 3348 vero

2142 3379 2374 3433 animam
2417 3379 2588 3433 vivam
2631 3380 2791 3444 dicit,
2833 3396 2933 3449 qua
2965 3380 3067 3433 vita
3094 3380 3202 3450 jam
3242 3381 3498 3450 incipiunt
3523 3390 3722 3437 aeterna

2142 3471 2431 3526 desiderari
2455 3473 2493 3525 ¹.
2521 3472 2808 3542 Serpentes
2837 3488 2964 3540 ergo
2992 3483 3043 3527 et
3074 3489 3264 3542 pecora
3289 3491 3408 3542 qua:
3437 3483 3578 3529 terra
3603 3491 3730 3546 pro-

2143 3560 2306 3626 ducit,
2336 3571 2520 3632 gentes
2550 3564 2845 3633 signiﬁcant
2864 3564 2974 3632 jam
3001 3564 3262 3619 stabiliter
3287 3565 3578 3636 Evangelio
3603 3582 3724 3623 cre-

2142 3651 2362 3707 dituras.
2407 3654 2480 3708 De
2515 3654 2707 3724 quibus
2748 3653 2942 3708 dicitur
2985 3654 3037 3708 in
3087 3655 3174 3709 illo
3219 3669 3344 3710 vase
3383 3656 3527 3725 quod
3569 3656 3728 3714 Petro

2143 3743 2562 3798 demonstratum
2586 3755 2666 3799 est
2694 3746 2744 3798 in
2776 3744 2992 3798 Actibus
3025 3745 3436 3813 Apostolorum:
3463 3747 3657 3817 Macta;
3681 3760 3730 3805 et

2145 3837 2414 3889 manduca.
2435 3837 2633 3890 Etcum
2652 3838 2741 3892 ille
2763 3835 3032 3890 innnunda
3057 3834 3291 3901 diceret,
3316 3852 3629 3908 responsum
3646 3850 3729 3896 est

2145 3928 2192 3981 ci
2221 3945 2234 3979 :
2267 3929 2392 3992 Qua:
2417 3927 2556 3986 Deus
2594 3927 2853 3981 mandavit
2871 3967 2887 3992 ,
2920 3936 2973 3979 tu
3003 3943 3064 3980 ne
3087 3927 3346 3981 immunda
3375 3929 3563 3982 dixeris
3583 3929 3727 4000 (Act.

2149 4037 2203 4086 χ,
2239 4018 2448 4092 lii-lii).
2477 4021 2622 4076 ’l‘unc
2651 4022 2708 4075 lit
2739 4021 2900 4078 homo
2929 4019 2993 4074 ad
3023 4021 3304 4090 imaginem
3339 4031 3392 4076 et
3430 4023 3732 4077 similitudi-

2143 4128 2262 4165 nem
2300 4113 2418 4175 llei,
2451 4112 2588 4166 sicut
2625 4113 2676 4166 in
2716 4113 2815 4168 ista
2849 4123 3000 4169 sexta
3029 4122 3186 4168 actate
3227 4115 3463 4168 nascitur
3490 4114 3541 4169 in
3569 4131 3732 4172 carne

2143 4205 2398 4258 Dominus
2438 4215 2652 4270 uoster,
2683 4205 2751 4260 de
2777 4221 2882 4276 quo
2908 4206 3106 4262 dictum
3138 4214 3220 4260 est
3261 4221 3353 4274 per
3379 4206 3691 4276 prophetam
3712 4249 3728 4274 ,

2144 4295 2212 4349 Et
2255 4296 2403 4350 homo
2449 4307 2556 4360 est,
2585 4306 2631 4351 et
2677 4299 2785 4368 quis
2815 4308 3050 4369 agnoscet
3097 4298 3260 4354 eum?
3290 4299 3354 4352 Et
3388 4299 3734 4368 quemadmo-

2141 4389 2264 4444 dum
2293 4389 2345 4443 in
2376 4390 2466 4444 illo
2487 4389 2572 4445 die
2593 4391 2858 4445 masculus
2883 4401 2938 4446 ct
2963 4392 3181 4461 femina,
3208 4396 3285 4450 sic
3308 4401 3362 4450 et
3383 4393 3434 4451 in
3455 4393 3555 4452 iSIa
3577 4404 3734 4449 mtate

2141 4480 2385 4535 Christus
2418 4490 2474 4535 et
2511 4481 2774 4536 Ecclesia.
2805 4483 2870 4536 Et
2910 4487 3232 4554 prteponitur
3261 4487 3418 4544 homo
3447 4490 3497 4544 in
3530 4485 3620 4546 illo
3644 4486 3734 4546 die

2141 4573 2422 4642 pecoribus
2469 4582 2524 4628 et
2563 4574 2904 4645 serpentibus
2929 4584 2982 4630 et
3005 4577 3306 4634 volatilibus
3331 4581 3455 4635 caeli
3473 4623 3487 4647 ,
3511 4582 3647 4637 sicut
3677 4584 3728 4638 in

2142 4663 2240 4718 ista
2267 4673 2422 4719 aetate
2446 4665 2688 4721 Christus
2713 4667 2850 4737 regit
2889 4670 3097 4723 animas
3137 4669 3565 4741 obtemperantes
3583 4674 3691 4729 sibi
3711 4716 3725 4739 ,

2139 4772 2260 4827 qua:
2300 4757 2367 4812 ad
2412 4758 2700 4814 Ecclesium
2732 4759 2883 4830 ejus,
2913 4761 3103 4830 partim
3133 4761 3202 4818 de
3221 4763 3506 4832 Gentibus,
3535 4769 3728 4838 partim

2139 4849 2208 4906 de
2233 4852 2428 4922 p0pulo
2455 4852 2764 4908 Judteorum
2797 4863 3089 4922 venerunt;
3122 4865 3179 4911 ut
3205 4857 3273 4911 ab
3295 4873 3359 4912 eo
3388 4858 3733 4915 domarentur

2140 4953 2298 5014 atque
2340 4954 2771 5001 mansuescerent
2810 4946 3091 5014 homines,
3133 4948 3218 5004 vel
3251 4950 3447 5004 carnali
3476 4954 3731 5021 concupi-

2140 5035 2356 5089 scentiae
2378 5035 2545 5108 dediti
2575 5037 2712 5091 sicut
2750 5052 2940 5106 pecora
2960 5079 2975 5104 ,
3003 5039 3090 5094 vel
3117 5041 3397 5094 tenebrosa
3425 5043 3731 5097 curiositate

2139 5125 2405 5179 obscurati
2449 5129 2597 5194 quasi
2643 5137 2958 5198 serpentes,
2999 5129 3082 5182 vel
3121 5130 3243 5184 elati
3291 5133 3536 5201 superbia
3577 5135 3727 5202 quasi

2139 5227 2284 5271 aves.
2316 5217 2379 5270 Et
2408 5217 2544 5271 sicut
2570 5217 2625 5271 in
2652 5218 2742 5272 illo
2767 5219 2852 5274 die
2877 5220 3114 5288 pascitur
3143 5221 3304 5275 homo
3346 5231 3400 5277 et
3444 5223 3691 5278 animalia
3710 5268 3724 5290 ,

2137 5326 2257 5380 qua:
2281 5324 2400 5364 cum
2430 5310 2545 5379 ipso
2573 5320 2724 5375 sunt,
2759 5311 2936 5366 herbis
2976 5313 3321 5368 seminalibus
3347 5324 3400 5368 et
3429 5315 3584 5385 lignis
3610 5315 3726 5370 fru-

2137 5400 2338 5455 ctiferis
2361 5411 2415 5454 et
2445 5400 2624 5455 herbis
2647 5401 2933 5469 viridibus;
2975 5403 3054 5458 sic
3095 5404 3194 5459 ista
3239 5413 3394 5459 tetatc
3441 5407 3727 5476 spiritualis

2138 5493 2298 5548 homo
2335 5493 2654 5564 quicumque
2691 5495 2861 5550 bonus
2900 5497 3141 5552 minister
3167 5507 3249 5553 est
3274 5498 3503 5566 Christi,
3529 5510 3578 5553 ct
3602 5517 3722 5554 eum

2135 5584 2272 5640 bene
2310 5595 2562 5655 quantum
2612 5595 2784 5655 potest
2825 5588 3077 5654 imitatur,
3101 5604 3220 5644 cum
3253 5590 3367 5660 ipso
3394 5592 3589 5662 pop:on
3615 5593 3722 5660 Spi-

2198 5678 2216 5709 ί
2242 5677 2314 5726 sic
2335 5683 2442 5750 Mss.
2465 5685 2526 5750 At.
2539 5679 2673 5740 prius
2695 5678 2873 5742 vulgati
2910 5669 3093 5732 habent
3119 5694 3131 5731 :
3171 5690 3270 5744 Qua
3310 5682 3452 5736 vitam
3494 5683 3724 5750 incipiunt

2132 5743 2366 5792 alentem
2388 5739 2685 5791 desiderare.

2200 5799 2272 5862 (tt)
2297 5808 2530 5853 tltett‘act.
2562 5815 2664 5853 cat).
2694 5802 2770 5866 10,
2795 5817 2842 5851 ιι.
2871 5805 2916 5853 5.
