4056 6460
287 364 397 423 I95

284 477 551 535 ritualiter
590 470 823 544 pascitur
848 473 1146 523 sanctarum
1183 461 1575 533 Scripturarum
1614 459 1881 515 alimentis

286 581 343 627 et
368 570 484 637 lege
510 566 687 622 divina
716 580 727 617 :
755 561 944 633 partim
972 557 1040 613 ad
1068 554 1468 625 concipiendam
1506 551 1884 607 fecunditatem

283 660 557 717 rationum
582 665 741 725 atque
764 663 1103 714 sermonum,
1130 655 1379 716 tanquam
1404 642 1581 698 herbis
1608 640 1884 697 seminali-

284 748 412 815 bus;
432 746 626 818 partim
650 742 716 799 ad
744 741 1019 797 utilitatem
1036 752 1243 792 morum
1264 732 1680 790 conversationis
1708 731 1885 784 huma-

286 853 376 893 nae
401 876 417 903 ,
474 844 728 905 tanquam
782 830 938 901 lignis
978 826 1289 892 fructiferis;
1328 824 1515 895 partim
1550 820 1616 877 ad
1649 822 1885 891 vigorem

285 930 437 997 ﬁdei,
463 928 578 999 spei
619 933 675 981 et
715 922 988 979 charitatis
1030 920 1086 975 in
1127 918 1288 972 vitam
1316 925 1606 981 aeternam,
1634 922 1883 981 tanquam

286 1019 479 1075 herbis
522 1015 812 1079 viridibus,
839 1011 893 1067 id
925 1018 1010 1066 est
1044 1007 1374 1079 vigentibus,
1405 1021 1522 1076 qua:
1565 1004 1706 1058 nullo
1750 1010 1885 1056 aestu

284 1109 694 1164 tribulationum
718 1104 923 1175 possint
942 1114 1205 1156 arescere.
1229 1098 1334 1153 Sed
1357 1095 1646 1167 spiritualis
1668 1094 1745 1148 sic
1770 1093 1885 1147 istis

284 1199 560 1256 alimentis
581 1197 835 1268 pascitur,
860 1201 917 1247 ut
938 1190 1103 1247 multa
1126 1188 1414 1258 intelligat;
1437 1185 1663 1240 carnalis
1683 1193 1881 1246 autem,

285 1291 344 1348 id
388 1302 474 1348 est
526 1289 779 1361 parvulus
819 1286 873 1340 in
920 1284 1165 1350 Christo,
1196 1290 1443 1350 tanquam
1490 1292 1650 1348 pecus
1674 1275 1798 1340 Dei,
1828 1281 1886 1329 ut

286 1384 463 1439 multa
494 1380 678 1437 credat
705 1394 825 1449 qua:
854 1375 1148 1444 intelligere
1185 1370 1419 1427 nondum
1467 1377 1677 1439 potest:
1705 1374 1883 1420 tamen

287 1476 511 1533 eosdem
537 1474 685 1530 cibos
713 1484 899 1527 omnes
921 1467 1137 1522 habent.

362 1567 454 1630 41.
475 1564 716 1621 Ῥείης.
738 1560 904 1630 Hujus
929 1567 1104 1612 autem
1131 1554 1302 1609 aetatis
1329 1551 1478 1622 quasi
1505 1564 1744 1620 vespera,
1766 1562 1884 1618 quae

291 1626 500 1711 utinam
528 1668 624 1709 nos
642 1668 745 1706 non
777 1626 1027 1713 inveniat,
1053 1646 1095 1700 si
1118 1654 1292 1699 tamen
1319 1641 1551 1698 nondum
1580 1640 1759 1709 cmpit,
1792 1639 1883 1692 illa

289 1745 458 1801 estde
470 1758 573 1815 qua
602 1740 857 1796 Dominus
870 1738 996 1793 dicit
1016 1754 1028 1789 :
1052 1735 1210 1788 Putas
1227 1748 1342 1787 cum
1364 1732 1517 1786 veniet
1536 1728 1703 1783 Filias
1719 1728 1879 1793 hom.,

290 1837 512 1893 inveniet
537 1834 691 1905 ﬁdem
719 1847 867 1903 super
898 1840 1081 1883 terram
1107 1825 1255 1898 (Luc.
1287 1838 1436 1890 xvut,
1461 1821 1554 1893 8)?
1582 1822 1707 1877 Post
1727 1822 1883 1875 istam

288 1940 573 1996 vesperam
604 1922 692 1977 fiet
719 1935 898 1987 mane,
926 1934 1047 1973 cum
1096 1918 1209 1988 ipse
1249 1913 1504 1971 Dominus
1552 1911 1604 1966 in
1643 1910 1883 1965 claritate

290 2030 548 2074 venturus
576 2023 659 2070 est
686 2030 700 2068 :
728 2021 850 2066 tunc
879 2008 1215 2078 requiescent
1243 2019 1361 2059 cum
1383 2002 1593 2057 Christo
1618 2000 1685 2055 ab
1709 2000 1884 2055 omni—

291 2110 394 2165 bus
414 2106 666 2178 operibus
692 2104 801 2157 suis
832 2102 867 2155 ii
891 2100 1081 2170 quibus
1100 2097 1296 2152 dictum
1326 2102 1427 2157 est,
1456 2093 1625 2147 Estote
1654 2092 1880 2163 perfecti,

292 2203 421 2256 sicut
452 2200 608 2253 Pater
633 2206 790 2251 vester
809 2194 893 2264 qui
920 2193 973 2245 in
1002 2191 1137 2244 caelis
1162 2198 1235 2243 est
1265 2186 1475 2258 (.ifattlt.
1506 2200 1555 2249 v,
1587 2183 1701 2255 48).
1726 2183 1884 2238 Tales

291 2294 435 2348 enim
485 2290 687 2345 faciunt
757 2299 919 2355 opera
996 2283 1139 2336 bona
1177 2278 1351 2332 valde.
1404 2278 1530 2331 l‘ost
1575 2276 1717 2330 enim
1761 2275 1884 2329 talia

292 2398 456 2453 opera
482 2377 742 2450 Speranda
768 2385 848 2430 est
875 2373 1086 2444 requies
1111 2372 1163 2425 in
1189 2371 1274 2425 die
1296 2368 1523 2438 septimo
1541 2409 1554 2432 ,
1586 2368 1675 2435 qui
1701 2381 1885 2435 VCSpC-

293 2489 408 2529 ram
436 2487 545 2526 non
576 2468 753 2523 habet.
795 2465 948 2521 Nullo
978 2478 1105 2533 ergo
1146 2460 1302 2515 tnodo
1346 2460 1518 2513 verbis
1564 2457 1666 2511 dici
1709 2466 1886 2527 potest

297 2561 748 2635 quemadmodum
791 2558 930 2613 Deus
970 2555 1182 2619 fecerit,
1215 2560 1269 2606 et
1293 2549 1585 2606 condiderit
1612 2550 1802 2603 coelum
1834 2556 1887 2603 et

297 2665 495 2710 terram
524 2662 581 2707 et
605 2665 817 2706 omnem
846 2656 1145 2702 creaturam
1183 2658 1337 2711 quam
1365 2640 1602 2696 condidit
1626 2655 1639 2691 :
1664 2639 1758 2692 sed
1788 2640 1886 2691 ista

296 2745 561 2814 expositio
601 2758 693 2813 per
738 2739 978 2796 ordinem
1028 2736 1234 2789 dierum
1275 2732 1352 2788 sic
1397 2732 1591 2785 indicat
1636 2738 1887 2798 tanquam

300 2836 577 2891 historiam
609 2848 785 2889 rerum
812 2829 1098 2895 factarum,
1124 2836 1178 2880 ut
1208 2824 1636 2896 pl'xdicaliuttcm
1681 2821 1887 2876 futuro-

299 2946 414 2984 rum
442 2928 675 2981 maxime
696 2926 967 2978 observet.

371 3039 598 3095 CAPUT
638 3034 901 3091 XXIV.—
922 3030 1122 3087 J'Etutes
1153 3026 1325 3082 mundi
1352 3044 1506 3098 qaurc
1525 3024 1817 3097 inazqztales.

371 3130 461 3184 4‘2.
503 3129 563 3184 Si
590 3138 768 3181 autem
791 3125 1017 3192 aliquem
1050 3130 1223 3173 movet
1253 3117 1391 3188 quod
1431 3118 1479 3169 in
1513 3116 1626 3169 istis
1650 3114 1891 3168 aetatibus

301 3220 481 3276 sa‘culi
527 3218 661 3274 duas
706 3224 889 3269 aetates
932 3213 1132 3282 primas
1156 3210 1307 3263 denis
1331 3207 1763 3278 generationibus
1793 3207 1890 3260 ad-

304 3311 561 3367 vertimus
586 3305 858 3376 explicari,
890 3314 995 3357 tres
1043 3313 1218 3356 autem
1246 3307 1629 3367 consequentes
1669 3297 1891 3366 singulae

304 3401 710 3474 quatuordeeim
734 3397 1164 3468 generatiOuibus
1186 3403 1565 3458 contexuntur,
1588 3402 1735 3445 sexta
1766 3408 1892 3446 vero

305 3497 405 3551 ista
434 3495 585 3550 nullo
611 3492 1012 3563 generationum
1033 3505 1251 3543 numero
1272 3488 1486 3540 definita
1517 3497 1594 3547 est
1618 3486 1825 3557 (.ilatt/t.
1851 3502 1889 3550 t,

312 3586 364 3663 ἱ)
387 3608 402 3657 ;
432 3586 584 3645 facile
605 3592 687 3643 est
706 3585 908 3650 videre,
933 3584 1090 3637 etiam
1117 3582 1168 3634 in
1193 3594 1507 3646 unoquoque
1531 3577 1741 3630 homine
1761 3577 1893 3630 duas

312 3686 511 3754 primas
533 3690 740 3745 rotatas,
765 3676 1035 3731 infantiam
1060 3682 1111 3727 et
1138 3672 1435 3742 pueritiam,
1466 3670 1701 3738 corporis
1726 3671 1894 3722 sensi-

310 3778 411 3831 bus
439 3774 720 3829 inhaerere.
751 3769 849 3837 Qui
885 3782 1072 3822 sensus
1101 3764 1341 3833 corporis
1369 3763 1598 3833 quinque
1627 3771 1781 3826 sunt,
1814 3763 1893 3813 vi-

312 3882 438 3933 sus,
467 3863 716 3929 auditus,
768 3859 991 3915 olfactus
1016 3898 1029 3920 ,
1067 3865 1250 3926 gustus
1295 3864 1349 3907 et
1388 3862 1555 3907 tactus
1582 3870 1594 3904 :
1622 3853 1895 3922 quinarius

312 3966 489 4011 autem
513 3965 764 4007 numerus
785 3949 1080 4020 duplicatus
1101 3986 1117 4012 ,
1143 3944 1392 4015 quoniam
1423 3944 1615 4013 duplex
1638 3954 1718 3998 est
1739 3958 1896 3998 sexus

315 4049 599 4110 humanus,
630 4044 767 4098 unde
794 4042 1163 4113 generationes
1193 4038 1325 4092 tales
1350 4038 1581 4092 existunt
1604 4079 1617 4101 ,
1642 4037 1895 4089 masculi-

316 4156 415 4194 nus
436 4148 490 4193 ei
521 4137 834 4199 femininus;
869 4132 1139 4203 quinarius
1168 4146 1325 4199 ergo,
1358 4138 1413 4183 ut
1440 4129 1575 4193 dixi,
1600 4128 1898 4197 duplicatus

316 4230 592 4286 denarium
640 4240 917 4280 numerum
964 4223 1101 4277 facit.
1148 4220 1395 4275 Jamvero
1441 4220 1507 4273 ab
1544 4218 1899 4272 adolescentia

314 4334 371 4379 et
389 4324 664 4390 deinceps,
694 4318 780 4373 ubi
804 4318 935 4371 natio
951 4316 1059 4385 jam
1083 4313 1256 4383 incipit
1280 4313 1334 4367 in
1356 4311 1567 4365 homine
1589 4308 1895 4379 praevalere,

318 4417 523 4473 accedit
549 4416 779 4485 quinque
800 4410 1043 4465 sensibus
1065 4405 1293 4477 cognitio
1319 4413 1373 4460 et
1396 4405 1553 4469 actio,
1584 4403 1771 4472 quibus
1793 4402 1899 4456 vita

321 4514 520 4582 regitur
546 4519 600 4564 et
627 4506 1046 4565 administratur,
1064 4509 1119 4554 ut
1142 4500 1251 4570 jam
1289 4496 1623 4567 septenarius
1649 4508 1901 4594 numerus

321 4603 538 4672 incipiat
560 4614 680 4655 esse
710 4616 722 4650 :
747 4595 837 4667 qui
864 4594 1105 4650 similiter
1129 4591 1427 4661 duplicatus
1444 4627 1459 4653 ,
1486 4595 1700 4655 prepter
1722 4584 1899 4655 dupli-

321 4710 436 4751 cem
464 4707 684 4755 sexum,
718 4691 768 4744 in
799 4686 1195 4758 quatuor-decim
1239 4679 1669 4752 generationibus
1706 4679 1904 4733 eminet

322 4793 651 4856 etapparet,
687 4796 820 4851 quas
867 4779 1059 4833 habent
1105 4784 1214 4831 tres
1257 4782 1439 4827 anates
1481 4776 1900 4839 consequentes,

324 4889 573 4949 tanquam
602 4872 985 4937 adolescentis,
1014 4876 1066 4923 et
1084 4868 1294 4937 juvenis
1312 4906 1327 4931 ,
1355 4873 1409 4919 et
1448 4862 1692 4917 senioris.
1734 4859 1903 4914 Sene-

322 4972 481 5026 ctutis
507 4983 636 5023 vero
671 4976 800 5022 artas
825 4965 961 5020 sicut
988 4963 1040 5016 in
1066 4960 1217 5015 nobis
1245 4958 1387 5012 nullo
1425 4964 1621 5010 statuto
1644 4968 1902 5007 annorum

324 5072 565 5131 tempore
587 5058 855 5122 delinitur,
879 5054 972 5110 sed
994 5062 1112 5124 post
1139 5051 1373 5121 quinque
1393 5049 1506 5102 illas
1532 5055 1714 5102 anates
1739 5060 1905 5116 quan-

328 5163 437 5206 tum
481 5151 705 5221 quisque
747 5145 966 5208 vixerit,
1011 5141 1270 5197 senectuti
1313 5140 1630 5207 deputatur:
1656 5138 1733 5192 sic
1768 5144 1821 5190 et
1850 5136 1902 5189 in

328 5243 425 5297 ista
456 5249 613 5296 aetate
642 5238 820 5293 smeuli
848 5251 952 5290 non
979 5242 1233 5304 apparent
1261 5231 1647 5301 generationes,
1669 5238 1721 5281 ut
1746 5228 1903 5281 etiam

328 5334 573 5390 occultus
619 5332 686 5385 sit
732 5330 947 5383 ultimus
972 5327 1106 5390 dies,
1139 5339 1293 5394 quem
1326 5322 1523 5376 utiliter
1554 5320 1804 5375 Dominus
1831 5318 1907 5371 la-

329 5435 445 5481 tere
469 5430 715 5492 oportere
738 5418 1116 5476 demonstravit
1146 5413 1252 5488 (Id.
1282 5428 1430 5479 ntv,
1462 5410 1572 5483 3(3).

399 5514 626 5570 CAPUT
668 5511 905 5567 XX\’.-—
928 5509 1130 5576 Septem
1168 5507 1361 5560 dierum
1400 5505 1549 5557 altior
1571 5502 1833 5572 allegoria.

401 5609 491 5666 45.
536 5608 707 5664 Habet
759 5606 919 5663 etiam
962 5605 1324 5676 unusquisque
1368 5612 1605 5658 nostrutn
1652 5604 1705 5658 it.
1752 5603 1902 5658 bonis

1668 342 1872 402 LIBER
1910 341 2177 401 PRIMUS.

3464 352 3569 411 {9‘

1990 458 2238 528 operibus
2274 465 2329 514 et
2366 466 2512 515 recta
2550 459 2655 515 vita
2704 469 2949 532 tanquam
2998 460 3273 519 distinctos
3302 463 3430 521 istos
3469 480 3567 527 sex

1989 550 2123 617 dics,
2157 558 2277 620 post
2296 566 2426 621 quos
2453 552 2609 607 debet
2630 553 2859 622 quietem
2898 568 3132 623 sperare.
3164 554 3340 611 Primo
3370 556 3456 612 die
3478 557 3565 613 lu-

1989 657 2104 697 cem
2147 642 2302 708 fidei,
2342 644 2549 714 quando
2576 646 2720 715 prius
2759 646 3051 701 visibilibus
3079 648 3246 703 credit
3276 650 3314 714 ⁸,
3346 660 3567 720 propter

1988 747 2145 802 quam
2197 733 2351 788 fidem
2405 736 2655 792 Dominus
2696 738 2972 792 visibiliter
3023 754 3278 807 apparere
3314 741 3566 812 dignatus

1988 833 2089 878 est.
2119 824 2361 879 Secundo
2388 825 2472 881 die
2514 836 2762 897 tanquam
2806 829 3194 884 firmamentum
3240 831 3565 901 disciplinae,

1988 928 2094 984 quo
2124 914 2379 969 discernit
2406 916 2543 971 inter
2570 919 2798 972 carnalia
2826 930 2878 974 et
2897 921 3188 990 spiritualia
3208 963 3223 988 ,
3254 923 3386 978 sicut
3429 925 3569 980 inter

1988 1020 2152 1076 aquas
2181 1006 2457 1063 inferiores
2500 1020 2553 1064 et
2595 1013 2914 1080 superiores.
2944 1012 3119 1067 Tertio
3151 1012 3254 1078 die,
3282 1030 3386 1083 quo
3415 1032 3568 1070 men-

1989 1106 2097 1152 tem
2142 1112 2291 1153 suam
2337 1100 2402 1153 ad
2452 1100 2695 1157 ferendos
2754 1103 3013 1157 bonorum
3061 1119 3279 1174 Operum
3325 1105 3565 1176 fructus,

1989 1201 2019 1241 a
2047 1187 2165 1242 labe
2204 1197 2255 1241 et
2296 1188 2546 1245 ﬂuetibus
2587 1194 2930 1247 tentationum
2969 1196 3293 1263 carnalium,
3318 1206 3565 1268 tanquam

1987 1278 2189 1332 aridam
2222 1290 2414 1333 terram
2449 1297 2478 1335 a
2506 1283 2988 1351 perturbationibus
3029 1287 3190 1340 maris
3223 1279 3481 1354 secernit,
3510 1297 3569 1345 ut

1981 1370 2090 1441 jam
2118 1374 2281 1442 possit
2305 1373 2512 1440 dicere,
2549 1374 2717 1428 Mente
2745 1378 2901 1430 servio
2935 1378 3031 1449 legi
3056 1377 3181 1446 Dei,
3208 1396 3359 1434 carne
3399 1390 3570 1435 autem

1988 1462 2085 1533 legi
2110 1465 2302 1534 peccati
2333 1463 2505 1535 (Rom.
2534 1481 2625 1530 vn,
2654 1466 2766 1536 25).
2786 1468 2982 1534 Quarto
3009 1470 3113 1535 die,
3137 1486 3240 1539 quo
3264 1471 3372 1540 jam
3402 1470 3454 1526 in
3475 1472 3570 1527 illo

1986 1552 2320 1608 ﬁrmamento
2345 1554 2637 1623 disciplima
2664 1558 2961 1625 spirituales
2988 1559 3364 1631 intelligentias
3383 1576 3571 1631 opera-

1988 1650 2075 1697 tur
2092 1653 2247 1714 atque
2270 1645 2559 1717 distinguit,
2590 1648 2734 1703 videt
2762 1666 2877 1718 quae
2908 1650 2977 1704 sit
3007 1651 3453 1708 incommutabilis
3478 1669 3571 1709 ve-

1986 1734 2135 1801 ritas,
2163 1753 2279 1807 quzc
2306 1748 2551 1809 tanquam
2594 1742 2673 1796 sol
2718 1742 2881 1812 fulget
2918 1744 2970 1797 in
3005 1744 3208 1812 anima;
3237 1746 3570 1816 etquemad-

1985 1827 2203 1881 modum
2229 1828 2402 1883 anima
2423 1832 2588 1900 ipsius
2606 1834 2846 1888 veritatis
2866 1836 3128 1906 particeps
3144 1836 3232 1891 fiat
3249 1880 3262 1902 ,
3288 1847 3342 1892 et
3359 1840 3571 1907 corpori

1986 1918 2227 1975 ordinem
2273 1928 2327 1975 et
2371 1923 2811 1991 pulchritudinem
2867 1935 3113 1995 prtestct,
3158 1936 3404 1998 tanquam
3446 1930 3572 1985 luna

1986 2009 2293 2066 illuminans
2322 2022 2531 2067 noctem
2556 2030 2569 2079 ;
2600 2023 2651 2070 et
2679 2017 3121 2085 quemadmodum
3151 2019 3317 2073 stella:
3345 2034 3531 2074 omnes
3549 2061 3568 2086 ,

1988 2102 2191 2158 scilicet
2216 2092 2572 2175 intelligentia:
2602 2106 2933 2175 spirituales,
2962 2109 3011 2163 in
3040 2108 3196 2178 hujus
3226 2111 3346 2165 vita:
3379 2111 3573 2166 obscu-

1987 2194 2141 2249 ritate
2170 2203 2417 2265 tanquam
2457 2197 2508 2250 in
2552 2206 2708 2252 nocte
2751 2198 2947 2252 micent
2972 2209 3025 2253 et
3051 2200 3300 2269 fulgeant.
3332 2203 3567 2269 Quarum

1986 2299 2165 2338 rerum
2210 2286 2395 2341 notitia
2441 2287 2628 2343 fortior
2672 2288 2894 2343 effectus
2933 2290 3148 2359 incipiat
3189 2292 3372 2361 quinto
3401 2291 3487 2347 die
3515 2294 3572 2349 in

1988 2378 2281 2433 actionibus
2314 2380 2749 2435 turbulentissimi
2796 2382 3007 2447 sznculi,
3042 2392 3288 2452 tanquam
3328 2385 3379 2439 in
3418 2386 3571 2456 aquis

1989 2470 2150 2524 maris
2178 2473 2418 2540 operari,
2448 2483 2662 2541 propter
2700 2474 2981 2529 utilitatem
3010 2475 3252 2531 fraterna:
3272 2478 3571 2545 societatis;

1990 2569 2044 2615 et
2087 2561 2152 2616 de
2194 2564 2557 2631 corporalibus
2583 2565 2878 2619 actionibus
2903 2566 2952 2631 ³,
2983 2582 3099 2635 qua:
3125 2567 3189 2622 ad
3220 2568 3392 2638 ipsum
3427 2584 3575 2626 mare

1990 2654 2276 2721 pertinent,
2304 2655 2352 2707 id
2380 2664 2463 2709 est
2485 2657 2551 2709 ad
2581 2656 2716 2711 hanc
2740 2658 2898 2712 vitam
2919 2698 2934 2724 ,
2959 2659 3250 2727 producere
3276 2662 3573 2717 animarum

1990 2745 2230 2798 vivarum
2258 2746 2489 2815 reptilia,
2519 2746 2571 2800 id
2596 2757 2671 2801 e5t
2702 2763 2862 2816 Opera
2893 2764 3011 2818 qua:
3040 2751 3242 2818 prosint
3272 2752 3464 2807 animis
3488 2751 3574 2808 vi-

1992 2836 2105 2899 vis;
2148 2845 2201 2890 et
2244 2847 2393 2891 cetos
2455 2854 2711 2908 magnos,
2740 2840 2792 2893 id
2837 2848 2920 2895 est
2958 2839 3274 2898 fortissimas
3314 2844 3573 2912 actiones,

1992 2928 2182 2996 quibus
2218 2929 2409 2982 fluctus
2442 2929 2621 2983 saeculi
2660 2930 3031 3000 dirumpuntur
3055 2939 3110 2987 et
3137 2942 3571 3003 contemnuntur,

1993 3026 2048 3073 et
2072 3019 2300 3073 volatilia
2326 3020 2481 3086 caeli,
2525 3020 2575 3073 id
2619 3029 2703 3076 est
2740 3036 2898 3077 voces
2931 3023 3163 3077 etelcstia
3206 3023 3574 3093 praedicantes.

1993 3109 2153 3165 Sexto
2180 3121 2353 3164 autem
2385 3112 2469 3165 die
2489 3111 2746 3182 producat
2771 3111 2839 3168 de
2869 3122 3005 3169 terra
3032 3115 3261 3169 animam
3288 3116 3462 3171 vivam
3481 3157 3495 3183 ,
3520 3115 3576 3172 id

1994 3212 2075 3255 est
2100 3200 2167 3253 de
2209 3202 2318 3270 ipsa
2358 3202 2643 3258 stabilitate
2678 3204 2872 3258 mentis
2896 3219 3006 3261 sua!
3033 3205 3119 3259 ubi
3148 3206 3448 3275 Spirituales
3475 3207 3575 3261 ha-

1996 3291 2083 3345 bet
2113 3292 2338 3356 fruetns,
2382 3291 2434 3346 id
2476 3303 2557 3347 est
2591 3294 2756 3349 bonas
2785 3296 3129 3365 cogitationes
3148 3338 3163 3363 ,
3193 3308 3368 3353 motus
3390 3314 3579 3355 omnes

1996 3382 2157 3433 animi
2186 3382 2266 3435 sui
2292 3392 2457 3451 regat,
2482 3392 2539 3436 ut
2563 3384 2631 3438 sit
2652 3383 2705 3438 in
2728 3384 2816 3440 illo
2841 3386 3015 3440 anima
3043 3386 3181 3453 viva,
3211 3388 3261 3442 id
3281 3398 3363 3444 est
3385 3390 3579 3447 rationi

1996 3478 2049 3522 et
2072 3470 2288 3538 jUSliliiC
2317 3472 2575 3537 serviens,
2605 3488 2709 3527 non
2743 3475 3025 3530 temeritati
3053 3486 3210 3547 atque
3240 3490 3474 3547 peccato.
3500 3481 3577 3537 ita

1999 3560 2085 3613 fiat
2129 3561 2283 3614 etiam
2315 3562 2472 3615 homo
2502 3562 2566 3616 ad
2600 3564 2880 3634 imaginem
2919 3575 2973 3620 et
3013 3568 3412 3627 similitudinem
3447 3572 3579 3641 Dei,

1996 3651 2263 3703 masculus
2291 3662 2341 3704 et
2374 3652 2564 3707 femina
2586 3697 2600 3720 ,
2635 3655 2684 3708 id
2725 3665 2809 3709 est
2843 3658 3144 3713 intellectus
3169 3670 3221 3715 et
3244 3663 3415 3729 actio,
3444 3680 3580 3735 quo-

1998 3756 2113 3793 rum
2145 3742 2479 3809 copulatione
2516 3744 2806 3813 spiritualis
2832 3747 2970 3803 fctus
3002 3757 3194 3804 terram
3235 3753 3483 3821 impleat,
3522 3754 3577 3811 id

1998 3842 2077 3887 est
2130 3848 2341 3887 carnem
2390 3834 2651 3903 subjiciat,
2676 3846 2730 3891 et
2765 3854 2824 3891 ca
2848 3849 2955 3893 tera
2982 3857 3100 3910 qua:
3128 3842 3237 3911 jam
3276 3844 3325 3897 in
3350 3844 3579 3903 hominis

2003 3923 2324 3992 perfectione
2362 3928 2603 3993 superius
2647 3928 2783 3982 dicta
2823 3939 2966 3984 sunt.
3008 3932 3063 3986 In
3104 3932 3217 3989 istis
3253 3944 3428 3990 autem
3459 3946 3579 3992 lan-

2001 4030 2155 4083 quam
2181 4014 2366 4069 diebus
2390 4031 2610 4086 vespera
2646 4027 2729 4074 est
2768 4020 2820 4072 in
2856 4021 2965 4090 ipsa
2995 4022 3314 4090 perfectione
3341 4026 3580 4097 singulo-

2000 4121 2116 4158 rum
2139 4120 2359 4175 operum
2381 4148 2395 4171 ,
2418 4116 2471 4161 et
2495 4123 2647 4163 mane
2677 4110 2728 4163 in
2760 4111 3094 4168 inchoatione
3118 4119 3579 4185 consequentium.

2001 4197 2127 4252 Post
2150 4197 2368 4251 istorum
2400 4200 2549 4269 quasi
2574 4215 2663 4255 sex
2692 4201 2899 4258 dierum
2920 4219 3079 4274 opera
3108 4205 3242 4260 bona
3264 4208 3436 4276 valde,
3460 4225 3584 4280 spe-

2001 4296 2083 4342 ret
2124 4287 2282 4342 homo
2323 4290 2550 4359 quietem
2597 4302 2934 4361 perpetuam,
2964 4305 3018 4349 et
3044 4295 3299 4366 intelligat
3325 4300 3448 4368 quid
3475 4302 3581 4369 sit,

2003 4378 2261 4449 Reqaievit
2302 4378 2437 4434 Deus
2476 4382 2683 4452 septimo
2709 4384 2790 4437 die
2817 4386 2878 4437 ab
2906 4386 3131 4440 omnibus
3168 4388 3399 4457 operibus
3436 4392 3582 4447 suis:

2004 4469 2123 4538 quia
2154 4478 2207 4523 et
2236 4470 2419 4539 ipsein
2448 4471 2598 4524 nobis
2626 4470 2742 4526 bare
2778 4473 2915 4528 bona
2941 4485 3211 4542 operatur,
3245 4479 3333 4547 qui
3363 4488 3418 4533 ut
3449 4494 3584 4550 ope-

2004 4561 2467 4628 remurjubct;et
2508 4562 2620 4630 ipse
2664 4572 2809 4618 recte
2850 4566 3185 4634 requiescere
3216 4568 3430 4637 dicitur,
3460 4573 3583 4642 quia

2005 4662 2124 4721 post
2153 4651 2267 4705 haec
2302 4652 2478 4705 omnia
2505 4667 2666 4722 opera
2703 4655 2938 4724 requiem
2966 4656 3118 4711 nobis
3151 4659 3265 4728 ipse
3291 4664 3582 4729 prmstabit.

2004 4744 2281 4812 Quomodo
2321 4745 2463 4800 enim
2506 4756 2649 4801 recte
2693 4746 2882 4803 dicitur
2911 4750 3285 4819 paterfamilias
3320 4754 3588 4813 aedificare

2006 4837 2222 4895 domum
2243 4882 2257 4907 ,
2281 4854 2403 4894 eum
2443 4838 2546 4895 hoc
2584 4855 2690 4894 non
2714 4856 2879 4911 opere
2921 4858 3019 4899 suo
3062 4843 3247 4912 faciat,
3271 4847 3367 4903 sed
3399 4863 3585 4904 eorum

2007 4931 2197 5001 quibus
2238 4932 2597 4988 servientibus
2638 4932 2898 5003 imperat;
2926 4935 3004 4990 sic
3043 4948 3187 4993 recte
3221 4937 3413 4994 dicitur
3437 4949 3491 4995 et
3520 4942 3589 4997 ab

2007 5021 2257 5090 operibus
2280 5023 2632 5093 requiescere,
2653 5038 2774 5079 cum
2802 5034 2922 5094 post
2947 5026 3324 5095 perfectionem
3351 5030 3585 5098 fabricae,

2008 5114 2113 5194 illis
2140 5114 2330 5183 quibus
2358 5114 2650 5186 imperabat
2678 5117 2936 5186 permittit
2958 5127 3015 5174 ut
3043 5128 3261 5188 vacent,
3283 5129 3336 5177 et
3352 5121 3589 5192 jucundo

2010 5206 2119 5260 etio
2146 5205 2503 5277 perfruantur.

2074 5385 2091 5415 ι
2109 5390 2237 5455 tov.,
2253 5382 2560 5455 inuisibilibus
2576 5384 2857 5455 credit.”sed
2875 5386 3304 5455 meliusﬁrasmus,
3322 5392 3498 5455 Regius
3516 5406 3594 5443 oo-

2008 5445 2124 5501 dex,
2150 5453 2200 5494 et
2222 5446 2297 5495 alii
2318 5454 2420 5494 Mss.
2445 5446 2634 5503 decem,
2671 5446 2926 5497 visibilibus
2945 5450 3114 5500 credit.

2074 5510 2093 5538 ι
2241 5516 2359 5567 tres,
2381 5506 2958 5573 agnitiOttibusJ’auloque
2974 5518 3081 5572 post
3096 5511 3295 5575 habent,
3310 5513 3592 5578 fortissimas

2074 5582 2097 5617 η
2142 5583 2286 5619 tones.

2008 5582 2286 5634 agnwoztes.
