4056 6472
471 331 574 390 I95

469 405 3442 438 ΜΝ

1342 325 1434 382 DE
1471 322 1714 380 GENESI
1751 315 2025 376 CONTRA
2060 313 2360 384 MANlCIl.,
2396 314 2458 376 Β.
2497 319 2864 381 AUGUSTINI

1405 463 1882 574 LIBER
1959 457 2140 564 SE
2154 459 2246 563 Ο
2259 458 2466 566 ΠΝ
2464 461 2572 566 D
2595 462 2798 574 US.

425 637 433 644 '
467 617 775 728 Wst:
789 606 1610 734 ἓέιὲοξέίῗὲθὲξξαίξξεῖξῗέἓηῗιὲ
1635 594 3602 728 ineas;statamammmmggum
3623 629 3723 684 quo

1857 757 2330 816 οὔθῦῆεο

567 868 792 928 CAPUT
828 864 1111 925 PRIMUM.
1137 893 1208 904 —
1234 859 1478 916 Recitatio
1501 855 1710 913 secundi
1727 861 1773 909 et
1799 852 1929 908 tertii

1019 954 1200 1024 capitis
1227 951 1491 1008 Geneseos.

541 1054 593 1108 1.
630 1052 753 1106 Post
800 1047 1250 1105 enumerationem
1301 1050 1355 1098 et
1405 1035 1789 1110 expositionem
1831 1033 2042 1112 dierum

469 1151 672 1216 septem
694 1185 708 1209 ,
754 1137 1063 1208 interposita
1087 1143 1169 1190 est
1193 1132 1344 1205 quasi
1373 1129 1612 1202 quaedam
1648 1126 1957 1216 conclusio,
1991 1131 2044 1216 et

471 1211 766 1303 appellatus
793 1237 875 1285 est
906 1226 1041 1281 liber
1067 1232 1326 1280 creaturze
1351 1220 1471 1275 cazli
1496 1227 1550 1274 et
1577 1227 1731 1273 terra:
1749 1258 1763 1280 ,
1789 1211 2044 1284 quidquid

470 1325 712 1396 superius
737 1323 935 1378 dictum
984 1326 1069 1375 est
1092 1359 1106 1382 ,
1150 1330 1270 1372 cum
1303 1315 1370 1370 sit
1408 1326 1566 1382 parva
1611 1324 1735 1380 pars
1761 1307 1879 1364 libri
1905 1323 1920 1360 :
1948 1304 2044 1359 sed

471 1415 592 1472 ideo
620 1414 698 1469 sic
727 1411 920 1466 meruit
952 1407 1163 1472 vocari,
1212 1407 1332 1478 quia
1358 1401 1587 1459 universi
1615 1399 1793 1455 smculi
1819 1413 1848 1452 a
1871 1396 2045 1465 capite

471 1520 636 1576 usque
673 1503 739 1558 ad
782 1504 941 1556 ﬁnem
972 1499 1121 1571 quasi
1166 1498 1343 1554 brevis
1371 1494 1611 1565 qumdam
1642 1493 1814 1560 imago
1860 1489 1913 1543 in
1962 1487 2046 1541 bis

469 1597 658 1651 diebus
681 1603 885 1664 septem
917 1591 1131 1661 ﬁgurata
1156 1597 1254 1643 est.
1287 1585 1487 1642 Deinde
1515 1582 1700 1652 incipit
1733 1580 1800 1634 de
1831 1578 2044 1632 homine

467 1685 771 1757 diligentius
795 1683 1020 1738 narrari.
1049 1683 1176 1749 Quae
1205 1679 1378 1734 omnis
1418 1674 1654 1730 narratio
1695 1687 1799 1726 non
1828 1678 2040 1740 aperte,

469 1780 562 1836 sed
595 1779 812 1850 ﬁgurate
837 1776 1164 1847 explicatur,
1197 1782 1254 1826 ut
1287 1779 1534 1825 exerceat
1571 1775 1780 1822 mentes
1804 1778 2047 1835 quaeren-

469 1871 601 1925 tium
641 1868 915 1923 veritatem
936 1906 953 1932 ,
1003 1873 1056 1920 et
1083 1861 1342 1936 spirituali
1371 1858 1584 1931 negotio
1620 1873 1651 1912 a
1679 1856 1902 1926 negotiis
1926 1869 2044 1908 car-

469 1961 677 2015 nalibus
705 1965 909 2012 avocet.
969 1955 1058 2011 Sic
1088 1955 1228 2010 enim
1257 1967 1316 2007 se
1356 1952 1631 2008 continet:
1679 1947 1780 2003 llic
1808 1957 1880 2002 est
1922 1944 2045 2000 liber

467 2059 712 2106 creaturas
738 2047 848 2102 creti
883 2055 931 2100 et
959 2055 1134 2110 terrte,
1164 2061 1278 2098 cum
1315 2047 1478 2114 factus
1508 2048 1633 2094 esset
1659 2039 1764 2093 dies
1789 2053 1887 2107 quo
1927 2036 2044 2106 fecit

468 2142 609 2198 Deus
634 2138 812 2195 caelum
839 2145 887 2192 et
915 2147 1116 2197 terram,
1145 2143 1194 2190 et
1218 2134 1386 2189 omnia
1411 2133 1590 2188 viridia
1616 2130 1747 2200 agri,
1778 2137 2044 2197 antequam

470 2239 633 2286 essent
662 2245 813 2298 super
843 2235 1027 2280 terram
1046 2267 1060 2291 ,
1103 2233 1148 2278 et
1172 2239 1316 2277 omne
1346 2222 1582 2291 pabulum
1610 2221 1753 2291 agri,
1781 2226 2046 2288 antequam

469 2321 793 2394 germinaret.
823 2317 1068 2371 Nondum
1092 2316 1223 2369 enim
1253 2313 1446 2384 pluerat
1487 2311 1623 2365 Deus
1650 2327 1802 2378 super
1827 2317 2041 2372 terram,

468 2429 560 2467 nec
593 2420 700 2467 erat
727 2411 874 2465 homo
899 2408 987 2482 qui
1010 2415 1300 2478 operaretur
1317 2406 1369 2459 in
1396 2420 1476 2460 ea.
1508 2402 1644 2457 Fons
1671 2410 1837 2456 autem
1862 2415 2045 2454 ascen-

467 2501 615 2556 debat
637 2501 701 2555 de
737 2509 867 2554 terra
891 2541 906 2563 ,
959 2508 1006 2552 et
1033 2497 1271 2568 irrigabat
1313 2511 1509 2550 omnem
1557 2493 1739 2565 faciem
1763 2501 1926 2545 terra.
1978 2488 2046 2543 Et

469 2602 588 2645 tunc
613 2591 762 2659 finxit
797 2589 934 2642 Deus
958 2587 1208 2641 hominem
1233 2587 1294 2638 de
1335 2584 1454 2638 limo
1492 2593 1664 2647 terrte,
1708 2592 1751 2635 et
1781 2579 2046 2651 insuﬁlavit

466 2683 522 2737 in
549 2681 727 2753 faciem
750 2681 860 2751 ejus
897 2680 1077 2750 ﬂatum
1115 2677 1260 2741 vitta,
1289 2685 1335 2728 et
1361 2676 1522 2746 factas
1564 2681 1636 2727 est
1666 2673 1812 2726 homo
1837 2673 1890 2725 in
1927 2670 2042 2724 ani-

466 2789 603 2828 mant
630 2773 891 2827 viventem.
933 2769 1002 2824 Et
1045 2777 1163 2822 tunc
1203 2766 1444 2838 plantavit
1485 2763 1619 2818 Deus
1660 2763 1950 2834 paradisum
1991 2763 2044 2816 in

468 2866 615 2921 Eden
633 2865 700 2919 ad
723 2864 987 2929 orientem,
1015 2870 1060 2916 et
1081 2860 1244 2933 posuit
1271 2859 1341 2914 ibi
1365 2859 1612 2912 hominem
1635 2874 1780 2924 quem
1803 2857 2043 2926 ﬁnxerat.

468 2958 539 3014 Et
578 2957 816 3030 produxit
839 2955 1004 3008 adhuc
1041 2953 1175 3007 Deus
1200 2951 1262 3006 de
1289 2961 1421 3005 terra
1450 2966 1595 3004 omne
1624 2948 1812 3020 lignum
1849 2952 2043 3020 formo-

469 3065 580 3103 sum
621 3047 690 3100 ad
718 3057 971 3117 aspectant
994 3086 1009 3111 ,
1043 3053 1089 3098 et
1117 3044 1297 3096 bonum
1323 3041 1391 3095 ad
1414 3058 1578 3095 escam
1601 3056 1619 3094 :
1645 3048 1689 3094 et
1718 3038 1909 3110 lignum
1934 3039 2046 3092 vitta

472 3137 713 3209 plantavit
743 3137 795 3190 in
822 3136 985 3188 medio
1012 3133 1268 3205 paradisi,
1300 3143 1344 3185 et
1375 3131 1567 3203 lignum
1607 3131 1826 3185 scientiw
1863 3129 1976 3184 boni
1999 3139 2045 3182 et

468 3229 610 3281 ntali.
664 3226 883 3280 Flumen
922 3235 1087 3278 autent
1132 3224 1361 3294 prodibat
1387 3239 1449 3276 ex
1485 3222 1658 3287 Eden,
1710 3230 1756 3276 et
1803 3220 2044 3292 irrigabat

469 3318 760 3390 paradisum
789 3332 807 3370 :
834 3315 968 3386 quod
994 3314 1111 3368 inde
1136 3313 1375 3368 dividitur
1401 3313 1453 3367 in
1481 3321 1695 3384 quatuor
1718 3319 1902 3384 partes.
1932 3309 2045 3365 No-

467 3425 579 3463 men
621 3408 712 3462 uni
758 3405 988 3471 Phison;
1018 3406 1111 3459 hoc
1156 3411 1227 3460 est
1263 3405 1396 3475 quod
1438 3405 1615 3457 circuit
1656 3413 1812 3458 totam
1859 3413 2045 3458 terram

468 3498 699 3563 Evilath,
728 3498 798 3551 ibi
839 3505 911 3551 est
940 3513 1150 3561 aurum,
1183 3511 1364 3549 aurum
1386 3507 1553 3549 autem
1581 3504 1726 3548 teme
1748 3495 1886 3548 illius
1908 3495 2043 3565 apti-

467 3607 602 3644 mum
633 3591 676 3655 ‘;
703 3589 773 3643 ibi
799 3597 872 3643 est
897 3587 1230 3642 carbunculus
1261 3596 1306 3640 et
1330 3586 1460 3658 lapis
1489 3585 1741 3656 prasinus.
1774 3585 1841 3639 Et
1865 3603 2044 3640 nomen

464 3680 669 3736 secundi
689 3679 914 3749 ﬂuminis
938 3677 1113 3742 Geon;
1150 3677 1242 3731 hoc
1261 3677 1434 3732 circuit
1455 3685 1609 3730 totam
1627 3686 1810 3730 terram
1828 3674 2009 3729 [Etltio
2022 3705 2040 3717 -

466 3773 583 3842 piat.
611 3770 675 3824 Et
695 3771 884 3840 [tamen
909 3771 1108 3823 tertiani
1131 3766 1337 3839 Tigris;
1361 3768 1453 3821 hoc
1473 3777 1542 3821 est
1555 3766 1692 3836 quod
1705 3767 1841 3820 vadit
1867 3777 2042 3821 contra

465 3865 715 3935 Assyrios.
767 3863 834 3916 Et
875 3863 1074 3932 ﬂumen
1107 3871 1339 3932 quartum
1385 3859 1568 3913 dicitur
1621 3859 1923 3929 Euphrates.
1971 3859 2042 3913 Et

463 3954 676 4026 sumpsit
713 3952 960 4008 Dominus
989 3951 1122 4006 Deus
1165 3952 1414 4005 hominem
1442 3967 1588 4021 quem
1622 3951 1841 4020 fecerat,
1868 3962 1914 4006 et
1953 3969 2042 4021 p0-

465 4046 564 4100 suit
588 4061 703 4099 eant
730 4043 784 4097 in
810 4043 1079 4113 paradiso,
1123 4051 1177 4095 ut
1225 4051 1516 4113 operaretur
1544 4039 1640 4106 ibi,
1683 4051 1729 4095 et
1771 4043 2038 4096 custodiret

465 4151 597 4189 eum.
633 4133 696 4188 Et
718 4133 949 4203 praecepit
973 4132 1218 4187 Dominus
1239 4131 1377 4186 Deus
1397 4132 1538 4199 Adw,
1562 4132 1732 4188 dicens
1751 4149 1770 4187 :
1799 4133 1878 4186 Ex
1905 4134 2041 4186 omni

465 4225 602 4296 ligno
629 4224 763 4293 quod
801 4232 870 4280 est
897 4224 950 4278 in
996 4225 1262 4293 paradiso,
1297 4223 1410 4277 edes
1453 4223 1520 4276 ad
1546 4240 1750 4290 escam;
1795 4225 1858 4277 de
1904 4224 2040 4293 ligno

464 4323 632 4369 autem
655 4314 875 4368 scientia:
916 4312 1032 4367 boni
1057 4322 1104 4367 et
1133 4314 1255 4367 ntali
1293 4329 1392 4366 non
1422 4312 1575 4366 edetis
1604 4312 1665 4366 ab
1703 4330 1759 4366 eo
1789 4329 1807 4367 :
1834 4331 1930 4382 qua
1959 4314 2041 4368 die

464 4406 596 4458 enim
635 4403 838 4457 ederitis
861 4402 922 4457 ab
947 4401 1038 4457 illo
1059 4442 1074 4468 ,
1107 4413 1267 4456 morte
1290 4401 1588 4456 moriemini.
1618 4401 1684 4455 Et
1709 4403 1834 4456 dixit
1864 4402 2038 4458 Domi-

464 4511 558 4549 nus
586 4493 724 4549 Deus
751 4509 771 4548 :
801 4492 920 4548 Non
945 4505 1015 4548 est
1037 4495 1217 4548 bonum
1239 4509 1348 4547 esse
1375 4493 1624 4546 hominem
1652 4493 1813 4546 solum
1837 4534 1852 4559 ,
1879 4493 2042 4564 [acia-

465 4601 578 4639 mus
597 4585 643 4639 ei
668 4584 978 4655 adjutorium
1021 4583 1184 4638 simile
1222 4584 1335 4637 sibi.
1386 4581 1455 4636 Et
1479 4599 1800 4654 quaecumque
1821 4583 2040 4652 ﬁnxerat

467 4677 604 4732 Deus
624 4693 690 4733 ea:
712 4677 847 4732 omni
875 4693 1051 4748 genere
1075 4692 1308 4747 pecorum
1333 4717 1349 4741 ,
1387 4684 1436 4731 et
1461 4691 1523 4730 ex
1567 4675 1706 4730 omni
1737 4692 1914 4747 genere
1950 4676 2039 4731 be-

467 4770 681 4822 stiarum
705 4768 815 4838 agri
836 4808 850 4832 ,
900 4776 949 4820 et
983 4782 1045 4821 ea:
1071 4767 1208 4821 omni
1233 4783 1412 4837 genere
1458 4767 1740 4820 volatilium
1768 4767 2040 4823 volantium

464 4856 556 4912 sub
579 4857 730 4924 calo,
760 4856 996 4927 perduxit
1020 4873 1078 4911 ea
1118 4857 1185 4910 ad
1211 4857 1408 4924 Adam,
1437 4865 1490 4910 ut
1518 4857 1704 4911 videret
1728 4858 1850 4928 quid
1869 4875 1928 4912 ea
1952 4874 2036 4913 ro-

465 4957 602 5003 caret
627 4963 647 5002 :
675 4955 720 5002 et
743 4948 879 5018 quod
900 4948 1091 5002 vocavit
1128 4963 1188 5002 ea
1210 4949 1379 5002 omnia
1404 4947 1566 5001 Adam
1594 4949 1814 5002 animam
1841 4950 1999 5003 vivam
2019 4993 2034 5017 ,

467 5040 561 5094 hoc
588 5048 660 5094 est
687 5055 866 5094 nomen
895 5040 1023 5111 ejus.
1058 5039 1125 5095 Et
1156 5049 1268 5111 post
1295 5041 1401 5095 lucc
1425 5041 1616 5095 vocavit
1644 5040 1806 5095 Adam
1835 5044 2038 5097 nomina

468 5131 690 5186 omnium
713 5147 946 5203 perorant
964 5173 979 5196 ,
1018 5140 1067 5186 et
1109 5133 1332 5186 omnium
1356 5118 1519 5187 aciuin
1549 5132 1661 5186 cali
1678 5172 1694 5199 ,
1745 5143 1793 5187 et
1816 5135 2036 5189 omnium

465 5219 734 5275 bestiarum
760 5221 902 5292 agri;
953 5231 1002 5275 et
1039 5222 1312 5277 secundum
1354 5223 1488 5290 quod
1515 5224 1705 5276 vocavit
1733 5240 1791 5278 ea
1831 5225 2033 5292 Adam,

465 5310 560 5364 hoc
598 5318 670 5365 est
708 5327 888 5365 nomen
927 5326 1100 5366 eorum
1128 5328 1280 5382 usque
1311 5312 1362 5365 in
1404 5312 1698 5367 hodiernum
1743 5315 1894 5368 diem.
1925 5315 2039 5387 Ipsi

467 5412 634 5456 autem
668 5401 794 5466 ᾼάω
811 5402 1033 5456 nondum
1062 5404 1157 5474 {ait
1181 5403 1492 5473 adjutorium
1515 5404 1678 5459 simile
1699 5405 1795 5460 illi.
1844 5405 1912 5460 Et
1943 5409 2038 5462 im-

466 5494 600 5549 misit
629 5492 767 5549 Deas
785 5511 1012 5567 soporem
1033 5495 1086 5549 in
1108 5495 1272 5549 Adam
1291 5537 1307 5564 ,
1330 5506 1374 5550 et
1395 5495 1690 5556 obdormivit
1715 5518 1734 5557 :
1756 5511 1803 5556 et
1825 5503 2039 5574 sumpsit

529 5649 545 5681 ι
566 5654 635 5725 ita
783 5655 960 5725 Artium.
977 5655 1034 5725 βε
1075 5656 1128 5702 et
1148 5657 1256 5704 ιον.
1281 5652 1487 5706 habent:
1509 5665 1528 5700 t
1550 5656 1595 5708 bi
1609 5673 1782 5712 aurum
1805 5665 2033 5725 nascitur,

463 5717 508 5762 ct
528 5722 704 5762 aurum
726 5716 886 5774 term,
915 5720 1011 5762 etc.

2147 841 2285 899 Deus
2311 862 2463 901 unant
2489 849 2551 904 de
2573 853 2723 907 costis
2747 854 2856 924 ejus
2875 897 2890 922 ,
2919 866 2966 910 et
2991 857 3211 929 implevit
3237 861 3402 917 locum
3423 865 3530 936 ejus
3553 882 3726 935 carne,

2148 947 2195 992 et
2223 942 2458 1009 formavit
2488 945 2626 1001 Deus
2651 959 2838 1004 costam
2861 968 3012 1022 quant
3039 956 3228 1027 accepit
3251 956 3313 1010 ab
3340 958 3503 1014 Adam
3534 961 3587 1016 in
3615 981 3730 1017 ma-

2148 1028 2338 1086 lierent.
2363 1031 2431 1087 Et
2450 1037 2660 1093 adduxit
2681 1041 2820 1094 illam
2857 1044 2925 1096 ad
2950 1044 3114 1099 Adam
3133 1087 3149 1113 ,
3182 1057 3236 1100 at
3264 1049 3448 1104 videret
3467 1053 3589 1122 quid
3610 1072 3728 1109 eant

2147 1133 2362 1176 vocaret.
2394 1124 2463 1178 Et
2487 1127 2614 1182 dixit
2640 1130 2804 1184 Adam
2820 1171 2835 1198 ,
2869 1132 2982 1187 Hoc
3008 1151 3140 1188 nunc
3170 1154 3226 1191 os
3251 1155 3315 1192 ea:
3341 1141 3536 1196 ossibus
3561 1145 3725 1209 meis,

2148 1221 2195 1266 et
2219 1230 2337 1268 caro
2378 1216 2442 1271 de
2467 1235 2617 1275 carne
2640 1238 2750 1275 mea
2777 1239 2796 1276 :
2820 1225 2928 1278 lucc
2955 1228 3208 1282 vocabitur
3236 1231 3447 1298 mulier,
3485 1235 3728 1303 quoniam

2148 1302 2212 1356 de
2236 1306 2342 1360 viro
2367 1324 2459 1360 suo
2481 1322 2681 1380 sumpta
2706 1321 2780 1366 est
2811 1315 2853 1378 ¹;
2881 1323 2926 1368 et
2966 1316 3073 1371 htec
3113 1320 3202 1372 erit
3245 1322 3369 1374 mihi
3393 1302 3724 1393 adjutorium.

2150 1391 2368 1467 Pr0pter
2388 1399 2484 1453 hoc
2519 1403 2761 1472 relinquet
2802 1406 2948 1462 homo
2975 1420 3167 1478 patrem
3194 1422 3239 1464 et
3271 1391 3478 1467 matrem
3498 1455 3511 1477 ,
3541 1425 3588 1469 et
3625 1417 3724 1470 ad-

2139 1486 2384 1558 jungetur
2410 1493 2430 1523 ²
2476 1495 2625 1547 uxori
2644 1512 2790 1561 suaz;
2821 1507 2867 1552 et
2905 1511 3046 1553 erunt
3072 1500 3172 1554 duo
3213 1504 3264 1556 in
3308 1519 3458 1558 carne
3498 1521 3620 1558 una.
3655 1505 3750 1560 Et

2148 1589 2288 1632 erant
2316 1583 2462 1636 ambo
2482 1585 2608 1639 nudi
2625 1627 2640 1654 ,
2670 1587 2833 1641 Adam
2858 1599 2905 1643 et
2941 1592 3121 1644 mulier
3145 1593 3282 1662 ejus,
3312 1603 3356 1647 et
3385 1611 3484 1648 non
3505 1600 3726 1667 confun-

2148 1669 2414 1726 debantur.

2218 1763 2272 1816 2.
2307 1766 2527 1837 Serpens
2549 1777 2716 1822 autem
2743 1778 2848 1824 erat
2873 1773 3146 1842 sapientior
3165 1773 3387 1828 omnium
3413 1773 3680 1828 bestiarum
3701 1816 3719 1843 ,

2148 1870 2261 1923 quae
2284 1865 2427 1910 erant
2461 1875 2614 1929 super
2640 1868 2856 1925 terram,
2889 1879 3014 1932 quas
3039 1866 3224 1934 fecerat
3268 1863 3516 1919 Dominus
3559 1864 3719 1920 Deus.

2149 1943 2218 1998 Et
2248 1947 2376 2000 dixit
2415 1963 2618 2017 serpens
2654 1949 2722 2002 ad
2763 1952 3020 2005 mulierem
3052 1966 3071 2005 :
3101 1954 3268 2018 Quare
3307 1953 3434 2008 dixit
3484 1955 3617 2009 Deus
3659 1971 3728 2009 ne

2147 2035 2307 2089 edutis
2348 2038 2410 2089 ab
2438 2039 2575 2091 omni
2623 2039 2756 2108 ligno
2786 2041 2918 2110 quod
2945 2050 3017 2094 est
3057 2043 3109 2096 in
3154 2043 3431 2113 paradiso?
3482 2043 3549 2098 Et
3592 2045 3743 2099 dixit.

2148 2127 2328 2180 mulier
2341 2130 2407 2179 ad
2425 2138 2736 2199 serpentem:
2761 2128 2840 2183 Ea:
2855 2133 2991 2184 ontni
3008 2132 3144 2202 ligno
3169 2132 3303 2202 quod
3322 2144 3392 2187 est
3409 2134 3460 2186 in
3478 2135 3718 2202 paradiso

2145 2218 2387 2282 edemus;
2411 2234 2444 2272 a
2489 2219 2655 2288 fructu
2679 2230 2848 2274 autem
2888 2223 3009 2293 ligni
3042 2223 3175 2293 quod
3203 2234 3274 2276 est
3299 2224 3351 2277 in
3379 2223 3542 2277 medio
3567 2241 3724 2294 para-

2148 2310 2279 2375 disi,
2310 2311 2436 2365 dixit
2463 2310 2601 2366 Deus
2626 2329 2689 2367 ne
2726 2313 2964 2378 edamus,
3005 2316 3094 2369 sed
3131 2332 3290 2387 neque
3327 2326 3621 2388 tangamus,
3661 2334 3728 2372 ne

2149 2400 2442 2454 ntoriamur.
2475 2401 2542 2456 Et
2562 2402 2689 2456 dixit
2711 2419 2916 2474 serpens
2945 2405 3140 2459 mulieri
3168 2421 3188 2459 :
3214 2404 3335 2460 Non
3359 2417 3517 2462 morte
3543 2409 3727 2462 moris-

2149 2489 2309 2553 mini;
2345 2489 2531 2545 sciebat
2564 2492 2696 2545 enim
2738 2491 2876 2548 Deus
2900 2494 3020 2565 quia
3053 2511 3154 2564 qua
3182 2495 3264 2549 die
3307 2497 3724 2552 manducaveritis

2146 2595 2213 2635 ea:
2235 2581 2351 2647 illo,
2381 2583 2670 2650 aperientur
2693 2582 2825 2638 oculi
2849 2585 3025 2647 vestri,
3050 2595 3097 2639 et
3121 2586 3259 2640 eritis
3289 2587 3416 2641 sicut
3441 2589 3533 2655 dii,
3563 2589 3727 2643 scien-

2150 2679 2222 2726 tes
2256 2671 2440 2726 bonum
2477 2683 2522 2726 et
2550 2673 2763 2728 malum.
2794 2674 2861 2728 Et
2907 2675 3030 2730 vidit
3072 2676 3254 2732 mulier
3281 2680 3400 2748 quia
3441 2681 3622 2733 bonum
3651 2691 3726 2735 est

2149 2761 2343 2833 lignum
2365 2762 2418 2816 in
2441 2778 2629 2831 escam,
2653 2775 2699 2818 et
2727 2765 2849 2836 quia
2874 2767 3056 2821 bonum
3081 2777 3152 2821 est
3178 2769 3336 2822 oculis
3360 2770 3429 2822 ad
3456 2771 3726 2824 videndum

2148 2862 2195 2906 et
2227 2855 2658 2924 cognoscendum;
2700 2867 2746 2909 et
2773 2857 2985 2927 sumpsit
3022 2861 3238 2930 fructum
3265 2860 3326 2913 de
3355 2859 3490 2932 ligno
3519 2862 3636 2928 illo,
3677 2871 3725 2916 ct

2149 2947 2496 3014 manducavit,
2541 2957 2587 3001 et
2622 2949 2758 3004 dedit
2799 2950 2905 3003 viro
2947 2967 3076 3018 suo;
3117 2961 3163 3004 et
3201 2954 3393 3021 accepit
3435 2954 3629 3021 Adam,
3675 2965 3724 3008 et

2149 3038 2506 3093 manducavit:
2529 3047 2575 3095 et
2593 3042 2752 3110 aperti
2775 3051 2891 3096 sant
2916 3043 3048 3095 oculi
3073 3059 3264 3108 eorum,
3287 3053 3336 3097 et
3360 3053 3478 3098 tunc
3505 3045 3721 3099 scierant

2148 3127 2264 3194 quia
2290 3128 2412 3180 nudi
2427 3137 2604 3195 erant;
2632 3138 2678 3182 et
2705 3141 3025 3198 sumpserant
3048 3133 3141 3186 sibi
3159 3133 3281 3199 folia
3303 3134 3406 3203 ﬁci,
3427 3145 3471 3187 et
3496 3136 3720 3204 fecerant

2148 3214 2243 3268 sibi
2271 3217 2619 3272 succinctoria.
2650 3217 2854 3273 Etcum
2892 3222 3147 3276 audissent
3189 3238 3354 3276 vocem
3391 3223 3599 3279 Domini
3627 3226 3720 3281 de-

2148 3304 2450 3360 antbulantis
2488 3307 2541 3360 in
2570 3308 2806 3377 paradiso
2849 3309 2919 3363 ad
2945 3327 3232 3381 vesperam,
3271 3312 3637 3369 absconderant
3665 3333 3720 3371 se

2146 3392 2312 3449 Adam
2340 3404 2389 3450 et
2427 3397 2608 3451 mulier
2630 3399 2745 3471 ejus
2768 3399 2831 3453 ab
2867 3410 2986 3454 ante
3008 3402 3189 3472 faciem
3218 3402 3426 3457 Domini
3465 3405 3554 3459 Dei
3579 3405 3622 3472 ³,
3652 3406 3721 3460 ad

2146 3485 2288 3539 illam
2327 3487 2555 3542 arborem
2582 3505 2697 3558 quia
2721 3501 2827 3544 erat
2864 3492 2917 3545 in
2943 3493 3107 3547 medio
3135 3495 3393 3564 paradiso.
3424 3495 3491 3550 Et
3533 3499 3722 3552 vocavit

2147 3574 2393 3631 Dominus
2431 3577 2569 3633 Deus
2592 3579 2784 3647 Adam,
2817 3590 2863 3635 et
2887 3581 3014 3636 dixit
3035 3584 3113 3638 illi
3140 3599 3161 3638 :
3184 3583 3349 3638 Adam
3372 3627 3387 3651 ,
3421 3589 3504 3641 ubi
3527 3589 3622 3642 es?
3651 3588 3719 3642 Et

2147 3667 2275 3722 dixit
2302 3669 2389 3724 ille
2416 3686 2436 3724 :
2475 3670 2654 3726 Vocem
2679 3683 2817 3730 tuam
2841 3676 3010 3730 audivi
3032 3717 3048 3743 ,
3075 3675 3323 3745 Domine,
3354 3680 3406 3734 in
3448 3682 3683 3752 paradiso
3701 3725 3717 3751 ,

2146 3769 2192 3812 et
2218 3759 2360 3813 timui
2375 3801 2388 3824 ,
2412 3771 2458 3814 et
2483 3762 2723 3816 abscondi
2746 3780 2827 3819 me
2842 3803 2861 3832 ,
2881 3768 2999 3835 quia
3027 3768 3192 3823 nudas
3212 3786 3344 3825 sunt.
3377 3771 3442 3824 Et
3461 3772 3588 3826 dixit
3610 3773 3721 3827 Do-

2146 3853 2309 3907 minus
2336 3855 2471 3910 Deus
2497 3871 2518 3912 :
2546 3856 2674 3922 Quis
2709 3862 2958 3916 nuntiavit
2999 3865 3117 3931 tibi,
3161 3867 3280 3937 quia
3312 3867 3475 3923 nudus
3501 3885 3554 3924 es
3575 3910 3590 3935 ,
3618 3870 3719 3925 nisi

2145 3945 2263 4011 quia
2282 3947 2345 3999 ab
2373 3947 2466 4000 illa
2491 3949 2670 4005 arbore
2699 3951 2762 4005 de
2785 3959 2884 4024 qua
2907 3955 3134 4010 dixeram
3170 3959 3255 4012 tibi
3275 3975 3340 4013 ex
3363 3960 3454 4014 illa
3481 3962 3590 4016 sola
3617 3979 3719 4017 non

2145 4037 2450 4090 manducare
2469 4080 2484 4104 ,
2524 4055 2589 4094 ex
2615 4041 2706 4095 illa
2731 4045 3045 4099 manducasti
3064 4048 3090 4102 ?
3119 4047 3181 4101 Et
3201 4049 3327 4103 dixit
3349 4051 3512 4104 Adam
3547 4067 3566 4106 :
3594 4052 3720 4106 Mu-

2145 4126 2238 4181 lier
2273 4143 2422 4197 quam
2443 4128 2623 4185 dedisti
2643 4134 2766 4188 mihi
2785 4133 2826 4203 ⁸,
2850 4136 2986 4190 dedit
3010 4141 3304 4208 utederem,
3336 4152 3382 4196 et
3398 4144 3717 4200 manducavi.

2145 4212 2215 4268 Et
2237 4217 2364 4271 dixit
2395 4217 2530 4274 Deus
2569 4221 2768 4277 mulieri
2797 4241 2817 4279 :
2847 4225 2984 4291 Quid
3015 4229 3108 4282 hac
3137 4231 3337 4301 fecisti?
3361 4231 3426 4286 Et
3449 4234 3574 4288 dixit
3603 4252 3718 4288 mu-

2145 4305 2240 4358 lier
2271 4321 2291 4360 :
2317 4308 2538 4380 Serpens
2561 4312 2759 4368 seduxit
2791 4331 2900 4381 me,
2932 4325 2977 4370 et
3006 4321 3324 4375 manducavi.
3356 4322 3420 4376 Et
3449 4324 3576 4377 dixit
3602 4323 3718 4378 Do-

2143 4397 2310 4450 minus
2334 4397 2473 4456 Deus
2499 4403 2717 4471 serpenti
2743 4419 2762 4458 :
2789 4404 2920 4470 Quia
2953 4407 3048 4461 hoc
3089 4408 3252 4480 fecisti
3277 4454 3289 4476 ,
3316 4413 3610 4469 maledictas
3662 4425 3718 4468 tu

2142 4487 2204 4540 ab
2233 4491 2370 4544 omni
2407 4507 2585 4560 pecore
2601 4533 2616 4558 ,
2657 4503 2706 4548 et
2727 4499 2864 4550 omni
2885 4515 3064 4570 genere
3105 4501 3394 4560 bestiarum.
3427 4503 3637 4561 Pectore
3669 4523 3720 4560 cr

2143 4590 2310 4633 ventre
2333 4596 2474 4652 repes
2493 4623 2506 4647 ,
2534 4591 2582 4636 et
2606 4593 2790 4640 terram
2821 4589 3145 4646 manducabis
3171 4594 3399 4649 omnibus
3414 4595 3584 4650 diebus
3605 4597 3720 4651 vim

2110 4735 2117 4748 ι
2146 4677 2266 4725 taaz.
2300 4667 2364 4725 Et
2386 4673 2699 4728 inimicitiam
2725 4694 2909 4747 ponam
2936 4680 3187 4737 interteet
3208 4685 3485 4750 mulierem,
3517 4698 3563 4741 et
3585 4687 3719 4741 inter

2144 4778 2308 4817 semen
2336 4773 2506 4833 tuum,
2537 4777 2582 4821 et
2605 4768 2736 4822 inter
2757 4785 2922 4824 semen
2941 4773 3100 4828 illius.
3134 4773 3256 4845 Ipsa
3282 4784 3420 4829 tuam
3440 4775 3718 4833 observabit

2143 4865 2330 4925 caput,
2357 4867 2404 4911 et
2430 4867 2484 4913 tu
2502 4860 2610 4930 ejus
2635 4862 2942 4918 calcaneam.
2967 4865 3032 4918 Et
3057 4867 3253 4920 mulieri
3272 4867 3398 4922 dixit
3421 4883 3440 4923 :
3465 4867 3716 4940 Multipli-

2141 4961 2264 5000 cans
2289 4949 2631 5019 multiplicabo
2651 4951 2851 5008 dolores
2867 4964 3005 5021 tuos,
3031 4965 3078 5011 et
3099 4959 3318 5028 suspiria
3335 4968 3452 5026 tua,
3485 4970 3530 5014 et
3553 4961 3605 5013 in
3625 4960 3715 5015 do-

2143 5035 2332 5091 loribus
2377 5040 2539 5105 paries
2565 5041 2702 5110 ﬁlios
2736 5053 2883 5109 tuos;
2919 5055 2967 5098 et
2995 5047 3063 5099 ad
3087 5048 3246 5101 virum
3295 5059 3434 5103 tuum
3463 5051 3714 5105 conversis

2145 5139 2261 5196 tua,
2302 5139 2350 5184 et
2391 5130 2480 5185 ille
2525 5133 2599 5186 tui
2626 5135 2985 5190 dominabitur.
3015 5136 3083 5191 Et
3132 5148 3250 5193 tunc
3294 5141 3421 5196 dixit
3468 5140 3606 5196 Deus
3647 5142 3714 5196 ad

2204 5287 2222 5318 ί
2246 5287 2481 5338 omittitur
2500 5301 2604 5357 suo,
2635 5290 2684 5338 in
2701 5289 2914 5341 editione
2936 5299 3065 5354 t.ov.,
3088 5307 3198 5357 quas
3220 5309 3313 5347 vox
3334 5297 3386 5347 in
3416 5305 3520 5349 Mss.
3542 5306 3644 5350 Am.
3669 5307 3718 5352 et

2140 5354 2355 5420 tit-aueo
2384 5361 2480 5398 non
2500 5350 2551 5400 in
2583 5350 2744 5416 graeco
2767 5359 2905 5404 textu
2933 5350 3334 5410 Lxx'ooutiuetur
3356 5373 3410 5410 ec
3431 5360 3512 5412 tati
3545 5350 3718 5412 androt

2140 5417 2669 5549 augealitiuadluerebit
2686 5487 2705 5538 ;
2723 5489 2822 5549 pro
2840 5491 2944 5549 quo
2970 5485 3076 5549 Mss.
3101 5481 3301 5549 babent,
3334 5481 3644 5549 adiungetur.

2206 5534 2228 5604 ξ
2259 5541 2360 5583 Am.
2387 5541 2537 5604 Eruet
2557 5534 2900 5604 t.ov_..'_130mini
2939 5540 3022 5591 Dei
3054 5541 3144 5592 sui.
3170 5550 3227 5593 At
3249 5534 3354 5594 Mss.
3389 5534 3560 5596 canent
3583 5558 3719 5604 voce,

2142 5597 2420 5671 sui-fure,
2433 5597 2494 5647 ab
2509 5604 2618 5671 mite
2631 5601 2822 5664 facient,
2835 5609 2908 5653 Er.
2931 5614 2982 5655 et
3009 5613 3122 5654 ven.
3143 5607 3342 5666 habent,
3360 5621 3393 5657 a
3408 5607 3536 5671 facie
3551 5621 3569 5670 ;
3585 5597 3719 5671 Low,

2293 5673 2349 5708 rc
2449 5697 2461 5709 .
2571 5700 2582 5712 .

2133 5675 2158 5776 Δ(
2174 5660 2331 5772 "£8.53
2348 5669 2611 5776 binim-1:3
2641 5723 2828 5777 additur
2849 5731 2949 5779 soci
2965 5742 3045 5789 :m,
3069 5740 3178 5790 quae
3214 5742 3310 5785 vox.
3339 5731 3479 5784 abest
3500 5743 3530 5783 a
3552 5739 3658 5783 Mss.
