4056 6450
247 313 341 371 197

242 424 406 481 Adam
431 436 452 477 :
482 419 615 487 Quia
632 419 817 476 audisti
843 433 1010 475 vocem
1035 418 1261 474 mulieris
1291 426 1410 484 tute,
1437 424 1485 471 et
1509 416 1828 471 manducasti

242 515 305 567 de
331 515 473 583 ligno
492 513 557 566 de
577 529 677 584 quo
703 526 1041 584 praeceperant
1058 510 1166 577 tibi,
1190 525 1253 563 ea:
1278 508 1369 562 illo
1406 507 1515 563 solo
1540 524 1603 561 ne
1629 506 1825 570 ederes,

241 606 515 658 maledicta
539 614 672 659 terra
706 605 799 658 erit
826 602 914 656 tibi
950 602 1004 656 in
1041 602 1271 656 omnibus
1296 600 1528 673 operibus
1555 600 1674 666 tuis,
1704 609 1750 653 et
1778 600 1832 652 in

241 694 447 748 tristitia
476 704 525 749 et
549 695 736 767 gemitu
769 704 854 749 tuo
879 693 1205 747 manducabis
1234 708 1296 746 ea:
1323 709 1383 747 ea
1408 691 1636 747 omnibus
1661 690 1833 745 diebus

239 787 355 841 vita
379 794 501 838 tum.
533 784 723 854 Spinas
752 794 798 839 et
820 783 1030 838 tribulos
1061 784 1357 854 germinabit
1386 781 1493 846 tibi,
1525 792 1571 836 et
1593 783 1707 836 edes
1736 798 1833 851 pa-

243 879 416 932 bulum
458 879 571 948 agri
594 880 686 930 tui.
721 874 786 930 In
807 876 989 931 sudore
1024 877 1189 930 vultus
1216 875 1288 928 tui
1316 874 1433 929 edes
1461 890 1641 945 panem
1661 882 1831 937 tuum,

239 969 405 1023 donec
432 968 699 1022 revertaris
743 968 796 1020 in
858 977 1072 1030 terram,
1101 966 1163 1018 de
1190 982 1289 1035 qua
1316 974 1545 1033 sumptus
1592 980 1674 1029 es;
1716 963 1835 1034 quia

238 1068 377 1111 terra
407 1075 461 1113 es
480 1099 497 1123 ,
535 1068 581 1112 et
611 1060 664 1111 in
694 1068 875 1110 terram
918 1058 1030 1111 ibis.
1063 1057 1128 1110 Et
1157 1066 1277 1110 tunc
1302 1057 1467 1110 Adam
1490 1056 1724 1125 imposuit
1744 1072 1836 1108 no-

240 1164 357 1200 men
390 1148 540 1201 uxori
567 1163 705 1213 sum,
742 1146 893 1210 Vita;
916 1147 1035 1217 quia
1061 1156 1220 1199 mater
1240 1155 1309 1200 est
1336 1146 1559 1199 omnium
1588 1146 1833 1199 vivorum.

248 1235 307 1289 Et
330 1248 455 1290 tunc
477 1238 593 1309 fecit
620 1236 869 1290 Dominus
899 1236 1032 1290 Deus
1061 1236 1189 1289 Adae
1210 1244 1256 1289 et
1282 1235 1477 1288 mulieri
1506 1236 1615 1305 ejus
1643 1236 1836 1289 tunicas

242 1327 519 1397 pelliceas,
552 1337 598 1381 et
637 1328 801 1381 induit
849 1327 984 1381 illos.
1025 1326 1090 1380 Et
1131 1326 1297 1380 dixit:
1326 1326 1456 1380 Ecce
1482 1327 1644 1379 Adam
1674 1329 1836 1399 factus

243 1426 319 1468 est
371 1428 621 1487 tanquam
658 1434 791 1470 unus
822 1432 885 1470 ea:
923 1416 1094 1483 nobis,
1130 1415 1196 1469 ad
1222 1415 1480 1469 scientiam
1508 1416 1837 1487 cognoscendi

240 1503 433 1558 bonum
455 1497 527 1559 ἐι
558 1504 769 1559 malum.
809 1505 875 1558 Et
905 1516 1024 1559 tunc
1052 1522 1115 1558 ne
1142 1506 1416 1576 porrigeret
1459 1522 1665 1557 manum
1694 1522 1837 1559 suam

243 1595 410 1648 Adam
440 1597 511 1648 ad
533 1597 762 1649 arborem
786 1597 898 1651 vita:
914 1606 957 1651 et
982 1606 1197 1650 sumeret
1216 1595 1310 1650 sibi
1338 1595 1458 1649 inde
1478 1638 1493 1661 ,
1523 1606 1569 1650 ct
1594 1596 1758 1650 ederet
1788 1605 1835 1650 et

243 1688 430 1741 viveret
466 1688 521 1739 in
565 1697 840 1754 (uernum,
872 1688 1059 1741 dimisit
1085 1705 1196 1741 eum
1224 1688 1472 1742 Dominus
1502 1688 1635 1743 Deus
1656 1691 1717 1742 de
1739 1706 1835 1759 pa-

245 1777 413 1830 radiso
430 1779 716 1844 suavitatis,
746 1788 799 1832 ut
816 1789 1110 1847 operaretur
1130 1790 1314 1833 terram
1334 1778 1398 1833 de
1422 1796 1521 1848 qua
1540 1788 1585 1833 et
1609 1791 1838 1851 sumplus

246 1871 431 1936 fuerat.
470 1865 539 1920 Et
568 1870 755 1938 ejectus
781 1872 920 1940 foras
949 1870 1011 1923 de
1031 1870 1290 1939 paradiso,
1323 1880 1544 1925 moratus
1563 1881 1632 1925 est
1661 1882 1838 1926 contra

256 1959 551 2024 paradisum
578 1960 870 2028 voluptatis.
900 1960 969 2013 Et
996 1960 1262 2015 Cherubim
1300 1972 1346 2015 et
1367 1962 1508 2016 illaut
1548 1965 1837 2033 ﬂammeam

251 2051 498 2117 frameam
544 2067 657 2119 qua:
685 2062 941 2120 versatur,
999 2054 1163 2123 posuit
1206 2052 1345 2107 Deus
1367 2055 1437 2108 ad
1462 2057 1837 2111 custodiendam

244 2139 377 2190 viam
405 2141 603 2194 arboris
623 2142 756 2195 vitm.

313 2229 543 2286 CAPUT
572 2232 637 2286 ll.
666 2263 735 2275 -ν-
762 2232 968 2288 Genesis
989 2234 1055 2287 ad
1071 2235 1287 2289 litteram
1308 2235 1485 2309 ubique
1501 2253 1599 2291 non
1619 2246 1777 2308 potest

943 2328 1145 2399 exponi.
1336 2385 1339 2389 _

317 2415 371 2470 5.
413 2414 546 2469 Haec
582 2425 787 2471 secreta
837 2418 1120 2471 verborum
1168 2417 1215 2473 si
1254 2433 1360 2474 non
1387 2418 1837 2488 reprehendentes

250 2515 304 2559 et
331 2519 670 2574 accusantes,
702 2507 793 2562 sed
816 2517 1119 2577 qumrentes
1161 2518 1217 2563 et
1247 2521 1550 2565 rcverentes
1566 2511 1837 2567 Μειηίριιωί

252 2597 469 2650 mallent
514 2598 804 2666 discutere,
837 2615 943 2653 non
969 2608 1151 2655 essent
1184 2602 1359 2672 utique
1387 2601 1689 2668 Manichaei;
1742 2605 1837 2658 sed

251 2687 468 2742 daretur
496 2692 827 2759 petentibus,
857 2700 911 2746 et
952 2702 1251 2761 quaerentes
1298 2693 1615 2759 invenirent,
1645 2703 1695 2749 et
1725 2696 1840 2764 pul-

250 2782 491 2837 santibus
539 2784 857 2853 aperiretur.
899 2784 1085 2839 Plures
1115 2785 1256 2838 enim
1305 2785 1625 2854 quastiones
1650 2786 1699 2838 in
1739 2785 1837 2840 hoc

251 2884 496 2924 sermone
526 2882 846 2941 preponunt,
874 2874 960 2943 qui
987 2873 1253 2943 diligentia
1277 2873 1359 2942 pia
1391 2882 1652 2943 quaerunt,
1680 2891 1835 2944 quam

250 2961 335 3017 isti
373 2965 561 3018 miseri
607 2972 766 3034 atque
811 2965 954 3034 impii
987 2983 1000 3018 :
1030 2965 1124 3020 sed
1168 2964 1271 3019 hoc
1312 2965 1551 3031 interest,
1583 2966 1722 3035 quod
1765 2967 1839 3020 illi

248 3065 493 3122 quacrunt
520 3063 580 3108 ut
608 3054 912 3117 inveniant,
962 3054 1049 3109 isti
1095 3054 1224 3109 nihil
1256 3055 1530 3122 laborant,
1577 3055 1678 3110 nisi
1734 3071 1837 3111 non

250 3144 493 3201 invenire
536 3146 678 3217 quod
723 3156 986 3216 quaerunt.
1019 3146 1116 3201 llic
1135 3162 1264 3217 ergo
1290 3156 1429 3201 totus
1453 3156 1628 3200 sermo
1656 3148 1831 3217 primo

249 3238 549 3292 secundum
580 3237 854 3292 historiam
880 3238 1244 3293 discutiendus
1286 3245 1391 3304 est,
1419 3235 1610 3294 deinde
1640 3253 1835 3292 secun-

246 3326 371 3383 dum
396 3328 756 3399 prophetiam.
773 3327 1071 3383 Secundum
1090 3329 1366 3383 historiam
1384 3328 1517 3383 facta
1540 3339 1834 3396 narrantur,

247 3421 547 3475 secundum
603 3421 933 3493 prophetiam
978 3420 1154 3475 futura
1215 3422 1651 3491 prmnuntiantur.
1700 3421 1840 3477 Sane

249 3512 491 3583 quisquis
516 3512 741 3567 voluerit
769 3514 946 3581 omnia
972 3528 1088 3583 qua:
1113 3512 1249 3566 dicta
1277 3520 1415 3578 sunt,
1437 3513 1725 3566 secundum
1757 3513 1843 3567 lit-

250 3608 423 3655 teram
470 3602 748 3672 accipere,
799 3603 849 3656 id
895 3612 977 3657 est
1013 3619 1118 3656 non
1166 3602 1321 3657 aliter
1363 3603 1653 3674 intelligere
1683 3619 1839 3673 quant

253 3693 427 3748 littera
443 3704 686 3761 sonat,et
705 3696 932 3763 potuerit
957 3694 1154 3749 evitare
1183 3694 1557 3763 blaspltemias,
1585 3705 1637 3748 ct
1664 3696 1840 3749 omnia

244 3785 601 3855 congruentia
638 3782 759 3839 ﬁdei
799 3785 1072 3839 catholicae
1100 3784 1410 3854 praedicare,
1456 3799 1560 3837 non
1591 3785 1760 3838 solum
1791 3786 1842 3840 ei

248 3889 360 3928 non
389 3882 476 3928 est
506 3872 871 3938 invidendum,
906 3874 1001 3928 sed
1039 3873 1337 3944 prmcipuus
1369 3875 1692 3944 multumque
1730 3876 1844 3930 lau-

252 3963 450 4018 dabilis
472 3965 767 4019 intellector
790 3965 1063 4019 habendus
1082 3972 1183 4020 cst.
1211 3964 1266 4019 Si
1292 3973 1466 4018 autem
1485 3964 1657 4019 nullus
1674 3967 1843 4022 exitus

252 4054 434 4121 datur,
468 4066 521 4108 ut
549 4056 633 4126 pie
651 4066 702 4109 et
729 4056 884 4125 digne
912 4055 1019 4109 Deo
1041 4070 1158 4125 qua:
1180 4054 1378 4124 scripta
1406 4064 1528 4108 sunt
1546 4056 1842 4126 intelligan-

256 4146 503 4209 tur,onisi
535 4147 754 4216 ﬁgurate
784 4156 942 4217 atque
974 4146 1026 4200 in
1054 4146 1421 4216 arnigmatibus
1451 4146 1715 4215 proposita
1744 4147 1843 4201 ista

249 4239 573 4305 credamus;
606 4239 858 4294 habentes
887 4238 1255 4293 auctoritatem
1284 4237 1652 4307 apostolicam,
1682 4253 1711 4291 a
1733 4238 1843 4307 qui-

256 4331 355 4384 bus
378 4340 489 4384 tam
521 4331 684 4384 multa
713 4329 779 4385 de
807 4330 955 4384 libris
985 4328 1188 4384 Veteris
1216 4328 1540 4384 Testamenti
1569 4330 1843 4384 solvuntur

257 4423 564 4493 aenigmata,
598 4421 812 4476 modum
830 4436 985 4491 quem
1004 4420 1323 4476 intendimus
1362 4430 1658 4486 teneamus,
1685 4424 1840 4493 adju-

256 4521 418 4566 vantc
448 4512 540 4565 illo
569 4511 658 4581 qui
702 4526 800 4566 nos
830 4520 1034 4581 petere,
1059 4526 1298 4581 quaerere
1323 4519 1375 4566 et
1396 4511 1606 4581 pulsare
1649 4513 1846 4567 adhor-

259 4599 733 4674 tatur(Mattlt.vn,
766 4599 855 4673 7);
886 4607 944 4655 ut
970 4616 1156 4656 omnes
1183 4601 1309 4655 istas
1329 4601 1523 4672 ﬁguras
1547 4618 1725 4657 rerum
1754 4618 1845 4659 se-

252 4693 493 4748 cundum
541 4693 853 4749 catholicam
905 4692 1095 4757 ﬁdem,
1140 4692 1251 4748 sive
1287 4708 1406 4763 qua:
1444 4692 1508 4748 ad
1549 4693 1846 4761 historiam,

260 4786 375 4840 sive
414 4800 537 4855 qum
574 4783 640 4839 ad
669 4785 999 4855 prophetiam
1029 4784 1320 4852 pertinent,
1348 4784 1705 4854 explicemus,
1742 4803 1847 4841 non

264 4879 673 4948 prmjudicantes
713 4878 919 4933 meliori
964 4876 1392 4947 diligentiorique
1438 4878 1700 4943 tractatui,
1736 4880 1847 4934 sive

264 4987 360 5042 per
412 4985 511 5025 nos
538 5010 556 5039 ,
592 4971 703 5026 sive
746 4985 843 5041 per
888 4970 1020 5024 alios
1068 4969 1260 5040 quibus
1304 4968 1557 5024 Dominus
1607 4970 1847 5027 revelare

264 5063 537 5130 dignatur.

266 5151 493 5208 CAPUT
515 5150 602 5206 Ill.
624 5183 696 5193 —
721 5150 895 5207 Viride
917 5151 1030 5224 agri
1054 5149 1175 5220 quid
1193 5149 1439 5222 designat,
1464 5166 1590 5206 vers.
1611 5152 1664 5219 5,
1689 5168 1781 5223 cap
1792 5153 1846 5208 ἓ.

336 5245 391 5298 4.
427 5241 623 5298 Factus
648 5252 721 5298 est
745 5260 863 5315 ergo
885 5243 1012 5309 dies,
1044 5259 1143 5315 quo
1169 5243 1251 5296 die
1286 5243 1404 5313 fecit
1424 5242 1562 5298 Deus
1587 5245 1764 5299 cazlum
1805 5256 1851 5300 et

271 5344 480 5400 terram,
512 5344 559 5389 et
582 5351 728 5389 omne
752 5334 910 5389 viride
935 5334 1065 5406 agri,
1093 5344 1362 5404 antequam
1404 5343 1566 5388 essent
1586 5353 1734 5407 super
1757 5347 1855 5391 ter-

269 5445 377 5481 ram
407 5428 448 5494 ¹,
476 5438 524 5482 et
553 5445 700 5481 omne
726 5428 969 5499 pabulum
1016 5430 1147 5500 agri.
1194 5426 1449 5498 Superius
1487 5438 1690 5499 septem
1740 5430 1854 5487 dies

272 5530 643 5585 numerantur,
673 5537 810 5575 nunc
830 5537 968 5575 unus
987 5521 1175 5575 dicitur
1195 5520 1328 5586 dies,
1343 5537 1447 5589 quo
1473 5523 1557 5577 die
1574 5522 1696 5578 fecit
1718 5525 1857 5582 Deus

272 5611 467 5667 omium
509 5621 563 5668 et
590 5621 872 5679 terram,ct
895 5628 1052 5666 omne
1080 5612 1248 5667 viride
1278 5612 1409 5681 agri,
1430 5622 1483 5667 et
1511 5629 1667 5670 omne
1687 5617 1843 5687 pabu-

338 5726 356 5757 ³
378 5733 498 5775 ven.
528 5738 541 5774 :
568 5730 829 5789 antequam
850 5731 969 5777 esset
990 5738 1133 5791 super
1155 5731 1353 5777 terram.
1418 5731 1477 5776 tt.

1572 299 1773 357 LIBER
1815 298 2189 360 SECUNDUS.

3402 319 3503 377 198

1937 414 2065 482 lum,
2095 418 2245 487 cujus
2266 416 2609 478 dicrnomine
2639 436 2797 480 omne
2824 431 3033 497 tempus
3059 427 3342 500 signiﬁcari
3368 432 3503 492 bene

1936 506 2265 579 intelligitur.
2290 508 2440 566 Fecit
2457 512 2597 568 enim
2628 514 2764 569 Deus
2791 531 2949 574 omne
2972 528 3175 590 tempus
3195 522 3352 579 simul
3379 540 3503 583 eum

1935 600 2180 656 omnibus
2208 604 2465 659 creaturis
2485 608 2881 677 temporalibus,
2899 627 3018 681 quac
3042 624 3297 672 creatum
3327 619 3509 677 visibi-

1940 688 2018 744 les
2045 691 2167 744 οωιί
2197 702 2250 746 et
2277 702 2431 747 terrae
2458 698 2671 752 nomine
2697 698 3074 769 signiﬁcantur.
3106 704 3316 763 Movere
3329 719 3508 765 autem

1938 794 2036 835 nos
2064 780 2220 836 debet
2246 784 2311 838 ad
2340 788 2703 855 qumrendum,
2736 792 2875 861 quod
2901 808 3021 848 cum
3048 796 3206 860 diem,
3226 801 3314 870 qui
3340 800 3509 859 lactus

1938 880 2039 936 est,
2064 880 2116 925 et
2132 872 2342 938 caelum,
2376 884 2427 929 ct
2446 884 2637 930 terram
2683 880 3052 939 nominasset‘
3088 886 3283 958 adjecit
3324 892 3507 957 client,

1938 960 2093 1014 viride
2110 964 2241 1033 agri,
2265 973 2310 1016 et
2331 980 2477 1021 omne
2506 968 2767 1036 pabulum.
2790 971 2905 1026 Non
2922 976 3061 1030 enim
3075 979 3283 1047 quando
3306 982 3505 1038 dictum

1938 1060 2039 1116 est,
2070 1050 2139 1105 lu
2164 1055 2411 1126 principio
2448 1058 2567 1127 fecit
2592 1058 2727 1114 Deus
2751 1061 2927 1117 cmlum
2953 1076 2997 1119 et
3042 1077 3244 1133 terram,
3277 1080 3399 1127 tunc
3435 1075 3512 1130 di-

1938 1150 2079 1194 ctum
2108 1152 2208 1211 est,
2240 1143 2433 1199 factum
2478 1162 2596 1203 esse
2624 1164 2781 1205 omne
2806 1154 2972 1209 viride
3003 1158 3113 1227 agri
3144 1169 3195 1213 et
3218 1164 3461 1230 pabulum
3492 1181 3509 1222 :

1938 1232 2214 1287 manifeste
2262 1236 2401 1289 enim
2433 1236 2642 1307 legitur,
2671 1242 2811 1310 quod
2864 1246 3019 1299 tertio
3060 1248 3147 1304 die
3200 1249 3392 1307 factum
3433 1265 3514 1311 cst

1938 1336 2096 1377 omne
2115 1325 2280 1381 viride
2300 1335 2355 1381 ct
2381 1328 2627 1398 pabulum
2648 1334 2777 1402 agri.
2799 1333 2948 1401 Quod
2978 1348 3153 1395 autem
3184 1341 3379 1397 dictum
3410 1356 3512 1410 est,

1938 1413 2003 1468 In
2026 1417 2272 1487 principio
2288 1419 2406 1488 fecit
2432 1420 2567 1476 Deus
2591 1424 2770 1478 caelum
2790 1438 2838 1480 et
2859 1438 3061 1496 terram,
3082 1448 3184 1487 non
3210 1438 3514 1503 pertinetad

1942 1506 2171 1577 aliquem
2195 1509 2401 1566 dierum
2447 1529 2514 1568 ex
2560 1516 2660 1571 illis
2685 1528 2885 1587 septem
2919 1522 3127 1579 diebus.
3163 1526 3345 1583 Adhuc
3371 1530 3512 1585 enim

1940 1597 2022 1651 vel
2048 1601 2319 1655 materiam
2348 1603 2514 1672 ipsam
2546 1608 2685 1662 unde
2714 1608 2849 1665 facta
2888 1624 3009 1667 sunt
3046 1618 3256 1686 omnia,
3300 1622 3421 1676 caeli
3460 1633 3515 1679 et

1938 1697 2095 1746 terra:
2122 1694 2333 1749 nomine
2361 1700 2695 1769 nuncupabat
2721 1719 2735 1755 :
2762 1704 2844 1758 vel
2864 1714 3007 1760 certe
3026 1709 3167 1776 prius
3185 1719 3343 1766 lotam
3364 1728 3515 1769 crea-

1941 1790 2131 1849 turam,
2164 1787 2283 1841 cmli
2309 1796 2363 1842 et
2388 1797 2540 1845 terrae
2558 1794 2771 1849 nomine
2799 1811 3143 1866 proposuerat
3169 1803 3411 1871 dicendo,
3446 1804 3512 1862 In

1940 1876 2187 1966 principio
2210 1880 2328 1949 fecit
2350 1880 2491 1935 Deus
2514 1884 2691 1937 cretum
2716 1895 2765 1940 et
2786 1897 3001 1955 terram;
3022 1900 3074 1945 et
3091 1903 3270 1961 postea
3290 1897 3517 1966 particu-

1940 1965 2090 2059 latim
2117 1985 2210 2038 per
2233 1971 2473 2027 ordinem
2522 1973 2725 2029 dierum
2772 1980 2908 2034 sicut
2953 1984 3253 2054 oportebat,
3293 1965 3519 2059 propter

1944 2058 2298 2127 prephetiam,
2331 2078 2486 2132 quam
2522 2065 2575 2119 in
2606 2067 2776 2135 primo
2802 2069 2939 2124 libro
2962 2079 3518 2147 commemoravimus,

1946 2151 2037 2205 Dei
2059 2167 2215 2221 opera
2242 2166 2521 2211 exsecutus
2546 2161 2807 2228 exposuit.
2827 2162 2961 2229 Quid
2985 2164 3083 2219 sibi
3106 2182 3231 2236 ergo
3259 2170 3520 2241 vultquod

1946 2256 2087 2298 nunc
2129 2245 2401 2300 nominato
2444 2248 2583 2304 cmlo
2621 2259 2674 2304 ct
2718 2260 2876 2318 terra,
2900 2254 3121 2323 addidit,
3162 2259 3319 2314 viride
3337 2262 3447 2333 agri
3474 2271 3540 2334 et.

1952 2334 2208 2401 pabulum,
2239 2345 2294 2390 et
2345 2340 2506 2393 tacuit
2533 2351 2722 2395 caetera
2751 2353 2853 2397 tam
2884 2347 3047 2402 multa
3070 2390 3084 2413 ,
3127 2367 3243 2418 qua:
3283 2362 3406 2407 sunt
3457 2354 3512 2409 itt

1950 2425 2088 2480 coelo
2139 2437 2193 2481 et
2221 2428 2273 2482 in
2302 2437 2463 2498 terra,
2493 2432 2573 2487 vel
2602 2432 2761 2488 etiam
2807 2436 2859 2490 in
2884 2439 3047 2504 mari;
3076 2440 3175 2494 nisi
3206 2444 3325 2511 quia
3352 2444 3522 2502 viride

1949 2518 2058 2586 agri
2108 2519 2422 2579 invisibilem
2476 2536 2772 2581 creaturam
2812 2530 2923 2583 vult
2969 2532 3218 2603 intelligi,
3266 2536 3402 2591 sicut
3437 2547 3523 2595 est

1945 2611 2157 2664 anima?
2190 2614 2330 2683 Ager
2354 2616 2494 2670 enim
2518 2618 2656 2673 Solet
2678 2620 2728 2673 in
2752 2620 3036 2692 Scripturis
3054 2627 3272 2695 ﬁgurate
3296 2630 3523 2687 mundus

1944 2702 2218 2769 appellari.
2259 2703 2388 2757 Nam
2416 2717 2467 2759 et
2489 2708 2600 2776 ipse
2624 2708 2895 2777 Dominus,
2920 2712 3054 2784 Ager
3079 2727 3150 2770 est
3180 2718 3281 2786 hic,
3328 2720 3518 2791 inquit,

1948 2795 2163 2847 mundus
2190 2796 2401 2865 (Matt/1.
2428 2815 2539 2866 xm,
2570 2801 2680 2869 38),
2708 2818 2825 2856 cum
2853 2805 2995 2863 illam
3018 2810 3317 2876 parabolam
3351 2828 3520 2883 expo-

1945 2895 2117 2950 neret,
2148 2886 2235 2939 ubi
2264 2887 2403 2942 bono
2430 2892 2620 2944 semini
2646 2901 2771 2946 sunt
2786 2897 3066 2951 commixta
3090 2885 3307 2954 zizania.
3344 2902 3525 2959 Viride

1944 2994 2072 3049 ergo
2087 2982 2195 3050 agri
2220 2983 2542 3050 spiritualem
2558 2996 2714 3056 atque
2736 2988 3049 3045 invisibilem
3066 3002 3360 3049 creaturam
3374 2995 3522 3064 dicit,

1946 3081 2161 3139 propter
2182 3074 2415 3143 vigorem
2435 3077 2576 3144 vitm,
2592 3087 2645 3133 et
2671 3081 2884 3135 nomine
2912 3084 3087 3153 pabuli
3113 3087 3291 3157 utique
3308 3098 3526 3160 prepter

1947 3162 2104 3214 vitam
2135 3163 2270 3218 bene
2299 3164 2401 3219 hoc
2416 3168 2591 3247 ipsum
2615 3169 3027 3241 interpretamur
3059 3174 3154 3247 (a).

2018 3252 2070 3305 5.
2115 3252 2314 3309 Deinde
2338 3256 2477 3325 quod
2498 3258 2716 3325 addidit,
2747 3272 3015 3332 antequam
3048 3277 3207 3321 essent
3235 3285 3386 3339 super
3414 3281 3514 3326 ter-

1946 3355 2076 3407 ram,
2109 3342 2416 3413 intelligitur
2447 3356 2729 3419 antequam
2772 3353 2945 3408 anima
2977 3370 3239 3425 peccaret.
3271 3360 3521 3420 Terrenis

1946 3434 2089 3487 enim
2117 3436 2491 3504 cupiditatibus
2523 3442 2807 3509 sordidata,
2854 3455 3101 3516 tanquam
3141 3464 3301 3520 super
3327 3463 3521 3511 terram

1945 3533 2085 3587 nata,
2105 3525 2185 3578 vel
2209 3540 2370 3595 super
2397 3537 2587 3583 terram
2610 3547 2747 3596 esse,
2772 3544 2914 3590 recte
2931 3538 3122 3593 dicitur
3144 3558 3157 3593 :
3184 3541 3409 3613 ideoque
3424 3545 3518 3601 ad-

1945 3613 2096 3679 didit,
2124 3614 2367 3671 Nondum
2395 3621 2527 3699 enim
2553 3624 2751 3691 pluerat
2781 3624 2918 3685 Deus
2937 3644 3091 3699 supra
3116 3639 3319 3686 terram.

1947 3705 2173 3761 CAPUT
2212 3708 2299 3763 1V.
2328 3739 2401 3749 —
2428 3711 2562 3777 Quid
2602 3714 2697 3778 sit,
2726 3714 2971 3771 Nondum
2994 3721 3202 3789 pluerat
3224 3737 3386 3793 super
3415 3734 3524 3782 ter-

2547 3818 2658 3856 ram
2675 3846 2690 3871 ,
2715 3820 2842 3859 vers.
2871 3808 2925 3863 5.

2018 3887 2153 3957 Quia
2197 3898 2251 3945 et
2289 3907 2429 3946 nunc
2455 3893 2620 3949 viride
2646 3897 2755 3964 agri
2783 3898 2919 3953 Deus
2971 3899 3127 3969 facit,
3173 3903 3267 3958 sed
3298 3906 3526 3974 pluendo

1952 3996 2113 4052 super
2166 3994 2389 4049 terram,
2433 3986 2483 4040 id
2533 4000 2642 4054 est,
2681 3988 2805 4044 facit
2851 3993 3055 4047 animus
3084 3997 3407 4055 revirescere
3433 4015 3527 4071 per

1950 4075 2170 4130 verbum
2215 4092 2400 4143 suum;
2446 4080 2537 4133 sed
2566 4080 2632 4135 de
2662 4082 2888 4138 nubibus
2914 4100 3004 4139 eas
3030 4086 3232 4157 irrigat,
3269 4090 3318 4144 id
3345 4101 3429 4146 est
3459 4093 3526 4148 de

1947 4166 2234 4237 Scripturis
2263 4170 2643 4239 Prophetarum
2667 4185 2719 4228 et
2748 4176 3141 4244 Apostolorum.
3164 4181 3326 4237 Recte
3350 4192 3524 4239 autem

1951 4260 2282 4328 appellantur
2308 4262 2494 4328 nubes,
2525 4265 2645 4333 quia
2674 4266 2831 4319 verba
2856 4268 2950 4321 ista
2972 4285 3092 4337 qum
3108 4281 3299 4325 sonant
3323 4282 3375 4327 et
3404 4290 3525 4342 pcr-

1953 4365 2110 4407 cusso
2138 4368 2264 4407 aere
2293 4362 2583 4419 transeunt,
2607 4356 2783 4409 addita
2800 4359 2955 4411 etiam
2983 4359 3303 4417 obscuritate
3328 4364 3529 4433 allego-

1952 4443 2150 4496 riarum
2190 4444 2340 4512 quasi
2382 4444 2555 4514 aliqua
2602 4447 2824 4516 caligine
2872 4448 3131 4517 obducta,
3174 4453 3317 4507 velut
3359 4455 3525 4512 nubes

1955 4532 2090 4587 ﬁunt
2118 4552 2130 4587 :
2159 4549 2279 4603 quae
2302 4534 2425 4588 dum
2459 4537 2731 4589 tractando
2778 4539 3165 4607 exprimuntur,
3197 4540 3335 4597 bene
3371 4545 3525 4600 intel-

1951 4624 2232 4696 ligentihus
2258 4637 2501 4696 tanquam
2529 4627 2698 4681 imber
2715 4629 2947 4683 veritatis
2972 4630 3282 4688 infunditur.
3301 4635 3404 4690 Sed
3427 4637 3529 4693 hoc

1955 4716 2190 4771 nondum
2228 4726 2345 4771 erat
2367 4724 2649 4787 antequam
2671 4720 2845 4773 anima
2876 4732 3145 4791 peccaret;
3174 4723 3226 4780 id
3251 4736 3352 4794 est,
3376 4739 3528 4786 antc-

1954 4824 2110 4879 quam
2141 4808 2308 4864 viride
2353 4810 2463 4880 agri
2510 4820 2652 4865 esset
2692 4826 2852 4882 super
2876 4823 3093 4870 terram.
3126 4816 3369 4874 Nondum
3396 4824 3528 4878 enim

1955 4899 2151 4971 pluerat
2165 4899 2303 4955 Deus
2327 4917 2479 4970 super
2504 4911 2706 4969 terram,
2726 4920 2815 4957 nec
2842 4914 2947 4958 erat
2968 4905 3117 4960 homo
3133 4908 3217 4977 qui
3239 4922 3531 4980 operaretur

1953 4992 2007 5045 in
2028 5008 2105 5046 ea.
2128 4992 2410 5047 Laborauti
2424 4994 2563 5048 enim
2580 4993 2781 5050 homini
2803 4996 2857 5051 in
2875 5006 3013 5052 terra
3036 5000 3205 5056 imber
3218 5002 3284 5058 de
3303 5003 3528 5060 nubibus

1961 5094 2043 5139 est
2089 5086 2420 5140 necessarius
2440 5126 2455 5151 ,
2485 5100 2553 5142 ac
2576 5087 2769 5158 quibus
2794 5089 3024 5148 nubibus
3059 5093 3167 5161 jam
3197 5094 3394 5150 dictum
3424 5104 3528 5151 est.

1962 5175 2088 5230 Post
2114 5184 2393 5247 peccatum
2418 5186 2594 5233 autem
2622 5177 2783 5234 homo
2822 5180 3066 5238 laborare
3093 5185 3255 5253 etrapit
3281 5185 3332 5239 in
3365 5193 3527 5253 terra,

1958 5276 2013 5325 et
2034 5271 2360 5325 necessarias
2381 5270 2576 5327 habere
2603 5271 2719 5326 illas
2735 5272 2923 5328 nubes.
2943 5274 3079 5330 Ante
3096 5283 3363 5344 peccatum
3380 5293 3529 5349 vero,

1959 5376 2079 5416 eum
2100 5361 2267 5415 viride
2293 5362 2401 5431 agri
2428 5369 2483 5415 et
2509 5362 2757 5432 pabulum
2782 5363 2995 5422 fecisset
3010 5366 3167 5433 Deus,
3189 5381 3295 5436 quo
3317 5368 3534 5426 nomine

1962 5449 2283 5505 invisibilem
2312 5460 2607 5506 creaturam
2655 5453 2939 5523 signiﬁcari
2985 5453 3245 5523 diximus,
3281 5456 3532 5528 irrigabat

2025 5548 2039 5577 ί
2076 5544 2191 5594 mliti
2216 5556 2227 5591 :
2255 5552 2373 5592 (‘um
2404 5543 2532 5594 diem
2561 5558 2653 5608 quo
2673 5547 2849 5609 factum
2879 5550 2946 5595 est
2968 5544 3140 5596 cazlum
3158 5551 3205 5598 et
3226 5552 3357 5600 terra
3388 5549 3537 5602 nanti-

1958 5613 2346 5679 ngssetaat
2366 5620 2538 5679 magno
2560 5621 2798 5656 consensu
2821 5608 3022 5679 ferunt:
3048 5618 3168 5660 cum
3188 5608 3317 5663 diem
3348 5611 3431 5678 qui
3459 5613 3538 5677 fa-

1960 5677 2064 5720 ctus
2084 5673 2171 5729 est,
2195 5676 2239 5717 et
2256 5668 2428 5718 ccelum
2446 5668 2490 5718 et
2509 5676 2687 5718 terram
2703 5668 3003 5721 nominasset.

2027 5732 2100 5794 (α)
2127 5738 2141 5779 ι
2167 5737 2369 5779 Itetract.
2397 5743 2501 5791 cap.
2526 5730 2602 5789 10,
2626 5743 2674 5777 n.
2709 5731 2758 5778 5.
