4074 6356
522 297 628 358 I99

521 429 642 470 eam
664 411 808 468 fonte
820 409 1094 477 interiore,
1106 407 1732 480 loquensiniutellectum
1747 405 1860 475 ejus
1885 423 1897 458 :
1914 414 1971 460 ut
1995 418 2100 458 non

521 504 850 559 extrinsecus
875 501 1033 556 verba
1079 500 1366 569 exciperet,
1399 507 1648 564 tanquam
1678 512 1741 549 ex
1781 493 2099 562 supradictis

523 593 750 648 nubibus
776 591 1041 661 pluviam;
1093 589 1188 644 sed
1217 588 1360 642 fonte
1381 591 1517 652 suo,
1557 585 1658 640 hoc
1687 595 1770 640 est
1806 583 1872 639 de
1897 583 2122 638 intimis-

522 685 634 740 suis
660 690 905 738 manante
933 681 1174 746 veritate,
1205 679 1505 733 satiaretur.

524 775 750 833 CAPUT
781 775 919 831 V.—
948 772 1088 828 Fons
1111 773 1326 842 irrigans
1347 779 1530 823 terram
1551 766 1834 838 allegorice.
1855 764 2104 838 Superbia

1197 861 1318 931 quid
1345 860 1429 915 sit.

592 959 648 1014 6.
694 956 830 1010 Fons
849 956 979 1010 enini
1004 952 1316 1016 ascendebat,
1350 949 1550 1019 inquit,
1574 949 1636 1002 de
1669 959 1822 1013 terra,
1850 957 1896 1000 et
1916 947 2100 1018 irriga-

525 1053 606 1105 bat
640 1065 836 1112 omnem
863 1047 1042 1120 faciem
1077 1053 1237 1098 (errat.
1275 1043 1349 1097 De
1385 1052 1526 1096 terra
1551 1041 1755 1094 scilicet
1794 1039 1863 1094 de
1891 1053 1991 1108 qua
2017 1038 2099 1092 di-

522 1143 659 1196 citur
688 1157 701 1193 :
735 1137 866 1208 Spes
912 1151 1021 1190 mea
1049 1151 1100 1188 es
1125 1143 1211 1199 tu,
1245 1133 1406 1202 portio
1435 1147 1543 1184 mea
1568 1131 1620 1183 in
1666 1139 1796 1182 terra
1837 1127 2102 1182 viventium

528 1231 696 1302 (Psal.
726 1245 870 1292 cxu,
899 1227 976 1295 6).
1009 1223 1230 1292 Quando
1256 1234 1435 1276 autem
1465 1221 1641 1274 anima
1683 1220 1772 1273 tali
1804 1217 1950 1272 fonte
1978 1216 2101 1270 irri-

523 1324 765 1394 gabatur,
799 1317 1028 1372 nondum
1076 1330 1171 1385 per
1216 1313 1514 1382 superbiam
1569 1313 1866 1379 projccerat
1918 1308 2100 1362 intima

525 1431 638 1468 sua.
669 1411 878 1465 Initium
901 1407 1045 1464 enim
1088 1405 1333 1474 superbiae
1361 1403 1577 1456 hominis
1602 1410 1886 1472 apostatare
1913 1415 1946 1452 a
1969 1398 2098 1452 Deo.

523 1504 588 1558 Et
633 1501 880 1572 quoniam
929 1499 980 1552 in
1025 1501 1284 1552 exteriora
1330 1509 1423 1563 per
1461 1493 1758 1561 superbiam
1801 1501 2103 1544 tumescens

523 1595 686 1664 ccepit
713 1608 816 1646 non
858 1589 1073 1659 irrigari
1107 1588 1248 1641 fonte
1299 1585 1520 1649 intimo,
1550 1584 1686 1639 bene
1713 1582 1993 1636 insultatur
2026 1578 2103 1634 illi

522 1685 700 1741 verbis
732 1681 1054 1752 propheticis
1083 1676 1182 1751 (a),
1209 1685 1263 1732 ct
1291 1676 1483 1730 dicitur
1509 1691 1522 1727 :
1561 1673 1697 1739 Quid
1725 1672 1942 1744 superbit
1971 1679 2104 1724 terra

522 1787 569 1830 et
589 1775 715 1829 cinis
731 1775 756 1826 Ρ
787 1771 1036 1838 Quoniam
1061 1769 1234 1822 invita
1263 1783 1356 1821 sua
1386 1765 1592 1836 projecit
1607 1765 1783 1818 intima
1802 1779 1895 1817 sua
1913 1761 2099 1835 (Eccli.

525 1881 586 1934 χ,
612 1865 698 1930 id,
727 1863 782 1928 9,
807 1862 917 1929 l0).
957 1859 1094 1926 Quid
1131 1867 1212 1912 cst
1238 1857 1380 1910 enim
1407 1854 1654 1924 superbia
1686 1852 1851 1920 aliud,
1883 1853 1981 1907 nisi
2009 1851 2104 1906 de-

525 1964 669 2011 serto
695 1951 982 2008 secretario
1012 1951 1028 1981 ι
1057 1947 1394 2002 οιηιεοὶθηιὶτε
1425 1946 1553 2000 foris
1588 1945 1752 2000 videri
1782 1945 1917 1999 velle
1960 1943 2103 2014 quod

527 2060 633 2100 non
659 2043 773 2098 est?
805 2043 868 2096 Et
916 2040 1033 2094 idco
1060 2039 1305 2092 laborans
1338 2037 1448 2106 jam
1494 2036 1546 2090 in
1576 2044 1713 2090 terra
1747 2035 2103 2088 necessariam

526 2137 686 2191 habet
714 2133 939 2203 pluviam
964 2130 1030 2184 de
1057 2129 1302 2192 nubibus,
1333 2127 1381 2180 id
1411 2135 1493 2181 est
1509 2125 1804 2180 doctrinam
1831 2123 2104 2178 dehuma-

526 2227 610 2281 nis
634 2224 828 2289 verbis,
863 2231 917 2275 ut
946 2221 1106 2276 etiam
1139 2220 1238 2272 hoc
1262 2216 1419 2271 modo
1450 2217 1614 2285 possit
1639 2215 1707 2269 ab
1739 2215 1825 2268 illa
1854 2213 2106 2268 ariditate

527 2316 873 2378 revirescere,
906 2321 961 2366 et
1008 2311 1197 2364 iterutn
1246 2308 1359 2362 fieri
1399 2305 1570 2361 viride
1606 2306 1739 2377 agri.
1772 2304 1876 2360 Sed
1906 2305 2104 2358 utinam

525 2407 608 2462 vel
638 2405 865 2476 pluviam
893 2401 1130 2456 veritatis
1157 2399 1225 2454 de
1269 2397 1398 2468 ipsis
1443 2395 1674 2452 nubibus
1705 2396 1931 2450 libenter
1961 2395 2106 2449 exci-

525 2499 655 2569 piat.
712 2495 844 2550 Nam
891 2502 1106 2563 propter
1147 2491 1291 2546 illam
1341 2489 1595 2544 Dominus
1637 2497 1821 2542 noster
1865 2487 2102 2542 nubilum

525 2588 702 2644 carnis
718 2595 912 2642 nostra:
924 2585 1166 2654 dignatus
1181 2595 1473 2645 assumere,
1497 2579 1722 2634 imbrem
1741 2578 1910 2634 sancti
1934 2579 2107 2632 Evan-

523 2679 645 2750 gelii
685 2676 1042 2747 largissimum
1072 2672 1283 2739 infudit,
1337 2671 1654 2742 promittens
1691 2670 1852 2726 etiam
1882 2668 2022 2739 quod
2057 2667 2105 2724 si

522 2771 644 2842 quis
676 2771 866 2826 biberit
894 2768 960 2823 de
1006 2782 1141 2838 aqua
1175 2765 1310 2835 ejus,
1347 2763 1518 2819 rediet
1552 2762 1620 2818 ad
1665 2763 1810 2816 illum
1862 2763 2106 2816 intimum

523 2865 747 2926 tentem,
763 2870 819 2916 ut
836 2859 1130 2915 forinsecus
1153 2870 1258 2911 non
1279 2862 1482 2925 quaerat
1498 2854 1749 2924 pluviam.
1773 2853 1909 2907 Dicit
1929 2853 2102 2908 enim:

527 2955 640 3010 Fiet
666 2956 720 3008 in
750 2969 807 3007 eo
838 2955 952 3023 fons
981 2964 1126 3020 aqua:
1149 2947 1375 3002 salientis
1394 2946 1447 3000 in
1470 2945 1623 3000 vitam
1658 2953 1895 3000 cateruam
1921 2943 2122 3015 (loeti.-

522 3061 598 3112 ιν,
622 3045 734 3115 lt).
764 3042 886 3109 lste,
909 3040 1090 3103 credo,
1115 3038 1238 3094 fons
1253 3048 1377 3093 ante
1392 3047 1664 3106 peceatum
1691 3035 2013 3106 ascendebat
2037 3035 2106 3091 de

526 3145 690 3200 terra,
721 3141 776 3189 et
802 3131 1053 3202 irrigabat
1072 3143 1285 3184 omnem
1317 3128 1500 3182 faciem
1530 3136 1704 3192 terra),
1731 3127 1853 3197 quia
1884 3125 2106 3180 interior

525 3233 662 3290 erat,
689 3232 744 3279 et
763 3223 980 3278 nubium
1015 3236 1123 3276 non
1150 3219 1488 3276 desiderabat
1514 3218 1765 3272 auxilium
1801 3235 1816 3270 :
1851 3216 2100 3271 Nondum

520 3318 650 3372 enim
697 3314 895 3387 pluerat
941 3311 1080 3367 Deus
1119 3327 1272 3382 super
1303 3319 1507 3375 terram,
1557 3325 1648 3363 nec
1693 3317 1798 3362 erat
1822 3309 1971 3362 homo
2015 3308 2104 3378 qui

517 3416 810 3482 operaretur
836 3406 890 3460 in
930 3421 1008 3458 ea.
1044 3403 1178 3458 Cum
1220 3401 1366 3457 enim
1419 3400 1664 3466 dixisset,
1696 3397 1944 3453 Nondum
1972 3399 2104 3451 enim

518 3503 717 3574 pluerat
754 3498 892 3553 Deus
933 3513 1084 3567 super
1110 3504 1316 3558 terram,
1343 3492 1571 3563 subjecit
1600 3500 1653 3547 et
1678 3506 1892 3545 causam
1937 3505 2104 3560 quare

518 3592 751 3648 nondum
781 3590 987 3660 pluerat
1015 3606 1030 3640 :
1061 3586 1182 3658 quia
1233 3601 1334 3638 non
1376 3592 1481 3638 erat
1523 3583 1670 3636 homo
1695 3583 1782 3652 qui
1806 3589 2104 3652 operaretur

517 3685 571 3736 in
593 3701 669 3736 ea.
698 3683 847 3736 Tunc
870 3687 1047 3733 autem
1077 3679 1237 3732 homo
1262 3663 1422 3744 erepit
1447 3675 1654 3743 Operari
1701 3675 1752 3727 in
1785 3683 1948 3740 terra,
1979 3687 2100 3727 cum

519 3782 642 3846 post
670 3782 942 3844 peccatum
973 3770 1038 3824 de
1062 3769 1212 3824 beata
1257 3769 1360 3821 vita
1391 3766 1641 3821 dimissus
1667 3775 1768 3829 est,
1795 3781 1895 3834 qua
1925 3766 1975 3819 in
2005 3780 2099 3834 pa-

520 3867 700 3922 radiso
719 3865 1010 3920 fruebatur.
1039 3863 1128 3918 Sic
1164 3862 1305 3916 enim
1331 3861 1584 3929 scriptum
1629 3869 1715 3914 est
1758 3876 1772 3912 :
1816 3859 1882 3912 Et
1913 3860 2101 3914 dimisit

519 3973 634 4012 eum
656 3955 897 4010 Dominus
924 3953 1061 4007 Deus
1089 3953 1152 4006 de
1181 3951 1414 4022 paradiso
1434 3950 1713 4017 suavitatis,
1736 3959 1789 4004 ut
1811 3961 2102 4021 operaretur

521 4061 707 4104 terram
728 4048 790 4101 de
809 4064 907 4116 qua
930 4059 976 4100 et
1001 4055 1230 4113 sumptus
1260 4043 1423 4112 fuerat
1456 4057 1475 4095 :
1501 4042 1640 4097 unde
1664 4056 1761 4096 suo
1782 4042 1900 4097 loco
1925 4043 2100 4112 requi-

519 4156 699 4198 remus
725 4139 920 4211 (Infra,
959 4154 1074 4206 cap.
1105 4133 1220 4208 22).
1270 4134 1421 4200 Quod
1445 4150 1582 4188 nunc
1625 4133 1692 4188 ad
1735 4133 1838 4189 hoc
1861 4149 2103 4190 comme-

521 4233 744 4296 moravi,
768 4239 825 4284 ut
841 4229 1256 4297 intelligeremus
1281 4225 1536 4278 laboranti
1566 4223 1766 4278 homini
1787 4225 1839 4278 in
1863 4234 2021 4285 terra,
2046 4225 2098 4279 id

519 4334 601 4380 est
643 4325 694 4378 in
740 4331 1078 4394 peccatorum
1127 4317 1372 4372 ariditate
1401 4316 1708 4381 constituto,
1741 4317 2096 4370 necessariam

517 4430 637 4470 esse
664 4414 731 4470 de
760 4412 1005 4468 humanis
1033 4409 1209 4466 verbis
1232 4407 1462 4461 divinam
1507 4406 1822 4472 doctrinam,
1848 4417 2098 4476 tanquam

519 4505 584 4560 de
616 4503 841 4558 nubibus
871 4501 1122 4572 pluviam.
1150 4498 1294 4554 Talis
1313 4505 1490 4551 autem
1523 4496 1743 4552 scientia
1771 4498 2094 4552 destruetur.

525 4594 774 4648 Videmus
813 4593 957 4647 enim
983 4605 1122 4644 nunc
1150 4591 1202 4643 in
1227 4588 1528 4658 mnigmate,
1560 4594 1811 4656 tanquam
1838 4587 1890 4641 in
1917 4587 2099 4641 nubilo

519 4683 754 4753 saginam
798 4688 1100 4751 qumrcntes
1148 4697 1162 4735 ε
1211 4689 1336 4734 tunc
1384 4689 1562 4733 autem
1615 4676 1748 4732 facie
1793 4676 1860 4731 ad
1906 4676 2095 4732 faciem

523 4774 565 4844 (l
597 4772 716 4828 Cor.
743 4787 860 4839 xui,
887 4770 942 4838 8,
976 4769 1090 4836 12),
1119 4768 1330 4840 quando
1359 4768 1604 4824 universa
1629 4766 1791 4822 facies
1813 4776 1966 4822 terrae
1997 4783 2100 4822 no-

519 4877 642 4920 stra:
669 4862 921 4918 interiore
944 4863 1088 4917 fonte
1112 4875 1263 4931 aqua:
1283 4859 1518 4914 salientis
1545 4859 1862 4929 irrigabitur.
1889 4857 2021 4913 Nam
2051 4859 2098 4914 si

521 4960 717 5012 totitem
740 4955 966 5024 aliquem
989 4952 1145 5021 hujus
1172 4951 1392 5007 visibilis
1415 4967 1565 5021 aqua:
1596 4951 1920 5006 voluerimus
1946 4949 2100 5005 intel-

520 5049 704 5118 ligere,
751 5045 820 5101 de
848 5058 954 5115 quo
985 5043 1184 5098 dictum
1211 5051 1308 5107 est,
1355 5041 1496 5096 Fons
1530 5053 1696 5096 autem
1715 5042 2010 5097 ascendebat
2035 5042 2099 5096 de

520 5149 672 5202 terra,
697 5144 742 5191 et
771 5135 1014 5206 irrigabat
1039 5148 1234 5187 omnem
1252 5133 1432 5204 [aciem
1457 5142 1636 5196 terrm;
1667 5148 1770 5188 non
1800 5141 1884 5188 est
1911 5133 2097 5188 verisio

519 5231 643 5286 mile
667 5228 807 5300 quod
837 5242 958 5283 cum
986 5234 1093 5280 tam
1117 5225 1266 5280 multi
1296 5225 1467 5282 fontes
1500 5240 1787 5297 perennes,
1815 5226 1927 5280 sive
1951 5225 2096 5280 rivo-

519 5335 659 5386 rum,
685 5320 798 5375 sive
817 5317 1094 5373 lluviorum
1121 5331 1216 5386 per
1244 5317 1546 5373 universam
1579 5326 1776 5372 terram
1820 5314 2099 5374 invenian-

519 5420 623 5478 tur,
653 5411 796 5466 solus
815 5411 902 5466 ille
931 5408 1266 5478 siccaverit’,
1288 5411 1376 5481 qui
1397 5408 1647 5481 irrigabat
1669 5423 1882 5465 omnem
1909 5407 2096 5464 faciem

519 5514 695 5558 terrm.

583 5597 599 5628 ι
617 5595 751 5654 Edlli,
769 5599 960 5645 secreto.
987 5604 1093 5646 Mss.
1115 5595 1386 5657 duodecim,
1409 5592 1680 5646 secretario.

579 5658 602 5718 ἒ
621 5663 763 5706 Juxta
779 5664 851 5706 Er.
875 5665 926 5707 et
942 5664 1070 5718 bov.,
1092 5655 1331 5708 siccnerit.
1372 5655 1451 5706 Μ.

579 5717 652 5782 ta)
675 5725 693 5768 ι
717 5725 917 5770 Retract.
941 5717 1150 5785 capJO,
1175 5733 1224 5769 ιι.
1247 5720 1296 5770 3.

1374 293 1464 352 DE
1503 291 1743 354 GENESI
1780 289 2052 352 CONTRA
2091 291 2394 361 MANlCll.,
2433 290 2491 350 S.
2532 293 2898 354 AUGUSTINI

3674 299 3783 359 200

2242 405 2466 462 CAPUT
2498 407 2583 462 VL
2598 437 2668 448 —-
2687 406 2969 462 Invisibilia
2988 408 3164 478 quibus
3182 410 3436 468 vocabulis
3462 413 3746 485 signantur.
3781 423 3788 443 τ

2279 496 2330 550 7.
2364 495 2474 552 Sub
2515 497 2597 552 his
2643 513 2769 569 ergo
2813 499 2996 568 paucis
3024 500 3200 556 verbis
3251 503 3494 559 universa
3543 515 3788 562 creatura

2207 586 2362 645 nobis
2413 586 2674 642 insinuata
2717 597 2800 643 est
2840 599 2963 644 ante
2991 600 3264 660 peccatum
3303 594 3514 650 animm.
3561 595 3788 653 Nomine

2208 678 2350 731 enim
2374 678 2496 734 caeli
2520 689 2573 734 et
2603 689 2758 734 terra:
2785 681 3030 736 universa
3055 683 3276 738 visibilis
3312 695 3552 740 creatura
3579 687 3787 756 signifi-
3810 733 3840 740 ..

2207 777 2323 823 cata
2361 780 2471 836 est;
2514 780 2568 824 et
2594 773 2808 827 nomine
2833 773 2966 838 diei,
2995 774 3302 830 universum
3330 786 3564 847 tempus;
3599 789 3652 834 et
3689 795 3788 834 no-

2207 861 2350 917 mine
2375 863 2619 918 viridium
2649 874 2702 920 et
2729 865 2903 934 pabuli
2929 866 3062 935 agri,
3107 877 3345 922 creatura
3387 870 3692 935 invisibilis;
3734 878 3789 926 et

2207 954 2422 1009 nomine
2447 953 2604 1008 fontis
2627 955 2962 1010 ascendentis
2989 969 3038 1012 et
3062 958 3327 1028 irrigantis
3351 975 3564 1015 omnem
3593 960 3788 1016 faciem

2207 1052 2384 1110 terrm,
2414 1045 2685 1100 inundatio
2713 1049 2952 1102 veritatis
2973 1051 3199 1104 animam
3227 1053 3423 1106 satiatis
3449 1062 3570 1106 ante
3594 1069 3790 1124 pecca-

2208 1141 2339 1188 tum.
2363 1135 2485 1190 Dies
2507 1146 2682 1190 autem
2707 1139 2826 1204 iste,
2846 1139 2997 1207 cujus
3021 1142 3235 1194 nomine
3252 1143 3552 1196 universum
3575 1151 3789 1213 tempus

2206 1225 2754 1296 significaridiximus,
2773 1229 3002 1284 insinuat
3025 1231 3174 1285 nobis
3193 1247 3294 1284 non
3310 1234 3479 1286 solum
3500 1233 3786 1301 visibilem,

2207 1317 2301 1372 sed
2315 1318 2471 1372 etiam
2490 1319 2805 1374 invisibilcm
2821 1329 3114 1374 creaturam
3143 1331 3351 1392 tempus
3375 1338 3525 1392 posse.
3547 1325 3747 1378 sentire
3772 1342 3786 1378 :

2206 1408 2347 1477 quod
2368 1408 2434 1463 de
2458 1411 2631 1462 anima
2659 1411 2810 1464 nobis
2839 1413 3220 1481 manifestatur,
3241 1431 3357 1482 quze
3379 1424 3516 1467 tanta
3537 1415 3792 1470 varietate

2206 1499 2544 1555 allectimiun‘i
2591 1517 2827 1570 suarum,
2857 1513 2908 1558 ct
2954 1505 3068 1575 ipso
3099 1506 3245 1575 lapsu
3283 1522 3387 1576 quo
3418 1509 3607 1562 misera
3651 1507 3790 1562 facta

2207 1597 2308 1656 est,
2338 1599 2392 1644 et
2446 1592 2783 1662 reparatione
2828 1582 2931 1663 qua
2961 1609 3144 1650 rursus
3191 1596 3266 1650 in‘
3293 1579 3594 1651 beatitatem
3625 1597 3788 1664 redit,

2209 1688 2448 1750 tempore
2475 1683 2663 1736 mutari
2686 1697 2842 1753 posse
2865 1685 3213 1740 ennvincitnr.
3236 1687 3299 1741 Et
3317 1687 3436 1742 ideo
3463 1703 3565 1742 non
3588 1688 3790 1742 dictum

2207 1781 2310 1836 est,
2330 1771 2455 1826 Cum
2485 1775 2650 1845 factus
2676 1782 2800 1828 esset
2823 1775 2950 1842 dies,
2979 1793 3076 1846 quo
3105 1777 3186 1830 die
3214 1779 3327 1848 fecit
3363 1777 3498 1832 Dens
3521 1780 3700 1833 coelum
3745 1788 3794 1833 et

2208 1868 2413 1925 terram,
2445 1871 2684 1928 tantum;
2716 1863 2904 1932 quibus
2947 1866 3249 1920 nominibus
3290 1867 3512 1922 visibilis
3548 1877 3793 1923 creatura

2207 1953 2520 2007 intimatur:
2549 1955 2644 2010 sed
2676 1955 2910 2010 additum
2933 1969 3016 2011 est
3039 1959 3217 2023 etiam,
3254 1959 3430 2025 viride,
3464 1969 3511 2014 et
3547 1961 3793 2032 pabulum

2207 2046 2358 2115 agri;
2403 2061 2506 2116 quo
2552 2048 2766 2102 nomine
2811 2049 3129 2104 invisibilem
3181 2040 3519 2117 creaturam,
3573 2061 3797 2122 prepter

2206 2137 2444 2206 vigorem
2465 2147 2519 2191 et
2535 2139 2714 2206 vitam,
2740 2139 3022 2209 significari
3049 2141 3297 2207 diximus,
3321 2142 3474 2197 sicuti
3497 2152 3575 2197 est
3591 2143 3792 2200 anima.

2209 2225 2278 2281 Et
2322 2227 2391 2281 ita
2417 2227 2615 2282 dicltnn
2643 2238 2743 2296 est,
2771 2231 2897 2284 Cum
2925 2235 3090 2300 factus
3114 2240 3238 2286 esset
3264 2232 3389 2300 dies,
3411 2249 3508 2303 quo
3551 2233 3630 2287 die
3672 2233 3794 2304 fecit

2209 2319 2349 2374 Deus
2372 2323 2548 2375 etetmn
2570 2332 2616 2376 et
2641 2335 2844 2390 terram,
2875 2333 2918 2378 et
2948 2340 3094 2380 omne
3120 2325 3296 2392 tiridc,
3315 2334 3359 2381 et
3373 2326 3613 2396 pabulum
3638 2327 3794 2397 agri:

2209 2423 2268 2468 ut
2289 2414 2366 2467 sic
2395 2413 2810 2483 intelligeremus
2830 2431 2935 2470 non
2967 2416 3137 2470 solum
3182 2417 3465 2482 visibilem,
3509 2416 3602 2472 sed
3627 2417 3793 2471 etiam

2209 2502 2525 2559 invisibilem
2555 2515 2849 2559 creaturam
2881 2506 3148 2576 pertinuere
3187 2506 3254 2562 ad
3305 2515 3533 2577 tempus,
3576 2513 3794 2576 propter

2209 2595 2645 2662 mutabilitatem;
2681 2597 2804 2666 quia
2842 2598 2986 2653 solus
3016 2598 3155 2654 Deus
3194 2597 3642 2654 incommutabilis
3685 2605 3794 2668 est,

2208 2685 2302 2760 qui
2319 2695 2403 2744 est
2425 2698 2548 2743 ante
2571 2698 2829 2759 tempora.

2370 2777 2598 2834 CAPUT
2620 2779 2813 2834 Vl|.—
2841 2779 3017 2836 Limus
3042 2781 3165 2851 quid
3182 2781 3363 2835 habeat
3387 2780 3628 2852 mysterii.

2280 2867 2334 2923 8.
2374 2869 2522 2924 Nunc
2549 2869 2820 2925 videamus
2848 2880 2966 2940 post
2991 2873 3249 2926 universm
3271 2882 3526 2926 creatura:
3549 2870 3795 2926 insinua-

2211 2961 2408 3016 tionem
2457 2971 2562 3015 tam
2611 2962 2834 3017 visibilis
2878 2978 3037 3033 quam
3077 2963 3374 3030 invisibilis,
3405 2972 3458 3040 et
3491 2962 3796 3019 universale

2207 3052 2525 3108 beneficium
2554 3052 2714 3107 divini
2745 3052 2905 3110 fontis
2954 3070 3078 3126 erga
3124 3055 3439 3110 invisibilem
3470 3063 3792 3123 creaturam,

2209 3143 2335 3214 quid
2365 3143 2430 3198 de
2470 3141 2685 3198 homine
2717 3145 3020 3214 specialiter
3071 3147 3360 3212 intimetur,
3411 3146 3551 3218 quod
3578 3146 3644 3201 ad
3691 3161 3796 3203 nos

2207 3236 2438 3288 maxime
2487 3235 2732 3302 pertinet.
2787 3236 2963 3291 Primo
3014 3237 3155 3292 enim
3185 3238 3323 3308 quod
3354 3238 3420 3294 de
3464 3238 3593 3293 limo
3632 3245 3794 3293 terra:

2209 3326 2348 3380 Deus
2375 3325 2644 3380 hominem
2677 3327 2842 3394 finxit,
2871 3330 3008 3385 solet
3033 3329 3229 3385 habere
3248 3331 3592 3400 quaestionem
3619 3319 3797 3400 qnalis

2207 3416 2295 3471 ille
2321 3418 2476 3471 limus
2504 3419 2680 3485 fuerit,
2709 3420 2789 3474 vel
2817 3437 2932 3489 qua:
2963 3421 3181 3475 materia
3211 3423 3422 3476 nomine
3447 3421 3556 3477 limi
3583 3421 3793 3492 signiﬁ-

2207 3517 2321 3562 cata
2345 3509 2433 3562 sit.
2462 3509 2538 3564 Illi
2569 3519 2743 3564 autem
2777 3511 2970 3566 inimici
2998 3519 3235 3567 veterum
3266 3511 3568 3578 Librorum,
3610 3512 3792 3568 omnia

2207 3601 2490 3656 carnaliter
2529 3602 2817 3669 intuentes,
2851 3614 2904 3658 et
2949 3615 3227 3674 propterea
3274 3619 3487 3675 semper
3520 3613 3786 3674 errantes,

2206 3693 2362 3747 etiam
2396 3694 2494 3747 hoc
2527 3694 2918 3764 reprehendere
2959 3695 3278 3751 mordacitcr
3318 3696 3512 3762 solent,
3541 3695 3680 3765 quod
3719 3695 3793 3752 de

2208 3783 2336 3839 limo
2367 3786 2504 3840 Deus
2535 3785 2804 3842 hominem
2837 3787 3005 3842 finxit.
3056 3789 3248 3843 Dicunt
3292 3789 3432 3844 enim
3465 3807 3478 3843 :
3516 3787 3690 3856 Quare
3720 3788 3792 3845 de

2208 3876 2337 3931 limo
2383 3877 2506 3932 fecit
2533 3879 2672 3932 Deus
2719 3878 3026 3934 hominem?
3076 3895 3140 3934 an
3168 3879 3407 3935 deluerat
3433 3879 3482 3936 ei
3512 3879 3701 3934 melior
3733 3889 3794 3935 et

2205 3965 2438 4020 caelestis
2481 3967 2722 4032 materia,
2752 3968 2892 4024 unde
2938 3969 3205 4026 hominem
3246 3971 3458 4035 faceret,
3493 3978 3551 4024 ut
3577 3968 3644 4025 de
3669 3969 3793 4026 labe

2205 4065 2413 4112 terrena
2447 4067 2550 4113 tam
2578 4059 2813 4130 fragilem
2845 4063 3227 4133 mortalemque
3259 4062 3543 4117 formaret?
3566 4062 3682 4116 Non
3703 4062 3791 4116 in-

2205 4150 2499 4219 telligentes
2533 4151 2702 4221 primo
2756 4169 2910 4220 quam
2960 4153 3141 4208 multis
3188 4154 3661 4225 significationibus
3701 4155 3790 4210 vel

2205 4251 2344 4297 terra
2375 4243 2454 4296 vel
2481 4259 2613 4312 aqua
2640 4244 2691 4297 in
2710 4243 2994 4313 Scripturis
3017 4255 3272 4314 ponatur:
3299 4247 3454 4301 limus
3479 4246 3619 4301 enim
3637 4261 3792 4316 aqua:

2203 4343 2258 4390 et
2285 4344 2442 4389 terra:
2470 4337 2777 4390 commixtio
2825 4346 2926 4392 est.
2983 4336 3216 4392 Dicimus
3258 4337 3399 4392 enim
3455 4337 3692 4392 tabidum
3733 4346 3793 4392 et

2205 4423 2388 4495 fragile
2416 4435 2470 4480 et
2515 4427 2671 4480 morti
2720 4425 3040 4481 destinatum
3089 4443 3282 4499 corpus
3336 4428 3621 4500 humanum
3669 4439 3792 4500 post

2204 4527 2476 4586 peccatum
2505 4515 2625 4574 esse
2653 4519 2898 4588 cu‘pisse.
2931 4519 3043 4574 Non
3071 4521 3214 4576 enim
3257 4521 3308 4576 in
3340 4531 3523 4578 nostro
3564 4537 3791 4594 corpore

2205 4607 2288 4662 isti
2317 4609 2702 4665 exhorrescunt
2730 4611 2829 4664 nisi
2858 4611 3425 4684 mortalitatem,quam
3449 4615 3790 4670 damnatione

2206 4703 2516 4757 meruimus.
2557 4702 2696 4771 Quid
2738 4715 2913 4758 autem
2953 4704 3179 4772 mirum,
3229 4715 3319 4761 aut
3371 4705 3591 4762 difficile
3641 4707 3785 4776 Deo,

2203 4793 2410 4848 etiamsi
2428 4793 2494 4848 de
2520 4793 2646 4848 limo
2672 4795 2823 4849 istius
2844 4805 2997 4850 terra:
3019 4795 3285 4852 hominem
3319 4799 3459 4865 fecit,
3489 4797 3591 4852 tale
3609 4807 3787 4854 tamen

2205 4899 2398 4955 corpus
2429 4885 2543 4955 ejus
2569 4886 2802 4950 efﬁcere,
2833 4888 2970 4958 quod
2993 4890 3316 4960 corruptioni
3347 4906 3452 4945 non
3465 4891 3783 4961 subjaceret.

2204 4979 2247 5031 si
2279 4977 2436 5033 homo
2464 4990 2783 5049 praeceptum
2807 4981 2897 5035 Dei
2924 4983 3229 5038 custodiens
3255 4997 3474 5053 peccare
3491 4983 3790 5040 noluisset?

2204 5067 2257 5122 Si
2289 5068 2430 5123 enim
2458 5070 2687 5138 speciem
2718 5070 2840 5125 cmli
2872 5071 3035 5141 ipsius
3059 5073 3126 5128 de
3156 5073 3340 5136 nihilo,
3372 5075 3455 5129 vel
3480 5074 3546 5130 de
3573 5073 3788 5132 informi

2204 5151 2420 5213 materia
2445 5159 2668 5214 dicimus
2685 5158 2874 5215 factam
2894 5201 2908 5227 ,
2935 5163 3054 5233 quia
3085 5165 3500 5236 omnipotentem
3527 5165 3784 5220 artificem

2203 5249 2497 5314 credimus;
2527 5250 2653 5319 quid
2680 5250 2870 5306 mirum
2899 5252 2945 5306 si
2986 5269 3198 5324 corpus,
3240 5255 3379 5327 quod
3428 5256 3640 5310 deliino
3665 5271 3792 5327 qua-
3860 5302 3871 5332 τ

2207 5339 2471 5411 licumque
2493 5341 2687 5396 factum
2714 5353 2816 5405 est,
2833 5343 3002 5413 potuit
3019 5344 3088 5402 ab
3107 5347 3451 5416 omnipotenti
3466 5347 3670 5402 artifice
3683 5347 3789 5403 tale
3849 5335 3874 5435 ξ

2205 5431 2340 5499 fieri,
2361 5441 2418 5486 ut
2435 5432 2578 5486 nulla
2595 5433 3005 5502 molestia,nulla
3025 5437 3307 5509 indigentia
3328 5440 3588 5495 cruciaret
3613 5439 3787 5494 homi-

2203 5539 2325 5578 nem
2356 5533 2479 5578 ante
2503 5535 2798 5594 peccatum,
2836 5537 2889 5581 et
2920 5528 3058 5582 nulla
3084 5530 3424 5599 corruptione
3451 5529 3789 5584 tabesceret?

2276 5613 2327 5670 9.
2358 5613 2538 5686 Itaque
2567 5615 2834 5685 superflue
2874 5618 3130 5687 quaeritur
3158 5619 3297 5673 unde
3326 5618 3556 5673 hominis
3591 5632 3788 5688 corpus

2213 5708 2348 5765 Deus
2379 5709 2598 5777 fecerit;
2643 5709 2689 5765 si
2725 5718 2898 5766 tamen
2939 5724 3080 5767 nunc
3107 5710 3174 5769 de
3198 5713 3437 5784 corporis
3468 5711 3788 5768 formatione
3825 5785 3834 5792 δ
