4056 6460
269 416 364 473 901

268 528 483 585 dicitur.
516 525 608 581 Sic
626 525 769 582 enim
794 521 1075 578 nonnullos
1095 528 1307 577 nostros
1331 520 1623 590 intelligere
1649 521 1860 589 accepi,

268 621 354 690 qui
386 619 606 682 dicunt,
641 626 983 687 posteaquam
1009 612 1211 669 dictum
1238 622 1353 681 est,
1385 611 1561 666 Finxit
1588 610 1729 666 Deus
1767 613 1861 665 ho-

268 712 454 763 minent
497 709 562 763 de
604 708 724 761 limo
764 715 951 771 terrae;
996 714 1275 775 propterea
1321 720 1425 759 non
1465 704 1700 759 additum
1725 747 1739 770 ,
1781 704 1863 760 Ad

268 799 554 869 imaginem
584 807 639 853 ct
684 795 1084 851 similitudinem
1114 809 1299 863 suam,
1347 796 1596 865 quoniam
1626 811 1765 850 nunc
1793 795 1865 852 de
1894 812 1899 821 ‘

266 889 511 958 corporis
528 888 843 942 formatione
857 886 1071 942 dicitur.
1092 886 1241 941 Tunc
1268 894 1443 941 autem
1465 886 1626 941 homo
1645 886 1864 942 interior

267 982 698 1052 significabatur,
734 980 946 1050 quando
972 980 1172 1034 dictum
1200 987 1283 1034 est
1314 995 1328 1034 :
1357 978 1503 1033 Fecit
1530 979 1669 1033 Deus
1698 980 1862 1034 homi-

266 1090 382 1127 nem
405 1074 475 1126 ad
504 1074 774 1143 imaginem
804 1080 849 1125 et
876 1070 1259 1125 similitudinem
1287 1070 1383 1124 Dei
1405 1072 1501 1144 (a).
1528 1070 1635 1127 Sed
1657 1071 1865 1126 etiamsi

267 1182 413 1222 nunc
457 1181 672 1237 quoque
712 1165 981 1220 hominem
1016 1179 1081 1219 ex
1109 1179 1334 1234 corpore
1360 1171 1415 1219 et
1457 1164 1632 1219 anima
1671 1162 1865 1217 factum

266 1257 666 1327 intelligamus,
701 1265 757 1310 ut
788 1270 894 1309 non
921 1255 1146 1325 alicujus
1189 1256 1311 1310 novi
1350 1255 1529 1324 operis
1574 1254 1861 1322 inchoatio,

267 1349 363 1404 sed
404 1349 659 1420 superius
686 1348 920 1403 breviter
946 1346 1197 1402 insinuati
1225 1345 1532 1416 diligentior
1559 1346 1866 1401 retractatio

267 1440 374 1496 isto
396 1454 653 1495 sermone
675 1438 1004 1509 explicetur;
1046 1437 1090 1492 si
1125 1451 1252 1507 ergo
1277 1477 1290 1501 ,
1330 1445 1387 1490 ut
1416 1436 1563 1503 dixi,
1593 1436 1866 1491 hominem

269 1529 374 1585 hoc
417 1530 541 1585 loco
578 1546 646 1585 ex
689 1543 915 1599 corpore
940 1539 994 1584 et
1029 1528 1204 1583 anima
1254 1527 1449 1582 factum
1490 1527 1864 1599 intelligamus,

270 1639 379 1680 non
403 1622 638 1679 absurde
676 1623 789 1693 ipsa
824 1621 1206 1677 commixtione
1231 1621 1249 1653 ⁸
1281 1620 1392 1674 limi
1416 1634 1613 1674 nomen
1641 1619 1864 1690 accepit.

274 1717 426 1773 Sicut
454 1716 602 1771 enim
630 1730 765 1785 aqua
799 1724 991 1770 terram
1026 1714 1225 1782 colligit
1246 1754 1261 1781 ,
1301 1720 1355 1768 et
1398 1713 1765 1782 conglutinet,
1812 1721 1869 1768 et

275 1806 553 1874 continet,
585 1805 798 1876 quando
822 1805 938 1875 ejus
959 1804 1336 1859 commixtione
1364 1803 1522 1858 limus
1555 1802 1672 1872 ejus
1697 1801 1866 1857 effici-

279 1910 393 1965 tur;
436 1900 518 1953 sie
545 1899 721 1952 anima
751 1897 991 1968 corporis
1019 1896 1299 1952 materiam
1324 1896 1640 1951 vivificando
1663 1896 1716 1949 in
1744 1894 1867 1949 uni-

274 1998 435 2045 tatem
465 1988 789 2044 concordem
834 1986 1167 2055 conformat,
1212 1996 1268 2043 et
1309 2002 1416 2043 non
1458 1986 1720 2057 permittit
1761 1986 1867 2042 labi

275 2090 327 2135 et
351 2081 567 2136 resolvi.

280 2170 507 2227 CAPUT
538 2170 677 2226 VIII.
695 2199 768 2211 —-
791 2169 1070 2241 Insuﬁlatio
1089 2168 1295 2239 spiritus
1320 2168 1458 2237 quid.
1492 2166 1627 2232 Quid
1647 2168 1699 2221 in
1725 2167 1868 2223 Scri-

632 2262 793 2332 pturis
819 2262 1015 2315 dicatur
1033 2262 1245 2332 spiritus
1265 2260 1500 2313 hominis.
1688 2280 1691 2283 ν

340 2353 431 2410 10.
461 2353 620 2421 Quod
647 2360 829 2408 autem
856 2352 1112 2423 scriptum
1134 2361 1247 2419 est,
1290 2350 1357 2404 Et
1381 2351 1650 2420 insuﬂiam't
1675 2351 1731 2404 in
1755 2366 1895 2405 eum.

280 2446 520 2516 spiritum
538 2446 675 2512 vita,
704 2455 751 2499 et
776 2449 943 2517 factus
970 2453 1042 2499 est
1071 2445 1222 2498 homo
1243 2445 1297 2497 in
1327 2443 1549 2497 animam
1582 2443 1821 2497 uiuentem
1848 2457 1868 2496 :

272 2540 316 2594 si
351 2540 532 2595 adhuc
559 2554 756 2610 corpus
784 2538 956 2594 solum
984 2546 1129 2603 erat,
1159 2538 1391 2593 animam
1415 2536 1717 2607 adjunctam
1749 2551 1863 2591 cor-

272 2632 384 2700 pori
412 2630 517 2685 hoc
540 2624 667 2685 loco
694 2628 989 2699 intelligere
1007 2626 1300 2694 debemus;
1334 2628 1445 2682 sive
1466 2642 1583 2697 quae
1595 2626 1706 2697 jam
1729 2625 1866 2680 facta

273 2733 405 2790 erat,
435 2722 535 2778 sed
565 2733 813 2793 tanquam
842 2722 897 2776 in
918 2737 1013 2776 ore
1042 2721 1135 2775 Dei
1160 2728 1294 2785 erat,
1324 2720 1375 2774 id
1405 2728 1488 2774 est
1512 2719 1564 2772 in
1594 2720 1710 2789 ejus
1738 2718 1869 2773 veri-

272 2821 377 2868 tate
402 2812 491 2868 vel
514 2813 792 2881 sapientia,
817 2811 957 2867 unde
980 2818 1153 2865 tamen
1178 2825 1282 2863 non
1312 2809 1534 2864 recessit
1559 2809 1709 2878 quasi
1737 2807 1867 2863 locis

271 2913 538 2973 separata,
572 2902 782 2973 quando
808 2900 1075 2956 insuf‘flata
1101 2908 1221 2966 est;
1263 2914 1371 2953 non
1391 2899 1534 2954 enim
1573 2898 1713 2954 Deus
1748 2897 1868 2969 loco

272 2995 606 3061 continetur,
633 2992 728 3048 sed
755 2993 950 3064 ubique
978 3008 1215 3062 praesens
1240 3003 1320 3046 est
1348 3010 1361 3045 :
1393 2992 1504 3046 sive
1534 2999 1658 3045 tunc
1686 2991 1865 3044 anima

271 3088 409 3142 facta
438 3098 522 3142 est
542 3127 557 3152 ,
589 3086 800 3157 quando
838 3087 890 3142 in
916 3086 1047 3142 illud
1074 3087 1384 3156 figmentum
1413 3087 1551 3141 Deus
1582 3086 1868 3141 insufllavit

269 3180 521 3249 spiritum
551 3179 676 3234 vitae
700 3218 717 3246 ,
755 3188 816 3234 ut
859 3179 946 3234 illa
972 3178 1256 3233 insufflatio
1296 3177 1468 3248 ipsam
1500 3182 1865 3247 operationem

270 3272 363 3327 Dei
392 3271 695 3341 significet,
739 3285 843 3341 qua
882 3268 1008 3325 fecit
1045 3270 1277 3324 animam
1314 3269 1370 3323 in
1413 3268 1632 3323 homine
1668 3267 1865 3337 Spir-itu

270 3363 527 3432 potentia:
544 3377 676 3418 suae.
705 3361 761 3417 Si
787 3374 967 3416 autem
995 3360 1155 3415 homo
1181 3359 1269 3414 ille
1288 3359 1379 3429 qui
1404 3357 1574 3412 factus
1594 3368 1725 3423 erat,
1755 3357 1865 3425 jam

269 3468 471 3523 corpus
500 3463 557 3509 et
584 3454 763 3509 anima
793 3463 942 3520 erat;
988 3452 1089 3521 ipsi
1111 3451 1303 3505 anima:
1328 3464 1519 3505 sensus
1546 3458 1631 3504 est
1658 3447 1866 3503 additus

271 3544 371 3598 ista
417 3542 779 3599 insufflatione
802 3584 817 3612 ,
862 3558 985 3598 cum
1028 3541 1194 3596 factus
1221 3548 1305 3595 est
1338 3539 1501 3595 homo
1543 3539 1595 3593 in
1628 3540 1866 3617 animam

272 3636 546 3689 viventem
579 3651 592 3687 :
631 3648 736 3703 non
766 3633 889 3703 quia
918 3632 1007 3687 illa
1055 3629 1344 3685 insufflatio
1384 3642 1642 3685 conversa
1688 3635 1771 3683 est
1812 3627 1865 3681 in

269 3733 509 3785 animum
536 3723 801 3777 viventem
819 3761 836 3787 ,
865 3720 960 3777 sed
994 3729 1221 3791 operata
1239 3728 1322 3775 est
1346 3718 1401 3774 in
1420 3717 1655 3773 animam
1684 3717 1867 3773 viven-

268 3836 399 3879 tem.
447 3823 697 3879 Nondum
730 3804 1275 3895 tamgnuspiritualem
1310 3812 1581 3869 hominem
1609 3810 1866 3868 debemus

272 3918 611 3988 intelligere,
658 3916 749 3987 qui
776 3916 945 3971 factus
971 3924 1053 3971 est
1078 3915 1134 3969 in
1159 3928 1393 3968 ammam
1422 3905 1727 3972 viventem,
1770 3903 1866 3959 sed

268 4011 448 4067 adhuc
490 4011 799 4066 animalem.
829 4009 1003 4065 ‘Tunc
1032 4007 1173 4063 enim
1204 4005 1490 4078 spiritualis
1513 4004 1741 4061 effectus
1759 4006 1861 4069 est,

270 4121 391 4161 cum
430 4106 487 4160 in
529 4103 808 4174 paradiso,
853 4104 954 4157 hoc
979 4110 1064 4157 est
1106 4100 1160 4155 in
1196 4100 1349 4155 beata
1388 4102 1497 4154 vita
1523 4098 1860 4161 constitutus,

168 4234 188 4255 .
270 4204 603 4267 prmcepium
630 4195 789 4250 etiam
832 4192 1173 4264 perfectionis
1206 4192 1445 4262 accepit,
1489 4199 1548 4247 ut
1573 4190 1742 4246 verbo
1769 4189 1865 4245 Dei

270 4295 755 4344 consummaretur.
804 4285 984 4356 Itaque
1008 4293 1285 4355 postquam
1312 4284 1583 4353 peccavit,
1606 4283 1865 4340 recedens

273 4394 303 4433 a
328 4386 604 4450 praecepto
629 4378 758 4443 Dei,
796 4385 852 4433 et
876 4377 1130 4432 dimissus
1153 4386 1234 4431 est
1262 4375 1330 4431 de
1364 4375 1609 4445 paradiso
1628 4417 1643 4444 ,
1676 4376 1729 4431 in
1760 4374 1864 4432 hoc

273 4470 537 4525 remansit
563 4478 621 4523 ut
663 4467 907 4524 animalis
938 4476 1100 4523 esset.
1132 4467 1199 4521 Et
1235 4466 1355 4521 ideo
1383 4466 1665 4522 animalem
1692 4466 1863 4521 homi-

272 4576 396 4616 nem
427 4560 577 4631 prius
604 4560 812 4630 agimus
840 4573 1028 4614 omnes
1060 4558 1134 4630 (b)
1153 4599 1168 4625 ,
1202 4558 1293 4628 qui
1323 4557 1389 4613 de
1414 4558 1505 4614 illo
1533 4566 1653 4629 post
1676 4573 1865 4629 pecca-

276 4662 387 4709 tum
413 4653 524 4708 nati
549 4667 753 4719 sumus,
771 4652 943 4707 donec
957 4666 1302 4721 assequamur
1321 4651 1647 4722 spiritualem
1670 4652 1859 4720 Adam,

274 4744 327 4799 id
357 4752 443 4799 est
466 4744 749 4799 Dominum
775 4753 1017 4798 nostrum
1044 4742 1226 4798 Jesum
1246 4742 1539 4811 Christum,
1566 4744 1654 4815 qui
1676 4758 1863 4813 peccav

277 4848 388 4892 tum
422 4853 531 4892 non
559 4836 681 4892 fecit
708 4835 750 4907 (l
780 4835 923 4891 Petr.
955 4851 1025 4903 tt,
1055 4834 1188 4907 22);
1237 4844 1294 4890 et
1332 4836 1400 4890 ab
1433 4835 1524 4890 illo
1558 4836 1783 4891 recreati
1809 4845 1864 4892 ct

276 4928 549 4995 vivificati,
572 4928 916 4984 restituamur
944 4927 996 4982 in
1019 4926 1345 4997 paradisum,
1367 4928 1457 4982 ubi
1483 4927 1617 4981 latro
1639 4926 1863 4983 illecum

278 5021 393 5090 ipso
423 5036 489 5076 eo
512 5020 603 5076 die
622 5021 818 5077 meruit
846 5034 985 5085 esse,
1019 5034 1123 5089 quo
1150 5020 1312 5073 vitam
1334 5019 1490 5074 istam
1522 5019 1690 5074 finivit
1711 5019 1860 5091 (Luc.

277 5126 411 5167 xxtn
433 5153 449 5176 ,
477 5111 596 5183 45).
648 5110 737 5167 Sic
765 5111 909 5166 enim
937 5110 1224 5180 Apostolus
1249 5110 1379 5165 dicit
1412 5127 1426 5163 :
1459 5110 1565 5166 Sed
1593 5128 1696 5165 non
1721 5112 1863 5182 prius

276 5205 411 5272 quod
451 5205 718 5274 spirituafe
742 5214 813 5257 est
833 5245 846 5267 ,
888 5203 977 5257 sed
1016 5204 1151 5274 quod
1182 5203 1400 5257 animale
1418 5243 1433 5269 ,
1463 5202 1591 5257 sicut
1619 5204 1863 5273 scriptum

276 5304 347 5348 est
382 5311 400 5347 :
431 5293 624 5349 Factus
652 5304 724 5349 est
750 5295 941 5364 primus
961 5293 1128 5347 Adam
1150 5294 1205 5347 in
1230 5294 1453 5348 animant
1481 5295 1741 5363 viventem,
1772 5313 1861 5351 no~

274 5386 509 5440 uiuimus
550 5385 715 5438 Adam
761 5386 814 5438 in
859 5385 1091 5455 spiritum
1136 5385 1466 5454 viviﬁcantem
1510 5385 1565 5458 (l
1602 5385 1720 5443 Cor.
1752 5403 1859 5457 xv,

273 5477 539 5546 44-46).

349 5570 436 5623 11.
486 5566 577 5623 Sic
606 5581 732 5637 ergo
767 5566 1023 5622 debemus
1053 5566 1345 5637 intelligere
1382 5568 1523 5623 hunc
1565 5569 1734 5624 locum
1761 5612 1775 5637 ,
1802 5582 1862 5627 ut

384 5660 613 5722 plerique
644 5660 836 5709 codices
852 5693 868 5719 ,
920 5658 1211 5711 commixtio.
1236 5660 1544 5710 Pratellensis
1597 5668 1699 5724 Ms.,
1740 5677 1862 5715 cont-

276 5734 520 5855 ἠ’ᾞὲ
538 5781 816 5855 intelligunt
837 5783 1164 5855 Tertullianus
1185 5783 1270 5835 lib.
1287 5785 1351 5836 de
1374 5792 1646 5838 Resurrect.
1682 5796 1856 5854 carnis,

278 5844 455 5909 mins,
482 5854 535 5895 et
556 5844 757 5895 Hilarius
779 5848 825 5894 in
851 5847 966 5909 Psal.
992 5862 1150 5896 cxnu.

341 5908 445 5973 (b)l
468 5916 673 5958 Retract.
698 5922 801 5970 cap.
825 5908 898 5967 10,
928 5924 977 5957 ιι.
1003 5909 1048 5957 5.

553 5991 779 6059 δΔΝΩΪ.
826 5994 1103 6056 Aucusr.
1149 5993 1261 6056 Ill.

1611 408 1815 464 LIBER
1856 406 2235 465 SECUNDUS.

3444 428 3551 485 202

1971 537 2074 576 non
2105 522 2225 589 quia
2253 522 2451 577 dictum
2478 533 2589 593 est,
2623 527 2903 599 Insuﬁlavit
2936 530 2989 585 in
3013 548 3127 587 eum
3151 537 3387 603 spiritum
3414 542 3548 612 vitw,

1970 621 2017 666 et
2044 618 2207 684 [actus
2227 624 2298 667 est
2326 615 2473 669 homo
2497 618 2549 670 in
2571 620 2792 672 animam
2814 622 3072 690 viventem,
3104 626 3385 685 credamus
3409 622 3553 689 illam

1970 705 2129 760 veluti
2170 715 2369 776 partem
2407 719 2608 764 naturae
2636 712 2730 766 Dei
2760 716 2811 766 in
2842 716 3071 771 animam
3118 719 3349 778 hominis
3390 725 3554 782 fuisse

1970 810 2306 863 conversam,
2341 807 2394 853 et
2416 815 2670 870 cogamur
2698 803 2877 861 dicere
2909 816 3153 865 naturam
3181 812 3275 868 Dei
3300 830 3419 872 esse
3446 833 3559 873 mu-

1971 887 2184 942 tabilem
2220 907 2234 944 :
2262 890 2312 943 in
2345 906 2448 960 quo
2482 907 2665 949 errore
2692 896 2921 952 maxime
2960 899 3092 956 istos
3117 902 3436 962 Manichaeos
3460 925 3554 964 ve-

1970 979 2100 1034 ritas
2130 981 2345 1051 premit.
2391 981 2539 1039 Sicut
2582 986 2725 1041 enim
2754 998 2837 1043 est
2864 1000 3034 1046 mater
3071 997 3304 1051 omnium
3344 998 3557 1057 haereti-

1970 1085 2157 1126 corum
2184 1075 2430 1142 superbia
2449 1116 2464 1143 ,
2494 1078 2609 1131 ausi
2639 1081 2763 1133 sunt
2786 1080 2965 1138 dicere
2988 1085 3129 1155 quod
3154 1098 3340 1144 natura
3369 1092 3462 1149 Dei
3489 1094 3558 1149 sit

1971 1163 2165 1217 anima.
2217 1164 2285 1220 Et
2324 1164 2448 1221 hinc
2475 1177 2729 1238 urgentur
2751 1187 2782 1227 a
2808 1173 2996 1243 nobis,
3032 1191 3153 1233 cum
3192 1180 3270 1236 eis
3307 1181 3553 1251 dicimus,

1972 1254 2111 1324 Ergo
2136 1265 2321 1312 natura
2352 1258 2445 1314 Dei
2470 1269 2613 1315 errat
2636 1272 2690 1317 et
2711 1264 2907 1320 misera
2932 1277 3053 1335 est,
3083 1279 3138 1325 et
3162 1272 3408 1330 vitiorum
3438 1276 3556 1333 labe

1971 1348 2338 1417 corrumpitur
2364 1357 2419 1404 et
2446 1362 2663 1420 peccat;
2687 1356 2990 1423 autetiam,
3022 1369 3078 1414 ut
3111 1375 3205 1418 vos
3232 1363 3429 1433 dicitis,
3460 1382 3554 1420 na-

1974 1444 2110 1491 turze
2140 1440 2423 1495 contraria:
2462 1442 2707 1498 sordibus
2752 1445 3059 1517 inquinatur
3091 1468 3105 1507 :
3132 1462 3187 1508 et
3213 1464 3405 1511 caetera
3435 1458 3555 1512 talia

1973 1541 2094 1596 qua:
2118 1527 2187 1583 de
2211 1538 2401 1585 natura
2422 1530 2518 1586 Dei
2542 1533 2692 1589 nefas
2708 1544 2790 1591 est
2808 1538 3045 1595 credere.
3067 1542 3199 1599 Nam
3216 1544 3408 1603 factam
3439 1564 3558 1605 esse

1973 1617 2206 1673 animam
2237 1621 2304 1676 ab
2331 1624 2697 1693 omnipotente
2730 1628 2870 1696 Deo,
2908 1641 2961 1687 et
2987 1632 3107 1688 ideo
3134 1650 3239 1691 non
3268 1638 3411 1692 illam
3440 1654 3560 1695 esse

1975 1719 2181 1779 partem
2221 1713 2315 1768 Dei
2362 1716 2444 1769 vel
2494 1726 2737 1773 naturam
2785 1720 2916 1788 Dei,
2970 1725 3250 1783 manifeste
3295 1730 3399 1785 alio
3443 1732 3560 1787 loco

1973 1802 2228 1872 scriptum
2257 1813 2359 1872 est,
2390 1806 2599 1864 dicente
2626 1809 2905 1881 propheta,
2938 1814 3005 1869 Et
3030 1819 3115 1887 qui
3145 1819 3293 1887 ﬁnxit
3321 1823 3554 1891 spiritum

1974 1894 2235 1963 omnibus,
2277 1898 2385 1968 ipse
2426 1901 2543 1971 fecit
2570 1904 2740 1957 omnia
2766 1904 2938 1974 (Psal.
2970 1924 3156 1976 xxxu,
3186 1914 3279 1984 15)
3313 1932 3325 1969 :
3355 1924 3411 1970 et
3456 1917 3562 1971 alio

1974 1986 2121 2054 loco,
2149 1988 2249 2053 Qui
2275 1990 2422 2058 ﬁnxit
2447 1993 2680 2062 spiritum
2703 1995 2918 2052 hominis
2940 1999 2992 2053 in
3019 2001 3129 2071 ipso
3150 2001 3331 2071 (Zaclt.
3356 1992 3450 2074 xit,
3484 2008 3562 2078 1).

1980 2078 2121 2149 Ergo
2164 2080 2360 2136 factum
2405 2099 2525 2139 esse
2569 2085 2812 2155 Spiritum
2856 2088 3115 2157 hominis,
3156 2096 3433 2151 manifeste
3480 2098 3563 2154 his

1974 2172 2293 2229 testimoniis
2341 2175 2687 2244 approbatur.
2740 2178 2967 2249 Spiritus
3013 2192 3190 2239 autem
3234 2187 3465 2243 hominis
3511 2189 3562 2244 in

1975 2258 2264 2331 Scripturis
2312 2263 2504 2319 dicitur
2551 2266 2716 2334 ipsius
2754 2270 2946 2325 animae
2994 2276 3227 2341 potentia
3267 2278 3563 2347 rationalis,

1974 2366 2078 2421 qua
2107 2351 2267 2407 distat
2293 2369 2322 2406 a
2352 2356 2655 2425 pecoribus,
2686 2367 2740 2414 et
2765 2360 2842 2415 eis
2871 2370 3079 2419 natura:
3100 2365 3217 2438 lege
3237 2367 3559 2426 dominatur.

1976 2441 2052 2497 De
2075 2458 2181 2513 quo
2207 2443 2337 2499 dicit
2371 2446 2657 2515 Aposmlus
2686 2466 2698 2503 :
2734 2448 2901 2506 Nemo
2922 2454 3015 2508 scit
3046 2472 3159 2523 qum
3178 2468 3295 2511 sunt
3323 2460 3562 2526 hominis,

1973 2534 2073 2587 nisi
2110 2535 2318 2606 spiritus
2350 2536 2567 2593 hominis
2600 2540 2687 2609 qui
2726 2542 2780 2595 in
2803 2541 2915 2610 ipso
2941 2555 3013 2598 est
3044 2544 3086 2616 (1
3111 2545 3228 2603 Cor.
3257 2564 3313 2615 ιι,
3348 2550 3458 2623 il).
3490 2552 3565 2606 Nc

1975 2623 2114 2681 forte
2155 2627 2201 2681 si
2247 2628 2564 2697 probaretur
2594 2632 2610 2663 ¹
2642 2630 2724 2686 his
2766 2634 3087 2691 testimoniis
3113 2638 3346 2695 animam
3371 2641 3563 2697 factam

1973 2731 2114 2783 esse,
2142 2733 2253 2772 non
2280 2718 2527 2774 deessent
2549 2722 2639 2791 qui
2660 2721 2901 2779 dicerent
2931 2727 3173 2795 spiritum
3200 2728 3430 2802 hominis
3458 2749 3561 2789 non

1973 2825 2093 2865 esse
2121 2811 2338 2879 factum,
2367 2824 2421 2869 et
2446 2814 2618 2885 ipsum
2639 2816 3027 2875 arbitrarentur
3041 2835 3162 2877 esse
3180 2831 3422 2880 naturam
3442 2827 3558 2894 Dei,

1974 2911 2028 2956 et
2060 2904 2109 2957 in
2136 2904 2311 2974 ipsum
2336 2905 2573 2961 dicerent
2599 2916 2808 2977 partem
2832 2910 2924 2966 Dei
2948 2926 3067 2968 esse
3086 2928 3420 2986 conversam,
3442 2936 3561 2975 cum

1976 2994 2062 3050 illa
2093 2997 2379 3052 insufflatio
2403 2999 2495 3054 Dei
2522 3000 2656 3055 facta
2689 3011 2790 3057 est.
2820 3002 2973 3071 Quod
2997 3020 3123 3062 sana
3152 3008 3387 3065 doctrina
3417 3011 3561 3068 simi-

1975 3086 2095 3141 liter
2124 3091 2362 3158 respuit,
2406 3091 2528 3161 quia
2555 3102 2610 3146 et
2647 3093 2763 3163 ipse
2801 3095 3019 3164 spiritus
3058 3097 3289 3173 hominis
3317 3117 3437 3157 cum
3464 3105 3562 3158 ali-

1975 3179 2186 3246 quando
2206 3191 2370 3255 errat,
2397 3190 2452 3237 et
2470 3182 2755 3254 aliquando
2772 3185 3059 3255 prudenter
3080 3190 3238 3261 sapit,
3255 3194 3562 3251 mutabilem

1974 3283 2034 3323 se
2068 3286 2187 3326 esse
2224 3272 2459 3327 clamat:
2488 3276 2629 3345 quod
2668 3277 2812 3332 nullo
2849 3280 3009 3334 modo
3037 3281 3105 3335 de
3146 3293 3332 3339 natura
3363 3286 3564 3343 Dei'fas

1973 3371 2055 3416 est
2101 3363 2337 3420 credere.
2394 3365 2523 3443 Non
2548 3378 2726 3425 autem
2769 3380 2944 3440 potest
2984 3374 3157 3445 majus
3197 3377 3404 3449 signum
3443 3397 3564 3437 esse

1974 3456 2238 3523 superbiae
2258 3498 2274 3523 ,
2318 3473 2476 3527 quam
2519 3468 2576 3514 ut
2603 3460 2743 3515 dicat
2770 3477 2829 3518 se
2861 3464 3092 3519 humana
3117 3469 3291 3522 anima
3320 3471 3421 3526 hoc
3444 3487 3563 3529 esse

1975 3544 2117 3612 quod
2150 3545 2289 3600 Deus
2311 3556 2413 3614 est,
2444 3564 2562 3603 cum
2590 3550 2763 3606 adhuc
2791 3553 2890 3609 sub
2917 3557 3072 3612 tantis
3100 3557 3347 3617 vitiorum
3376 3573 3429 3618 et
3457 3565 3561 3619 mi-

1973 3634 2239 3689 seriarum
2269 3636 2499 3693 molibus
2521 3653 2715 3709 gemat.

2073 3722 2302 3814 CAPUT
2334 3726 2527 3814 IX..-—
2558 3729 2797 3787 Paradisi
2824 3734 3017 3791 delicia:
3040 3739 3163 3809 quid
3191 3741 3477 3814 allegorice.

2048 3813 2135 3869 12.
2168 3815 2318 3871 Νυιιε
2332 3817 2442 3888 jam
2473 3820 2747 3877 videamus
2777 3825 2944 3895 ipsam
2979 3813 3361 3890 beatitudinem
3386 3836 3560 3895 homi-

1971 3908 2077 3987 nis,
2108 3924 2226 3978 qucc
2257 3910 2484 3979 paradisi
2509 3914 2723 3971 nomine
2748 3916 3079 3988 significatur
3112 3941 3125 3977 :
3156 3939 3277 3980 nam
3308 3931 3557 3999 quoniam

1971 4002 2027 4056 in
2051 4002 2360 4057 nemoribus
2395 4004 2645 4061 deliciosa
2686 4009 2837 4079 quies
2869 4010 3142 4071 hominum
3171 4033 3289 4075 esse
3314 4022 3482 4091 solet,
3507 4034 3563 4081 ει

1971 4096 2245 4172 corporeis
2290 4098 2537 4155 sensibus
2568 4103 2765 4157 nostris
2795 4104 2861 4160 de
2899 4108 3105 4165 oriente
3149 4112 3325 4169 lumen
3368 4119 3553 4187 oritur,

1969 4193 2272 4264 coelumque
2301 4193 2591 4267 consurgit,
2621 4196 2764 4269 quod
2784 4200 3027 4273 superius
3053 4217 3247 4278 corpus
3276 4216 3359 4262 cst
3378 4224 3561 4266 nostro

1970 4298 2195 4353 corpore
2221 4294 2381 4355 atque
2404 4288 2784 4357 excellentius;
2816 4304 3093 4365 propterea
3110 4298 3193 4353 his
3214 4303 3387 4359 verbis
3400 4302 3556 4360 etiam

1970 4375 2272 4446 Spirituales
2313 4376 2550 4446 deliciae,
2596 4395 2728 4450 quas
2766 4383 2924 4439 habet
2956 4386 3105 4442 beata
3147 4389 3249 4444 vita
3273 4433 3288 4456 ,
3339 4393 3561 4463 figurate

1970 4467 2342 4538 explicantur,
2389 4478 2443 4524 et
2466 4470 2533 4526 ad
2557 4472 2815 4529 orientem
2844 4477 3115 4545 paradisus
3157 4468 3443 4549 plantatur‘.
3477 4485 3562 4540 ln-

1969 4557 2269 4628 telligamus
2296 4568 2474 4616 autem
2516 4572 2698 4620 nostra
2720 4566 2910 4636 gaudia
2936 4569 3223 4638 spiritualia
3258 4576 3560 4647 significare

1970 4664 2129 4705 omne
2157 4650 2354 4720 lignum
2382 4652 2672 4735 formosum
2694 4657 2760 4711 ad
2796 4669 3065 4727 aspectum
3098 4663 3479 4739 intelligentia},
3507 4680 3562 4727 et

1969 4742 2166 4798 bonum
2194 4742 2262 4797 ad
2300 4759 2476 4799 escam
2520 4762 2637 4817 qua:
2677 4765 2784 4804 non
2824 4755 3185 4823 corrumpitur
3207 4800 3223 4825 ,
3256 4776 3357 4829 qua
3388 4762 3560 4820 beata:

1969 4837 2160 4891 animce
2187 4846 2479 4907 pascuntur
2507 4857 2521 4894 :
2554 4854 2677 4896 nam
2708 4852 2761 4897 et
2791 4843 3045 4900 Dominus
3074 4848 3225 4917 dicit,
3259 4852 3557 4921 Oper-amitti

1969 4944 2134 4982 escam
2153 4944 2265 4998 qua:
2278 4945 2381 4983 non
2404 4934 2742 5001 corrumpitur
2760 4932 2937 5007 (Joan.
2956 4954 3031 5006 γι,
3051 4938 3143 5011 27)
3168 4957 3185 5005 ;
3212 4952 3267 4997 ut
3288 4954 3369 4999 est
3384 4949 3559 5003 omnis

1969 5019 2127 5087 ratio,
2158 5035 2274 5089 quae
2299 5019 2449 5074 cibus
2472 5031 2553 5076 est
2573 5023 2782 5077 anima).
2817 5026 2897 5080 Ad
2920 5028 3179 5085 orientem
3205 5072 3220 5099 ,
3264 5035 3433 5089 lucem
3462 5052 3547 5092 sa-

1969 5111 2181 5179 pientiae
2211 5111 2265 5164 in
2291 5110 2473 5179 Eden,
2527 5112 2576 5166 id
2621 5125 2702 5169 est
2746 5117 2797 5170 iu
2839 5117 3043 5175 deliciis
3084 5122 3470 5182 immortalibus
3497 5138 3553 5184 et

1970 5202 2408 5271 intelligibilibns.
2436 5203 2565 5257 Nam
2589 5196 2813 5274 delicia},
2833 5211 2916 5265 vel
2940 5212 3201 5282 voluptas,
3234 5200 3554 5285 velcpulum

1970 5292 2073 5348 hoc
2098 5294 2262 5348 verbo
2291 5294 2571 5364 significari
2604 5296 2816 5367 dicitur,
2849 5302 2894 5356 si
2923 5317 2987 5357 ex
3016 5304 3229 5360 hebrch
3254 5305 3305 5359 in
3329 5306 3554 5366 latinum

1970 5384 2366 5454 interpretetur.
2397 5387 2628 5443 Positum
2658 5402 2741 5446 est
2766 5404 2941 5449 autem
2977 5395 3055 5449 sic
3082 5396 3196 5451 sine
3233 5397 3553 5471 interpreta-

1972 5474 2145 5542 tione,
2179 5484 2235 5528 ut
2262 5476 2488 5546 aliquem
2521 5479 2693 5534 locum
2722 5483 3017 5553 significare
3045 5485 3286 5542 videatur
3308 5532 3323 5557 ,
3355 5494 3552 5563 magis-

1968 5581 2072 5637 que
2114 5567 2386 5636 figuratam
2417 5568 2572 5625 faciat
2622 5573 2962 5630 locutionem.
3012 5576 3335 5637 Productum
3374 5595 3549 5641 autem

1968 5675 2032 5714 ex
2062 5668 2198 5714 terra
2228 5676 2385 5717 omne
2415 5663 2539 5719 illud
2564 5665 2762 5736 lignum
2793 5668 3082 5738 accipimus
3103 5686 3262 5729 omne
3283 5675 3406 5732 illud
3424 5694 3552 5747 gau-

2014 5794 2212 5874 item,
2419 5798 2693 5874 probaretur
2734 5809 2819 5874 .At
2840 5812 2948 5874 am.
2989 5809 3065 5853 Er.
3093 5814 3143 5856 et
3323 5822 3552 5873 quatuor.

1963 5855 2149 5936 (iccint,
2177 5871 2206 5907 e
2238 5855 2622 5925 quibus'negius
2658 5863 2814 5915 codex
2851 5868 3044 5928 Optimze
3088 5855 3551 5936 ιιοιεείιιδᾷἇίιῖιῖε

1961 5927 2146 5970 mrem.

3018 6014 3263 6094 (Sept)
