4056 6466
228 550 347 598 tere
372 522 653 593 dominari
672 532 725 589 in
754 530 962 597 virum;
990 524 1130 600 quod
1158 520 1247 580 ubi
1268 521 1548 592 contingit,
1576 530 1823 591 perversa

230 640 291 691 et
310 632 513 687 misera
541 628 733 684 domus
755 634 880 680 est.‘

304 722 395 780 l6.
438 722 623 777 Primo
649 734 777 789 ergo
816 710 1200 771 demonstravit
1228 707 1368 763 Deus
1402 704 1604 761 homini
1630 710 1828 774 quanto

233 816 429 873 melior
456 822 602 869 esset
642 807 955 882 pecoribus,
1000 812 1053 858 et
1092 801 1337 857 omnibus
1380 794 1831 853 irrationabilibus

234 907 599 966 animantibus
624 922 638 959 :
668 912 722 958 et
748 901 848 955 hoc
869 896 1131 969 significat
1156 894 1294 966 quod
1316 888 1513 948 dictum
1538 897 1638 957 est,
1666 884 1833 943 addu-

233 1010 319 1054 cta
345 1013 471 1054 esse
499 995 564 1050 ad
598 993 744 1048 illum
766 991 943 1046 omnia
970 985 1277 1049 animantia,
1308 992 1365 1038 ut
1390 981 1592 1037 videret
1617 976 1752 1051 quid
1771 992 1834 1032 ea

233 1099 479 1155 vocaret,
507 1095 560 1143 et
585 1087 663 1142 eis
690 1083 903 1140 nomina
934 1076 1253 1151 imponeret.
1280 1072 1355 1132 Ex
1378 1076 1479 1130 hoc
1504 1074 1645 1130 enim
1673 1086 1836 1143 appa-

234 1190 321 1239 ret
362 1182 483 1254 ipsa
524 1178 731 1235 ratione
768 1174 1038 1229 hominem
1084 1160 1359 1225 meliorem
1398 1182 1519 1223 esse
1558 1180 1712 1236 quam
1742 1179 1836 1232 pe-

236 1293 369 1334 cora
390 1318 407 1343 ,
443 1274 589 1347 quod
620 1270 949 1340 distinguere
977 1277 1029 1322 et
1056 1264 1371 1319 nominatim
1401 1277 1462 1316 ea
1493 1260 1798 1315 discernere
1819 1300 1835 1325 ,

238 1368 459 1425 nonnisi
504 1366 640 1422 ratio
684 1370 892 1435 potest,
924 1375 1043 1432 quae
1079 1358 1145 1413 de
1185 1358 1313 1426 ipsis
1338 1353 1557 1425 judicat.
1585 1351 1691 1407 Sed
1724 1350 1839 1404 haec

240 1462 413 1520 facilis
442 1461 584 1517 ratio
609 1466 722 1523 est;
750 1455 857 1511 cito
882 1454 1025 1510 enim
1048 1452 1210 1505 homo
1230 1448 1473 1517 intelligit
1489 1461 1547 1500 se
1563 1442 1839 1500 meliorem

241 1570 364 1611 esse
389 1550 716 1626 pecoribus:
750 1548 838 1603 illa
868 1553 950 1603 est
985 1538 1215 1599 difficilis
1241 1542 1408 1605 ratio,
1453 1553 1556 1609 qua
1600 1533 1844 1606 intelligit

244 1650 297 1705 in
325 1625 508 1719 seipso
535 1638 691 1698 aliud
709 1655 832 1696 esse
858 1634 1120 1694 rationale
1152 1632 1292 1706 quod
1320 1631 1457 1703 regit
1483 1671 1498 1696 ,
1544 1626 1685 1682 aliud
1725 1625 1841 1680 ani—

245 1742 384 1798 male
407 1737 553 1810 quod
562 1734 798 1806 "regitur.

336 1826 566 1889 CAPUT
604 1823 724 1884 XII.
750 1855 824 1867 —
849 1820 1031 1894 sopito
1069 1820 1196 1875 Atia:
1222 1820 1405 1892 juncta
1445 1810 1575 1870 Eva.
1620 1812 1756 1880 Quid

919 1910 1013 1972 sibi
1037 1912 1175 1970 velit.

318 2014 387 2073 Et
413 2014 671 2085 quoniam
692 2006 811 2067 haec
837 2007 1129 2066 secretiore
1158 2004 1418 2075 sapientia
1444 2000 1590 2059 videt
1612 2043 1627 2068 ,
1676 2001 1847 2069 ipsam

253 2109 516 2166 visionem
534 2112 799 2161 secretam
819 2100 1037 2158 nomine
1057 2097 1265 2169 soporis
1286 2094 1570 2166 significari
1594 2093 1845 2159 arbitror,

251 2216 403 2273 quem
433 2195 663 2253 immisit
686 2195 828 2249 Deus
858 2192 911 2247 in
937 2189 1107 2245 Adam
1129 2231 1143 2257 ,
1176 2186 1389 2258 quando
1414 2186 1463 2240 ei
1490 2184 1684 2238 mulier
1710 2181 1849 2236 facta

251 2301 346 2349 est.
376 2288 451 2347 Ut
479 2288 624 2345 enim
654 2285 757 2341 hoc
787 2283 1062 2348 videatur,
1109 2295 1216 2334 non
1258 2286 1342 2333 est
1376 2291 1512 2347 opus
1540 2274 1709 2330 oculis
1736 2273 1852 2327 istis

252 2381 556 2454 corporeis,
590 2377 686 2434 sed
713 2384 913 2448 quanto
942 2372 1167 2443 quisque
1199 2370 1266 2425 ab
1290 2366 1407 2423 istis
1432 2365 1731 2422 visibilibus
1761 2379 1853 2419 re-

250 2480 349 2536 bus
366 2478 422 2534 in
444 2473 703 2532 interiora
731 2467 1088 2540 intelligentiae
1111 2463 1396 2521 secesserit
1422 2462 1548 2531 (hoc
1568 2468 1653 2518 est
1672 2466 1853 2513 autem

250 2570 403 2644 quasi
432 2559 882 2632 obdormiscere),
933 2566 1080 2614 tanto
1123 2554 1316 2611 melius
1345 2562 1399 2609 et
1436 2551 1698 2607 sincerius
1727 2547 1855 2604 illud

249 2642 416 2720 videt.
464 2662 588 2731 ipsa
626 2656 772 2713 enim
810 2650 1071 2724 cognitio,
1120 2664 1222 2719 qua
1264 2645 1578 2715 intelligitur
1607 2643 1658 2697 in
1702 2642 1858 2696 nobis

251 2754 397 2811 aliud
426 2767 555 2809 esse
581 2747 723 2820 quod
752 2746 958 2802 ratione
978 2741 1304 2803 dominetur,
1332 2736 1474 2793 aliud
1500 2734 1640 2806 quod
1666 2732 1857 2789 rationi

252 2849 633 2916 obtemperet;
664 2843 776 2913 ipsa
797 2853 924 2909 ergo
944 2835 1175 2906 cognitio
1200 2832 1364 2887 veluti
1391 2830 1601 2886 effectio
1618 2825 1859 2883 mulieris

255 2947 341 2995 est
367 2938 439 2994 de
467 2944 621 2991 costa
644 2932 783 2997 viri,
824 2938 1041 3001 propter
1076 2924 1509 2996 conjunctionem
1552 2919 1862 2992 signiﬁcan-

256 3030 405 3086 dam.
438 3025 666 3091 Deinde,
705 3032 765 3078 ut
799 3023 1022 3093 quisque
1052 3012 1173 3072 huic
1202 3032 1314 3071 suae
1346 3016 1483 3087 parti
1511 3022 1659 3070 recte
1686 3012 1864 3067 domi-

258 3130 443 3188 netur,
477 3128 531 3174 et
567 3116 656 3171 fiat
696 3113 848 3186 quasi
889 3110 1179 3182 conjugalis
1204 3109 1256 3163 in
1282 3108 1490 3178 seipso,
1520 3115 1578 3161 ut
1606 3119 1731 3160 caro
1756 3119 1866 3159 non

260 3212 613 3282 concupiscat
645 3207 901 3263 adversus
943 3202 1211 3274 spiritum,
1247 3200 1341 3256 sed
1372 3200 1579 3269 spiritui
1610 3198 1865 3269 subjuge-

264 3318 383 3373 tur,
430 3304 485 3359 id
526 3311 610 3358 est
649 3296 1079 3368 concupiscentia
1124 3292 1353 3348 carnalis
1402 3308 1507 3345 non
1551 3290 1868 3345 adversetur

265 3398 491 3461 rationi,
523 3393 617 3450 sed
642 3392 821 3466 potius
848 3385 1266 3457 obtemperando
1292 3383 1503 3441 desinat
1528 3397 1650 3438 esse
1673 3396 1865 3436 carna-

267 3491 357 3558 lis,
388 3502 527 3560 opus
553 3485 715 3540 habet
743 3481 977 3554 perfecta
1011 3477 1290 3548 sapientia.
1310 3476 1472 3545 Cujus
1493 3473 1870 3543 contemplatio

270 3583 395 3655 quia
426 3578 653 3635 interior
679 3584 762 3630 est
789 3581 842 3630 et
866 3570 1158 3637 secretior,
1188 3578 1240 3623 et
1268 3567 1335 3621 ab
1363 3566 1520 3621 omni.
1551 3579 1712 3620 sensu
1746 3578 1870 3619 cor-

270 3654 421 3747 poris
449 3668 845 3733 remotissima,
896 3662 1275 3720 convenienter
1317 3658 1477 3714 etiam
1521 3657 1622 3712 ista
1664 3654 1872 3725 soporis

274 3740 500 3815 nomine
530 3752 755 3823 intelligi
788 3756 981 3821 potest.
1011 3744 1162 3800 Tunc
1188 3744 1334 3799 enim
1362 3740 1755 3796 ordinatissime
1779 3754 1873 3795 ca-

274 3859 373 3923 put
398 3846 644 3905 mulieris
666 3844 751 3899 vir
776 3851 881 3911 est,
898 3855 1019 3896 cum
1041 3847 1199 3909 caput
1215 3834 1320 3890 viri
1347 3841 1432 3890 est
1453 3831 1715 3898 Christus,
1739 3830 1829 3902 qui
1855 3831 1872 3862 ί

277 3939 559 4013 Sapientia
590 3945 673 3992 est
701 3934 816 3990 Dei.

353 4011 447 4088 Π.
488 4029 630 4086 Sane
660 4027 714 4081 in
742 4025 917 4080 locum
949 4016 1090 4077 illius
1117 4025 1279 4073 costae
1301 4011 1873 4083 carnem'adimplcvit,

277 4134 340 4182 ut
375 4124 485 4179 hoc
527 4119 745 4175 nomine
771 4115 1133 4173 insinuaretur
1158 4108 1458 4165 dilectionis
1493 4102 1733 4173 affectus,
1771 4118 1877 4175 quo

279 4214 457 4285 diligit
485 4209 853 4280 unusquisque
876 4204 1107 4259 animam
1135 4216 1306 4265 suam,
1338 4207 1391 4254 et
1417 4214 1519 4253 non
1542 4205 1623 4251 est
1642 4196 1805 4250 durus
1823 4204 1880 4250 ut

282 4323 403 4365 eam
431 4310 778 4367 contemnat;
807 4296 955 4370 quod
981 4294 1393 4366 diligit‘quisque
1414 4291 1735 4361 cui'praeest.
1762 4286 1878 4341 Non

282 4401 431 4457 enim
476 4397 556 4453 sic
595 4394 865 4449 nominata
913 4394 996 4445 est
1037 4402 1163 4442 caro
1204 4384 1308 4440 isto
1347 4384 1488 4449 loco,
1524 4392 1584 4436 ut
1612 4378 1880 4436 carnalem

285 4487 779 4561 concupiscentiam
809 4483 1104 4555 significet;
1136 4478 1239 4535 scd‘
1258 4479 1359 4532 isto
1386 4476 1545 4530 modo
1575 4474 1751 4545 potius
1777 4488 1882 4544 quo

285 4583 553 4659 propheta
598 4580 728 4636 dicit
772 4577 969 4633 auferri
1014 4574 1211 4647 populo
1246 4586 1339 4627 cor
1365 4570 1654 4640 lapideum,
1687 4576 1741 4623 et
1769 4566 1884 4621 dari

287 4656 384 4734 cor
421 4688 683 4731 carneum
726 4666 935 4743 (Ezech.
967 4683 1058 4734 χι,
1093 4663 1206 4735 19).
1239 4662 1352 4718 Hec
1402 4660 1561 4716 modb
1588 4659 1730 4716 enim
1758 4656 1888 4712 dicit

289 4771 454 4828 etiam
491 4764 816 4836 Apostolus:
849 4758 972 4814 Non
995 4760 1050 4813 in
1076 4756 1261 4811 tabulis
1290 4753 1520 4825 lapideis,
1554 4751 1651 4807 sed
1664 4752 1716 4804 in
1739 4750 1885 4803 tabu-

297 4864 356 4920 5s
396 4858 569 4916 cordis
597 4855 885 4911 carnalibus
919 4851 984 4924 (Il
1021 4847 1139 4906 Cor.
1168 4852 1225 4903 tn
1246 4890 1261 4912 ,
1294 4846 1374 4915 5).
1406 4840 1671 4899 Ᾱιίιιάθει
1695 4843 1888 4912 quippe

294 4952 510 5027 propria
554 4948 752 5005 lOcutio
773 4987 788 5011 ,
830 4944 973 4999 aliud
1020 4942 1263 5013 figurata,
1298 4936 1466 5007 qualis
1494 4935 1594 4989 ista
1619 4942 1701 4988 est
1730 4938 1886 5003 quam

298 5054 589 5104 tractamus
618 5038 797 5097 modo.
839 5032 1296 5120 Quapropteqetsi
1324 5029 1560 5086 visibilis
1584 5028 1773 5083 femina
1801 5042 1888 5081 se-

298 5136 538 5193 cundum
584 5131 862 5187 historiam
901 5127 968 5183 de
1012 5118 1237 5196 corpore
1275 5121 1376 5176 viri
1402 5120 1577 5192 primo
1603 5118 1739 5173 facta
1759 5129 1891 5172 eSta

301 5230 533 5286 Domino
562 5225 695 5289 Deo,
722 5236 827 5277 non
859 5220 1041 5289 utique
1067 5218 1181 5271 sine
1207 5228 1367 5269 causa
1398 5212 1470 5267 ita
1501 5210 1634 5266 facta
1660 5216 1762 5273 est,
1792 5206 1895 5262 nisi

301 5332 363 5379 ut
385 5317 609 5392 aliquod
632 5322 898 5372 secretum
937 5311 1227 5366 intimaret.
1256 5304 1393 5360 Num
1422 5304 1564 5358 enim
1604 5308 1693 5355 aut
1738 5299 1897 5354 limus

304 5415 474 5474 defuit
490 5412 634 5467 unde
650 5408 845 5465 femina
867 5399 1220 5462 formaretur?
1246 5407 1354 5465 aut,
1378 5398 1422 5451 si
1442 5395 1602 5451 vellet
1621 5393 1895 5457 Dominus,

307 5506 517 5564 homini
557 5499 801 5573 vigilanti
845 5504 1049 5553 costam
1088 5494 1205 5550 sine
1247 5490 1433 5546 delere
1474 5485 1753 5542 detrahere
1792 5497 1902 5538 non

312 5597 533 5672 posset?
564 5594 689 5652 Sive
716 5602 845 5662 ergo
885 5591 985 5645 ista
1016 5587 1237 5659 figurate
1270 5582 1410 5637 dicta
1440 5581 1570 5646 sint,
1601 5579 1711 5633 sive
1741 5576 1899 5632 etiam

314 5668 544 5767 figurate
588 5688 729 5743 facta
770 5686 897 5749 sint,
942 5696 1051 5736 non
1091 5680 1289 5734 frustra
1329 5674 1431 5729 hoc
1468 5672 1627 5728 modo
1653 5671 1793 5726 dicta
1816 5668 1904 5725 vel

315 5788 457 5846 facta
501 5791 663 5849 sunt;
705 5778 817 5836 sed'
843 5784 965 5833 sunt
994 5776 1148 5847 plane
1174 5770 1427 5843 mysteria
1457 5776 1511 5825 et
1537 5774 1864 5825 sacramenta
1886 5806 1902 5833 ,

383 5904 403 5937 ⁸
428 5898 685 5968 sequimur
707 5900 781 5947 Er.
806 5901 927 5945 ven.
948 5896 1001 5944 et
1019 5894 1127 5941 Lov.
1153 5892 1225 5952 3.,
1242 5897 1369 5952 qua.
1433 5889 1491 5933 tt.

1553 397 1765 462 nam
1793 354 2171 459 SECUNDUS.

3410 391 3533 450 206’

1935 514 2047 571 sive
2074 515 2176 570 hoc
2205 512 2363 569 modo
2400 527 2506 585 quo
2538 513 2766 570 tenuitas
2794 520 2973 568 nostra
3003 520 3245 579 conatur,
3274 511 3387 567 sive
3414 512 3519 567 ali-

1934 622 2041 678 quo
2069 607 2173 660 alio
2202 606 2441 672 meliore,
2470 606 2759 661 secundum
2787 620 2971 660 sanam
2997 613 3174 660 tamen
3203 604 3363 659 fidem
3393 610 3527 659 sunt“

1936 697 2331 769 interpretanda
2362 707 2415 754 et
2441 697 2798 769 intelligenda.
3110 733 3137 755 .

2008 809 2234 867 CAPUT
2262 810 2400 865 xm.
2426 841 2497 850 η-
2518 810 2801 881 Spirituale
2828 782 3121 881 conjugium
3143 810 3197 863 in
3226 809 3447 864 homine.

2013 927 2103 981 48.
2145 925 2368 981 Voeavit
2394 941 2527 996 engo
2542 926 2818 981 mulierem
2840 940 2988 981 suam
3019 926 3121 992 vir,
3149 933 3399 995 tanquam
3422 939 3520 994 po.

1942 1018 2047 1074 tior
2073 1017 2403 1085 inferiorem,
2432 1026 2487 1073 et
2512 1017 2646 1073 dixit
2670 1036 2681 1071 :
2711 1016 2822 1071 Hoc
2849 1034 2982 1071 nunc
3000 1032 3056 1071 os
3081 1015 3144 1069 de
3167 1015 3360 1070 ossibus
3378 1016 3522 1081 meis,

1943 1118 1990 1165 et
2019 1127 2138 1165 caro
2163 1111 2225 1165 de
2262 1126 2417 1166 carne
2440 1124 2571 1163 mea.
2607 1108 2676 1162 Os
2705 1108 2771 1162 de
2795 1108 2987 1162 ossibus
3009 1149 3023 1174 ,
3062 1106 3285 1161 fortasse
3312 1115 3529 1175 propter

1944 1202 2307 1258 fimitudinem
2328 1221 2344 1269 ;
2369 1211 2429 1258 et-
2444 1219 2562 1256 caro
2578 1202 2641 1255 de
2660 1218 2828 1266 carne,
2859 1208 3076 1271 propter
3103 1200 3529 1270 temperantiam.

1946 1296 2039 1351 Hae
2065 1310 2293 1366 namque
2315 1293 2432 1350 duae
2452 1294 2757 1349 virtutes‘ad
2779 1291 3084 1347 inferiorem
3100 1291 3271 1346 animi
3300 1301 3528 1361 partem,

1947 1403 2105 1458 quam
2139 1387 2423 1458 prudentia
2448 1386 2725 1440 rationalis
2754 1385 2921 1455 regit,
2938 1383 3212 1438 docentur
3238 1383 3546 1452 pertinere.

1947 1480 2099 1549 Quod
2140 1491 2317 1535 autem
2359 1478 2560 1533 dictum
2598 1486 2701 1543 est,
2744 1476 2871 1531 Huc
2895 1474 3152 1528 vocabitur
3174 1473 3537 1543 mulionem-

1948 1574 2087 1627 niam
2113 1573 2174 1627 de
2199 1573 2305 1626 viro
2330 1587 2423 1626 suo
2462 1579 2671 1641 sumpta
2707 1578 2809 1633 est;
2856 1568 2973 1622 ista.
2995 1566 3143 1637 origo
3181 1564 3432 1631 nominis,
3479 1572 3547 1619 et.

1950 1663 2317 1732 interpretatio
2342 1663 2395 1717 in
2428 1662 2605 1731 lingua
2637 1660 2800 1715 latina
2828 1674 2934 1713 non
2962 1665 3202 1727 apparet.
3233 1654 3371 1723 Quid
3389 1655 3545 1711 enim:

1950 1754 2126 1810 simile
2149 1754 2351 1809 habeat
2372 1753 2614 1808 mulieris
2643 1766 2837 1805 nomen
2860 1749 2925 1803 ad
2948 1748 3045 1802 viri
3077 1762 3289 1812 nomen,
3325 1761 3431 1800 non
3452 1745 3539 1800 in-

1950 1849 2178 1902 venitur.
2213 1846 2317 1901 Sed
2356 1848 2410 1900 in
2442 1846 2654 1900 hebraea
2685 1842 2953 1897 locutione
2982 1840 3177 1895 dicitur
3201 1838 3279 1893 sic
3311 1851 3536 1904 sonare,

1952 1940 2103 2011 quasi
2130 1938 2331 1993 dictum
2364 1938 2471 1992 sit:
2503 1936 2630 1991 Haec
2654 1933 2931 1988 vocabitur
2966 1931 3166 2001 virago,
3194 1928 3449 1999 quoniam
3471 1926 3542 1983 de

1952 2030 2069 2085 viro
2110 2044 2208 2085 suo
2256 2037 2465 2099 sumpta
2508 2034 2608 2083 est.
2657 2025 2789 2079 Nam
2827 2024 3023 2093 virago
3050 2021 3133 2076 vel
3172 2021 3324 2090 virgo
3365 2018 3553 2089 potius;

1954 2124 2118 2181 habet
2155 2125 2383 2194 aliquam
2424 2120 2825 2178 similitudinem
2854 2132 2977 2173 cum
3010 2115 3109 2170 viri
3140 2113 3390 2179 nomine;
3420 2128 3544 2167 mu-

1955 2217 2053 2272 lier
2078 2226 2257 2270 autem
2282 2230 2389 2270 non
2410 2214 2571 2269 habet
2596 2229 2609 2266 :
2640 2211 2734 2267 sed
2761 2210 2882 2277 hoc,
2904 2215 2966 2263 ut
2993 2206 3123 2275 dixi,
3150 2206 3343 2276 lingua:
3370 2203 3547 2259 diver-

1957 2309 2087 2364 sitas
2118 2308 2263 2362 facit.
2726 2358 2731 2359 ί

2030 2402 2119 2457 l9.
2154 2398 2307 2466 Quod
2322 2404 2499 2452 autem
2520 2394 2758 2450 additum
2774 2400 2878 2460 est,
2898 2390 3164 2460 Relinquet
3188 2390 3339 2443 homo
3354 2396 3553 2459 patrem

1960 2503 2009 2548 et
2033 2502 2266 2557 matrem,
2314 2498 2359 2543 et
2400 2486 2673 2542 adhaerebit
2718 2485 2867 2540 umori
2903 2498 3045 2550 sunt;
3093 2491 3141 2536 et
3178 2490 3322 2535 erunt
3358 2480 3557 2534 daein

1961 2602 2113 2640 came
2142 2601 2262 2649 una,
2298 2580 2564 2651 quomodo
2591 2578 2855 2635 referatur
2876 2576 2944 2631 ad
2971 2575 3247 2629 historiam
3276 2588 3381 2627 non
3403 2573 3555 2627 inve-

1963 2678 2071 2742 nio,
2104 2677 2204 2731 nisi
2229 2674 2370 2746 quod
2396 2673 2713 2743 plerumque
2743 2670 2798 2723 in
2828 2682 3022 2738 genere
3051 2666 3287 2719 humano
3306 2664 3406 2719 ista
3423 2679 3555 2719 con-

1964 2769 2207 2839 tingunt;
2236 2766 2331 2821 sed
2357 2773 2466 2819 tota
2491 2762 2769 2833 prophetia
2796 2770 2908 2827 est,
2936 2759 3088 2829 cujus
3116 2758 3407 2828 Apostolus
3436 2771 3553 2811 mc-

1964 2861 2120 2916 minit
2141 2900 2157 2925 ,
2190 2859 2374 2914 dicens
2412 2874 2424 2909 :
2469 2855 2691 2927 Propter
2718 2855 2813 2908 hoc
2841 2852 3083 2921 relinquet
3111 2852 3261 2905 homo
3289 2858 3489 2921 patrem
3507 2858 3561 2904 et

1966 2963 2210 3019 matrem,
2238 2960 2287 3005 et
2315 2948 2590 3003 adfirmavit
2616 2948 2763 3001 umori
2789 2961 2925 3010 sua;
2956 2955 3001 2999 et
3025 2954 3171 2998 erunt
3200 2943 3302 2996 duo
3322 2943 3378 2995 in
3406 2956 3559 2997 cam

1967 3063 2088 3101 una.
2117 3045 2510 3101 Sacramentmn
2538 3043 2633 3096 hoc
2656 3056 2897 3112 magnum
2916 3048 2988 3093 est
3013 3054 3031 3092 :
3058 3054 3148 3109 ego
3169 3046 3343 3090 autem
3369 3036 3482 3089 dico
3500 3035 3559 3089 in

1969 3137 2171 3193 Christo
2193 3146 2241 3191 et
2268 3137 2322 3190 in
2350 3135 2579 3190 Ecclesia
2608 3132 2825 3204 (Ephes.
2860 3147 2910 3197 ν,
2943 3130 3033 3194 51,
3062 3129 3175 3201 3‘2).
3210 3127 3363 3195 Quod
3390 3125 3559 3180 Mani-

1970 3230 2105 3286 elici
2129 3230 2179 3284 si
2200 3245 2317 3283 non.
2339 3227 2466 3282 caeci
2492 3227 2748 3296 legerent,
2773 3222 2862 3293 qui
2889 3237 2986 3292 per
3012 3220 3280 3291 Epistolas
3309 3216 3562 3289 apostoli-

1972 3321 2289 3377 casmultos
2303 3318 2593 3388 decipiunt,
2628 3315 2985 3383 intelligerent
3004 3312 3274 3383 quomodo
3302 3310 3564 3378 accipien~

1972 3413 2056 3469 dte
2092 3413 2199 3466 sint
2232 3406 2801 3465 Veteris'l‘estamenti
2839 3404 3149 3473 Scriptum,
3198 3417 3298 3456 nec
3330 3411 3435 3455 tam
3475 3416 3563 3454 sa-

1974 3506 2173 3573 crilega
2212 3516 2344 3556 voce
2369 3500 2628 3554 auderent
2663 3511 2916 3551 accusare
2943 3494 3083 3563 quod
3111 3494 3374 3548 nesciunt.
3408 3492 3561 3561 Quod

1974 3605 2152 3649 autem
2182 3592 2307 3648 nudi
2335 3594 2486 3645 erant
2511 3588 2682 3644 Adam
2719 3596 2774 3642 et
2802 3585 2994 3641 mulier
3020 3584 3165 3654 ejus,
3199 3592 3256 3638 et
3284 3598 3388 3637 non
3428 3598 3563 3638 con-

1976 3686 2381 3750 fundebantur,
2401 3681 2797 3751 simplicitatem
2825 3678 3017 3731 anima:
3054 3676 3463 3745 castitatemque
3485 3674 3564 3729 si-

1976 3780 2213 3851 gnificat.
2253 3777 2384 3832 Nam
2412 3785 2467 3830 et
2494 3774 2778 3844 Apostolus
2806 3772 2883 3826 ita;
2906 3771 3083 3825 dicit:
3128 3769 3309 3840 Aptnvi
3348 3784 3441 3823 vos
3474 3779 3568 3822 unt

1978 3873 2084 3927 viro
2106 3871 2350 3941 virginem
2386 3865 2835 3921 castancamhibere
2863 3861 3061 3917 Christo
3086 3876 3105 3914 .'
3137 3859 3287 3913 timeo
3310 3867 3477 3912 autent
3505 3873 3570 3913 ne

1979 3965 2106 4019 sicut
2132 3978 2347 4032 serpens
2364 3960 2524 4013 Evam
2548 3956 2728 4028 fefellit
2756 3954 2975 4009 versutia
2996 3968 3108 4017 sua,
3139 3951 3212 4004 ita
3231 3963 3567 4019 corrumpan-

1980 4067 2064 4113 tur
2091 4066 2293 4110 mentes
2316 4064 2497 4108 υιιειηε
2523 4068 2557 4104 a
2586 4048 2983 4119 simplicitate“
2998 4044 3254 4108 castitate,
3280 4056 3395 4112 quia
3415 4048 3488 4095 est
3512 4041 3569 4095 in

1984 4151 2183 4206 eihi-isto
2213 4149 2277 4221 (ll
2308 4146 2425 4203 Cor.
2453 4162 2531 4212 x1,
2561 4144 2616 4209 2,
2646 4143 2725 4212 3).

2043 4263 2269 4322 CAPUT
2310 4260 2449 4317 XIV.
2477 4291 2548 4303 --
2576 4258 2796 4329 Serpens
2825 4253 3088 4320 diabolus,
3134 4250 3243 4305 Eva
3274 4248 3507 4317 affectus.

2057 4378 2146 4434 20.
2191 4374 2424 4447 Serpens
2472 4381 2647 4426 autem
2692 4366 2951 4440 significat
2989 4362 3293 4429 diabolum,
3325 4361 3414 4432 qui
3442 4374 3572 4418 sane

1987 4486 2095 4526 non
2114 4476 2229 4525 erat
2248 4464 2493 4537 simplex.
2524 4461 2675 4529 Quod
2705 4461 2846 4515 enim
2867 4457 3061 4513 dicitur
3085 4453 3374 4525 sapientior
3399 4451 3574 4508 omni-

1987 4564 2089 4619 bus
2113 4560 2318 4624 bestiis,
2350 4559 2572 4628 figurate
2594 4553 2890 4608 insinuatur
2913 4548 3027 4619 ejus
3058 4545 3311 4601 versutia.
3338 4542 3455 4599 Non
3474 4558 3574 4599 au-

1990 4664 2098 4709 tem
2124 4651 2325 4708 dictum
2364 4656 2447 4704 est
2482 4644 2624 4717 quod
2666 4644 2720 4697 in
2762 4638 3007 4712 paradiso
3046 4647 3159 4693 erat
3198 4651 3447 4707 serpens,
3477 4631 3575 4691 sed

1992 4758 2108 4804 erat
2133 4757 2354 4815 serpens
2388 4741 2524 4795 inter
2553 4736 2753 4793 bestias
2780 4750 2909 4805 quas
2948 4730 3070 4785 fecit
3104 4730 3262 4785 Deus.
3292 4726 3580 4783 Paradisus

1992 4853 2225 4910 namque
2271 4836 2481 4891 beatam
2522 4831 2685 4885 vitam
2710 4871 2725 4896 ,
2756 4835 2814 4881 ut
2840 4822 3085 4895 superius
3124 4821 3268 4889 dixi,
3315 4816 3579 4891 significat

1998 4906 2215 5007 (Supra,
2246 4944 2361 4999 cap.
2393 4923 2491 4994 9),
2534 4922 2589 4977 in
2617 4935 2717 4991 qua
2739 4919 2848 4988 jam
2879 4929 2987 4970 non
3016 4922 3129 4969 erat
3169 4924 3423 4981 serpens,
3456 4906 3579 4977 quia

1991 4999 2111 5097 jam-
2132 5021 2373 5079 diabolus
2412 5023 2560 5082 erat;
2611 5021 2666 5069 et
2698 5011 2764 5067 de
2802 5024 2897 5065 sua
2922 5004 3251 5063 beatitudine
3287 4999 3577 5068 ceciderat,

1998 5089 2121 5188 quia
2138 5116 2190 5170 in
2212 5112 2436 5169 veritate
2458 5122 2563 5162 non
2582 5105 2746 5160 stetit.
2768 5101 2877 5158 Nec
2898 5097 3195 5155 mirandum
3217 5089 3583 5163 estquomodo

2003 5182 2207 5265 mulieri
2247 5203 2392 5273 loqui
2417 5198 2676 5272 potuerit,
2716 5210 2838 5250 cum
2867 5191 2958 5247 illa
2985 5197 3126 5246 esset
3146 5187 3198 5242 in
3231 5182 3499 5256 paradiso,
3529 5188 3587 5235 et

2002 5301 2094 5355 ille
2130 5312 2235 5353 non
2261 5272 2442 5359 esset;
2488 5304 2592 5345 non
2632 5286 2775 5343 enim
2818 5290 2911 5339 aut
2951 5282 3040 5336 illa
3075 5274 3364 5334 secundum
3408 5272 3584 5326 locum

2003 5401 2119 5449 erat
2147 5392 2202 5445 in
2229 5384 2496 5460 paradiso,
2525 5381 2619 5437 sed
2644 5380 2819 5451 potius
2840 5372 3133 5432 secundum
3152 5364 3493 5425 beatitudinis
3511 5361 3583 5418 af-

2009 5488 2204 5543 fectum
2277 5490 2368 5536 aut
2392 5476 2598 5536 etiamsi
2632 5476 2780 5529 locus
2809 5480 2891 5526 est
2915 5467 3037 5522 talis
3067 5462 3158 5535 qui
3186 5458 3462 5533 paradisus
3491 5458 3588 5512 vo:-

2010 5588 2180 5646 cctur,
2206 5576 2258 5630 in
2285 5589 2389 5645 quo
2415 5567 2764 5639 corporaliter
2788 5562 2954 5618 Adam
2975 5568 3028 5613 et
3049 5555 3240 5610 mulier
3256 5551 3588 5618 habitabant,

2009 5676 2171 5731 etiam
2197 5666 2393 5725 diaboli
2422 5676 2694 5719 accessum
2727 5650 3072 5726 corporaliter
3098 5646 3394 5718 intelligere
3426 5645 3591 5700 debe-

2012 5766 2176 5823 mus?
2204 5762 2318 5817 Non
2350 5760 2569 5827 utique,
2592 5752 2693 5808 sed
2714 5745 3097 5818 spiritualiter,
3141 5743 3279 5797 sicut
3307 5734 3595 5811 Apostolus

2018 5863 2163 5932 dicit,
2196 5826 2483 5916 Secundum
2510 5846 2785 5923 principem
2814 5839 3068 5917 potestatis
3094 5836 3243 5907 acris,
3275 5833 3484 5907 spiritus
3504 5826 3596 5901 qui
