4056 6468
470 362 578 420 207

471 491 605 533 nunc
630 481 864 546 operatur
892 472 946 526 in
972 469 1091 541 [iliis
1111 468 1398 541 difﬁdentia:
1425 465 1636 537 (Ephes.
1666 479 1727 529 tt,
1765 461 1845 534 2).
1887 459 2053 515 Num-

472 567 599 640 quid
627 580 753 637 ergo
779 563 1056 618 visibiliter
1086 563 1166 617 eis
1189 568 1442 632 apparet,
1475 565 1565 612 aut
1591 555 1741 626 quasi
1779 551 2052 623 corporeis

471 660 601 715 locis
629 656 832 712 accedit
857 655 922 710 ad
950 671 1042 710 eos
1070 655 1120 708 in
1151 654 1342 724 quibus
1370 647 1657 720 operatur?
1686 645 1804 702 Non
1829 645 2010 716 utique
2033 685 2050 711 ,

473 750 567 804 scd
613 746 765 801 miris
810 743 983 800 modis
1025 760 1122 814 per
1165 741 1508 813 cogitationes
1535 738 1771 809 suggerit
1794 733 2052 807 quidquid

471 848 670 911 potest.
699 838 902 904 Quibus
931 834 1353 907 suggestionihus
1388 831 1668 898 resistunt,
1697 830 1786 900 qui
1816 843 1943 883 vere
1967 826 2051 882 di-

471 942 618 1001 cunt,
646 931 788 1002 quod
810 931 934 986 item
957 929 1085 984 dicit
1101 926 1384 999 Apostolus
1411 943 1426 979 :
1457 923 1580 979 Non
1604 923 1738 978 enim
1761 924 2053 994 ignoramus

471 1025 684 1080 astutias
713 1024 822 1094 ejus
857 1021 925 1093 (ll
967 1020 1085 1075 Cor.
1115 1035 1182 1085 ιι,
1211 1017 1323 1090 il).
1351 1015 1630 1084 Quomodo
1660 1017 1804 1072 enim
1830 1013 2054 1068 accessit

423 1101 428 1104 ’
471 1116 537 1170 ad
564 1116 775 1181 Judant,
801 1113 1013 1185 quando
1038 1112 1087 1168 ei
1117 1111 1384 1182 persuasit
1408 1119 1466 1165 ut
1486 1109 1767 1165 Dominum
1799 1105 2055 1162 traderet?

481 1207 737 1278 numquid
775 1207 826 1260 in
855 1205 1005 1270 locis,
1029 1211 1120 1257 aut
1134 1218 1229 1274 per
1257 1203 1355 1258 ltos
1374 1202 1560 1258 oculos
1574 1202 1622 1256 ei
1639 1201 1784 1256 visus
1804 1199 1924 1254 est?
1948 1197 2054 1254 Sed

485 1301 700 1369 utique,
746 1307 802 1352 ut
843 1297 1043 1352 dictum
1083 1305 1204 1363 est,
1237 1297 1465 1352 intravit
1510 1295 1563 1350 in
1608 1309 1700 1350 cor
1741 1293 1858 1363 ejus
1901 1289 2052 1365 (Luc.

471 1406 604 1454 χχιι,
633 1389 710 1462 3).
738 1388 969 1458 Repellit
986 1398 1164 1444 autem
1191 1389 1337 1443 illum
1359 1387 1540 1454 homo,
1568 1387 1613 1442 si
1639 1385 1942 1458 paradisum
1962 1400 2055 1439 cu-

475 1481 688 1537 stodiat.
737 1481 922 1536 Posuit
947 1482 1089 1536 enim
1128 1482 1270 1538 Deus
1310 1481 1578 1536 hominem
1613 1479 1667 1534 in
1694 1478 1971 1550 paradiso,
1999 1484 2058 1532 ut

476 1581 791 1644 operaretur
819 1583 873 1628 et
895 1572 1190 1629 custodiret
1215 1579 1245 1626 :‘
1260 1573 1383 1644 quia
1410 1572 1489 1627 sic
1515 1571 1584 1626 de
1608 1569 1842 1624 Ecclesia
1873 1569 1890 1600 ¹
1918 1566 2055 1623 dici-

471 1676 560 1722 tur
586 1667 641 1721 in
664 1666 906 1722 ’Canticis
927 1666 1276 1732 canticorum,
1309 1663 1504 1718 Hortus
1527 1664 1815 1726 conclusus,
1841 1660 1956 1730 {ous
1981 1659 2055 1714 si-

471 1767 658 1829 gnatus
685 1755 861 1830 (Cant.
896 1771 971 1824 tv,
1003 1755 1126 1826 12);
1154 1770 1260 1826 quo
1284 1755 1465 1824 utique
1491 1768 1597 1808 non
1621 1750 1914 1806 admittitur
1940 1764 2060 1820 per-

471 1847 742 1903 versitatis
767 1848 857 1902 illc
877 1860 1180 1918 persuasor.
1209 1845 1316 1901 Sed
1341 1854 1516 1900 tamen
1543 1859 1638 1913 per
1664 1842 1940 1897 mulierem
1965 1839 2060 1895 de-

471 1943 638 2013 cipit:
671 1955 776 1996 uon
797 1941 938 1996 enim
968 1940 1128 1994 etiam
1158 1939 1297 1993 ratio
1319 1946 1498 1992 nostra
1523 1936 1713 1992 deduci
1740 1934 1805 1990 ad
1831 1947 2059 1989 consen-

471 2033 677 2087 sionem
704 2032 907 2102 peccati
931 2038 1126 2101 potest,
1157 2030 1258 2084 nisi
1283 2044 1401 2083 cum
1422 2027 1705 2083 delectatio
1732 2034 1876 2080 mota
1903 2023 2058 2079 fuerit

473 2125 527 2179 in
555 2125 643 2179 illa
685 2134 835 2195 parte
873 2125 1072 2189 animi,
1114 2140 1234 2194 quae
1271 2123 1430 2178 debet
1471 2122 1838 2191 obtemperare
1867 2117 2058 2174 rationi

471 2225 723 2287 tanquam
753 2217 947 2272 rectori
976 2215 1112 2271 viro.

542 2308 633 2362 21.
675 2308 1010 2363 Etiamnum
1046 2324 1100 2362 tn
1129 2321 1445 2376 unoquoque
1483 2313 1722 2362 nostrum
1759 2303 1888 2358 nihil
1913 2303 2058 2358 aliud

473 2401 667 2470 agitur,
691 2417 810 2455 cum
826 2401 892 2456 ad
914 2409 1186 2470 peccatum
1210 2399 1436 2471 quisque
1455 2397 1735 2463 delabitur,
1757 2413 1914 2468 quant
1938 2407 2062 2452 tunc

473 2503 650 2548 actum
677 2495 836 2549 estin
865 2493 966 2547 illis
993 2493 1192 2556 tribus,
1223 2499 1501 2562 serpente,
1535 2489 1789 2557 muliere,
1831 2498 1886 2544 et
1922 2489 2058 2546 viro.

475 2581 608 2636 Nam
652 2583 822 2652 primo
861 2583 920 2636 tit
963 2583 1228 2654 suggestio
1255 2581 1370 2637 sive
1407 2596 1504 2651 per
1527 2580 1918 2651 cogitationem,
1949 2580 2062 2636 sive

475 2688 572 2744 per
598 2688 785 2728 sensus
812 2675 1052 2743 corporis
1077 2716 1090 2740 ,
1126 2673 1209 2729 vel
1239 2672 1468 2728 videndo
1487 2713 1504 2740 ,
1530 2673 1615 2728 vel
1645 2672 1908 2744 tangendo
1926 2713 1941 2739 ,
1975 2671 2062 2727 vel

474 2763 764 2830 audiendo,
785 2765 863 2832 vel
889 2765 1170 2835 gustaudo,
1196 2764 1282 2820 vel
1301 2763 1601 2820 olfaciendo
1620 2781 1633 2818 :
1655 2780 1774 2835 quae
1795 2765 2064 2836 suggestio

473 2872 596 2912 cum
626 2857 759 2913 facta
787 2859 964 2925 fuerit,
987 2859 1032 2912 si
1057 2858 1320 2928 cupiditas
1340 2857 1654 2912 nostra‘iton
1679 2857 1978 2913 movebitur
1996 2856 2063 2912 ad

476 2949 841 3019 peccandum,
871 2950 1182 3005 excludetur
1227 2950 1757 3020 serpentis‘astutia;
1797 2950 1843 3009 si
1885 2959 2062 3005 autem

477 3049 623 3094 mota
653 3040 845 3108 fuerit,
891 3025 1042 3111 quasi
1080 3042 1286 3097 mulieri
1321 3043 1432 3112 jam
1460 3058 1770 3113 persuasum
1799 3043 1919 3099 erit.
1957 3043 2064 3099 Sed

478 3131 762 3202 aliquando
785 3133 921 3188 ratio
946 3133 1165 3188 viriliter
1191 3135 1349 3190 etiam
1375 3143 1695 3190 commotam
1722 3135 2063 3205 cupiditatem

479 3222 717 3277 refrenat
743 3231 900 3294 atque
927 3226 1236 3296 compescit.
1267 3226 1422 3294 Quod
1447 3242 1567 3294 cum
1597 3227 1674 3292 lit,
1701 3241 1808 3282 non
1837 3227 2067 3282 labimur

479 3311 534 3366 itt
562 3322 855 3383 peccatum,
879 3315 973 3370 sed
993 3331 1110 3370 cum
1132 3317 1398 3388 aliquanta
1418 3317 1705 3374 luctatione
1723 3318 2061 3374 coronamur.

480 3400 538 3456 Si
561 3412 736 3458 autem
764 3405 902 3460 ratio
926 3408 1237 3473 consentiat,
1263 3416 1317 3462 et
1335 3408 1474 3479 quod
1504 3407 1668 3463 libido
1693 3409 2062 3478 commoverit,

479 3491 778 3549 faciendum
803 3511 924 3550 esse
950 3495 1222 3563 decernat,
1245 3497 1312 3552 ab
1336 3497 1481 3552 omni
1509 3498 1618 3554 vita
1638 3498 1793 3554 beata
1814 3505 2065 3570 tanquam

481 3584 548 3640 de
575 3585 818 3655 paradiso
841 3587 1123 3657 expellitur
1145 3587 1325 3643 homo.
1351 3588 1468 3644 Jant
1494 3588 1636 3645 enim
1664 3597 1938 3660 peccatum
1967 3591 2068 3645 im-

483 3686 730 3752 putatur,
757 3679 963 3734 etiamsi
1009 3695 1112 3734 nou
1158 3681 1513 3751 subsequatur
1552 3679 1787 3747 factum;
1815 3682 2066 3752 quoniam

481 3782 574 3823 rea
606 3777 812 3824 tenetur
827 3770 894 3828 in
915 3771 1266 3827 consensione
1288 3771 1632 3827 conscientia.

618 3858 886 3915 MCAPUII‘
925 3859 1038 3915 XV.
1064 3891 1137 3902 —
1160 3860 1392 3916 Tentatio
1419 3863 1669 3935 quomodo
1696 3863 1884 3935 dejicit.

557 3949 646 4027 22.
688 3951 804 4017 Quo
845 3959 1022 4007 autem
1064 3953 1224 4008 modo
1253 3968 1473 4023 serpens
1501 3953 1590 4010 ille
1631 3964 1906 4024 peccatum
1943 3971 2068 4026 per-

484 4043 730 4108 suaserit,
760 4043 1039 4114 diligenter
1062 4045 1502 4101 considerandum
1532 4055 1642 4114 est;
1674 4047 1904 4118 pertinet
1925 4050 2067 4104 enim

485 4134 714 4189 maxime
759 4135 824 4189 ad
870 4145 1103 4191 nostrant
1129 4137 1358 4192 salutem
1383 4155 1396 4192 :
1427 4153 1548 4194 nam
1577 4138 1699 4195 ideo
1728 4139 1845 4196 haec
1870 4143 2068 4213 scripta

484 4234 609 4279 sunt
650 4233 705 4280 ut
739 4226 848 4297 jam
890 4228 1010 4283 talia
1053 4244 1354 4285 caveamus.
1403 4229 1536 4285 Nam
1578 4246 1697 4286 cum
1745 4232 2068 4305 interrogata

484 4318 673 4372 mulier
693 4319 1050 4388 reSpondisset
1071 4321 1194 4391 quid
1214 4323 1292 4376 eis
1313 4331 1634 4394 praeceptum
1655 4333 1827 4392 esset;
1847 4326 1922 4381 ait
1946 4327 2066 4382 ille:

487 4406 610 4463 Non
657 4419 816 4464 morte
857 4413 1138 4466 moriemini
1167 4428 1186 4466 :
1214 4413 1396 4468 sciebat
1425 4416 1445 4446 ³
1487 4417 1619 4469 enim
1659 4415 1796 4471 Deus
1828 4418 2069 4489 quoniam

482 4516 583 4569 qua
619 4502 699 4554 die
735 4502 1150 4556 munducaveritis
1189 4519 1253 4558 ea:
1279 4504 1388 4572 illo,
1421 4506 1712 4578 aperientur
1737 4509 1873 4562 oculi
1896 4510 2067 4576 vestri,

483 4601 530 4646 et
576 4595 711 4648 eritis
754 4595 880 4648 sicut
908 4595 999 4664 dii,
1030 4596 1234 4650 scientes
1262 4598 1448 4652 bonum
1486 4610 1531 4653 et
1577 4601 1786 4657 malum.
1814 4602 2070 4660 Videmus

483 4679 570 4737 his
599 4683 774 4740 verbis
813 4701 908 4755 per
933 4687 1230 4757 superbiam
1273 4698 1545 4760 peccatum
1576 4707 1695 4748 esse
1721 4708 2067 4764 persuasum:

484 4777 553 4832 ad
583 4777 684 4833 hoc
712 4781 853 4834 enim
882 4781 1021 4836 valet
1047 4781 1186 4852 quod
1230 4783 1424 4838 dictum
1468 4794 1584 4853 est,
1625 4784 1782 4841 Eritis
1819 4789 1948 4843 sicut
1973 4789 2065 4847 dii.

486 4869 631 4925 Sicut
663 4871 821 4928 etiam
867 4872 969 4927 ltoc
996 4873 1133 4943 quod
1163 4874 1359 4930 dictum
1391 4885 1472 4931 est
1491 4917 1504 4942 ,
1546 4876 1746 4932 Sciebat
1771 4880 1901 4933 enim
1928 4878 2070 4937 Deus

486 4963 725 5034 quoniam
749 4981 849 5036 qua
877 4965 957 5019 die
981 4967 1393 5022 mandaraveritis
1423 4986 1486 5023 ea:
1513 4987 1588 5036 co,
1620 4969 1908 5041 aperientur
1935 4976 2070 5030 oculi

485 5055 656 5120 vestri,
669 5051 801 5126 quid
829 5056 914 5110 hic
943 5057 1271 5128 intelligitur,
1296 5061 1394 5115 nisi
1415 5076 1722 5132 persuasum
1750 5080 1868 5121 esse
1887 5076 1946 5121 ut
1969 5069 2069 5124 sub

486 5147 598 5204 Doo
622 5163 741 5204 esse
769 5149 988 5218 nollent,
1016 5151 1110 5207 sed
1137 5151 1189 5207 in
1215 5169 1308 5208 sua
1336 5163 1595 5224 potestate
1620 5157 1794 5226 potius
1821 5159 1938 5216 sine
1969 5161 2069 5218 Do-

485 5242 653 5309 mino,
683 5253 740 5297 ut
767 5244 936 5316 legem
968 5246 1084 5316 ejus
1109 5262 1213 5302 non
1244 5247 1611 5316 observarent,
1644 5256 1795 5322 quasi
1823 5255 2068 5312 inviden-

487 5338 556 5391 tis
583 5337 680 5392 sibi
708 5353 776 5392 ne
817 5354 877 5395 se
910 5341 1008 5411 ipsi
1034 5352 1312 5410 regerent,
1341 5359 1444 5397 non
1484 5345 1778 5416 indigentes
1807 5349 1946 5404 illius
1982 5351 2068 5406 in-

447 5500 450 5508 λ
488 5437 643 5481 terno
676 5429 896 5494 lumine,
923 5430 1018 5486 sed
1049 5439 1257 5487 utentes
1287 5436 1497 5505 propria
1536 5438 1885 5508 providentia,
1917 5443 2068 5514 quasi

440 5558 450 5572 .
485 5520 657 5575 oculis
685 5521 817 5588 suis,
843 5522 910 5577 ad
938 5521 1352 5593 dignoscendum
1379 5525 1577 5583 bonum
1599 5541 1654 5586 et
1677 5531 1894 5598 malum,
1925 5534 2068 5604 quod

482 5609 576 5667 ille
598 5611 991 5682 prohibuisset?
1010 5613 1122 5668 Hoc
1139 5622 1224 5669 est
1241 5631 1368 5687 ergo
1389 5619 1531 5689 quod
1551 5635 1862 5692 persuasum
1885 5635 1987 5692 est,
2010 5634 2070 5683 ut

550 5746 570 5810 ξ
595 5751 645 5797 ιιι
665 5752 739 5797 Er.
759 5755 877 5799 ven.
902 5755 1033 5810 Ima,
1051 5751 1120 5802 sic
1143 5758 1189 5805 et
1211 5754 1452 5809 Ecclesia.
1495 5763 1552 5808 Μ.

548 5809 570 5842 ³
591 5815 699 5866 ιον.
718 5809 794 5865 hic
817 5819 868 5864 et
881 5809 1026 5880 tufra,
1042 5814 1146 5873 scit.
1206 5823 1261 5870 Μ.

459 5879 492 5906 Ι

1320 354 1410 412 DE
1446 351 1694 412 GENESI
1730 345 2007 408 CONTRA
2045 343 2352 417 MANICH.,
2392 347 2451 406 S.
2494 347 2861 406 AUGUSTINI

3639 353 3751 412 208

2161 473 2312 516 suam
2335 470 2650 534 potestatem
2670 461 2825 518 nimis
2840 469 3099 527 amarent,
3118 470 3308 519 etcum
3329 464 3438 521 Deo
3459 479 3578 522 esse
3595 481 3756 536 pares

2164 553 2392 616 vellent,
2423 553 2509 607 illa
2535 553 2848 620 medietate,
2877 568 2973 623 per
3000 569 3159 625 quam
3189 555 3299 610 Deo
3327 556 3551 628 subjecti
3576 569 3751 626 erant,

2160 655 2218 704 et
2246 662 2470 718 corpora
2501 647 2736 718 subjecta
2762 647 3052 716 habebant,
3081 657 3330 721 tanquam
3350 650 3523 708 fructu
3543 643 3781 712 arboris.

2160 739 2464 796 constituta:
2487 739 2541 794 in
2567 739 2744 795 medio
2772 739 3002 810 paradisi
3024 741 3209 809 ,male
3239 750 3516 799 uterentur
3536 786 3553 812 ,
3581 745 3636 801 id
3663 757 3752 804 est

2160 841 2344 887 contra
2374 833 2544 903 legem
2574 832 2704 898 Dei;
2743 843 2903 903 atque
2928 833 3005 888 ita.
3025 833 3166 904 quod
3193 845 3507 906 acceperant
3539 838 3754 894 amitte-

2160 932 2304 990 rent,
2320 923 2445 978 dum
2463 924 2516 979 id
2536 924 2674 996 quod
2697 940 2806 980 non
2825 935 3161 996 acceperant,
3178 943 3432 997 usurpare
3448 929 3750 988 voluerunt.

2160 1011 2277 1069 Non
2303 1015 2446 1070 enim
2470 1016 2676 1085 accepit
2701 1015 2931 1070 bontinis
2959 1025 3171 1084 natura,
3200 1027 3255 1072 ut
3292 1033 3390 1088 per
3417 1035 3568 1074 suam
3595 1032 3753 1094 pote-

2162 1111 2354 1159 statem
2375 1105 2484 1160 Deo
2509 1120 2613 1160 non
2632 1114 2847 1175 regente
2867 1106 3021 1162 beata
3050 1107 3154 1174 sit;
3182 1109 3303 1179 quia
3332 1109 3480 1164 nullo
3508 1123 3751 1184 regente,

2162 1211 2258 1266 per
2280 1211 2430 1252 suam
2455 1205 2770 1266 potestatem
2793 1198 2979 1253 beatus
3003 1215 3122 1254 esse
3149 1200 3296 1255 solus
3326 1201 3465 1257 Deus
3494 1212 3684 1272 potest.

2231 1288 2321 1344 25.
2361 1287 2430 1342 Ει
2450 1289 2588 1355 vidit,
2615 1289 2804 1361 inquit,
2827 1291 3007 1345 mulier
3024 1291 3143 1362 quia
3164 1290 3350 1346 bonum
3371 1303 3443 1348 est
3465 1294 3655 1366 lignum
3681 1297 3753 1350 ad

2161 1398 2366 1448 escam;
2388 1392 2434 1437 et
2462 1384 2580 1454 quia
2605 1382 2788 1438 bonum
2807 1394 2880 1439 est
2909 1385 3065 1439 oculis
3090 1384 3158 1438 ad
3185 1385 3475 1455 uidendum,
3495 1397 3540 1442 et
3565 1405 3754 1460 cogno-

2162 1474 2418 1530 scendum.
2442 1474 2721 1544 Quomodo
2749 1473 2980 1543 videbat,
3009 1475 3056 1530 si
3081 1477 3244 1531 clausi
3265 1485 3415 1532 erant
3439 1478 3621 1534 oculi?
3643 1479 3752 1536 Sed

2161 1568 2267 1625 hoc
2308 1569 2509 1625 dictum
2552 1579 2655 1636 est,
2704 1580 2759 1626 ut
2809 1572 3225 1643 intelligeremus
3266 1589 3362 1629 eos
3402 1574 3586 1630 oculos
3631 1589 3753 1631 esse

2161 1673 2395 1733 apertos,
2426 1671 2770 1735 posteaquam
2793 1665 2862 1722 de
2884 1665 3054 1721 fructu
3076 1666 3167 1721 illo
3191 1675 3527 1740 acceperunt,
3556 1668 3754 1739 quibus

2162 1772 2224 1812 se
2253 1755 2424 1810 nudos
2446 1755 2731 1822 videbant,
2762 1765 2818 1814 et
2845 1756 3197 1828 displicebant
3219 1758 3317 1814 sibi
3339 1801 3355 1827 ,
3384 1758 3435 1816 id
3463 1767 3546 1815 cst
3566 1760 3752 1817 oculos

2161 1846 2392 1912 astutia,
2421 1847 2610 1916 quibus
2634 1847 2948 1919 simplicitas
2971 1849 3238 1920 displicet.
3269 1850 3401 1905 Cum
3430 1852 3573 1907 enint
3600 1851 3753 1923 quis-

2163 1953 2270 2010 que
2293 1938 2546 1994 ceciderit
2573 1939 2642 1994 ah
2670 1938 2756 1994 illa
2789 1939 2973 1995 intima
2997 1950 3052 1997 et
3078 1941 3434 1997 secretissima
3463 1943 3585 1999 luce
3609 1944 3754 1999 veri-

2164 2029 2308 2096 tatis,
2338 2029 2470 2084 nihil
2499 2038 2580 2085 est
2610 2029 2749 2086 unde
2784 2030 2916 2086 velit
2943 2031 3151 2102 placere
3179 2033 3445 2104 superbia,
3477 2034 3581 2090 nisi
3605 2034 3753 2090 frau-

2164 2117 2396 2174 dulentis
2450 2119 2898 2175 simulationibus.
2953 2121 3088 2176 Hinc
3152 2126 3294 2178 enim
3348 2132 3404 2178 ct
3455 2124 3754 2196 hypocrisis

2069 2257 2072 2261 .
2166 2210 2422 2276 nascitur,
2468 2211 2524 2265 in
2567 2225 2671 2282 qua
2713 2212 2937 2266 multum
2967 2213 3067 2268 sibi
3094 2211 3343 2268 videntur
3379 2215 3617 2280 cordati,
3661 2217 3754 2287 qui

2165 2303 2438 2372 potuerint
2467 2302 2651 2359 fallere
2692 2312 2747 2360 et
2779 2303 3026 2374 decipere
3070 2321 3230 2376 quem
3267 2305 3552 2361 voluerint.
3599 2307 3756 2362 Dedit

2165 2393 2308 2448 enim
2334 2395 2524 2450 mulier
2550 2395 2666 2451 viro
2702 2411 2821 2463 suo,
2868 2404 2924 2452 et
2964 2397 3452 2465 ntanducaverunt,
3486 2408 3540 2454 et
3581 2401 3754 2470 aperti

2165 2494 2290 2539 sunt
2317 2485 2456 2542 oculi
2485 2501 2670 2542 eorum
2689 2529 2704 2554 ,
2736 2487 2803 2543 de
2827 2489 3016 2559 quibus
3039 2489 3149 2560 jam
3178 2489 3378 2545 dictant
3404 2500 3516 2557 est;
3546 2503 3599 2546 et
3627 2502 3755 2549 tunc

2168 2579 2416 2634 viderunt
2440 2580 2582 2650 quod
2613 2581 2739 2635 nudi
2768 2591 2968 2648 essent,
2998 2583 3092 2637 sed
3122 2583 3292 2638 oculis
3322 2585 3602 2654 perversis,
3638 2586 3759 2656 qui-

2165 2669 2267 2725 bus
2296 2671 2385 2725 illa
2425 2671 2736 2742 simplicitas
2777 2688 2894 2742 quae
2923 2673 3176 2728 nuditatis
3204 2676 3418 2729 nomine
3460 2675 3756 2746 signiﬁcata

2167 2771 2270 2828 est,
2298 2762 2662 2817 erubescenda
2690 2762 2986 2818 videbatur.
3021 2763 3200 2834 Itaque
3225 2773 3284 2819 ut
3303 2765 3414 2836 jam
3446 2781 3551 2822 non
3575 2778 3757 2824 essent

2167 2855 2460 2926 simplices,
2505 2855 2746 2911 fecerunt
2788 2856 2856 2912 de
2901 2854 3044 2910 foliis
3094 2857 3179 2912 tici
3227 2857 3329 2912 sibi
3378 2853 3774 2928 succinctoria,’

2169 2956 2418 3018 tanquam
2477 2957 2715 3018 tegentes
2763 2947 3005 3018 pudenda
3047 2963 3160 3013 sua,
3212 2949 3280 3004 id'
3301 2958 3386 3005 est
3429 2951 3759 3007 occultantes

2167 3041 2582 3112 simplicitatem,
2603 3043 2670 3096 de
2685 3043 2908 3112 quajam
2927 3043 3275 3098 erubescebat
3293 3050 3466 3098 astuta
3487 3042 3754 3114 superbia.

2169 3129 2317 3186 Folia
2346 3146 2474 3187 vero
2499 3131 2582 3187 lici
2625 3135 2885 3204 pruritum
2912 3132 3195 3203 quemdam
3220 3133 3540 3204 significant,
3571 3135 3617 3189 si
3654 3133 3760 3190 ltoc

2169 3222 2304 3278 bene
2331 3221 2384 3278 in
2414 3224 2573 3278 rebus
2614 3223 2942 3294 incorporeis
2971 3224 3183 3292 dicitur,
3213 3240 3370 3295 quem
3398 3225 3549 3280 miris
3585 3225 3760 3281 modis

2169 3314 2379 3368 animus
2409 3315 2607 3385 patitur
2634 3316 2922 3384 cupiditate
2941 3355 2957 3380 ,
2988 3324 3043 3370 et
3065 3315 3419 3371 delectatione
3445 3314 3758 3372 mentiendi.

2171 3405 2322 3462 Unde
2349 3406 2510 3461 etiam
2532 3406 2694 3466 latine
2719 3407 2844 3462 salsi
2871 3406 3146 3474 dicuntur,
3173 3407 3262 3478 qui
3285 3406 3452 3477 jocari
3472 3413 3670 3464 amant.
3700 3407 3760 3464 ltt

2166 3498 2305 3570 jocis
2333 3508 2508 3554 autem
2538 3500 2719 3570 utique
2743 3499 3013 3555 simulatio
3039 3500 3388 3570 principatum
3411 3509 3577 3556 tenet.

2168 3589 2396 3648 CAPUT
2422 3589 2646 3646 XVI.—
2666 3589 2960 3658 Absconsio,
2987 3590 3281 3660 ambulatio,
3305 3591 3613 3662 percontatio
3637 3591 3762 3663 quid

2855 3684 3072 3753 signent.

2241 3773 2334 3830 24.
2373 3773 2556 3844 itaque
2582 3788 2704 3828 cum
2745 3773 3110 3829 dcambularet
3143 3773 3284 3828 Deus
3323 3771 3378 3828 itt
3409 3773 3657 3843 paradiso
3691 3772 3763 3828 ad

2172 3880 2473 3936 vesperam,
2504 3864 2557 3920 id
2582 3873 2665 3922 est
2691 3880 2813 3920 cum
2842 3865 2909 3920 ad
2938 3880 3031 3921 eos
3049 3864 3159 3935 jam
3185 3863 3502 3935 judieandos
3531 3864 3758 3932 veniret,

2173 3959 2348 4015 adhuc
2370 3967 2493 4013 ante
2515 3972 2729 4030 poenam
2753 3973 2961 4027 eorum,
2991 3955 3364 4013 deambulabat
3406 3958 3459 4012 in
3487 3957 3759 4028 paradiso,

2173 4051 2227 4106 id
2254 4060 2356 4116 est,
2385 4050 2537 4121 quasi
2561 4050 2878 4105 movebatur
2904 4050 2958 4105 in
2995 4049 3076 4106 eis
3099 4049 3379 4123 praesentia
3412 4049 3526 4116 Dei,
3549 4049 3764 4120 quando

2167 4144 2279 4215 jam
2311 4145 2412 4214 ipsi
2440 4144 2658 4200 stabiles
2682 4144 2736 4201 in
2761 4144 2876 4216 ejus
2901 4154 3168 4216 pratcepto
3192 4160 3299 4199 non
3327 4153 3480 4200 erant
3499 4147 3518 4210 ;‘
3541 4155 3596 4199 et
3624 4145 3762 4201 bene

2174 4237 2242 4293 ad
2260 4252 2556 4309 vesperam,
2581 4236 2634 4292 id
2650 4245 2732 4292 est
2746 4252 2867 4293 cum
2879 4237 2987 4307 jam
3005 4236 3072 4292 ab
3091 4236 3170 4292 eis
3185 4235 3264 4290 sol
3292 4235 3580 4302 occideret,
3599 4234 3650 4290 id
3681 4223 3765 4292 est

2173 4332 2474 4387 auferretur
2485 4331 2551 4385 ab
2562 4331 2640 4387 eis
2657 4331 2746 4386 lux
2764 4331 2853 4385 illa
2866 4329 3085 4385 interior
3099 4329 3336 4384 veritatis
3354 4329 3658 4384 :audierunt
3671 4345 3764 4383 vo-

2174 4440 2290 4480 cem
2313 4425 2448 4496 ejus,
2471 4433 2526 4480 et
2543 4423 2936 4480 absconderant
2954 4439 3012 4480 se
3035 4439 3065 4478 a
3085 4432 3374 4493 conspectu
3395 4422 3531 4492 ejus.
3553 4422 3684 4490 Quis
3702 4437 3764 4477 se

2173 4517 2450 4573 abscondit
2474 4531 2506 4572 a
2525 4526 2812 4587 conspectu
2833 4516 2948 4583 Dei,
2973 4516 3074 4571 nisi
3095 4515 3186 4586 qui
3206 4514 3419 4571 deserti.
3439 4512 3556 4585 ipso
3577 4515 3765 4585 incipit

2168 4606 2280 4680 jam
2300 4622 2484 4664 amare
2497 4607 2638 4680 quod
2655 4623 2807 4662 suum
2821 4605 2934 4662 est?
2947 4605 3065 4662 Jam
3082 4605 3224 4662 enim
3240 4606 3504 4661 habebant
3516 4605 3764 4676 cooperi-

2173 4710 2352 4758 menta
2368 4700 2630 4756 mendacii
2651 4719 2665 4756 :
2678 4700 2766 4770 qui
2779 4709 2955 4754 autem
2973 4699 3202 4770 loquitur
3215 4697 3566 4763 mendacium,
3585 4696 3652 4752 de
3664 4711 3766 4753 suo

2173 4792 2406 4862 loquitur
2428 4791 2447 4866 (
2467 4790 2626 4847 Joan.
2653 4807 2743 4846 vut
2765 4833 2782 4860 ,
2812 4791 2942 4862 44).
2970 4791 3038 4846 Ει
3063 4790 3181 4845 ideo
3206 4790 3273 4844 ad
3310 4789 3556 4845 arborem
3582 4804 3642 4846 se
3683 4789 3766 4845 dio

2173 4894 2366 4941 cuntur
2389 4884 2736 4951 abscondere,
2762 4900 2881 4955 quae
2905 4895 3021 4940 erat
3042 4885 3095 4939 in
3121 4883 3297 4939 medio
3319 4882 3572 4954 paradisi,
3600 4880 3654 4938 id
3682 4891 3766 4938 est

2173 4979 2241 5034 ad
2269 4979 2474 5050 seipsos
2496 5020 2512 5046 ,
2559 4979 2648 5050 qui
2687 4979 2742 5033 in
2771 4978 2946 5033 medio
2973 4992 3151 5033 rerum
3189 4976 3320 5031 infra
3363 4976 3532 5031 Deum
3587 4985 3642 5031 et
3675 4991 3767 5031 su-

2175 5088 2269 5146 pra
2317 5087 2540 5143 corpora
2579 5071 2808 5127 ordinati
2843 5079 3015 5126 erant.
3043 5070 3183 5140 Ergo
3213 5069 3278 5124 ad
3308 5069 3514 5140 seipsos
3537 5069 3766 5124 abscon-

2174 5163 2371 5219 derunt
2399 5178 2456 5219 se
2475 5205 2492 5230 ,
2523 5171 2580 5217 ut
2607 5162 3052 5217 conturbarentur
3082 5160 3291 5215 miseris
3317 5159 3610 5228 erroribus,
3639 5159 3769 5214 reli-

2174 5264 2262 5311 cto
2291 5255 2491 5309 lumine
2529 5254 2786 5317 veritatis,
2817 5251 2959 5323 quod
3004 5252 3102 5324 ipsi
3140 5267 3248 5306 non
3277 5261 3448 5306 erant.
3491 5251 3768 5321 Particcps

2175 5350 2317 5406 enim
2346 5349 2585 5405 veritatis
2614 5355 2789 5418 potest
2809 5360 2929 5401 esse
2957 5345 3133 5400 anima
3157 5345 3385 5400 humana
3412 5363 3424 5398 :
3449 5344 3561 5416 ipsa
3585 5354 3764 5400 autem

2176 5444 2372 5499 veritas
2418 5443 2558 5497 Deus
2593 5449 2676 5496 est
2706 5437 3152 5495 incommutabilis
3190 5453 3347 5508 supra
3386 5437 3550 5493 illam.
3583 5437 3667 5492 Ab
3701 5452 3764 5494 ea

2177 5552 2304 5608 ergo
2347 5535 2572 5591 veritate
2615 5534 2855 5606 quisquis
2896 5547 3117 5589 aversus
3152 5539 3267 5597 est,
3318 5540 3376 5588 et
3421 5531 3488 5587 ad
3529 5532 3764 5604 seipsuut

2174 5644 2466 5687 conversus
2487 5669 2502 5695 ,
2533 5636 2588 5684 et
2613 5643 2720 5683 non
2743 5627 2812 5683 de
2837 5634 3047 5682 rectore
3072 5634 3230 5695 atque
3264 5624 3589 5681 illustratore
3614 5625 3726 5680 Deo
3745 5666 3760 5691 ,

2176 5725 2272 5783 sed
2294 5725 2362 5780 de
2385 5724 2496 5780 suis
2533 5724 2762 5779 motibus
2785 5723 2934 5794 quasi
2970 5721 3152 5777 liberis
3179 5721 3427 5788 exsultat,
3459 5719 3764 5775 tenebratur

2177 5817 2454 5877 mendacio
2479 5835 2490 5872 :
2522 5817 2770 5889 quoniam
2799 5816 2886 5890 qui
2915 5814 3147 5894 loquitur
3172 5814 3504 5872 mendacium
3521 5854 3538 5888 ,
3569 5812 3638 5872 de
3662 5826 3762 5872 suo
