4056 6454
317 528 422 587 Ξοθ

316 650 582 720 loquitur;
607 656 767 721 atque
795 650 864 706 ita
895 646 1135 708 turbatur
1156 695 1171 720 ,
1198 660 1252 708 et
1276 668 1457 709 vocem
1487 653 1627 709 illam
1660 654 1886 725 prephe-

316 752 382 797 ta:
426 742 767 811 manifestat,
813 760 915 815 qua
958 744 1159 800 dictum
1201 755 1318 811 cst,
1354 746 1431 799 Ad
1455 748 1696 816 meipsum
1722 748 1893 800 anima
1926 818 1929 821 _

313 853 423 890 inea
448 836 651 892 turbata
670 847 742 891 est
773 836 940 909 (Psal.
971 853 1081 903 xu,
1105 836 1180 909 7).
1206 838 1386 908 Itaque
1402 839 1510 908 jam
1540 838 1895 907 interrogatur

308 928 504 991 Adam,
538 922 643 982 non
672 928 782 983 Deo
822 929 1090 983 nesciente
1134 929 1219 983 ubi
1257 938 1414 994 esset,
1446 928 1540 984 sed
1576 938 1800 1000 cogente
1823 928 1890 984 ad

307 1020 701 1077 eunfessionem
741 1012 946 1091 peccati
981 1040 994 1075 :
1024 1037 1129 1076 non
1166 1022 1306 1077 enim
1352 1031 1405 1076 ct
1450 1021 1701 1076 Dominus
1738 1020 1891 1077 Jesus

308 1113 557 1169 Christus
577 1121 684 1167 tam
709 1113 872 1168 multa
899 1128 1017 1184 qua:
1042 1114 1399 1185 interrogabat
1416 1155 1432 1179 ,
1461 1114 1749 1170 nesciebat.
1780 1112 1890 1169 Re-

306 1203 522 1275 Spondit
542 1212 743 1271 autem,
775 1219 905 1260 voce
931 1204 1045 1275 ejus
1064 1205 1263 1272 audita,
1284 1205 1625 1260 abscondisse
1650 1220 1728 1270 se,
1759 1219 1892 1275 quo-

303 1296 445 1349 niam
488 1295 663 1351 nudus
691 1304 851 1351 esset.
885 1296 1000 1351 Jam
1031 1295 1330 1353 miserrimo
1365 1313 1548 1353 errore
1575 1297 1884 1368 respondit,

300 1387 457 1458 quasi
496 1389 608 1443 Deo
645 1396 826 1458 posset
854 1388 1133 1460 displicere
1176 1388 1380 1455 nudus,
1426 1390 1565 1443 sicut
1603 1404 1722 1443 eum
1772 1389 1887 1458 ipse

301 1478 521 1535 fecerat.
569 1480 667 1535 Est
710 1490 887 1537 autem
927 1480 1031 1536 hoc
1072 1481 1269 1534 erroris
1310 1481 1599 1550 proprium,
1648 1490 1703 1533 ut
1743 1478 1884 1549 quod

300 1572 495 1642 cuique
524 1571 789 1642 displicet,
818 1573 918 1627 hoc
946 1572 1104 1627 etiam
1134 1571 1244 1627 Deo
1270 1571 1548 1640 displicere
1576 1572 1879 1626 arbitretur.

300 1665 433 1719 Illud
455 1673 634 1719 autem
666 1665 963 1719 sublimiter
984 1663 1380 1733 intelligendum
1420 1672 1503 1718 est
1530 1663 1666 1733 quod
1702 1662 1880 1717 Domi-

300 1775 398 1813 nus
422 1761 499 1814 ait
521 1779 535 1814 :
567 1761 692 1826 Quis
721 1762 963 1815 nuntiavit
990 1760 1078 1814 tibi
1101 1761 1234 1831 quod
1258 1758 1423 1813 nudus
1452 1775 1579 1813 esses
1604 1799 1617 1820 ,
1646 1758 1740 1811 nisi
1764 1758 1881 1827 quia

296 1855 357 1909 ab
382 1856 475 1909 illa
500 1856 677 1911 arbore
701 1858 762 1910 de
791 1873 889 1925 qua
916 1856 1141 1909 dixeram
1171 1854 1277 1920 tibi,
1309 1870 1372 1907 ea:
1398 1853 1488 1906 illa
1514 1851 1622 1905 sola
1651 1867 1711 1903 ne
1737 1867 1879 1904 man-

294 1948 528 2017 ἄνωγα,
558 1965 622 2003 ea:
646 1949 735 2003 illa
763 1948 1118 2002 manducaui?
1139 1946 1323 2001 Nudus
1346 1946 1485 1999 enim
1515 1952 1627 1998 erat
1651 1959 1681 1997 a
1710 1944 1874 2013 simu:

296 2038 514 2107 latione,
548 2039 643 2095 sed
680 2040 1002 2095 vestiebatur
1028 2039 1143 2093 luce
1168 2039 1363 2091 divina.
1405 2035 1553 2091 Unde
1580 2049 1796 2089 aversus
1824 2042 1879 2089 et

291 2130 355 2184 ad
385 2131 625 2200 seipsum
654 2145 945 2186 conversus
965 2172 981 2197 ,
1009 2129 1149 2200 quod
1173 2129 1432 2199 signiﬁcat
1456 2126 1523 2181 de
1562 2127 1648 2180 illa
1687 2125 1875 2180 arbore

294 2222 671 2291 manducasse,
694 2222 986 2277 nuditatem
1013 2236 1162 2275 suam
1194 2219 1340 2283 vidit,
1385 2227 1437 2272 et
1473 2218 1739 2287 displicuit
1773 2215 1875 2270 sibi

289 2329 353 2369 ex
379 2328 448 2368 eo
475 2313 613 2384 quod
634 2329 738 2369 non
772 2312 999 2369 habebat
1021 2311 1218 2383 aliquid
1241 2310 1530 2382 praprium.

288 2403 520 2461 CAPUT
558 2404 720 2460 XVII.
756 2435 828 2445 —
856 2405 1082 2476 Rejectio
1125 2404 1289 2475 culpa:
1328 2411 1376 2457 et
1418 2400 1659 2472 serpentis
1703 2414 1869 2470 parua.

354 2494 449 2549 25.
490 2495 689 2551 Deinde
715 2496 823 2565 jam
867 2511 1016 2551 more
1051 2495 1313 2565 superbia:
1342 2494 1393 2548 in
1424 2508 1483 2548 se
1523 2508 1629 2546 non
1659 2497 1874 2546 accusat

285 2588 429 2657 quod
459 2587 731 2643 consensit
756 2588 985 2652 mulieri,
1016 2588 1109 2642 sed
1130 2588 1185 2641 in
1206 2585 1479 2641 mulierem
1506 2581 1737 2637 refundit
1759 2580 1872 2636 cul-

284 2695 405 2750 pain
436 2695 621 2746 suam;
662 2688 716 2735 et
758 2682 835 2735 sic
881 2680 1144 2735 subtiliter
1182 2679 1329 2750 quasi
1374 2678 1441 2733 de
1484 2676 1673 2732 astutia
1712 2690 1870 2745 quam

284 2772 451 2826 miser
478 2779 828 2842 conceperat,
858 2770 1025 2825 voluit
1064 2770 1129 2824 ad
1176 2770 1349 2838 ipsum
1396 2768 1558 2823 Deum
1604 2767 1870 2837 pertinere

282 2862 427 2933 quod
455 2862 708 2933 peccavit.
738 2861 855 2918 Non
880 2862 1023 2916 enim
1061 2862 1154 2925 ait,
1185 2860 1369 2915 Mulier
1396 2859 1540 2914 dedit
1568 2859 1729 2925 mihi;
1773 2857 1867 2912 sed

283 2954 490 3009 addidit
508 2954 713 3020 dicens,
748 2952 938 3008 Mulier
962 2969 1114 3023 quant
1134 2951 1314 3005 dedisti
1342 2951 1484 3004 mihi.
1508 2949 1647 3005 Nihil
1673 2958 1754 3003 est
1775 2965 1870 3003 au-

282 3055 389 3103 tem
436 3058 545 3101 tam
586 3046 844 3101 familiare
884 3044 1252 3115 peccantibus,
1297 3058 1453 3112 quam
1485 3043 1717 3097 tribuere
1756 3042 1865 3096 Deo

278 3140 418 3195 velle
440 3140 809 3211 undecumque
829 3147 1146 3195 accusantur
1168 3154 1182 3191 :
1206 3145 1260 3191 et
1283 3135 1384 3190 hoc
1407 3136 1473 3189 de
1503 3135 1591 3189 illa
1618 3150 1751 3189 vena
1772 3150 1865 3189 su-

278 3236 501 3307 perbia,
542 3243 601 3289 ut
625 3234 875 3305 quoniam
903 3233 981 3288 sic
1009 3231 1170 3286 homo
1196 3229 1431 3301 peccavit
1459 3243 1579 3282 cum
1606 3226 1719 3281 vult
1746 3217 1865 3282 esse

276 3346 374 3401 par
401 3332 540 3397 Deo,
572 3330 625 3386 id
652 3339 733 3386 est
758 3329 890 3384 liber
927 3344 1045 3385 esse
1070 3327 1137 3382 ab
1173 3327 1288 3397 ejus
1316 3326 1550 3381 dominio
1568 3365 1584 3389 ,
1611 3325 1748 3379 sicut
1775 3324 1863 3378 ille

273 3424 341 3477 ab
359 3423 509 3478 omni
535 3422 771 3477 dominio
799 3421 936 3478 liber
958 3429 1061 3488 est,
1091 3418 1338 3491 quoniam
1362 3420 1477 3489 ipse
1502 3426 1585 3473 est
1612 3418 1861 3471 Dominus

273 3515 551 3579 omnium;
578 3512 827 3583 quoniam
867 3512 919 3567 in
946 3510 1221 3581 majestate
1251 3524 1346 3579 par
1374 3509 1450 3564 illi
1475 3523 1593 3563 esse
1631 3524 1734 3562 non
1761 3522 1860 3577 po-

276 3606 394 3670 tuit,
421 3604 535 3673 jam
562 3603 740 3675 lapsus
765 3612 819 3659 et
850 3602 1036 3674 jacens
1062 3602 1113 3656 in
1154 3608 1369 3671 peccato
1395 3614 1493 3654 suo
1510 3641 1526 3665 ,
1551 3614 1733 3669 parem
1759 3597 1858 3653 sibi

270 3712 396 3752 eum
430 3697 606 3752 facere
642 3705 882 3751 conetur.
910 3694 1007 3750 Vel
1038 3695 1209 3763 potius
1239 3693 1387 3746 illum
1424 3692 1536 3745 vult
1578 3689 1858 3745 ostendere

271 3803 543 3858 peccasse,
578 3803 636 3842 se
660 3796 837 3842 autem
864 3801 983 3842 esse
1012 3786 1366 3840 innocentem.
1402 3784 1465 3837 Et
1487 3782 1855 3836 mulierintcr-

267 3889 456 3951 rogata
484 3878 649 3934 refert
669 3879 874 3947 culpam
908 3878 959 3931 in
985 3884 1283 3946 serpentem
1310 3892 1322 3927 :
1350 3874 1499 3944 quasi
1535 3882 1625 3926 aut
1660 3872 1747 3926 ille
1780 3871 1858 3927 sic

264 3979 553 4039 acceperat
578 3984 797 4024 uxorem
828 3977 884 4023 ut
922 3969 970 4023 ei
1012 3968 1423 4038 obtemperaret,
1453 3974 1507 4021 et
1538 3981 1640 4019 non
1682 3966 1856 4035 potius

266 4071 326 4115 ut
356 4062 529 4131 ipsam
561 4061 661 4115 sibi
690 4061 1058 4130 obtemperare
1103 4060 1330 4123 faceret;
1368 4066 1459 4112 aut
1500 4057 1585 4110 illa
1613 4072 1717 4110 non
1759 4070 1856 4126 po-

266 4160 409 4206 terat
447 4150 541 4205 Dei
569 4159 887 4221 prmeeptum
932 4152 1105 4221 potius
1148 4148 1446 4214 custodire,
1498 4163 1654 4219 quam
1692 4146 1853 4202 verba

262 4246 535 4313 serpentis
558 4243 859 4299 admittere.

335 4333 426 4389 26.
468 4334 588 4388 Jam
618 4350 837 4404 serpens
866 4349 970 4389 non
996 4335 1367 4403 interrogatur,
1398 4331 1492 4386 sed
1522 4332 1667 4402 prior
1690 4347 1849 4387 exce-

266 4426 343 4493 pit
370 4439 606 4493 pmnam,
648 4425 771 4495 quia
797 4440 894 4479 nec
920 4423 1160 4479 conﬁteri
1193 4433 1468 4492 peceatum
1512 4430 1717 4491 potest,
1752 4437 1849 4477 nec

263 4516 427 4570 habet
452 4517 670 4569 omnino
711 4516 851 4571 unde
890 4532 949 4570 se
975 4525 1210 4571 excuset.
1253 4514 1365 4568 Non
1398 4524 1573 4569 autem
1604 4529 1746 4569 nunc
1784 4528 1847 4569 ea

260 4608 534 4663 damnatio
552 4608 746 4664 diaboli
774 4608 964 4663 dicitur
983 4650 995 4672 ,
1025 4624 1141 4678 qua:
1172 4609 1357 4663 ultimo
1377 4607 1576 4676 judicio
1600 4622 1844 4662 reserva-

259 4710 359 4767 tur,
393 4701 463 4758 de
490 4716 590 4771 qua
623 4701 853 4771 loquitur
874 4701 1127 4756 Dominus
1168 4716 1288 4755 cum
1320 4701 1467 4766 dicit,
1496 4699 1575 4753 Ite
1598 4701 1651 4753 in
1672 4702 1845 4770 ignem

256 4804 537 4859 tetanum,
583 4793 671 4865 qui
713 4802 1026 4863 praeparatus
1062 4801 1133 4847 est
1174 4793 1374 4848 diabolo
1414 4802 1461 4846 et
1514 4794 1707 4864 angelis
1735 4794 1845 4863 ejus

260 4885 475 4957 (Matth.
504 4900 639 4952 xxv,
667 4885 791 4957 41);
823 4884 916 4941 sed
943 4900 1002 4940 ea
1019 4900 1176 4956 poena
1196 4886 1311 4954 ejus
1330 4885 1541 4953 dicitur,
1563 4900 1666 4956 qua
1687 4884 1843 4941 nobis

258 4975 530 5031 cavendus
559 4984 660 5031 est.
689 4976 850 5031 Poena
872 4976 1012 5031 enim
1033 4976 1149 5046 ejus
1169 4986 1271 5043 est,
1305 4985 1362 5032 ut
1384 4976 1436 5030 in
1466 4984 1728 5046 potestate
1755 4976 1843 5032 lia~

257 5075 375 5120 neat
400 5081 493 5121 eos
517 5068 606 5137 qui
635 5066 728 5121 Dei
770 5076 1032 5137 praecepta
1057 5076 1417 5123 contemnunt.
1448 5068 1558 5123 Hoc
1583 5070 1723 5123 enim
1749 5084 1841 5124 ex-

253 5158 479 5225 plicatur
509 5156 594 5213 bis
620 5159 830 5227 verbis,
858 5160 1048 5230 quibus
1088 5162 1137 5214 in
1166 5177 1287 5215 cum
1326 5164 1588 5231 profertur
1622 5172 1837 5218 senten-

257 5246 362 5304 tia:
397 5258 452 5303 et
477 5249 601 5305 inde
622 5250 792 5320 major
820 5266 974 5322 poena
1000 5262 1100 5317 est,
1133 5254 1252 5323 quia
1283 5253 1351 5310 de
1381 5254 1478 5310 hac
1505 5266 1609 5311 tam
1641 5255 1837 5312 infelici

252 5352 519 5410 potestate
544 5343 785 5412 laetatur,
826 5346 915 5416 qui
945 5347 1147 5402 solebat
1173 5356 1455 5419 antequam
1486 5350 1732 5415 caderet,
1768 5350 1838 5427 de

249 5434 465 5489 sublimi
497 5435 721 5492 veritate
747 5437 978 5507 gaudere
994 5440 1047 5494 in
1069 5456 1170 5510 qua
1198 5456 1304 5495 non
1326 5442 1491 5496 stetit.
1522 5441 1591 5496 Et
1614 5442 1734 5498 ideo
1762 5443 1835 5498 illi

248 5525 411 5579 etiam
442 5541 635 5596 pecora
676 5539 1055 5599 praeponuntur
1078 5572 1093 5597 ,
1119 5548 1228 5586 non
1264 5534 1316 5588 in
1345 5542 1625 5603 potestate,
1656 5534 1749 5590 sed
1780 5534 1833 5589 in

246 5621 656 5676 conservatione
677 5624 695 5654 ί
726 5633 927 5678 natura:
955 5638 1065 5679 sua:
1094 5642 1107 5678 :
1136 5625 1257 5695 quia
1287 5642 1474 5697 pecora
1505 5644 1612 5683 non
1636 5629 1832 5685 amise-

247 5721 370 5765 runt
398 5712 776 5769 beatitudinem
808 5715 1036 5787 aliquam
1059 5718 1353 5789 caelestem,
1379 5736 1537 5793 quam
1565 5738 1829 5792 nunquam

308 5868 704 5941 swiu_Am.rx_._
745 5877 796 5922 et
831 5872 929 5924 duo
972 5882 1101 5937 uss,
1125 5876 1444 5941 conuersione.
1482 5883 1611 5937 Low.
1653 5877 1832 5941 aliquot

413 5930 786 6005 suifragantibus
805 5943 933 5997 Mss,
958 5930 1327 6005 conversatione.
1348 5939 1437 5993 sed
1460 5930 1634 5997 melius
1657 5930 1830 6005 Regius

244 5991 399 6046 codex
421 5991 602 6061 aliitu
616 5995 731 6064 duo,

1603 535 1805 611 LIBER,
1839 536 2209 597 SECUNDUS.

3471 572 3575 631 illo

2002 656 2332 731 habuerunt,
2360 677 2451 720 seu
2480 683 2531 722 ιη
2568 684 2659 725 sua
2688 681 2870 729 natura
2908 690 3067 747 quam
3099 692 3415 751 acceperunt
3445 702 3567 756 per-

1998 762 2158 819 agunt
2184 755 2363 811 vitam.
2389 759 2585 816 Dicitur
2615 779 2741 837 ergo
2777 766 2899 823 huic
2922 785 2935 822 :
2974 767 3187 827 Pectore
3222 783 3269 828 et
3297 755 3465 830 ventre
3493 796 3571 832 re-

1997 858 2103 911 pes.
2172 845 2324 938 Quod
2381 851 2591 920 quidem
2656 865 2709 911 et
2742 856 2797 912 in
2848 860 3068 917 colubro
3112 864 3567 938 animadvertitur,

1996 940 2051 987 et
2093 949 2156 989 ex
2184 937 2271 991 illo
2294 942 2561 1000 animante
2604 946 2793 1005 visibili
2830 952 2895 1006 ad
2942 953 3082 1011 hunc
3126 956 3444 1017 invisibilem
3472 962 3571 1018 ini-

1994 1027 2187 1084 micnm
2254 1034 2490 1090 nestrum
2542 1039 2733 1096 locutio
2793 1042 3064 1114 ﬁguratur.
3126 1047 3352 1108 Nomine
3425 1053 3569 1110 enim

1994 1121 2241 1190 pectoris,
2266 1125 2588 1196 signiﬁcatur
2608 1135 2874 1203 superbia,
2906 1139 3025 1206 quia
3048 1138 3118 1193 ibi
3145 1140 3445 1200 dominatur
3468 1145 3568 1201 im-

1993 1221 2145 1281 petus
2172 1217 2332 1271 animi
2359 1237 2371 1273 :
2404 1223 2617 1280 nomine
2645 1237 2819 1282 autem
2848 1232 3066 1299 ventris,
3095 1234 3419 1305 signiﬁcatur
3444 1254 3567 1294 car-

1990 1304 2113 1360 nale
2137 1306 2498 1378 desiderium,
2538 1315 2660 1384 quia
2705 1316 2819 1373 hate
2847 1335 2969 1389 pars
3007 1325 3218 1380 mollior
3258 1331 3482 1385 sentitur
3511 1332 3563 1386 in

1990 1407 2231 1465 corpore.
2281 1400 2341 1454 Et
2378 1404 2499 1471 quia
2542 1406 2625 1461 bis
2671 1410 2830 1465 rebus
2865 1411 2951 1468 ille
2988 1417 3152 1486 serpit
3192 1419 3258 1473 ad
3297 1435 3390 1477 eos
3428 1438 3563 1493 quos

1989 1488 2097 1540 vult
2126 1489 2409 1562 decipere;
2436 1508 2714 1568 propterea
2743 1502 2938 1559 dictum
2971 1518 3072 1575 est,
3098 1508 3309 1565 Pectore
3330 1525 3374 1567 et
3394 1488 3564 1570 ventre

2052 1759 2141 1814 9.7.
2185 1764 2250 1816 Et
2296 1776 2496 1835 (errant,
2539 1771 2728 1843 inquit,
2776 1779 3099 1834 manducabis
3130 1784 3357 1839 munibus
3384 1786 3558 1843 diebus

1982 1853 2095 1906 vita:
2120 1866 2219 1910 tua:
2247 1874 2266 1912 :
2294 1860 2345 1913 id
2367 1872 2447 1915 est
2475 1866 2715 1922 omnibus
2740 1868 2925 1924 diebus
2950 1873 3140 1941 quibus
3161 1876 3271 1944 agis
3301 1877 3434 1933 hanc
3464 1894 3559 1948 po-

1984 1954 2245 2014 testatem,
2291 1960 2412 2007 ante
2460 1954 2601 2009 illam
2651 1958 2886 2013 ultimam
2932 1977 3142 2030 poenam
3178 1965 3400 2034 judici‘i;
3442 1969 3559 2026 bare

1982 2036 2121 2126 cutim
2150 2040 2253 2094 vita
2283 2044 2397 2110 ejus
2418 2043 2642 2111 videtur,
2662 2047 2729 2103 de
2756 2065 2856 2118 qua
2884 2052 3079 2121 gaudet
3104 2064 3259 2123 atque
3280 2057 3554 2126 gloriatur.

1984 2124 2188 2181 Terram
2229 2145 2355 2201 ergo
2381 2126 2736 2203 manducabis,
2768 2138 2974 2197 duobus
2998 2144 3169 2198 modis
3196 2124 3415 2218 intelligi
3455 2165 3553 2219 po-

1928 2214 1933 2219 ’
1981 2224 2083 2271 test
2112 2235 2124 2269 :
2151 2220 2233 2275 vel
2264 2221 2329 2276 ad
2361 2230 2411 2277 te
2440 2226 2805 2294 pertinebunt,
2839 2248 2971 2302 quos
3010 2243 3219 2291 terrena
3266 2214 3555 2308 cupiditate

1978 2308 2273 2381 deceperis,
2306 2315 2355 2369 id
2383 2326 2465 2371 est
2487 2331 2821 2388 peccatores,
2853 2326 2940 2394 qui
2971 2335 3123 2382 terra:
3150 2330 3363 2385 nomine
3390 2331 3550 2402 signi-

1977 2399 2229 2471 ﬁcanlur;
2249 2407 2331 2462 vel
2358 2420 2503 2465 certe
2523 2427 2687 2481 genus
2710 2416 2920 2470 tertium
2946 2420 3249 2475 tentatiouis
3269 2422 3349 2477 his
3372 2399 3552 2480 verbis

1981 2492 2251 2565 ﬁguratur,
2284 2501 2423 2569 quod
2454 2512 2535 2558 est
2563 2508 2861 2563 curiositas.
2882 2510 3101 2568 Terram
3118 2516 3257 2569 enim
3285 2517 3373 2586 qui
3401 2532 3550 2572 man-

1975 2583 2154 2653 ducat,
2187 2590 2441 2658 profunda
2471 2604 2523 2649 et
2553 2598 2829 2653 tenebrosa
2852 2612 3114 2671 penetrat,
3137 2614 3191 2660 et
3216 2583 3390 2662 tamen
3417 2618 3549 2662 tem-

1974 2680 2171 2745 poralia
2204 2690 2359 2751 atque
2393 2694 2622 2741 terrena.

2044 2766 2133 2822 28.
2161 2769 2273 2825 Non
2300 2783 2474 2828 autem
2504 2778 2786 2835 inimicitia:
2819 2794 3085 2853 ponuntur
3124 2787 3259 2845 inter
3290 2791 3458 2860 ipsum
3489 2802 3545 2849 et

1972 2858 2143 2913 virum
2169 2903 2184 2926 ,
2226 2863 2318 2917 sed
2359 2866 2496 2921 inter
2529 2868 2700 2938 ipsum
2729 2881 2782 2926 et
2808 2874 3105 2932 mulierem.
3134 2858 3394 2951 Numquid
3422 2884 3545 2954 quia

1976 2950 2115 3005 viros
2143 2969 2245 3008 non
2275 2954 2471 3027 decipit
2496 2968 2549 3014 et
2579 2965 2780 3018 tentat?
2802 2966 2904 3021 Sed
2934 2968 3266 3025 manifestum
3292 2950 3379 3028 est
3402 2950 3543 3044 quod

1970 3039 2185 3114 decipit.
2232 3045 2314 3100 An
2343 3049 2466 3118 quia
2498 3050 2666 3121 ipsum
2697 3054 2864 3110 Adam
2897 3073 2999 3113 non
3040 3060 3267 3132 decepit,
3301 3065 3394 3119 sed
3419 3039 3542 3121 inu-

1970 3132 2155 3189 liercm
2177 3137 2330 3206 ejus?
2356 3140 2459 3195 Sed
2489 3146 2741 3214 numquid
2762 3158 3039 3219 propterea
3062 3168 3168 3207 non
3190 3167 3271 3209 est
3301 3156 3542 3213 inimicus

1967 3225 2100 3295 ejus,
2129 3228 2195 3283 ad
2226 3246 2380 3299 quem
2410 3238 2648 3302 pervenit
2680 3255 2774 3307 per
2799 3243 3070 3299 mulierem
3094 3260 3242 3301 suam
3270 3247 3356 3302 illa
3382 3249 3543 3306 dece-

1968 3316 2099 3386 ptio,
2131 3321 2360 3376 maxime
2387 3324 2508 3392 quia
2552 3326 2619 3382 de
2662 3327 2837 3386 futuro
2860 3332 2970 3402 jam
2996 3333 3207 3403 dicitur,
3238 3335 3542 3397 Inimicitias

1966 3513 2094 3591 ceps
2119 3500 2331 3572 decepit
2360 3504 2549 3575 Adam,
2577 3524 2678 3565 nec
2707 3510 2872 3582 ipsam
2914 3516 3076 3571 Evam
3107 3518 3355 3591 deinceps
3376 3521 3538 3578 dece-

1964 3590 2060 3660 pit.
2106 3594 2280 3660 Quare
2326 3611 2452 3667 ergo
2494 3598 2564 3652 ita
2608 3599 2820 3670 dicitur,
2848 3604 2951 3660 nisi
2976 3607 3096 3676 quia
3127 3608 3212 3664 hic
3254 3612 3537 3669 manifeste

1962 3687 2257 3743 ostenditur
2280 3704 2383 3744 non
2410 3706 2568 3761 posse
2597 3709 2694 3749 nos
2730 3710 2761 3749 a
2804 3696 3012 3754 diabolo
3041 3703 3250 3769 tentari,
3299 3704 3399 3760 nisi
3439 3721 3538 3779 per

1961 3778 2105 3834 illam
2132 3782 2413 3837 animalem
2438 3793 2661 3854 partem,
2684 3804 2801 3857 qua:
2825 3792 2974 3861 quasi
2998 3792 3233 3849 mulieris
3254 3778 3537 3867 imaginem

1962 3872 2045 3926 vel
2076 3874 2378 3944 exemplum
2416 3876 2469 3931 in
2516 3894 2622 3933 uno
2650 3879 2761 3949 ipso
2790 3879 3004 3938 homine
3040 3885 3289 3953 ostendit,
3322 3888 3388 3943 de
3430 3904 3533 3960 qua

1961 3963 2204 4032 superius
2224 3966 2333 4034 jam
2363 3968 2523 4022 multa
2552 3969 2815 4027 diximus?
2835 3974 2983 4040 Quod
3013 3985 3190 4032 autem
3212 3978 3371 4034 etiam
3398 3980 3536 4036 inter

1959 4068 2141 4111 semen
2165 4056 2379 4126 diaboli,
2394 4069 2448 4114 et
2471 4077 2656 4118 semen
2671 4065 2909 4121 mulieris
2931 4081 3201 4137 ponuntur
3222 4072 3530 4141 inimicitim,

1958 4145 2285 4215 signiﬁcatur
2322 4151 2524 4207 semine
2553 4152 2747 4208 diaboli
2797 4171 3043 4225 perversa
3090 4163 3387 4231 suggestio;
3443 4179 3532 4220 se-

1957 4237 2098 4291 mine
2131 4248 2309 4295 autcm
2351 4242 2609 4311 mulieris,
2659 4245 2859 4302 fructus
2897 4248 3019 4303 boni
3046 4252 3243 4320 operis,
3273 4270 3377 4324 quo
3404 4270 3529 4325 per-

1955 4343 2123 4385 versa:
2169 4335 2491 4402 suggestioni
2551 4338 2769 4391 resistit.
2832 4339 2897 4394 Et
2947 4340 3067 4397 ideo
3112 4344 3359 4399 observat
3415 4349 3528 4416 ipse

1954 4420 2186 4490 plantam
2219 4424 2453 4481 mulieris
2476 4468 2490 4493 ,
2520 4438 2576 4482 ut
2605 4430 2648 4482 si
2676 4430 2886 4499 quando
2916 4433 2968 4485 in
2997 4434 3174 4488 illicita
3214 4435 3407 4491 labitur
3433 4438 3527 4492 de-

1953 4511 2165 4569 lectatio
2189 4515 2238 4582 ¹,
2270 4525 2395 4572 tunc
2424 4518 2563 4572 illam
2603 4523 2775 4590 capiat
2806 4540 2818 4575 :
2851 4533 2902 4577 et
2946 4526 3030 4579 illa
3078 4528 3324 4583 observat
3364 4542 3524 4602 caput

1951 4605 2087 4674 ejus,
2135 4615 2192 4661 ut
2219 4622 2339 4662 eum
2380 4609 2434 4662 in
2463 4609 2576 4678 ipso
2605 4612 2751 4665 initio
2780 4614 2931 4668 malae
2960 4619 3222 4673 suasionis
3254 4622 3518 4677 excludat.

2091 4696 2315 4752 CAPUT
2343 4697 2482 4753 XIX.
2512 4732 2585 4741 -—
2608 4701 2684 4756 De
2709 4706 2868 4773 pwnis
2899 4707 3095 4762 mulieri
3118 4711 3340 4779 inﬂictis.

2019 4786 2107 4840 29.
2133 4788 2248 4841 lam
2276 4788 2344 4843 de
2375 4805 2527 4859 paena
2566 4794 2804 4849 mulieris
2835 4796 2974 4850 nulla
3004 4800 3225 4868 quaestio
3252 4811 3333 4856 est
3362 4820 3373 4855 :
3402 4820 3519 4859 ma-

1946 4878 2137 4935 nifeste
2159 4882 2301 4936 enim
2330 4882 2700 4953 multiplicatos
2722 4886 2932 4942 dolores
2958 4887 3135 4957 habet,
3163 4902 3318 4962 atque
3344 4898 3521 4965 suspi-

1946 4974 2025 5028 ria
2052 4975 2103 5028 in
2130 4974 2288 5046 hujus
2316 4978 2438 5031 vita:
2457 4980 2876 5046 calamitatibus;
2909 4994 2961 5037 et
2995 4985 3135 5054 quod
3164 4988 3216 5040 in
3246 4986 3519 5045 doloribus

1943 5066 2114 5133 pariat
2157 5068 2310 5132 lilios,
2339 5069 2576 5137 quamvis
2602 5078 2656 5124 et
2698 5071 2749 5125 in
2782 5071 2877 5126 ista
2907 5074 3095 5129 visibili
3125 5078 3343 5133 muliere
3367 5094 3518 5134 cont-

1944 5157 2177 5226 pleatnr,
2229 5167 2402 5213 tamen
2453 5159 2519 5214 ad
2567 5160 2709 5215 illam
2766 5165 3109 5221 secretiorem
3166 5168 3520 5225 consideratio

1944 5249 2237 5305 revocanda
2265 5261 2364 5307 est.
2393 5251 2523 5307 Nam
2550 5262 2603 5308 et
2631 5254 2679 5309 in
2718 5258 2996 5326 pecoribus
3034 5259 3243 5315 femina:
3268 5277 3388 5317 cum
3414 5263 3517 5317 do-

1942 5339 2053 5394 lore
2079 5342 2289 5411 pariunt
2310 5342 2465 5410 ﬁlios,
2497 5352 2549 5399 et
2578 5344 2692 5401 lucc
2712 5357 2793 5402 est
2819 5348 2869 5402 in
2902 5350 3000 5405 illis
3026 5351 3359 5407 mortalitatis
3385 5368 3515 5410 con-

1932 5431 2071 5511 ditio
2100 5435 2274 5503 potius
2302 5450 2457 5505 quam
2498 5452 2651 5507 pinna
2693 5441 2913 5509 peccati.
2946 5442 3125 5497 Potest
3148 5458 3273 5512 ergo
3311 5443 3423 5501 ﬁeri
3456 5456 3513 5502 ut

1940 5526 2098 5581 etiam
2126 5526 2177 5581 in
2205 5525 2413 5582 feminis
2444 5527 2744 5587 hominibus
2769 5533 3070 5587 mortalium
3113 5548 3395 5605 corporum
3442 5538 3513 5594 sit

1939 5620 2038 5673 ista
2064 5620 2316 5675 conditio.
2345 5622 2451 5677 Sed
2480 5621 2583 5678 hoc
2610 5632 2695 5678 est
2721 5640 2971 5695 magnum
2998 5626 3333 5697 supplicium,
3365 5628 3508 5699 quod

1937 5713 2003 5767 ad
2044 5714 2195 5768 istam
2229 5729 2511 5785 corporum
2555 5716 2929 5771 mortalitatem
2973 5732 3038 5772 ex
3070 5716 3154 5773 illa
3189 5718 3506 5776 immortali-

1939 5816 2042 5863 tate
2084 5818 2359 5864 venerunt.
2409 5808 2785 5865 Verumtamen
2826 5825 3074 5881 magnum
3120 5823 3513 5870 sacramentum

1934 5949 2142 6061 CL
2170 5960 2265 5998 non
2282 5949 2419 6012 rauci
2440 5948 2649 6001 habent:
2668 5946 2721 6003 si
2738 5950 2931 6017 qumdo
3151 5955 3345 6009 elabitur
3377 5957 3510 6010 dele-
