4056 6464
554 605 638 652 est
670 593 829 665 hujus
863 593 1164 661 sententias,
1200 606 1341 664 quon
1381 590 1521 645 nulla
1556 587 1873 645 abstinentia
1900 584 1959 641 iit
1981 599 2010 639 a
2037 599 2133 641 vo-

524 700 527 703 ‘
550 686 760 747 mutato
776 686 978 743 cumuli
998 727 1014 750 ,
1028 699 1163 756 qua:
1190 699 1299 739 non
1320 682 1519 737 habeat
1540 681 1592 735 in
1610 678 1838 736 exordio
1855 677 2093 734 dolorem
2116 715 2135 745 ,

548 764 1095 835 donecinmeliarem
1122 785 1326 848 partem
1342 772 1676 831 consuetudo
1695 772 1954 829 ﬂectatur.
1984 768 2138 839 Quod

542 867 1202 941 mrprovenerit,quasi
1223 876 1376 923 natus
1390 876 1472 923 est
1490 864 1651 934 ﬁlius,
1669 865 1723 921 id
1746 873 1828 921 est
1848 864 1918 919 ad
1938 864 2138 919 bonum

534 972 936 1034 opus-paratus
962 960 1290 1018 estaﬁeetus
1316 975 1411 1030 per
1434 958 1877 1016 consuetudinem
1906 959 2133 1014 bonam.

532 1053 683 1122 Quae
702 1055 1038 1112 consuetudo
1078 1062 1139 1110 ut
1178 1061 1509 1121 msceretur,
1539 1068 1660 1108 cum
1688 1052 1873 1108 dolore
1892 1051 2139 1108 relucta-

537 1153 667 1200 θωπί
684 1154 789 1202 ραι
810 1145 1198 1204 consuetudini
1224 1146 1414 1204 ωιιω.
1436 1143 1576 1201 Nam
1603 1153 1661 1201 et
1688 1143 1820 1200 illud
1846 1142 1989 1215 quod
2014 1150 2138 1214 post

534 1236 978 1308 :partomdietum
989 1245 1082 1294 «est
1106 1238 1147 1305 ί,
1164 1236 1286 1293 ιΕνῦι
1305 1237 1395 1292 tibi
1418 1237 1670 1293 conversio
1697 1236 1765 1291 ad
1788 1236 1949 1291 virum
1971 1242 2133 1302 tuum,

552 1330 735 1401 etipse
757 1330 832 1383 tui
852 1330 1234 1396 dominabitur;
1255 1345 1433 1386 nonne
1456 1329 1635 1385 multa:
1661 1342 1725 1384 ac
1757 1340 1923 1401 prope
1947 1340 2136 1382 omnes

542 1422 804 1478 mulieres
825 1422 1132 1479 absentibus
1154 1424 1284 1481 viris
1313 1424 1424 1480 suis
1454 1423 1681 1494 pariunt,
1709 1431 1761 1477 et
1788 1428 1907 1492 post
1927 1427 2135 1491 partum

536 1528 613 1569 se
638 1514 707 1568 ad
734 1514 854 1570 illos
884 1530 993 1572 non
1013 1517 1370 1572 convertunt?
1396 1516 1527 1584 Qum
1556 1523 1733 1570 autem
1751 1513 1993 1583 superba:
2014 1520 2138 1568 sunt

550 1604 824 1673 mulieres,
852 1614 908 1661 et
929 1606 1270 1662 dominantur
1298 1607 1446 1671 viris,
1491 1605 1744 1676 numquid
1778 1614 1898 1676 post
1924 1614 2134 1675 partum

546 1705 734 1752 carent
758 1697 869 1754 hoc
916 1699 1078 1766 vitio,
1124 1707 1182 1754 ut
1218 1699 1317 1753 viri
1367 1712 1554 1754 earum
1596 1695 1976 1753 dominentur?
2022 1694 2135 1751 Imo

528 1791 697 1860 quasi
726 1791 1034 1862 dignitatem
1062 1791 1163 1847 sibi
1191 1792 1426 1847 additam
1456 1791 1717 1859 credunt,
1762 1788 1901 1862 quod
1935 1798 2135 1845 matres

542 1880 701 1948 ﬁunt,
746 1888 808 1937 et
846 1883 1164 1954 plerumque
1206 1882 1547 1953 superbiores
1583 1882 1837 1939 existunt.
1871 1881 2007 1950 Quid
2033 1880 2132 1936 sibi

547 1986 675 2044 ergo
699 1973 834 2041 vult,
858 1974 1003 2045 quod
1044 1985 1388 2047 posteaquam
1414 1976 1613 2032 dictum
1635 1985 1739 2044 est,
1767 1974 1835 2030 In
1876 1974 2133 2029 doloribus

536 2068 712 2135 paries
735 2067 889 2136 ﬁlios,
916 2069 1153 2124 additum
1181 2078 1284 2136 est,
1309 2080 1357 2125 et
1384 2072 1476 2125 erit
1496 2071 1584 2125 tibi
1604 2072 1857 2127 conversio
1876 2070 1944 2125 ad
1968 2071 2133 2126 virum

534 2165 708 2222 vuum,
722 2166 770 2211 et
786 2159 897 2230 ipse
914 2160 989 2215 tui
1006 2160 1371 2229 dominabitur,-
1392 2162 1492 2217 nisi
1517 2163 1639 2233 quia
1662 2163 1748 2217 illa
1769 2177 1889 2232 pars
1915 2162 2129 2231 animae,

540 2263 666 2318 quas
693 2250 993 2305 carnalibus
1026 2252 1236 2322 gaudiis
1265 2261 1495 2318 tenetur,
1530 2269 1648 2308 cum
1678 2254 1908 2324 aliquam
1935 2256 2132 2311 malam

534 2343 986 2399 consuetudinem
1014 2345 1199 2401 volens
1220 2346 1452 2414 vincere,
1481 2361 1633 2416 passa
1663 2346 1821 2403 fuerit
1843 2345 2131 2404 difﬁculta-

532 2439 653 2487 λίθω
695 2447 758 2488 ac
796 2433 1033 2491 dolorem
1054 2479 1067 2502 ,
1111 2444 1269 2509 atque
1298 2438 1368 2492 ita
1395 2438 1661 2509 pepererit
1687 2437 2126 2495 consuetudinem

530 2525 759 2597 ihonam,
787 2529 994 2586 cautius
1016 2531 1126 2602 jam
1155 2542 1207 2589 et
1238 2533 1543 2604 diligentius
1572 2534 1762 2589 rationi
1796 2526 2131 2605 obtemperat

533 2626 795 2691 tanquam
825 2621 975 2690 viro;
1021 2632 1075 2679 et
1119 2625 1249 2695 ipsis
1277 2626 1429 2697 quasi
1455 2625 1658 2681 erudita
1690 2624 1963 2681 doloribus
1993 2640 2127 2681 con-

542 2712 767 2769 vertitur
790 2714 857 2770 ad
886 2716 1169 2786 rationem,
1209 2727 1265 2775 et
1308 2719 1537 2775 libenter
1566 2719 1732 2775 servit
1770 2718 2018 2789 jubenti,
2059 2733 2128 2776 ne

528 2801 734 2860 iterum
778 2805 835 2869 in
870 2806 1101 2879 aliquam
1133 2810 1490 2882 perniciosam
1539 2811 1981 2868 consuetudinem
2033 2811 2128 2877 de-

526 2892 708 2951 dilati
748 2896 853 2953 ista
889 2913 1016 2972 ergo
1061 2916 1181 2972 qua:
1215 2899 1462 2958 videntur
1504 2902 1780 2960 maledicta
1801 2944 1817 2972 ,
1866 2911 2128 2974 praecepta

544 2996 689 3056 sunt,
714 2989 762 3044 si
789 3005 896 3045 non
935 2992 1220 3049 carnaliter
1243 2993 1536 3064 spiritualia
1565 2994 1825 3067 legamus.
1848 2993 1958 3051 Lex
1983 2993 2127 3055 enim

510 3081 836 3150 ‘spirituaiis
860 3093 942 3140 est
968 3084 1143 3156 (Rom.
1178 3101 1277 3154 vn,
1311 3086 1421 3157 14).

888 3175 1120 3234 CAPUT
1140 3177 1261 3233 XX.
1282 3208 1356 3220 —-
1380 3176 1457 3234 De
1478 3178 1573 3234 viri
1601 3196 1767 3250 paena.

512 3276 517 3280 ‘
604 3265 703 3321 ‘50.
734 3266 865 3322 item
892 3267 959 3324 de
982 3270 1243 3326 sententia
1275 3270 1375 3326 ista
1407 3288 1524 3342 quae
1545 3272 1746 3342 prolata
1767 3280 1851 3330 est
1870 3273 1924 3330 in
1954 3272 2125 3346 ipsum

513 3357 740 3426 wirum,
769 3361 893 3430 quid
924 3361 1201 3418 dicemus?
1232 3363 1499 3436 Numquid
1528 3364 1665 3422 forte
1691 3365 1907 3433 divites,
1934 3369 2126 3440 quibus

536 3451 787 3519 provenit
811 3451 1089 3509 facillimus
1123 3456 1515 3528 victus,.neque
1546 3456 1763 3519 interra
1797 3470 2086 3530 operantur
2106 3502 2123 3529 ,

540 3543 780 3599 evasisse
803 3544 958 3601 istam
980 3560 1192 3616 pmnam
1215 3548 1555 3606 existimandi
1577 3559 1721 3619 sunt,
1755 3566 1854 3622 qua
1882 3551 2076 3613 dicitur
2106 3573 2123 3611 :

536 3632 819 3691 ~Maledicta
861 3644 995 3692 terra
1040 3639 1135 3693 erit
1180 3639 1270 3694 tibi
1303 3641 1355 3694 in
1397 3641 1627 3696 omnibus
1659 3643 1893 3714 operibus
1922 3646 2127 3712 tuis;,in

529 3725 744 3780 tristitia
773 3735 820 3781 et
847 3728 1034 3798 gemitu
1061 3738 1146 3783 tuo
1175 3730 1503 3785 manducabis
1528 3747 1590 3785 ex
1612 3747 1671 3785 ea
1695 3732 1925 3788 omnibus
1951 3734 2125 3790 diebus

520 3817 798 3873 vitiatum.
830 3817 1022 3889 Spinas
1046 3829 1095 3873 et
1120 3818 1331 3876 tribulos
1362 3822 1522 3893 pariet
1552 3821 1659 3889 tibi,
1711 3832 1755 3877 et
1799 3823 1914 3879 edes
1961 3824 2122 3895 pabu-

538 3910 652 3963 tum
688 3909 802 3979 agri
826 3910 900 3964 tui
925 3925 945 3965 :
972 3911 1025 3965 in
1053 3911 1238 3967 sudore
1260 3913 1427 3975 uultus
1476 3914 1549 3968 tui
1578 3914 1694 3969 edes
1743 3930 1927 3985 panem
1956 3923 2121 3985 tuum,

540 3999 699 4054 donec
739 4002 1001 4056 revertaris
1051 4002 1106 4057 in
1146 4010 1362 4071 terram,
1392 4019 1456 4059 ea:
1483 4020 1583 4074 qua
1621 4015 1851 4077 sumptus
1890 4022 1978 4072 es;
2006 4007 2127 4079 quia

541 4100 677 4146 terra
715 4108 801 4162 es,
850 4101 898 4149 et
927 4094 983 4149 in
1016 4102 1203 4150 terram
1257 4094 1392 4150 ibis?
1440 4095 1546 4152 Sed
1591 4104 1736 4153 certe
1782 4096 1912 4152 illud
1954 4099 2130 4153 mani-

418 4218 435 4237 .
532 4180 738 4240 festum
760 4193 863 4254 est,
890 4185 1034 4258 quod
1054 4201 1214 4244 nemo
1238 4186 1430 4245 evadat
1459 4188 1617 4247 istam
1645 4190 1983 4246 sententiam.
2012 4191 2127 4250 Hoc

530 4275 717 4347 "ipsum
743 4278 932 4335 enim‘
952 4279 1093 4351 quod
1133 4281 1188 4336 in
1215 4281 1317 4337 hac
1351 4283 1460 4339 vita
1501 4281 1726 4354 quisque
1755 4291 1930 4350 natus,
1980 4284 2125 4347 ditii-

534 4372 796 4429 cultatem
835 4374 1167 4431 invenienda:
1210 4375 1450 4432 veritatis
1479 4374 1644 4432 habet
1683 4391 1752 4432 ex
1789 4378 2125 4448 corruptibili

538 4474 769 4535 corpore
795 4465 958 4537 (sicut
982 4466 1123 4522 enim
1158 4466 1410 4523 Salomon
1450 4467 1600 4534 dicit,
1630 4464 1828 4539 Corpus
1846 4467 1985 4538 quod
2005 4485 2123 4524 cor-

536 4558 792 4628 rumpitur
827 4567 1069 4631 aggravat
1094 4561 1336 4629 animam,
1364 4568 1412 4615 et
1437 4560 1673 4631 deprimit
1699 4569 1894 4615 terrena
1920 4558 2122 4615 inhabi-

540 4648 664 4702 tatio
687 4663 891 4704 sensum
910 4649 1069 4704 multa
1088 4650 1389 4722 cogitantem
1412 4648 1568 4724 [Sap.
1594 4666 1673 4718 ιι,
1699 4647 1788 4723 15]
1800 4648 1842 4723 ),
1872 4648 1973 4721 ipsi
1997 4658 2122 4706 sunt

536 4738 750 4796 labores
795 4747 851 4796 et
902 4739 1127 4795 tristitia:
1149 4756 1283 4812 quas
1322 4739 1488 4798 habet
1526 4740 1688 4796 homo
1737 4756 1805 4798 ex
1849 4750 2019 4808 terra;
2068 4750 2125 4798 et

1437 474 1523 529 DE
1560 469 1806 529 GENESI
1841 466 2120 525 CONTRA
2156 464 2460 541 MANICH.,
2499 468 2558 526 S.
2599 469 2967 531 AUGUSTINI

3720 485 3839 543 212

2244 583 2515 652 veritatis;
2545 587 2596 641 in
2623 587 2721 642 ista
2746 598 2874 660 ergo
2901 590 3281 661 perplexitate,
3325 595 3478 668 cujus
3504 598 3685 657 vultus
3722 617 3837 664 non

2192 751 2196 755 4
2240 676 2399 733 sudet
2423 686 2480 733 ut
2506 678 2792 737 manducet
2819 696 3009 752 panem
3039 687 3233 740 suum?
3260 689 3405 759 quod
3433 693 3679 751 omnibus
3708 693 3833 753 die-

2230 768 2341 825 “bus
2368 769 2495 826 vitze
2522 782 2721 829 nostra;
2744 775 2953 844 passuri
2981 790 3181 843 sumus,
3204 778 3257 835 id
3281 789 3363 837 est
3389 781 3547 854 hujus
3567 786 3688 842 vita:
3707 803 3835 861 qua

2241 861 2524 918 transitum
2564 871 2666 920 est.
2710 865 2782 921 Et
2822 866 2925 923 hoc
2966 868 3043 925 illi
3089 871 3288 929 dictum
3332 884 3448 946 est,
3484 878 3572 949 qui
3603 880 3834 940 coluerit

2240 969 2426 1026 agrum
2467 970 2659 1025 suum,
2707 957 2829 1028 quia
2866 958 2967 1016 ista
3012 963 3211 1033 patitur
3235 965 3408 1022 donec
3443 978 3745 1029 revertatur
3773 972 3831 1030 in

2241 1052 2457 1110 terram,
2488 1061 2554 1102 ex
2578 1062 2682 1119 qua
2706 1058 2946 1120 sumptus
2970 1062 3073 1119 est,
3098 1054 3149 1109 id
3177 1065 3278 1121 est,
3302 1057 3478 1115 donec
3498 1059 3646 1118 iluiat
3664 1062 3830 1121 vitam

2234 1139 2416 1197 istam.
2442 1140 2545 1208 Qui
2574 1142 2717 1198 enim
2748 1144 2973 1202 coluerit
3002 1162 3187 1219 agrum
3218 1149 3374 1206 istum
3408 1153 3653 1224 interius,
3680 1164 3737 1212 et
3759 1156 3830 1214 ad

2236 1248 2432 1304 panem
2464 1249 2616 1290 suum
2644 1237 2890 1307 quamvis
2925 1253 3048 1295 cum
3076 1239 3263 1298 labore
3290 1244 3616 1313 pervenerit,
3642 1256 3831 1319 potest

2239 1340 2407 1398 usque
2432 1327 2500 1385 a'd
2538 1328 2695 1385 linem
2738 1330 2864 1386 vita:
2900 1330 3231 1404 hujus'huuc
3252 1335 3498 1394 laborem
3522 1339 3636 1411 pati
3662 1356 3677 1394 :
3707 1348 3830 1413 post

2236 1416 2379 1475 hanc
2404 1428 2578 1476 autem
2609 1420 2772 1478 vitam
2812 1437 2917 1479 non
2961 1433 3046 1480 est
3082 1441 3305 1483 necesse
3338 1437 3396 1483 ut
3430 1430 3680 1500 patiatur.
3718 1430 3828 1490 Sed

2239 1509 2332 1580 qui
2360 1511 2496 1568 forte
2528 1527 2717 1584 agrum
2753 1530 2858 1575 non
2897 1515 3139 1583 coluerit,
3178 1526 3232 1574 et
3257 1518 3424 1589 spinis
3448 1537 3570 1598 eum
3597 1523 3828 1595 opprimi

2240 1604 2561 1673 permiserit,
2587 1605 2745 1663 habet
2767 1607 2820 1668 in
2838 1609 2939 1665 hac
2959 1610 3065 1665 vita
3088 1611 3516 1671 maledictionem
3540 1625 3695 1673 terrae
3715 1602 3828 1674 sua

2239 1694 2292 1748 in
2320 1695 2567 1753 omnibus
2594 1699 2845 1769 operibus
2865 1702 2995 1767 suis,
3025 1710 3081 1758 et
3100 1714 3221 1774 post
3242 1703 3380 1760 hanc
3400 1705 3561 1762 vitam
3580 1707 3823 1778 habebit,

2241 1785 2325 1839 vel
2362 1787 2535 1857 ignem
2566 1791 2892 1861 purgationis
2912 1793 2997 1849 vel
3022 1809 3234 1864 poenam
3259 1805 3536 1853 aeternam.
3567 1798 3642 1854 ita
3663 1815 3826 1856 nemo

2240 1875 2415 1931 evadit
2440 1878 2596 1933 istam
2623 1882 2942 1937 sententiam
2981 1899 2997 1939 :
3023 1884 3119 1940 sed
3148 1887 3418 1958 agendum
3447 1900 3530 1946 est
3553 1898 3612 1946 ut
3634 1891 3827 1949 saltem

2186 2004 2199 2017 .
2241 1967 2293 2020 in
2322 1966 2421 2023 hac
2449 1976 2650 2025 tantum
2678 1972 2786 2027 vita
2812 1974 3092 2030 sentiatur.

2237 2056 2462 2116 CAPUT
2506 2060 2649 2116 XXI.
2676 2092 2745 2103 --
2783 2063 2951 2130 Quare
3008 2076 3119 2137 post
3163 2071 3611 2142 transgressionem
3657 2072 3827 2129 Adam

2307 2154 2460 2208 vitam
2485 2156 2733 2210 vocaverit
2752 2156 2918 2228 ipsam
2942 2157 3107 2215 Evam
3137 2175 3160 2217 :
3176 2162 3310 2217 etde
3328 2165 3654 2236 pellicearum
3680 2150 3824 2221 tuni-

2307 2261 2479 2300 carum
2506 2248 2894 2319 signiﬁcatione.

2306 2338 2395 2393 51.
2420 2337 2591 2405 Quem
2625 2333 2805 2397 autem
2842 2357 2950 2397 non
2976 2352 3205 2413 moveat,
3230 2347 3518 2423 quodpost
3536 2357 3825 2420 peccatum

2234 2437 2289 2485 et
2309 2433 2625 2487 sententiam
2647 2434 2842 2504 judicis
2861 2436 2955 2492 Dei
2972 2447 3127 2494 vocat
3148 2440 3319 2496 Adam
3344 2442 3622 2501 mulierem
3642 2458 3821 2513 suam,

2220 2520 2433 2591 "litant,
2464 2525 2587 2595 quia
2613 2526 2854 2591 vivorum
2879 2528 2991 2599 ipsa
3021 2530 3091 2586 sit
3117 2538 3308 2600 mater,
3324 2542 3673 2606 posteaquam
3701 2550 3823 2593 me-

2232 2615 2338 2670 ruit
2376 2625 2623 2685 mortem,
2667 2627 2721 2675 et
2757 2621 3010 2678 mortales
3038 2621 3173 2679 fetus
3201 2639 3388 2695 parere
3409 2625 3671 2683 destinata
3695 2636 3820 2696 est;

2233 2707 2335 2761 nisi
2361 2707 2484 2778 quia
2512 2709 2630 2765 illos
2660 2709 2803 2767 fetus
2837 2712 3063 2769 attendit
3094 2712 3392 2784 Scriptura,
3437 2732 3574 2787 quos
3609 2733 3729 2777 cum
3752 2718 3824 2774 in

2232 2797 2505 2856 doloribus
2520 2802 2812 2875 pepererit,
2836 2803 3030 2860 tiet'illi
3048 2804 3331 2871 conversio
3355 2806 3421 2869 ad
3444 2807 3613 2863 virum
3639 2822 3820 2878 suum,

2232 2900 2288 2947 et
2321 2891 2438 2963 ejus
2467 2892 2580 2963 ipse
2608 2892 3004 2950 dominabitur?
3029 2895 3108 2953 De
3135 2894 3328 2967 quibus
3355 2895 3550 2961 fetibus
3575 2896 3823 2968 superius

2232 2982 2430 3040 dictum
2461 2993 2564 3042 est.
2592 2984 2685 3042 Sic
2712 2987 2855 3042 enim
2884 2995 2967 3049 est
2994 2987 3083 3043 illa
3118 2989 3225 3044 vita
3255 3000 3531 3062 materque
3554 2991 3819 3046 vivorum.

2232 3074 2365 3130 Nam
2390 3076 2495 3130 vita
2523 3092 2643 3148 quae
2666 3077 2719 3133 in
2747 3078 2979 3149 peccatis
3003 3086 3105 3147 est,
3134 3094 3282 3136 mors
3308 3082 3562 3152 appellari
3578 3083 3640 3138 ‘in
3660 3082 3820 3140 Scri-

2230 3168 2402 3238 pturis
2435 3169 2610 3240 solet,
2640 3171 2778 3228 sicut
2804 3172 3091 3243 Apostolus
3114 3172 3242 3230 dicit
3268 3185 3534 3231 mortuam
3572 3191 3692 3234 esse
3734 3177 3821 3233 vi-

2231 3259 2389 3316 duam
2431 3277 2549 3332 qua:
2590 3262 2644 3317 in
2686 3262 2894 3320 deliciis
2939 3265 3068 3321 vivit
3094 3265 3148 3337 (ι
3173 3264 3309 3322 Tim.
3337 3284 3393 3335 v,
3414 3268 3471 3340 6)
3504 3277 3597 3325 :et
3621 3270 3822 3326 mortui

2231 3353 2448 3410 nomine
2490 3364 2763 3425 peccatum
2792 3357 2964 3428 ipsum
3002 3358 3290 3431 significari
3328 3362 3582 3434 legimus,
3612 3361 3701 3420 ubi
3730 3362 3820 3419 di-

2231 3452 2374 3500 ctum
2404 3453 2507 3514 est,
2536 3447 2639 3513 Qui
2658 3448 2953 3520 baptizatur
2987 3466 3020 3504 a
3065 3461 3262 3506 mortuo
3285 3494 3301 3519 ,
3343 3460 3389 3507 et
3426 3454 3608 3508 iterum
3657 3455 3824 3527 tangit

2202 3534 2400 3602 "illum,
2428 3536 2551 3608 quid
2589 3537 2791 3609 proﬁcit
2827 3541 2882 3594 in
2925 3539 3128 3597 lavacro
3153 3544 3289 3599 suo?
3325 3543 3415 3601 Sic
3439 3554 3491 3600 et
3511 3546 3821 3617 quijejunat

2230 3644 2383 3699 super
2407 3637 2614 3699 peccata
2637 3647 2750 3698 sua,
2778 3641 2825 3687 et
2852 3633 3034 3688 iterum
3056 3634 3321 3691 ambulans
3352 3636 3460 3692 lucc
3484 3639 3660 3693 eadem
3692 3639 3823 3711 facit

2233 3722 2418 3795 (Eccli.
2461 3741 2649 3791 xxnv,
2690 3726 2783 3794 50,
2832 3727 2945 3802 51).
2976 3728 3081 3787 Pro
3108 3740 3329 3801 peccato
3371 3732 3516 3787 enim
3546 3740 3820 3789 mortuum

2230 3817 2440 3885 posuit,
2489 3816 2861 3875 abstinentiam
2912 3836 3038 3875 vero
3078 3820 3447 3894 jejuniumque
3481 3838 3512 3879 a
3550 3833 3771 3895 peccato
3795 3864 3817 3894 ,

2233 3912 2482 3978 tanquam
2504 3907 2834 3980 baptismum
2853 3953 2868 3979 ,
2898 3910 3002 3967 hoc
3029 3921 3112 3967 est
3139 3914 3540 3970 mundationem
3569 3916 3587 3948 ¹
3605 3929 3638 3970 a
3666 3930 3819 3973 mor-

2232 4007 2324 4053 tuo
2355 4015 2367 4052 :
2399 3998 2594 4054 iterum
2638 4008 2816 4057 autem
2870 4002 3049 4059 redire
3087 4003 3154 4059 ad
3196 4014 3475 4075 peccatum
3498 4049 3513 4074 ,
3563 4015 3821 4080 tanquam

2222 4088 2425 4145 iterum
2470 4098 2687 4161 tangere
2729 4102 3016 4149 mortuum.
3057 4094 3233 4164 Quare
3279 4112 3407 4169 ergo
3435 4113 3541 4159 non
3571 4099 3822 4156 animalis

2218 4178 2318 4236 'illa
2346 4195 2467 4251 pars
2493 4189 2693 4249 nostra,
2716 4199 2834 4255 quae
2855 4193 3102 4255 tauquam
3126 4185 3245 4242 viro
3268 4187 3426 4244 debet
3445 4189 3821 4261 obtemperare

2231 4272 2442 4338 rationi,
2471 4288 2591 4329 cum
2617 4290 2713 4345 per
2732 4275 2899 4347 ipsam
2929 4276 3189 4334 rationem
3218 4278 3286 4335 de
3314 4280 3478 4336 verbo
3511 4282 3633 4337 vitae
3670 4292 3819 4341 recte

2230 4362 2441 4419 vivendi
2467 4365 2729 4421 sarcinam
2756 4369 3082 4438 conceperit,
3114 4370 3412 4441 appelletur
3439 4372 3581 4438 vita;
3609 4381 3665 4429 et
3692 4388 3817 4431 cum

2216 4453 2579 4533 parturitione
2598 4456 2950 4526 abstinentiae,
2965 4460 3203 4530 quamvis
3219 4476 3338 4517 cum
3359 4463 3633 4519 doloribus
3653 4472 3819 4535 atque

2228 4545 2533 4616 gemitibus,
2564 4548 2720 4603 mala:
2745 4549 3115 4605 consuetudini
3144 4551 3419 4621 resistens,
3450 4552 3643 4610 bonam
3684 4569 3820 4613 con-

2214 4636 2565 4693 suetudinem
2592 4638 2660 4695 ad
2704 4649 2849 4697 recte
2877 4640 3014 4696 facta
3045 4644 3331 4714 pepererit,
3362 4654 3533 4702 mater
3572 4645 3817 4704 vivorum

2226 4735 2468 4795 vocetur,
2490 4728 2551 4784 id
2577 4738 2661 4786 est
2685 4740 2832 4787 recte
2861 4730 3154 4800 factorum;
3183 4734 3375 4805 quibus
3396 4736 3662 4793 contraria
3686 4747 3817 4795 sunt

538 4830 709 4901 spina:
736 4844 800 4887 ac
840 4831 1019 4888 tribuli
1069 4840 1194 4888 sunt
1232 4833 1550 4904 punctiones
1589 4839 1950 4888 tortuosarum
1976 4849 2122 4904 quae-

2231 4828 2444 4891 peccata
2460 4860 2474 4886 ,
2514 4835 2635 4891 quae
2690 4822 2907 4880 nomine
2948 4833 3280 4883 mortuorum
3319 4826 3607 4901 signiﬁcari
3646 4844 3817 4902 posse

535 4919 791 4990 stionum,
821 4930 915 4978 aut
950 4922 1297 4995 cogitationes
1321 4922 1388 4980 de
1412 4921 1722 4992 provisione
1759 4922 1914 4992 huius
1951 4923 2075 4978 vitae
2103 4940 2117 4977 :

535 5026 655 5083 quas
674 5012 1012 5085 plerumque,
1055 5013 1157 5070 nisi
1183 5014 1542 5085 exstirpentur
1560 5023 1614 5069 et
1632 5013 1698 5069 de
1716 5028 1845 5085 agro
1870 5012 1963 5069 Dei
1990 5029 2121 5085 pro-

529 5105 804 5179 iiciantur,
827 5106 1089 5163 suifocant
1103 5107 1342 5171 verbum,
1367 5121 1435 5162 ne
1468 5104 1752 5162 iructilicet
1790 5105 1847 5159 in
1866 5104 2116 5188 homine,

535 5198 672 5253 sicut
697 5196 955 5257 Dominus
989 5198 1045 5255 in
1078 5197 1371 5271 Evangelio
1397 5197 1525 5254 dicit
1552 5195 1749 5270 (Mare.
1776 5212 1850 5264 ιν,
1877 5195 2115 5269 18,19).

530 5289 601 5346 Et
622 5291 874 5362 quoniam
900 5290 1220 5349 necessitate
1233 5290 1343 5361 jam
1368 5305 1463 5361 per
1486 5288 1585 5346 hos
1610 5289 1795 5346 oculos
1820 5298 1874 5345 et
1903 5304 1997 5361 per
2019 5289 2118 5348 has

2226 4909 2587 4967 docuimus"?

2299 5004 2387 5061 32.
2428 5004 2568 5061 Nam
2610 5005 2701 5062 illa
2743 5021 2891 5063 mors
2921 5049 2937 5075 ,
2970 5021 3140 5080 quam
3174 5024 3359 5069 omnes
3398 5012 3486 5084 qui
3531 5028 3599 5070 ex
3636 5012 3814 5072 Adam

2226 5095 2335 5150 nati
2362 5110 2567 5164 sumus,
2601 5096 2860 5168 coepimus
2885 5096 3081 5155 debere
3106 5108 3329 5168 naturae,
3372 5118 3531 5173 quam
3578 5104 3815 5162 minatus

2224 5196 2307 5245 est
2330 5189 2509 5257 Deus,
2536 5204 2656 5246 cum
2696 5200 3020 5263 praeceptum
3060 5191 3213 5249 daret
3256 5210 3325 5250 ne
3362 5196 3566 5253 arboris
3608 5195 3818 5263 fructus
3863 5197 3877 5205 ’

2224 5282 2313 5340 ille
2340 5281 2617 5349 ederetur;
2647 5282 2736 5339 illa
2763 5299 2892 5355 ergo
2920 5298 3068 5341 mors
3090 5286 3151 5341 "in
3179 5287 3370 5342 tunicis
3398 5287 3634 5358 pelliccis
3674 5291 3815 5363 iigu-

531 5395 690 5440 “res
714 5382 782 5440 de
809 5382 922 5455 ipsa
947 5383 1174 5440 veritate
1199 5382 1577 5448 admonemur,
1613 5390 1667 5438 ει
1698 5380 1913 5438 difﬁcile
1931 5388 2015 5440 est
2032 5398 2120 5441 re.
2218 5382 2341 5431 rata
2366 5383 2468 5430 est.
2498 5373 2607 5445 Ipsi
2627 5376 2769 5430 enim
2793 5375 2893 5432 sibi
2921 5375 3161 5434 fecerunt
3188 5378 3562 5450 praecinctoria
3583 5381 3651 5437 “de
3670 5380 3813 5439 foliis

532 5475 725 5532 sistere
746 5475 1202 5548 phantasmatibus
1221 5491 1340 5547 quae
1354 5490 1455 5547 per
1479 5474 1611 5532 istos
1629 5490 1822 5532 sensus
1839 5475 2040 5534 intrant
2060 5476 2116 5535 in

2231 5466 2311 5523 fici
2332 5508 2348 5534 ,
2389 5475 2444 5523 et
2486 5467 2628 5523 Deus
2652 5467 2758 5524 illis
2786 5468 2912 5525 fecit
2940 5470 3147 5527 tunicas
3171 5471 3424 5542 pelliceas
3452 5491 3466 5528 :
3498 5472 3551 5528 id
3578 5482 3681 5542 est,
3710 5473 3813 5545 ipsi

530 5571 785 5638 animam,
809 5570 1053 5642 quamvis
1076 5585 1172 5639 per
1188 5569 1306 5625 illos
1327 5568 1490 5626 intret
1509 5568 1667 5627 etiam
1692 5569 1807 5642 ipsa
1825 5569 2117 5628 admonitio
2216 5560 2604 5632 appetiverunt
2631 5559 2922 5617 mentiendi
2954 5560 3242 5619 libidinem
3281 5562 3466 5619 relicta
3502 5562 3639 5621 facie
3670 5566 3814 5660 veri-

588 5708 1010 5778 Isic_am::i_:r..et
1036 5709 1392 5778 sissapetlres.
1416 5708 1604 5778 Δῌιᾳν.
1638 5703 1823 5778 ἣξΜῖ
1844 5702 1977 5765 ρειαί
2012 5708 2120 5769 Ροκ

529 5769 757 5879 iam
775 5767 1084 5879 ξ’
1096 5764 1753 5879 ἷῗῖὦιδῗῖἑιᾳῗιραέεέιᾜᾎαῖ
1776 5774 1903 5879 3.5%.:
1938 5825 1991 5878 in
2012 5764 2116 5878 thac
2220 5764 2728 5879 ceinfdmmdazwnemm’
2501 5764 2742 5873 “Mm?

533 5834 613 5865 σε’
643 5833 1226 5893 ωιτηοσψεαπιωῠη
1262 5833 1353 5880 erit
1382 5833 1429 5878 ei
1458 5833 1745 5884 tirnendmn,
1776 5833 1902 5899 quod
1938 5833 1991 5878 in
2025 5833 2116 5878 hac

525 5895 642 5962 vito,
659 5893 1064 5962 mnemovenda
1077 5892 1347 5962 sprevimus
1365 5890 1471 5962 lucc
1486 5891 1652 5962 verba,
1663 5889 1761 5962 erit
1773 5903 1817 5939 ei
1833 5889 2113 5962 timendum,

2231 5839 2762 5962 “iiuna-mei
3347 5886 3621 5962 δυτψ-ιτ
3650 5887 3813 5945 mu

525 5951 1726 6022 ὡυῦςιὶονοωὼδωοεᾱπκωαω
1743 5959 1927 6003 carent.
2098 5951 2103 5952 ’
2220 5951 2429 6018 peperit,
2449 5956 2604 6002 mater

2287 5765 2304 5797 ι
2328 5762 2447 5814 Editl
2462 5798 2477 5825 ,
2501 5760 2893 5834 immdationem;
2912 5761 3004 5813 sed
3025 5760 3279 5814 maluimus
3316 5764 3387 5815 uti
3411 5771 3488 5816 est
3508 5765 3558 5814 in
3588 5770 3697 5815 uss.
3718 5764 3817 5817 de-
