4056 6454
457 394 561 451 215

457 517 548 569 tur
570 508 711 580 quod
738 507 1023 580 Apostolus
1047 507 1195 576 dicit,
1230 505 1499 561 Plenitudo
1524 511 1692 557 autem
1714 499 1884 572 Legis,
1914 498 2042 552 cha-

455 604 581 658 ritas
607 601 780 674 (Rom.
799 605 915 669 xui,
930 598 1054 672 lﬁ);
1080 610 1134 656 et
1154 599 1430 656 videamus
1456 595 1699 652 eamdem
1727 592 2041 649 charitatem

456 702 725 767 ιιι-ποθι)ιο
741 695 832 749 illo
850 694 1063 765 gemino
1077 692 1354 757 contineri,
1376 685 1569 762 Diliges
1584 682 1861 743 Dominum
1879 685 2044 741 Deum

458 796 600 842 tuum
620 804 683 843 ea:
709 796 811 841 toto
836 789 987 842 corde
1014 796 1117 852 tuo,
1142 796 1189 839 et
1212 784 1275 839 ea:
1296 793 1403 839 tota
1429 778 1599 837 anima
1629 775 1803 849 tua,'et
1837 775 1901 834 ea:
1936 788 2043 834 tota

459 890 624 936 mente
651 890 776 944 tua;
804 888 877 946 et,
904 877 1409 952 Ditigesproximum
1436 885 1676 946 tauquam
1709 874 1921 943 teipsum
1937 886 1959 935 ;
1986 870 2043 925 in

455 972 650 1042 quibus
681 969 877 1037 duobus
898 969 1165 1041 praeceptis
1194 977 1297 1022 tota
1328 966 1434 1021 Lex
1459 965 1637 1038 pendet
1656 1006 1670 1026 .
1703 972 1751 1019 et
1772 963 2042 1035 Propheta:

457 1061 682 1124 (Matth.
712 1070 854 1126 χχιι,
884 1059 1068 1129 57-40)
1093 1077 1106 1112 :
1133 1060 1249 1115 sine
1266 1058 1589 1127 dubitatione
1608 1054 1948 1126 intelligimus
1970 1052 2040 1109 ad

455 1153 704 1208 arborem
733 1153 861 1225 vitte
879 1166 983 1205 non
1005 1151 1174 1207 solum
1202 1164 1299 1220 per
1316 1149 1615 1204 ﬂammeam
1639 1147 1895 1203 frameam
1919 1160 2041 1200 ver-

457 1245 686 1309 satilem,
706 1243 867 1299 idest
894 1259 991 1312 per
1015 1241 1356 1297 tolerantiam
1376 1239 1743 1311 temporalium
1770 1236 2042 1293 molestia-
2066 1276 2077 1291 .

457 1353 597 1404 rum,
625 1335 720 1392 sed
749 1336 906 1391 etiam
934 1349 1029 1404 per
1056 1332 1439 1404 plenitudinem
1467 1330 1728 1398 scientiae,
1759 1328 1811 1384 id
1832 1336 1913 1385 est
1941 1342 2041 1397 per

456 1429 775 1484 charitatem
822 1428 1030 1494 veniri;
1076 1428 1197 1497 quia
1240 1426 1285 1481 si
1329 1426 1656 1493 charitatem,
1686 1423 1894 1495 inquit,
1937 1438 2039 1478 non

457 1521 698 1587 habeam,
722 1520 851 1575 nihil
876 1536 989 1575 sum
1011 1518 1053 1593 (Ι
1082 1518 1198 1574 Cor.
1228 1535 1340 1584 xm,
1370 1517 1452 1589 2).
1484 1564 1487 1567 .
1857 1556 1861 1560 .
1992 1550 1995 1553 -

526 1608 979 1667 CAPUT-XXIV.
1007 1640 1075 1650 ——
1105 1610 1269 1663 Adam
1291 1609 1520 1663 Christus
1538 1649 1553 1676 ,
1584 1606 1692 1661 Eva
1716 1605 1961 1661 Ecclesia.
1990 1618 1996 1651 I

524 1703 613 1758 57.
654 1702 758 1758 Sed
799 1704 851 1756 in
884 1702 985 1757 hoc
1014 1716 1263 1775 sermone
1288 1698 1556 1770 pollicitus
1582 1713 1700 1752 sum
1727 1696 2036 1752 considera-

452 1796 657 1850 tionem
694 1811 870 1850 rerum
898 1793 1154 1865 factarum
1180 1834 1195 1858 ,
1241 1806 1399 1863 quam
1433 1798 1561 1860 puto
1587 1788 1903 1859 explicatam
1935 1805 1948 1841 :
1982 1795 2038 1843 et

426 1886 645 1941 deinde
671 1885 1150 1959 considerationem
1182 1883 1499 1953 prophetiae,
1524 1897 1644 1952 quae
1668 1885 1910 1936 remanet
1932 1892 2039 1935 'ex-

451 1975 696 2046 plicanda
740 1976 851 2046 jam
892 1975 1156 2032 hreviter..
1186 1974 1367 2029 Posito
1409 1973 1553 2028 enim
1598 1982 1848 2044 tauquam
1883 1973 2036 2043 signo

423 2068 1017 2139 quodammanifesto
1061 2083 1166 2138 quo
1210 2077 1401 2122 caetera
1431 2066 1746 2137 dirigantur,
1794 2082 1899 2120 non
1941 2065 2035 2120 diu

426 2175 587 2227 nos,
610 2170 874 2230 quantum
905 2161 1174 2231 arbitror,
1221 2161 1322 2214 ista
1363 2159 1718 2214 consideratio
1755 2157 2032 2212 detinebit.

456 2251 592 2305 Dicit
640 2250 782 2306 enim
833 2252 1119 2323 Apostolus
1176 2259 1569 2305 sacramentum
1616 2265 1863 2320 magnum
1891 2265 2030 2316 esse,

450 2342 590 2412 quod
619 2344 813 2398 dictum
841 2352 943 2410 est,
972 2342 1306 2415 Propterhoc
1328 2343 1573 2412 relinquet
1597 2342 1745 2399 homo
1773 2350 1965 2413 patrem
1989 2349 2036 2395 et

450 2444 681 2498 matrem,
710 2445 757 2489 et
779 2434 1053 2489 adhwrebit
1082 2435 1233 2490 uxori
1252 2450 1357 2489 sua:
1373 2451 1394 2500 ;
1419 2442 1468 2488 et
1494 2441 1639 2487 erunt
1667 2432 1769 2486 duo
1793 2432 1845 2485 in
1884 2448 2037 2486 carne

426 2541 551 2579 .una
576 2542 595 2579 :
615 2526 755 2595 quod
789 2526 919 2595 ipse,
943 2526 1324 2596 interpretatur
1347 2523 1700 2594 subiiciendo,
1735 2522 1844 2594 Ego
1868 2532 2036 2576 autem

352 2653 369 2657 ν»
449 2602 561 2669 dico
580 2618 633 2670 in
672 2615 871 2671 Christo
908 2624 954 2670 et
980 2618 1032 2671 in
1063 2616 1290 2671 Ecclesia
1320 2616 1532 2690 (Ephes.
1563 2632 1616 2682 ν,
1644 2616 1737 2695 51,
1761 2615 1873 2685 52).
1896 2616 2036 2686 Ergo

450 2706 603 2775 quod
627 2722 734 2776 per
753 2706 1028 2761 historiam
1058 2707 1333 2777 impletum
1363 2718 1445 2761 cst
1482 2707 1536 2761 in
1568 2706 1756 2771 Adam,
1790 2720 1887 2777 per
1914 2721 2035 2776 pro-

448 2801 682 2871 phetiam
714 2801 977 2872 signiﬁcat
994 2801 1401 2872 Christum,‘qui
1421 2803 1635 2873 reliquit
1655 2812 1881 2876 patrem,
1912 2818 2034 2858 cum

432 2892 583 2951 dixit
630 2911 642 2946 :
685 2892 797 2964 Ego
840 2910 871 2946 a
906 2902 1049 2962 patre
1076 2892 1238 2960 exivi,
1288 2902 1334 2946 et
1374 2892 1483 2946 veni
1531 2893 1583 2946 in
1632 2892 1765 2946 hunc
1793 2894 2036 2947 mundum

453 2984 632 3055 (Joan.
655 3000 764 3051 ιιι,
787 2984 904 3057 28).
932 2984 1047 3049 Non
1075 2985 1192 3039 loco
1219 2983 1454 3055 reliquit,
1481 2983 1605 3055 quia
1632 2984 1772 3040 Deus
1792 2984 1910 3040 loco
1927 2999 2032 3039 non

449 3077 773 3144 continetur,
804 3091 977 3147 neque
1001 3077 1279 3133 aversione
1329 3075 1566 3146 peccati,
1615 3075 1753 3131 sicut
1779 3085 2034 3146 apostatte

451 3168 755 3238 relinquunt
797 3168 1000 3234 Deum;
1032 3167 1127 3224 sed
1154 3166 1462 3239 apparentia
1489 3167 1800 3223 hominibus
1844 3167 1896 3222 in
1940 3168 2036 3224 ho-

452 3258 618 3325 mine,
647 3273 769 3314 cum
797 3257 1031 3314 Verbum
1059 3273 1187 3315 caro
1213 3256 1410 3314 factum
1449 3264 1567 3326 est,
1591 3267 1649 3314 et
1686 3257 1942 3314 habitavit
1980 3259 2034 3314 in

451 3348 615 3403 nobis
632 3348 740 3420 (Id.
787 3366 825 3415 ι,
871 3348 1180 3420 14).,ριιο(1
1219 3349 1392 3420 ipsum
1420 3364 1526 3405 non
1564 3350 2035 3407 commutationem

452 3452 654 3496 natura:
683 3439 777 3496 Dei
799 3439 1079 3511 signiﬁcat,
1111 3440 1221 3505 sed,
1247 3440 1638 3511 susceptionem
1668 3451 1873 3498 natura:
1897 3442 2034 3500 infe-

423 3534 610 3603 ,rioris
634 3547 897 3603 personae,
928 3532 982 3588 id
1005 3542 1089 3588 est
1125 3532 1371 3588 humanae
1404 3534 1444 3586 ι.
1471 3532 1554 3589 Ad
1579 3531 1682 3589 hoc
1706 3533 1847 3590 valet
1873 3535 2036 3591 etiam

447 3612 840 3696 quod'dicitur,
867 3623 1209 3695 Semetipsum
1240 3624 1514 3679 exinanivit
1541 3622 1811 3698 (Philipp.
1854 3642 1912 3694 ll,
1944 3628 2032 3699 7);

447 3718 572 3787 quia
602 3731 706 3771 non
738 3717 792 3771 in
832 3731 896 3771 ea
926 3714 1181 3788 dignitate
1205 3720 1450 3787 apparuit
1490 3716 1793 3775 hominibus
1835 3720 1888 3775 in
1929 3704 2035 3791 qua

450 3816 529 3864 est
557 3807 698 3878 apud
742 3808 992 3877 Patrem,
1022 3807 1305 3864 blandiens
1346 3823 1533 3864 eorum
1584 3810 1909 3877 inﬁrmitati,
1941 3812 2031 3882 qui

448 3912 542 3953 cor
565 3898 821 3953 mundum
846 3898 1083 3954 nondum
1121 3898 1407 3967 habebant,
1437 3901 1577 3961 unde
1605 3902 1874 3958 videretur
1902 3904 2036 3959 Ver-

449 3989 572 4044 bum
597 3989 652 4043 in
682 3988 947 4059 principio
973 3990 1113 4046 Deus
1141 3989 1279 4059 apud
1310 3990 1477 4046 Deum
1517 3990 1694 4062 (loan.
1722 4009 1761 4060 ι,
1792 3992 1869 4067 1).
1897 3993 2034 4063 Quid

428 4086 534 4137 est
560 4093 687 4149 ergo
711 4078 851 4149 quod
874 4078 1124 4145 diximus,
1153 4078 1367 4150 reliquit
1407 4080 1642 4150 Patrem,
1669 4083 1792 4150 nisi,
1822 4084 2036 4155 reliquit

447 4185 709 4241 apparere
742 4168 1047 4226 hominibus
1071 4170 1205 4225 sicut
1232 4179 1315 4226 est
1338 4171 1482 4241 apud
1509 4172 1760 4229 Patrem?
1787 4175 1917 4230 Item
1942 4190 2032 4232 re-

449 4261 607 4331 liquit
643 4269 698 4316 ct
742 4267 996 4330 matrem,
1042 4260 1097 4316 id
1140 4269 1224 4316 est
1266 4261 1558 4334 Synagogte
1590 4272 1828 4321 veterem
1872 4273 2033 4337 atque

447 4338 717 4409 carnalem
746 4351 1196 4419 observationem,
1240 4368 1359 4424 quae
1388 4354 1464 4409 illi
1495 4363 1664 4411 mater
1690 4365 1805 4413 erat
1832 4373 1900 4414 ex
1942 4373 2032 4416 se-

448 4445 593 4502 mine
621 4444 786 4500 David
812 4443 1105 4501 secundum
1131 4459 1369 4512 carnem,
1394 4453 1450 4502 et
1475 4446 1700 4504 adhaesit
1715 4450 1872 4506 uxori
1894 4466 2027 4520 sum,

509 4603 528 4633 ι
553 4602 626 4667 si?
646 4598 829 4667 vulgati
845 4637 859 4663 ,
876 4600 1063 4667 quibus
1096 4606 1211 4667 μεθ.
1261 4601 1341 4650 vix
1378 4598 1524 4665 aliqui
1558 4601 1896 4667 suﬁi‘agantur.
1919 4596 2034 4661 Nam

446 4661 753 4724 Arnulfensis
763 4661 1059 4713 et-Viétorlni
1080 4661 1178 4711 duo
1197 4668 1367 4713 vacem
1380 4698 1395 4723 ,
1420 4661 1652 4724 peracute,
1675 4661 1931 4719 omittunt:
1951 4670 2033 4724 alii

444 4737 623 4775 novem
644 4722 859 4786 melioris
878 4730 1027 4783 notae,
1045 4735 1077 4773 e
1092 4725 1270 4786 quibus
1292 4731 1371 4775 est
1382 4722 1795 4785 Theodericensis,
1811 4722 2034 4785 Gemma;

447 4786 665 4846 ticensis,
689 4783 1029 4849 Pratellensis,
1054 4783 1509 4849 Regio-Montensis,
1543 4794 1588 4849 s.
1614 4783 1825 4840 Audoeni
1858 4783 2031 4846 notho-

447 4849 729 4915 magensis,
763 4847 1075 4915 sorbonicus,
1094 4847 1235 4915 Aunus
1254 4855 1305 4915 s._
1322 4849 1507 4915 Martini
1539 4848 1604 4898 de
1624 4854 1839 4915 Campis,
1864 4861 1917 4905 et
1947 4860 2031 4915 qui

445 4906 598 4973 annos
608 4906 811 4973 circiter
831 4906 965 4973 mille
988 4906 1203 4973 praefert,
1224 4911 1408 4973 quique
1422 4909 1536 4960 olim
1558 4906 1850 4971 veronénsis
1869 4906 2032 4971 aeole;

444 4973 539 5037 size
552 4971 641 5021 fuit
661 4971 839 5037 Regius
858 4970 1042 5037 codex,
1066 4970 1415 5037 omisso—verbo
1430 5006 1444 5033 ,
1467 4979 1682 5037 natum,
1696 4976 1786 5037 Asic
1815 4970 2027 5033 habent:

446 5032 539 5099 sed
573 5031 916 5099 susceptionem
947 5031 1190 5099 inferioris
1222 5031 1469 5099 persona,
1490 5034 1547 5099 id
1582 5031 1925 5090 estharum.
1964 5031 2031 5095 Ita

447 5097 595 5169 etiam
615 5092 959 5169 trib'utapedte
992 5092 1246 5169 collectioz
1277 5092 1521 5169 ad_cap;_5
1533 5099 1677 5169 Epist.
1700 5099 1760 5149 ad
1782 5092 2029 5169 Ephesios;

447 5164 548 5205 tum
578 5157 627 5205 in
651 5158 860 5217 excusis,
888 5162 988 5205 tum
1011 5156 1061 5207 in
1080 5156 1358 5209 Corbeiensi
1379 5156 1543 5209 codice
1565 5156 1658 5210 sub
1680 5156 1874 5212 nomine
1910 5156 2031 5218 Fieri

444 5231 591 5289 uianu
610 5219 871 5289 descripto.
896 5218 1026 5277 Quod
1048 5219 1299 5289 locutionis
1320 5233 1479 5284 genus
1510 5234 1571 5289 _ea
1603 5221 1717 5284 lege
1748 5224 2029 5289 intelligen-

424 5280 560 5348 odum
576 5314 591 5340 ,
613 5292 711 5343 qua
731 5279 846 5329 illud
868 5293 977 5348 cum
1011 5287 1210 5348 veteres
1230 5279 1394 5348 dicunt
1416 5284 1629 5348 verbum,
1644 5279 2030 5348 suscepissé'ho-

404 5356 411 5359 '
446 5341 645 5408 minem,
668 5344 975 5408 susceptione
996 5341 1241 5404 videlicet,
1261 5351 1321 5408 ut
1335 5344 1575 5408 Theologi,
1590 5341 1752 5408 aiunt,
1779 5341 2031 5403 terminata

446 5402 637 5467 adhoc,
662 5410 716 5453 ut
736 5402 1118 5467 Verbumiipsum
1148 5402 1419 5467 suscipiens
1442 5402 1619 5459 existat
1640 5402 1785 5457 horno
1805 5402 2029 5467 ﬁliusque

447 5464 671 5537 hominis,
693 5476 804 5527 qua:
837 5472 917 5516 est
947 5464 1154 5537 humana
1175 5464 1401 5537 persona.
1425 5476 1536 5517 Nam
1556 5468 1675 5519 alias
1706 5478 1924 5537 naturam

446 5528 589 5576 minis
610 5528 659 5575 in
679 5538 901 5588 persona:
920 5528 1159 5592 unitatem
1178 5528 1208 5578 a
1230 5528 1401 5592 verbo
1421 5536 1695 5592 susceptam
1717 5530 1867 5584 fuisse
1889 5535 2032 5589 docet

445 5589 1052 5652 «instanteraugustinus,
1076 5590 1214 5652 cujus
1234 5590 1476 5640 celebrior
1500 5589 1579 5641 est
1596 5590 1678 5641 illa
1699 5598 1941 5647 sententia
1966 5612 2029 5650 ex

449 5651 592 5713 epist.
613 5650 662 5709 ὅ,
686 5649 745 5700 ad
767 5649 1098 5701 Volusianum:
1129 5649 1235 5702 illa
1266 5653 1396 5702 inter
1418 5659 1570 5703 Deum
1593 5661 1646 5704 et
1674 5655 1897 5709 homines
1923 5673 2030 5711 me-

455 5732 478 5759 ιι
498 5713 988 5786 diator,apparuit,_ut
1007 5715 1057 5760 in
1079 5714 1263 5786 unitate
1288 5727 1507 5786 personae
1530 5714 2031 5786 copulans‘uu-amque

454 5790 478 5821 ε
500 5775 750 5833 naturam;
775 5782 829 5824 et
855 5775 994 5827 solita
1024 5775 1307 5839 sublimaret
1329 5781 1548 5839 insolitis.
1574 5775 1625 5838 ἐι
1660 5783 1850 5841 insolita
1881 5775 2032 5843 solitis

455 5853 479 5892 ι
500 5843 813 5892 temperaret.
832 5851 856 5888 ι
1998 5846 2002 5855 ’

455 5853 479 5901 t
500 5846 813 5912 letnperaret.
832 5851 856 5888 ι
1998 5846 2002 5855 ‘

1339 388 1427 445 DE
1465 385 1712 446 GENESI
1749 378 2020 441 CONTRA
2056 374 2363 450 MANlCH.,
2399 375 2461 437 S.
2499 375 2863 439 AUGUSTINI

2104 518 2107 521 -
2148 494 2204 551 id
2221 502 2305 551 est
2329 494 2603 565 Ecclesiae,
2639 505 2699 553 ut
2729 495 2837 551 sint
2860 494 2967 551 duo
2991 494 3044 551 in
3068 508 3233 552 carne
3256 509 3383 553 una.
3424 495 3564 554 Dicit
3584 500 3731 557 enim

2147 586 2435 659 Apostolus
2461 589 2633 659 ipsum
2670 603 2794 644 esse
2817 596 2978 660 caput
3000 588 3283 658 Ecclesiae,
3326 599 3382 647 et
3430 587 3729 648 Esclesiam

2146 693 2341 750 corpus
2364 678 2481 751 ejus
2509 678 2724 753 (Coloss.
2751 696 2792 749 ι,
2822 679 2935 752 l8).
2964 679 3106 752 Ergo
3130 690 3184 737 et
3212 682 3326 753 ipse
3345 693 3632 755 soporatos
3651 694 3737 742 est

2104 804 2107 811 ρ
2143 769 2466 827 dormitione
2495 771 2778 842 passionis,
2814 780 2874 827 ut
2900 772 2948 828 ei
2975 773 3168 842 conjux
3194 773 3434 831 Ecclesia
3466 774 3731 834 fumare-

2102 887 2113 903 ο
2147 871 2254 931 tur,
2284 878 2441 931 quam
2467 862 2839 921 dormitionem
2865 870 3163 938 cantatpcr
3188 867 3501 938 prophetam
3526 870 3730 927 dicens:

2107 1002 2111 1007 .
2146 955 2275 1030 Ego'
2295 957 2527 1026 dormivi,
2557 965 2606 1013 et
2626 974 2859 1014 somnum
2885 960 3034 1030 cepi;
3066 948 3115 1015 et
3154 963 3416 1017 exsurrexi
3434 1001 3451 1028 ,
3494 964 3735 1034 quoniam

2144 1048 2397 1105 Dominus
2423 1051 2639 1121 suscepit
2662 1068 2742 1107 me
2769 1050 2938 1126 (Psal.
2966 1059 3052 1120 ui,
3090 1052 3170 1124 6).
3198 1052 3447 1110 Formata
3485 1065 3569 1111 est
3602 1047 3752 1127 ergo.

2106 1176 2113 1180 ι
2144 1142 2194 1198 ei
2219 1143 2413 1213 conjux
2438 1144 2675 1201 Ecclesia
2701 1144 2769 1201 de
2788 1145 2955 1202 latere
2973 1146 3107 1217 ejus,
3135 1145 3192 1202 id
3214 1155 3298 1202 est
3315 1146 3382 1202 de
3407 1147 3512 1203 ﬁde
3528 1150 3732 1218 passio-

2142 1235 2228 1289 nis
2265 1243 2320 1290 et
2352 1236 2626 1307 Baptismi.
2671 1236 2803 1293 Nam
2845 1252 3156 1307 percussum
3195 1237 3335 1294 latus
3376 1238 3491 1308 ejus
3521 1239 3727 1308 lancea,

2142 1326 2454 1397 sanguinem
2479 1336 2534 1383 et
2561 1343 2752 1399 aquam
2778 1328 3009 1399 profudit
3036 1328 3214 1401 (Joan.
3241 1345 3353 1398 XIX,
3384 1329 3501 1399 54).
3532 1331 3727 1387 Factus

2113 1474 2117 1483 ,
2141 1428 2352 1489 autem,
2390 1432 2448 1477 ut
2486 1437 2645 1493 supra
2672 1423 2801 1489 dixi,
2832 1440 2896 1479 ea:
2914 1424 3101 1479 semiue
3126 1424 3295 1479 David
3312 1424 3588 1480 secundum
3614 1443 3729 1481 car-

2141 1529 2277 1581 nem,
2307 1513 2445 1569 sicut
2466 1514 2755 1585 Apostolus
2773 1514 2903 1571 dicit
2931 1515 3105 1589 (Rom.
3131 1531 3171 1585 ι,
3189 1515 3269 1589 5),
3298 1516 3352 1572 id
3369 1527 3453 1585 est
3475 1526 3729 1589 tanquam

2115 1602 2211 1669 ,de
2229 1604 2356 1659 limo
2381 1612 2560 1677 teri-re,
2592 1621 2711 1661 cum
2742 1606 2903 1663 homo
2926 1622 3035 1663 non
3055 1616 3200 1664 esset
3222 1608 3314 1680 qui
3337 1618 3647 1680 operaretur
3672 1611 3728 1667 in

2140 1702 2304 1759 terra,
2336 1695 2457 1765 quia
2488 1696 2665 1752 nullus
2704 1697 2865 1752 homo
2906 1704 3155 1768 operatus
3202 1707 3285 1754 est
3313 1699 3368 1755 in
3387 1699 3628 1771 Virgine,
3659 1699 3729 1757 de

2111 1830 2117 1834 .
2140 1802 2243 1858 qua
2271 1796 2426 1843 natus
2455 1796 2537 1843 est
2559 1788 2823 1844 Christus.
2854 1787 2995 1844 Fons
3021 1797 3189 1845 autem
3214 1789 3510 1845 ascendebat
3532 1791 3595 1845 de
3619 1799 3726 1846 ter-

2139 1895 2220 1946 ra,
2251 1888 2298 1934 et
2321 1879 2564 1951 irrigabat
2592 1898 2789 1937 omnem
2824 1881 3007 1949 {aciem
3030 1889 3196 1937 terra.
3227 1880 3412 1938 Facies
3437 1890 3595 1939 terra:
3616 1926 3632 1951 ,
3669 1883 3726 1940 id

2139 1977 2222 2023 est
2252 1969 2483 2039 dignitas
2506 1978 2692 2053 terrm,
2725 1978 2897 2027 mater
2921 1972 3129 2027 Domini
3149 1972 3298 2044 virgo
3326 1973 3491 2029 Maria
3530 1975 3727 2030 rectis-

2138 2060 2275 2116 sime
2308 2062 2585 2132 accipitur,
2627 2078 2785 2134 quam
2811 2064 3050 2135 irrigavit
3073 2064 3303 2135 Spiritus
3347 2073 3582 2132 sanctus,
3632 2066 3727 2137 qui

2140 2152 2313 2215 fontis.
2352 2161 2425 2213 et.
2459 2170 2611 2223 aqua:
2677 2155 2891 2210 nomine
2948 2156 3001 2210 in
3064 2156 3354 2228 Evangelio
3396 2155 3728 2227 signiﬁcatur

2140 2249 2322 2319 (Joau.
2349 2266 2439 2317 vn,
2470 2251 2561 2317 58,
2594 2250 2683 2322 '59)
2712 2268 2727 2317 ;
2782 2259 2842 2305 ut
2868 2251 3019 2322 quasi
3046 2251 3114 2307 de
3140 2250 3270 2308 limo
3299 2251 3391 2307 tali
3436 2251 3599 2307 homo
3636 2250 3728 2306 ille

2139 2344 2292 2401 ﬁeret
2325 2344 2366 2410 ι,
2394 2345 2482 2414 qui
2507 2345 2826 2400 constitutus
2852 2345 3009 2401 estin
3032 2345 3299 2416 paradiso,
3332 2354 3390 2401 ut
3415 2351 3727 2415 operaretur

2138 2444 2193 2490 et
2213 2436 2526 2501 custodiret,
2551 2436 2601 2492 id
2623 2420 2705 2492 esi
2727 2437 2777 2490 in
2798 2437 3068 2492 voluntate
3090 2434 3281 2504 Patris,
3309 2443 3368 2491 ut
3391 2449 3510 2491 eam
3539 2434 3727 2504 imple-

2138 2537 2221 2582 I‘Cl
2236 2536 2393 2597 atque
2418 2538 2675 2583 servaret.
2950 2588 2953 2597 μ
3690 2572 3693 2581 μ

2139 2617 2363 2674 CAPUT
2402 2618 2568 2674 XXV.
2598 2649 2673 2660 ——
2703 2614 2944 2674 eretici
2976 2629 3023 2674 et
3053 2618 3325 2675 Manichci
3352 2620 3605 2687 maxime,
3636 2633 3727 2690 per

2633 2720 2913 2781 serpentem
2962 2711 3231 2783 designati.
3334 2770 3339 2773 ι

2210 2801 2300 2858 58.
2341 2802 2472 2858 Nam
2503 2813 2826 2875 praeceptum
2855 2804 2999 2876 quod
3035 2804 3261 2875 accepit,
3292 2819 3392 2861 nos
3417 2804 3724 2876 accepimus

2139 2894 2197 2950 in
2224 2895 2316 2950 illo
2338 2935 2355 2964 ,
2387 2895 2506 2965 quia
2532 2897 2892 2967 unusquisque
2920 2896 3244 2953 christianus
3275 2908 3382 2952 non
3432 2896 3727 2967 incongrue

2139 2986 2367 3042 sustinet
2385 3002 2668 3058 personam
2690 2989 2906 3055 Christi,
2930 2988 3145 3047 dicente
3164 2989 3281 3059 ipso
3303 2989 3550 3067 Domino:
3574 2988 3726 3055 Quod

2138 3078 2329 3151 fecistis
2355 3080 2444 3133 uni
2467 3096 2531 3134 ea:
2556 3080 2778 3134 minimis
2815 3080 2958 3147 meis,
2988 3080 3112 3134 mihi
3140 3081 3327 3151 fecistis
3354 3078 3565 3154 (Matth.
3594 3095 3721 3146 xxv,

2117 3169 2253 3240 40).
2284 3171 2458 3240 Atque
2484 3171 2687 3226 utinam
2731 3170 3052 3237 frueremur,
3100 3172 3239 3228 sicut
3264 3181 3349 3228 est
3372 3180 3721 3242 praeceptum,

2137 3260 2287 3317 omni
2305 3260 2450 3333 ligno
2469 3263 2720 3333 paradisi,
2767 3262 2910 3334 quod
2955 3262 3220 3333 signiﬁcat
3264 3262 3563 3334 spirituales
3583 3263 3724 3319 deli-

2138 3354 2283 3421 cias;
2311 3352 2533 3409 Fructus
2571 3363 2739 3411 autem
2763 3356 2970 3425 spiritus
2996 3362 3097 3423 est,
3149 3354 3406 3424 charitas,
3454 3354 3720 3427 gaudium,
3791 3362 3797 3368 '

2139 3462 2264 3519 pax,
2296 3448 2670 3520 longanimitas,
2693 3447 2990 3519 benignitas,
3012 3446 3229 3515 bonitas,
3259 3446 3408 3515 fides,
3429 3455 3725 3501 mansuetu-

2138 3538 2206 3594 do
2229 3581 2245 3607 ,
2277 3540 2613 3607 continentia,
2655 3540 2792 3596 sicut
2832 3539 3123 3611 Apostolus
3149 3539 3278 3595 dicit
3305 3538 3510 3611 (Galat.
3537 3555 3591 3606 v,
3622 3539 3719 3609 22,

2137 3629 2232 3703 2'5)
2266 3648 2281 3686 :
2311 3639 2367 3686 et
2404 3647 2512 3687 non
2560 3640 2896 3702 tangeremus
2925 3632 3123 3703 lignum
3168 3631 3221 3686 in
3268 3630 3444 3687 medio
3489 3631 3725 3702 paradisi

2137 3720 2431 3791 plantatum
2462 3722 2701 3777 scientim
2720 3722 2846 3777 boni
2873 3730 2927 3778 et
2944 3723 3091 3789 mali,
3134 3722 3186 3777 id
3217 3730 3302 3778 est
3324 3737 3434 3799 non
3461 3722 3721 3779 vellemus

2137 3813 2420 3884 superbire
2441 3813 2510 3869 de
2537 3820 2724 3869 natura
2752 3822 2955 3889 nostra,
2978 3829 3131 3886 quae,
3166 3813 3304 3870 sicut
3323 3817 3435 3884 jam
3464 3814 3717 3889 diximus,

2136 3903 2312 3959 media
2338 3911 2421 3960 est
2438 3945 2452 3971 ,
2486 3911 2544 3959 ut
2570 3904 2778 3975 decepti
2805 3905 3170 3976 experiremur
3197 3903 3322 3975 quid
3350 3904 3559 3961 intersit
3581 3905 3724 3960 inter

2136 3996 2432 4067 simplicem
2451 3996 2610 4053 ﬁdem
2635 3997 2974 4064 catholicam,
2995 4008 3049 4052 et
3069 3996 3303 4053 fallacias
3323 3995 3718 4052 haereticorum!

2135 4086 2210 4144 ita
2233 4087 2376 4143 enim
2406 4087 2748 4159 pervenimus
2775 4089 2843 4143 ad
2886 4087 3303 4160 (lignoscentiam
3331 4087 3455 4143 boni
3481 4096 3535 4145 et
3571 4088 3719 4145 mali.

2138 4181 2281 4237 Nam
2305 4191 2534 4253 oportet,
2584 4183 2786 4254 inquit,
2816 4182 2968 4238 etiam
3017 4181 3231 4237 hareses
3264 4197 3401 4246 esse,
3442 4191 3499 4235 ut
3522 4180 3723 4253 probati

2134 4273 2391 4344 manifesti
2415 4274 2544 4342 ﬁant
2579 4274 2708 4328 inter
2727 4289 2812 4329 vos
2841 4272 2899 4345 (Ι
2924 4271 3042 4328 Cor.
3072 4288 3165 4339 ιι,
3196 4271 3309 4345 l9).
3354 4272 3565 4330 Etenim
3600 4285 3722 4328 ser-

2137 4379 2270 4436 pens
2291 4364 2381 4421 ille
2407 4365 2699 4421 secundum
2727 4364 3084 4436 prophetiam,
3111 4363 3486 4420 haereticorum
3513 4377 3724 4420 venena

2135 4455 2418 4528 signiﬁcat,
2445 4466 2501 4513 et
2536 4457 2767 4512 maxime
2804 4456 3027 4512 istorum
3053 4454 3486 4524 Manichaeorum,
3511 4463 3567 4511 et
3592 4455 3719 4527 qui-

2135 4566 2366 4622 cumque
2390 4550 2570 4607 Veteri
2600 4550 2942 4606 Testamento
2987 4549 3356 4606 adversantur.
3409 4549 3525 4606 Non
3572 4549 3720 4605 enim

2134 4641 2331 4714 aliquid
2355 4641 2687 4699 manifestius
2713 4644 3120 4713 praenuntiatum
3148 4642 3397 4712 arbitror,
3414 4657 3572 4714 quam
3588 4642 3722 4699 istos

2136 4734 2191 4790 in
2217 4734 2311 4791 illo
2338 4743 2587 4805 serpente
2609 4776 2625 4802 ,
2658 4734 2742 4791 vel
2768 4735 2942 4806 potius
2981 4734 3138 4789 illum
3159 4735 3212 4791 in
3239 4734 3355 4790 istis
3399 4749 3519 4791 esse
3534 4734 3719 4790 vitan-

2136 4826 2283 4883 dum.
2308 4826 2449 4882 Nulli
2466 4829 2608 4883 enim
2634 4827 2906 4899 loquacius
2924 4836 3082 4898 atque
3093 4826 3380 4897 iactantius
3403 4826 3721 4897 promittunt

2135 4917 2411 4973 scientiam
2464 4919 2591 4975 boni
2628 4929 2683 4975 et
2730 4919 2893 4985 mali;
2942 4927 2996 4974 et
3046 4920 3099 4973 in
3122 4918 3255 4989 ipso
3294 4917 3547 4986 homine,
3604 4926 3722 4974 tan-

2136 5023 2293 5078 quam
2333 5012 2386 5063 in
2426 5009 2618 5064 arbore
2654 5024 2773 5080 quae
2805 5010 3037 5079 plantata
3071 5016 3155 5064 est
3188 5008 3240 5063 in
3262 4992 3438 5065 medio
3463 5006 3718 5079 paradisi,

2136 5116 2253 5157 eam
2296 5100 2713 5170 dignoscentiam
2756 5100 3214 5156 demonstraturos
3260 5115 3320 5156 se
3352 5114 3478 5156 esse
3517 5115 3721 5169 prmsu-

2115 5199 2305 5258 munt.
2333 5192 2400 5246 Et
2421 5191 2580 5246 etiam
2602 5190 2730 5245 illud
2753 5191 2892 5261 quod
2919 5190 3120 5247 dictum
3154 5199 3256 5259 est,
3282 5190 3442 5246 Eritis
3463 5192 3594 5245 sicut
3621 5190 3717 5258 dii,

2136 5283 2225 5353 qui
2249 5283 2339 5337 alii
2368 5283 2535 5354 magis
2560 5282 2741 5351 dicunt
2766 5298 2925 5353 quam
2964 5283 3071 5351 isti,
3117 5282 3210 5353 qui
3230 5298 3326 5354 per
3352 5298 3503 5340 suam
3530 5297 3723 5353 super-

2136 5374 2262 5430 bam
2283 5374 2602 5441 vanitatem,
2632 5373 2878 5431 eamdem
2914 5373 3217 5445 superbiam
3268 5375 3591 5444 persuadere
3629 5389 3723 5429 co-

2120 5474 2347 5537 nantes,
2388 5466 2658 5522 afﬁrmant
2683 5467 2916 5522 animam
2955 5466 3268 5523 naturaliter
3296 5466 3401 5523 hoc
3427 5481 3548 5523 esse
3576 5466 3720 5537 quod

2116 5560 2278 5621 {Deus
2303 5558 2425 5614 est?
2453 5558 2521 5614 Et
2544 5558 2613 5614 ad
2650 5574 2784 5630 quos
2812 5558 2980 5632 magis
3016 5559 3249 5631 pertinet
3281 5560 3490 5631 apertio
3529 5576 3709 5617 carna.

2138 5652 2268 5733 lium
2293 5638 2589 5719 oculorum,
2638 5667 2798 5723 quam
2840 5652 2907 5708 ad
2949 5654 3082 5708 istos
3115 5653 3206 5735 qui
3241 5653 3428 5709 relicta
3466 5653 3724 5709 interiore

2142 5787 2707 5917 ’,ὣωὶιῗέερεΐὲιθιωεί
2734 5786 2945 5853 habent,
2971 5791 3026 5843 ut
3045 5783 3201 5856 quatis
3219 5784 3285 5841 de
3304 5784 3598 5854 ἥκιστα-τω.
3615 5784 3727 5845 talis
