4056 6472
250 505 351 562 917

251 619 526 689 sapientia:
555 618 674 674 luce
706 616 872 673 solem
900 616 1057 671 istum
1078 654 1096 681 ,
1150 614 1241 684 qui
1283 612 1513 683 pertinet
1551 610 1617 665 ad
1648 608 1831 665 oculos

252 712 513 783 corporis,
544 712 769 767 adorare
796 707 1160 779 compellunt?
1186 707 1250 761 Et
1269 720 1459 777 omnes
1484 703 1695 775 quidem
1726 702 1837 755 has-

253 804 399 858 retici
430 802 753 874 generaliter
788 801 1028 856 scientiae
1053 797 1436 865 pollicitatione
1461 794 1753 864 decipiunt,
1783 800 1838 847 et

254 892 766 962 reprehendunteos
795 905 929 961 quos
962 889 1274 958 simpliciter
1313 885 1590 941 credentes
1616 885 1836 939 invene-

252 987 383 1049 rint;
415 994 470 1039 ct
508 986 630 1055 quia
662 984 880 1038 omnino
917 980 1152 1037 carnalia
1192 978 1544 1050 persuadent,
1591 975 1741 1047 quasi
1770 972 1837 1028 ad

250 1077 545 1133 carnalium
570 1077 852 1132 oculorum
895 1075 1228 1145 apertionem
1256 1080 1514 1127 conantur
1549 1069 1833 1136 adducere,

250 1177 305 1222 ut
328 1168 558 1222 interior
585 1167 770 1221 oculus
800 1173 1113 1220 cxcazcetur.

316 1257 552 1313 CAPUT
592 1256 782 1312 XXVI.
808 1286 876 1296 —
898 1256 1118 1325 Serpens
1145 1255 1402 1311 haereticus
1433 1253 1764 1308 Manicharus.

316 1348 423 1403 Sed
457 1349 573 1402 istis
601 1347 760 1403 etiam
792 1362 1015 1418 corpora
1043 1361 1138 1401 sua
1162 1346 1462 1415 displicent,
1492 1359 1597 1399 non
1624 1349 1841 1413 propter

250 1439 517 1509 poenalem
546 1438 951 1503 mortalitatem,
996 1452 1154 1506 quam
1200 1434 1469 1505 peccando
1516 1433 1836 1497 meruimus;

251 1528 344 1584 sed
388 1530 463 1583 ita
494 1539 551 1583 ut
596 1536 792 1598 negent
830 1529 995 1583 Deum
1026 1542 1146 1583 esse
1177 1541 1459 1597 corporum
1485 1524 1833 1589 conditorem,

252 1632 501 1692 tanquam
529 1623 728 1692 apertis
755 1622 924 1675 oculis
952 1621 1159 1675 carneis
1186 1620 1396 1674 nuditas
1420 1619 1517 1673 ista
1539 1618 1836 1688 displiceat.

318 1714 408 1767 59.
454 1712 561 1767 Sed
588 1712 718 1767 nihil
746 1711 1111 1766 vehementius
1142 1712 1270 1765 istos
1297 1710 1542 1781 designat
1570 1719 1623 1764 et
1669 1717 1838 1776 notat,

248 1818 406 1874 quam
435 1804 580 1873 quod
601 1803 729 1858 dicit
750 1816 969 1872 serpens
1002 1821 1015 1857 :
1048 1801 1169 1857 Non
1191 1810 1349 1857 morte
1369 1802 1647 1855 moriemini
1676 1801 1842 1855 :scie-

250 1897 332 1949 bat
352 1895 487 1948 enim
514 1894 651 1948 Deus
670 1895 907 1962 quoniam
927 1910 1025 1963 qua
1045 1894 1126 1947 die
1151 1892 1371 1958 ederitis,
1402 1893 1690 1963 aperientur
1710 1891 1841 1946 oculi

248 1986 416 2039 vestri.
445 1985 538 2041 Sic
563 1986 707 2040 enim
729 1986 811 2039 isti
828 1984 1069 2049 credunt,
1087 1984 1226 2054 quod
1248 1984 1567 2053 serpensille
1592 1982 1842 2038 Christus

250 2077 429 2143 fuerit,
459 2087 517 2133 et
536 2079 695 2134 deum
725 2079 907 2134 nescio
935 2094 1090 2148 quem
1109 2079 1282 2149 gentis
1310 2077 1670 2145 tenebrarum,
1690 2077 1842 2131 sicuti

248 2169 538 2233 afﬁrmant,
591 2170 719 2224 illud
758 2179 1076 2239 praeceptum
1119 2169 1331 2223 dedisse
1358 2169 1689 2236 contingunt,
1722 2176 1843 2221 tan-

249 2276 405 2330 quam
437 2260 705 2314 invideret
750 2260 1049 2315 homiuibus
1075 2260 1348 2314 scientiam
1373 2259 1494 2313 boni
1526 2267 1579 2315 et
1601 2259 1743 2313 mali.
1767 2258 1845 2313 Ex

248 2355 347 2409 ista
366 2356 621 2424 opinione
643 2355 799 2409 etiam
824 2356 1005 2410 nescio
1025 2369 1157 2424 quos
1183 2354 1515 2423 serpentinos
1544 2362 1696 2408 natos
1724 2368 1845 2408 esse

249 2446 504 2512 arbitror,
538 2445 627 2515 qui
644 2454 944 2515 serpentem
962 2461 1055 2515 pro
1069 2444 1278 2498 Christo
1290 2445 1464 2499 colere
1476 2443 1720 2498 dicuntur
1735 2444 1811 2515 (a)
1826 2485 1842 2510 ,

252 2556 349 2595 nec
375 2541 661 2595 attendunt
684 2541 992 2610 Apostolum
1020 2540 1107 2609 qui
1130 2540 1239 2594 ait:
1276 2539 1447 2595 Metuo
1472 2557 1536 2594 ne
1573 2541 1699 2592 sicut
1736 2556 1845 2594 ser-

252 2647 376 2699 pens
396 2628 561 2683 Evam
585 2631 783 2683 seduxit
807 2630 994 2682 astutia
1018 2630 1233 2697 suanic
1272 2637 1319 2683 et
1348 2646 1522 2684 sensus
1564 2630 1710 2682 vestri
1744 2646 1849 2683 cor-

252 2722 643 2792 rumpantur(l|
667 2721 784 2776 Cor.
807 2738 884 2787 ιι,
915 2722 993 2793 3).
1015 2722 1123 2776 Hos
1148 2737 1273 2791 ergo
1312 2737 1407 2792 per
1436 2722 1586 2776 istam
1617 2722 1847 2792 prophe-

253 2816 383 2868 tiam
412 2815 778 2886 prmﬁguratos
799 2829 916 2870 esse
942 2816 1209 2871 existimo.
1230 2814 1513 2871 Seducitur
1527 2825 1700 2870 autem
1728 2831 1848 2870 ver-

253 2907 337 2962 bis
367 2907 527 2979 hujus
553 2909 814 2977 serpentis
844 2908 1071 2964 carnalis
1100 2916 1280 2963 nostra
1318 2909 1764 2979 concupiscentia,
1794 2918 1849 2964 et

254 3016 353 3069 per
369 2999 515 3053 illam
543 2999 805 3069 decipitur
828 3000 1018 3067 Adam,
1050 3015 1156 3054 non
1184 2998 1445 3067 Christus,
1478 3000 1571 3056 sed
1588 3001 1847 3056 Christia-

256 3107 362 3147 nus
388 3111 401 3147 :
432 3093 521 3162 qui
548 3092 591 3146 si
617 3102 937 3162 prmceptum
961 3093 1053 3147 Dei
1093 3107 1308 3148 servare
1351 3092 1531 3159 vellet,
1570 3101 1626 3149 et
1651 3109 1715 3148 ex
1746 3093 1850 3149 ﬁde

258 3192 672 3251 perseveranter
692 3183 913 3249 viveret,
939 3183 1108 3238 donec
1129 3182 1353 3237 idoneus
1374 3182 1526 3238 ﬁeret
1547 3183 1850 3254 intelligen-

258 3274 349 3327 tia:
370 3273 630 3339 veritatis,
658 3274 709 3327 id
730 3283 831 3339 est,
847 3273 892 3328 si
930 3282 1242 3343 Operaretur
1280 3273 1331 3328 in
1359 3274 1624 3343 paradiso,
1647 3283 1702 3329 et
1752 3290 1849 3330 cu-

258 3366 640 3436 stodiretquod
668 3367 897 3436 accepit;
927 3382 1031 3421 non
1062 3367 1269 3422 veniret
1286 3366 1338 3422 in
1368 3367 1511 3421 illam
1542 3367 1851 3423 deformita-

260 3467 393 3523 tem,
426 3467 483 3511 ut
504 3473 624 3512 cum
647 3458 746 3513 sibi
765 3458 1009 3527 displicet
1025 3472 1149 3513 caro
1169 3458 1321 3528 quasi
1342 3457 1554 3513 nuditas
1593 3472 1708 3524 sua,
1732 3473 1853 3513 car-

258 3552 402 3602 nalia
433 3549 604 3619 magis
650 3558 953 3619 tegumenta
995 3549 1413 3615 mendaciorum,
1444 3558 1693 3619 tanquam
1727 3549 1851 3604 folia

260 3639 351 3695 ﬁci
375 3641 670 3711 colligeret,
708 3642 901 3711 quibus
928 3641 1029 3696 sibi
1058 3641 1257 3697 faceret
1279 3640 1704 3696 succinctorium.
1740 3640 1855 3696 Hoc

258 3735 409 3789 enim
430 3734 515 3788 isti
542 3734 898 3802 faciunt,cum
923 3734 989 3789 de
1001 3734 1213 3790 Christo
1240 3736 1587 3799 mentiuntur,
1606 3743 1660 3789 et
1679 3734 1851 3803 ipsum

258 3826 545 3881 mentitum
576 3841 695 3881 esse
721 3826 1039 3896 pra‘dicant;
1072 3835 1125 3881 et
1159 3835 1407 3898 tanquam
1438 3827 1769 3882 abscondunt
1794 3841 1853 3883 se

259 3934 291 3975 a
330 3918 471 3974 facie
516 3918 629 3985 Dei,
678 3918 742 3972 ad
774 3933 867 3973 sua
895 3918 1171 3973 mendacia
1199 3918 1267 3973 ab
1292 3918 1434 3973 illius
1479 3919 1700 3973 veritate
1724 3934 1855 3974 con—

258 4012 431 4078 versi,
460 4012 598 4067 sicut
625 4011 912 4082 Apostolus
933 4010 1059 4065 dicit
1092 4029 1103 4063 :
1134 4010 1199 4064 Et
1222 4028 1254 4063 a
1282 4011 1486 4065 veritate
1510 4011 1710 4081 quidem
1754 4029 1851 4065 au-

257 4105 428 4157 ditum
479 4120 625 4157 suum
677 4112 917 4171 avertent,
967 4102 1035 4156 ad
1065 4102 1266 4174 fabulas
1312 4112 1479 4158 autem
1510 4112 1855 4158 convertentur

260 4194 329 4267 (ιι
354 4193 492 4247 Tim.
512 4210 583 4258 IV,
608 4194 688 4265 4).

333 4285 427 4340 40.
468 4285 534 4340 Et
555 4285 647 4340 ille
672 4285 884 4355 quidem
930 4300 1175 4357 serpens,
1206 4286 1257 4341 id
1283 4293 1366 4341 est
1386 4286 1476 4342 ille
1497 4300 1648 4341 error
1676 4285 1851 4341 haere-

258 4377 512 4441 ticorum,
534 4376 625 4446 qui
656 4385 823 4432 tentat
842 4377 1154 4444 Ecclesiam,
1186 4385 1371 4432 contra
1398 4392 1556 4448 quem
1583 4377 1815 4431 incanlat
1834 4377 1852 4409 ί

260 4468 581 4541 Apostolus,
635 4484 755 4524 cum
811 4468 957 4535 dicit,
1002 4468 1174 4523 Metuo
1204 4486 1266 4523 ne
1300 4470 1431 4524 sicut
1466 4486 1669 4539 serpens
1696 4467 1854 4523 Evam

256 4562 468 4616 seduxit
488 4562 674 4616 astutia
694 4578 806 4627 sua,
849 4562 923 4615 sic
953 4570 1001 4615 et
1029 4577 1203 4616 sensus
1239 4561 1388 4615 vestri
1432 4570 1854 4630 corrumpantur;

262 4652 361 4707 ille
390 4666 519 4723 ergo
545 4668 699 4708 error
748 4664 963 4723 pectore
1006 4663 1059 4709 et
1084 4662 1269 4709 ventre
1316 4654 1516 4723 serpit,
1556 4663 1611 4709 et
1656 4664 1852 4709 terram

263 4742 575 4798 manducat.
603 4742 717 4798 Non
751 4745 894 4799 enim
921 4744 1137 4814 decipit,
1183 4746 1285 4799 nisi
1315 4754 1406 4799 aut
1426 4745 1716 4815 superbos,
1763 4745 1855 4815 qui

260 4834 369 4888 sibi
422 4844 732 4905 arrogantes
773 4835 915 4905 quod
963 4850 1068 4889 non
1123 4844 1267 4903 sunt,
1296 4836 1401 4891 cito
1448 4836 1672 4891 credunt
1712 4834 1854 4905 quod

262 4925 463 4979 summi
491 4925 585 4981 Dei
625 4935 679 4981 et
704 4927 896 4980 animae
926 4926 1171 4980 humana:
1208 4940 1308 4979 una
1337 4925 1630 4996 eademque
1668 4936 1855 4981 natura

261 5017 1452 5087 sit;autdesideriiscarnalibusimplicatos,
1498 5019 1586 5088 qui
1631 5019 1857 5075 libenter
1910 5004 1921 5048 δ’

261 5108 489 5163 audiunt
505 5110 643 5180 quod
663 5110 918 5180 quidquid
937 5111 1131 5167 lascive
1152 5110 1367 5179 faciunt,
1382 5128 1487 5167 non
1510 5114 1606 5183 ipsi
1634 5113 1852 5183 faciunt,

261 5476 408 5544 ejus,
458 5484 513 5531 et
537 5490 721 5533 semen
754 5478 1009 5544 mulieris,
1037 5478 1083 5533 si
1111 5481 1281 5550 pariat
1314 5482 1412 5535 ista
1453 5482 1590 5537 ﬁlios
1619 5483 1857 5552 quamvis

263 5581 392 5622 cum
424 5566 721 5633 doloribus,
735 5577 787 5622 et
812 5583 869 5622 se
890 5568 958 5623 ad
973 5569 1144 5623 virum
1175 5585 1327 5625 suum
1354 5581 1647 5637 convertat,
1666 5582 1724 5627 ut
1743 5573 1857 5644 ejus

263 5657 389 5727 ipse
410 5656 735 5713 dominetur.
764 5658 916 5715 Tunc
940 5660 1083 5715 enim
1111 5668 1284 5730 potest
1309 5664 1558 5719 coanosci
1580 5680 1683 5719 non
1701 5666 1855 5721 aliam
1890 5654 1894 5659 “
1918 5658 1922 5662 ’

1583 488 1788 549 LIBER
1823 488 2194 549 SECUNDUS.

3415 494 3520 554 218

1938 616 2140 674 partem
2167 606 2218 660 in
2246 606 2394 663 nobis
2422 606 2685 677 pertinere
2702 606 2768 662 ad
2798 616 3067 664 auctorem
3084 608 3270 676 Deum,
3292 618 3345 667 et
3359 611 3515 667 aliam

1938 700 2003 754 ad
2023 708 2231 771 gentem
2263 701 2617 767 tenebrarum,
2642 702 2777 756 sicut
2800 703 2884 757 isti
2901 702 3114 768 dicunt;
3144 702 3236 760 sed
3266 704 3437 773 potius
3459 715 3509 761 et

1943 792 2070 847 illud
2091 791 2229 860 quod
2259 793 2474 862 regendi
2500 782 2982 864 habetpotestatem
3014 796 3065 849 in
3097 795 3332 863 homine,
3362 805 3418 853 et
3447 797 3509 851 ilo

1942 883 2030 937 lud
2055 884 2273 939 inferius
2302 886 2439 955 quod
2460 886 2747 954 regendum
2775 894 2872 953 est,
2903 902 2971 942 ex
2995 888 3105 942 Deo
3129 903 3268 953 esse,
3294 888 3520 943 sicutdi-
3586 916 3597 925 -

1942 976 2017 1031 cit
2043 978 2325 1047 Apostolus
2360 996 2372 1032 :
2412 977 2498 1031 Vir
2517 979 2718 1049 quidem
2740 996 2839 1033 non
2860 980 2997 1035 debet
3024 980 3185 1035 velare
3205 991 3375 1053 caput,
3409 999 3521 1035 cum

1942 1070 2007 1122 sit
2053 1070 2218 1140 imago
2249 1079 2294 1124 et
2318 1070 2479 1141 gloria
2523 1070 2651 1136 Dei;
2695 1072 2875 1126 mulier
2899 1082 3064 1126 autem
3090 1074 3252 1144 gloria
3280 1074 3371 1126 viri
3425 1084 3519 1127 est.

1945 1159 2065 1215 Non
2091 1161 2220 1215 enim
2241 1160 2315 1214 vir
2338 1177 2399 1214 ea:
2447 1160 2673 1226 muliere,
2730 1162 2814 1214 sed
2842 1163 3024 1215 mulier
3082 1178 3143 1215 ex
3179 1164 3284 1216 viro
3307 1178 3324 1215 :
3345 1162 3522 1215 etenim

1888 1288 1891 1293 -
1943 1269 2045 1307 non
2081 1262 2277 1307 creatus
2302 1261 2372 1306 est
2402 1253 2475 1305 vir
2500 1261 2700 1324 prapter
2733 1254 3008 1319 mulierem,
3054 1256 3142 1307 sed
3188 1253 3367 1307 mulier
3394 1270 3527 1323 pro-~

1947 1354 2057 1413 pter
2079 1345 2271 1409 virum;
2317 1352 2578 1415 propterea
2610 1344 2749 1398 debet
2777 1344 2955 1397 habere
2980 1344 3201 1398 velamen
3229 1345 3405 1399 mulier
3427 1361 3520 1398 su-

1946 1453 2035 1505 per
2063 1446 2231 1507 caput,
2262 1445 2466 1507 propter
2491 1434 2730 1506 Angelos.
2772 1434 3115 1489 Verumtamen
3159 1452 3317 1508 neque
3339 1436 3521 1489 mulier

1944 1529 2052 1583 sine
2088 1529 2211 1593 uiro,
2252 1544 2406 1601 neque
2431 1529 2505 1581 vir
2526 1529 2634 1582 sine
2656 1528 2860 1583 muliere
2873 1529 2926 1581 in
2946 1527 3162 1582 Domino
3189 1529 3356 1582 :sicut
3383 1528 3523 1582 enim

1945 1621 2124 1675 mulier
2146 1637 2210 1675 ex
2236 1622 2361 1689 viro,
2390 1623 2462 1675 ita
2477 1631 2523 1676 et
2550 1622 2625 1675 vir
2646 1638 2734 1693 per
2749 1622 3041 1687 mulierem;
3066 1622 3234 1677 omnia
3253 1631 3419 1677 autem
3461 1638 3524 1677 ea:

1946 1710 2055 1766 Deo
2094 1711 2139 1780 (l
2166 1711 2283 1767 Cor.
2312 1728 2386 1777 ιι,
2416 1712 2589 1784 7-12).

2017 1803 2240 1857 CAPUT
2264 1801 2474 1857 XXVII.
2503 1833 2575 1843 —
2596 1802 2722 1858 Adae
2741 1804 2911 1874 lapsus
2931 1812 2977 1858 et
2998 1820 3143 1874 paena
3167 1803 3450 1875 allegorice.

2018 1895 2106 1949 Η.
2134 1894 2485 1964 Laboretjam
2506 1895 2672 1949 Adam
2707 1894 2761 1949 in
2786 1910 2915 1965 agro
2938 1909 3051 1959 suo,
3085 1902 3139 1950 et
3173 1895 3314 1965 quod
3348 1896 3525 1965 spinas

1948 1998 2003 2041 et
2061 1987 2281 2041 tribulos
2330 1986 2379 2041 ei
2430 1987 2566 2057 parit
2626 1995 2806 2054 terra,
2854 1986 3110 2057 intelligat
3166 2002 3274 2041 non
3323 1996 3524 2042 natura:

1948 2093 2089 2144 esse,
2113 2078 2207 2132 sed
2232 2092 2403 2148 poenae
2423 2094 2435 2143 ;
2456 2086 2511 2132 et
2540 2077 2639 2133 hoc
2666 2092 2771 2132 non
2802 2078 2980 2132 nescio
2999 2078 3085 2132 cui
3105 2078 3250 2148 genti
3279 2078 3525 2132 tenebra-

1949 2187 2088 2236 rum,
2115 2169 2208 2226 sed
2229 2170 2407 2225 divino
2442 2169 2641 2239 judicio
2664 2169 2859 2223 tribuat
2887 2186 2901 2223 :
2926 2169 3046 2239 quia
3076 2160 3418 2224 moderamen
3443 2168 3529 2237 ju-

1951 2263 2107 2317 stitiae
2129 2270 2211 2316 est
2232 2277 2326 2316 sua
2352 2262 2543 2331 cuique
2566 2262 2816 2315 tribuere.
2849 2261 2965 2330 lpse
2988 2260 3080 2316 det
3112 2261 3319 2315 mulieri
3347 2275 3524 2316 escam

1951 2354 2247 2419 cmlestem,
2274 2368 2430 2423 quam
2476 2354 2679 2423 accepit
2706 2370 2735 2407 a
2762 2353 2933 2423 capite
2989 2368 3105 2421 suo,
3131 2354 3219 2423 qui
3269 2361 3352 2409 est
3375 2352 3529 2408 Chri-

1953 2456 2066 2501 stus
2096 2464 2108 2499 :
2134 2462 2237 2501 non
2266 2448 2332 2502 ab
2364 2446 2451 2501 illa
2474 2446 2928 2515 accipiatvetitum
2951 2444 3148 2511 cibum,
3177 2444 3228 2500 id
3244 2453 3327 2500 est
3355 2447 3528 2500 haere-

1954 2540 2177 2594 ticorum
2205 2538 2462 2592 fallaciam
2494 2552 2614 2592 cum
2655 2552 2841 2607 magna
2870 2537 3244 2606 pollicitatione
3266 2537 3521 2602 scientiae,

1953 2643 2005 2688 et
2038 2634 2189 2705 quasi
2227 2642 2552 2687 secretorum
2577 2632 2993 2701 adapertioncm,
3025 2646 3129 2701 quo
3160 2631 3249 2685 ﬁat
3277 2631 3343 2685 ad
3386 2630 3531 2686 deci-

1954 2728 2205 2796 piendum
2261 2742 2411 2781 error
2440 2727 2552 2794 ipse
2596 2725 2874 2779 conditior.
2907 2724 3287 2779 llaercticorum
3333 2724 3528 2794 quippe

1954 2818 2181 2887 superba
2218 2825 2272 2872 et
2321 2818 2527 2871 curiosa
2567 2814 2825 2884 cupiditas
2854 2814 2907 2868 in
2952 2814 3086 2869 libro
3127 2813 3531 2869 Proverhiorum

1955 2910 2148 2964 clamat
2172 2910 2270 2964 sub
2291 2908 2527 2963 mulieris
2557 2907 2804 2976 imagine,
2840 2914 2894 2959 et
2931 2905 3077 2971 dicit,
3110 2903 3209 2969 Qui
3235 2905 3417 2959 stultus
3435 2912 3530 2971 est,

1956 3004 2166 3057 divertat
2187 3004 2255 3055 ad
2302 3010 2491 3055 me:et
2524 3001 2708 3070 inopes
2753 3014 2911 3054 sensu
2936 2998 3280 3066 exhortatur,
3329 2996 3531 3063 dicens,

1957 3094 2128 3150 Panes
2157 3095 2376 3150 occultos
2403 3094 2534 3148 edite
2550 3094 2777 3158 libenter,
2796 3101 2842 3146 ct
2866 3108 3048 3161 aquam
3072 3091 3268 3145 dulcem
3297 3091 3533 3162 furtivam

1956 3187 2106 3241 bibite
2133 3185 2317 3258 (Prov.
2346 3202 2420 3251 ix,
2449 3186 2534 3251 l6,
2578 3186 2690 3257 17).
2722 3184 2789 3238 Ει
2815 3198 3035 3239 necesse
3069 3191 3152 3238 est
3176 3192 3373 3249 tamen,
3414 3196 3535 3238 cum

1958 3290 2013 3336 et
2040 3280 2130 3335 illa
2157 3280 2379 3349 quisque
2423 3278 2727 3344 crediderit,
2759 3277 3090 3348 prmcedente
3132 3275 3351 3331 libidine
3386 3290 3537 3331 men-

1958 3372 2142 3438 tiendi,
2165 3386 2267 3441 qua
2288 3370 2557 3427 Christum
2596 3371 2877 3425 mentitum
2921 3384 3040 3425 esse
3080 3367 3268 3433 credit,
3314 3367 3536 3437 accipiat

1958 3466 2120 3522 etiam
2147 3464 2377 3520 tunicam
2409 3464 2684 3534 pelliceam
2722 3463 2901 3517 divino
2932 3461 3150 3533 judicio.
3183 3460 3300 3528 Quo
3324 3460 3538 3515 nomine

1959 3559 2089 3613 mihi
2106 3558 2313 3614 videtur
2341 3558 2393 3612 in
2418 3557 2689 3627 prophetia
2712 3554 2991 3627 signiﬁcari
3006 3569 3111 3609 non
3125 3553 3364 3623 corporis
3390 3568 3535 3609 mor-

1962 3653 2156 3718 talitas,
2180 3665 2299 3723 quae
2320 3649 2647 3721 signiﬁcatur
2689 3650 2741 3704 in
2764 3648 3005 3715 historia,
3037 3646 3104 3703 de
3149 3660 3252 3717 qua
3285 3646 3396 3716 jam
3426 3653 3536 3700 tra-

1961 3750 2159 3797 ctatum
2189 3750 2299 3808 est;
2332 3740 2426 3797 sed
2454 3740 2521 3796 de
2544 3739 2845 3795 carnalibus
2865 3737 3109 3793 sensibus
3132 3745 3355 3792 attracta
3380 3735 3541 3807 phan-

1964 3844 2205 3900 tasmata,
2233 3850 2349 3905 qua:
2378 3833 2662 3888 carnaliter
2688 3830 3028 3887 mentientem
3069 3829 3247 3884 divina
3273 3829 3388 3899 lege
3411 3843 3542 3883 con-

1960 3936 2255 3997 sequuntur
2275 3934 2328 3981 et
2348 3932 2635 3993 contegunt
2666 3940 2680 3976 :
2712 3930 2870 3992 atque
2898 3921 2968 3975 ita
2998 3920 3065 3976 de
3086 3918 3351 3990 paradiso,
3380 3919 3432 3973 id
3460 3927 3541 3974 est

1959 4017 2027 4073 de
2054 4016 2314 4072 catholica
2345 4016 2448 4071 tide
2474 4024 2529 4071 et
2577 4016 2819 4081 veritate,
2863 4010 3163 4079 dimittitur,
3208 4012 3540 4069 habitaturus

1959 4119 2143 4167 contra
2183 4109 2508 4181 paradisum,
2544 4107 2594 4163 id
2622 4114 2705 4163 est
2747 4106 2917 4162 eidem
2952 4106 3073 4162 lidei
3096 4104 3537 4160 contradicturus.

1866 4254 1885 4261 .,
1959 4202 2059 4272 Qui
2081 4204 2125 4258 si
2150 4200 2432 4272 aliquando
2448 4215 2506 4255 se
2520 4199 2585 4254 ad
2600 4200 2764 4253 Deum
2791 4198 3114 4253 converterit
3128 4213 3221 4268 per
3241 4196 3539 4251 ﬂammeam

1959 4294 2237 4359 frameam,
2270 4292 2321 4348 id
2340 4301 2421 4348 est
2442 4290 2868 4363 pertemporales
2895 4288 3279 4352 tribulationes,
3309 4289 3413 4342 sua‘
3425 4301 3541 4357 pec-

1961 4396 2076 4444 cata
2100 4384 2470 4457 cognoscendo
2499 4391 2553 4439 et
2577 4382 2859 4453 gemendo,
2899 4390 2953 4436 et
2983 4395 3087 4434 non
3104 4381 3212 4450 jam
3234 4386 3541 4433 extraneam

1961 4488 2225 4543 naturam,
2252 4473 2542 4545 quaemulla
2595 4481 2698 4538 est,
2731 4472 2825 4528 sed
2852 4471 3085 4540 seipsum
3134 4466 3452 4533 accusando,
3484 4474 3542 4522 ut

1961 4571 2073 4639 ipse
2101 4568 2310 4625 veniam
2329 4573 2600 4621 mereatur
2622 4566 2637 4595 ¹
2661 4572 2745 4631 ;et
2768 4577 2859 4632 per
2878 4560 3261 4630 plenitudinem
3283 4557 3539 4624 scientiae,

1962 4675 2081 4730 qua:
2110 4667 2195 4714 est
2226 4657 2479 4723 charitas,
2530 4653 2797 4725 diligendo
2829 4653 3018 4718 Deum,
3045 4651 3133 4721 qui
3161 4664 3320 4722 supra
3365 4649 3538 4705 omnia

1963 4760 2048 4807 est
2072 4748 2542 4813 incommutabilis,
2571 4755 2625 4800 et
2654 4743 2921 4815 diligendo
2949 4758 3016 4798 ex
3046 4750 3157 4797 toto
3183 4741 3365 4809 corde,
3396 4748 3450 4796 et
3475 4755 3542 4795 ex

1962 4854 2071 4901 tota
2098 4844 2293 4909 anima,
2322 4850 2375 4898 et
2400 4857 2470 4897 ex
2499 4849 2608 4895 tota
2634 4846 2844 4903 mente;
2870 4844 2923 4893 et
2950 4833 3214 4903 diligendo
3243 4831 3541 4903 proximum

1964 4946 2211 5008 tanquam
2240 4936 2502 5005 seipsum,
2535 4930 2811 5004 perveniet
2838 4927 2903 4983 ad
2932 4927 3177 4983 arborem
3204 4926 3346 4988 vitae,
3376 4932 3433 4978 et
3460 4922 3543 4976 vi-

1963 5037 2050 5085 vet
2076 5031 2127 5083 in
2154 5036 2431 5082 mternum.

1962 5120 2184 5178 CAPUT
2222 5118 2456 5175 XXVIII.
2482 5146 2555 5159 -—
2580 5116 2683 5171 Per
2702 5114 2953 5187 epilogum
2976 5110 3200 5184 singulas
3219 5108 3398 5181 refellit
3424 5087 3560 5160 Ma;

263 5200 363 5255 sed
391 5215 521 5270 gens
547 5201 919 5264 tenebrarum;
964 5213 1054 5257 aut
1102 5204 1365 5271 curiosos,
1415 5207 1503 5274 qui
1536 5215 1744 5261 terrena
1771 5222 1858 5262 sa-
1896 5206 1960 5247 ιέη
1998 5214 2005 5218 ’

264 5294 444 5362 piunt,
466 5301 519 5347 et
545 5295 835 5363 spiritualia
864 5304 1075 5351 terreno
1105 5298 1257 5352 oculo
1274 5298 1563 5367 inquirunt.
1587 5292 1877 5355 Eruntau;

2424 5214 2731 5268 uie/urorum
2787 5208 3085 5265 calumnias.

1912 5285 1959 5379 ἒξ
2034 5309 2122 5363 ta.
2154 5307 2293 5376 Quid
2323 5306 2520 5362 habent
2568 5320 2695 5375 ergo
2724 5304 2828 5367 isti,
2856 5301 3072 5372 quodin
3113 5298 3194 5352 his
3223 5295 3410 5351 litteris
3439 5292 3543 5349 Ve-

264 5394 379 5440 tem
406 5384 695 5441 inimicitia:
712 5386 851 5443 inter
871 5388 1030 5442 istum
1048 5397 1101 5443 et
1122 5388 1418 5454 mulierem,
1444 5390 1646 5446 ctinter
1673 5406 1853 5447 semen

1963 5404 2091 5458 teris
2114 5403 2436 5457 Testamenti
2459 5397 2886 5467 reprehendant?
2908 5396 3231 5465 interrogent
3251 5389 3542 5473 secundum

1962 5511 2166 5551 morem
2195 5510 2369 5559 suum,
2389 5502 2442 5549 et
2470 5491 2885 5563 respondeamus
2908 5489 3043 5544 sicut
3062 5485 3315 5541 Dominus
3343 5483 3543 5540 donare

1965 5589 2232 5659 dignatur.
2256 5588 2430 5653 Quare
2460 5585 2583 5640 fecit
2612 5586 2753 5640 Deus
2770 5583 3058 5646 hominem,
3079 5578 3337 5649 inquiunt,
3382 5591 3539 5648 quem

1966 5689 2306 5750 peccaturum
2328 5678 2568 5735 sciebat?
2589 5677 2719 5745 Quia
2743 5684 2797 5731 et
2824 5674 2892 5729 de
2912 5680 3162 5744 peccante
3201 5671 3365 5725 multa
3405 5669 3542 5724 bona

1964 5772 2139 5828 facere
2168 5780 2393 5843 poterat,
2434 5770 2689 5827 ordinans
2725 5782 2845 5824 eum
2882 5763 3170 5829 secundum
3199 5762 3543 5817 moderamen

328 5859 347 5891 ι
378 5858 497 5909 Βιὶὶιί
515 5893 530 5918 ,
565 5860 780 5926 clamat;
811 5876 898 5928 pro
918 5874 1017 5930 quo
1041 5877 1105 5919 ex
1135 5871 1245 5916 Mss.
1276 5867 1578 5920 restituimus
1898 5847 1936 5908 43

324 5941 408 6013 (α)
426 5942 630 6011 ονδῑιεει

2028 5891 2043 5920 ¹
2067 5888 2210 5967 editi,
2226 5886 2687 5967 percontatusth
2721 5882 2935 5948 vernam,
2973 5887 3067 5936 etc.
3101 5886 3157 5933 At
3185 5885 3291 5939 MSS.
3320 5889 3418 5967 non
3458 5880 3544 5935 ω·

1870 5962 1873 5971 ³
1918 6020 1927 6027 ί
1965 5950 2103 6013 bent,
2122 5962 2210 6016 per
2228 5948 2593 6003 conversionem.
