4056 6464
272 442 366 498 εει

258 569 344 612 υε
362 598 376 622 ,
411 555 466 608 in
493 550 684 623 quibus
712 541 983 601 temeritas
1007 529 1311 592 asserenda:
1326 526 1552 583 incertae
1574 520 1854 587 dubiieqne

256 618 811 718 spirituum.de
832 626 1103 698 sacrilegii
1129 618 1519 681 crimenlevitat
1546 631 1559 668 :
1591 627 1652 668 ea
1681 619 1856 666 tamen

252 703 839 813 ιιιὲιηιιειίιιιιδίιιιιίο
866 722 1151 783 catholicae
1194 714 1315 773 fidei
1363 720 1533 769 metas
1556 721 1663 762 non
1689 703 1853 759 debet

572 813 1091 894 ﬁtquonialnniulti
1112 805 1356 868 haeretici
1381 803 1446 859 ad
1468 814 1616 859 suam
1635 804 1856 853 senten-

257 929 393 983 τιὶιιι
412 966 427 988 ,
446 936 579 992 nul:
604 910 982 989 praterdidem
1007 915 1090 963 est
1108 901 1389 961 catholicae
1416 893 1730 964 disciplinac,
1761 902 1858 944 ex-

258 1017 591 1092 positionem
635 994 1027 1079 Scriptumrum
1070 994 1609 1059 divinarumitrahece
1635 997 1861 1043 eonsue-
1955 1009 1963 1019 -

255 1075 462 1167 «nerunt
488 1125 505 1169 ;
536 1113 671 1160 ante
698 1075 1080 1156 :tractationen
1098 1091 1267 1162 ibujus
1295 1086 1416 1144 libri
1438 1080 1705 1139 catholica
1722 1075 1864 1135 ﬁdes

260 1202 511 1258 inviter
540 1187 982 1267 explimda'est.

339 1294 396 1348 2.
432 1291 544 1346 last
800 1283 924 1337 hinc
960 1297 975 1335 :
1018 1278 1182 1334 Deum
1207 1274 1422 1329 Patrem
1444 1263 1865 1333 omnipotentem

266 1388 583 1443 universam
628 1388 929 1436 creaturam
978 1371 1167 1428 fecisse
1206 1375 1367 1436 atque
1400 1357 1747 1418 constituisse
1760 1366 1869 1423 .pcr

278 1478 474 1535 Filium
496 1489 649 1530 suum
678 1468 1035 1539 unigenitum,
1069 1460 1121 1515 id
1149 1465 1231 1514 est
1254 1453 1579 1526 Sapientiam
1600 1458 1659 1503 et
1687 1445 1870 1500 Virtu-

266 1580 383 1626 νιεω
400 1583 567 1624 sitam
594 1534 1099 1620 consubstantialem
1114 1551 1653 1606 sibiet-coaeternam,
1681 1540 1732 1594 ill
1750 1534 1872 1591 uni-

270 1671 387 1718 sate
430 1660 663 1730 Spiritus
697 1653 900 1717 sancti,
932 1659 988 1705 et
1014 1646 1177 1725 ipsius
1205 1634 1670 1698 consubstantialis
1698 1640 1872 1686 etco—

266 1729 489 1810 .a:terni.
514 1750 673 1805 Hanc
689 1760 821 1816 ergo
847 1741 1159 1797 Trinitatem
1178 1734 1287 1791 dici
1319 1746 1478 1786 unum
1494 1729 1692 1790 ,Deum,
1719 1736 1872 1777 eum-

270 1862 385 1917 φιε
424 1843 621 1899 fecisse
652 1847 717 1895 et
744 1848 972 1893 creasse
1010 1830 1186 1886 omnia
1222 1841 1339 1897 quae
1369 1820 1875 1887 sunt,.inquaotum

284 1913 449 2003 sunt,
474 1932 739 1989 catholica
768 1924 1045 1995 disciplina
1070 1918 1217 1976 credi
1234 1917 1417 1987 jubet;
1448 1913 1520 1966 ita
1550 1919 1607 1964 ut
1632 1914 1879 1962 creatura

282 1995 465 2083 annis
508 2041 622 2081 sive
662 2016 1035 2077 intellectualis
1074 2013 1188 2067 sive
1232 2005 1561 2077 corporalis,
1588 2000 1676 2055 vel
1735 1995 1877 2067 quod

274 2120 506 2176 direvius
538 2117 653 2172 adici
702 2120 876 2184 potest
900 2105 1193 2165 secundum
1214 2101 1379 2156 verba
1410 2097 1707 2150 divinarum
1733 2089 1878 2145 Scri-

276 2225 589 2286 ptor-arum,
604 2211 727 2264 sive
754 2203 1031 2261 invisibilis
1052 2200 1165 2256 sive
1188 2192 1429 2258 visibilis,
1465 2203 1569 2243 non
1587 2186 1654 2241 de
1676 2182 1768 2239 Dei
1790 2197 1882 2236 na-

278 2275 409 2361 tium
428 2304 491 2370 ί,
524 2275 630 2358 scd
666 2315 697 2355 a
730 2300 847 2353 Deo
868 2295 944 2352 sit
973 2293 1108 2348 facta
1136 2289 1204 2344 de
1233 2285 1399 2341 nihilo
1429 2300 1441 2335 :
1474 2278 1711 2348 nihilque
1739 2275 1792 2330 in
1821 2287 1885 2327 ea

274 2411 414 2452 «esse
614 2390 682 2446 ad
706 2388 1018 2445 Trinitatem
1031 2381 1331 2453 pertineat,
1360 2372 1464 2430 nisi
1484 2370 1624 2443 quod
1654 2366 1886 2422 Trinitas

280 2488 569 2552 condidit,
772 2479 995 2536 condita
1042 2483 1156 2531 est.
1196 2472 1535 2539 Quapropter
1588 2468 1887 2517 creaturam

286 2581 606 2636 euisceratam
642 2590 824 2644 neque
860 2563 1365 2627 consubstantialem
1404 2560 1547 2625 Deo,
1587 2565 1760 2624 neque
1794 2564 1887 2605 co-

286 2682 559 2729 mm
576 2668 668 2723 τῖες
692 2675 778 2722 εει
802 2665 981 2720 dicere
1006 2666 1100 2714 aut
1128 2655 1367 2714 credere.

358 2766 425 2820 5.
449 2762 602 2817 :Ecoe
618 2767 808 2813 autem
836 2754 1013 2810 omnia
1040 2748 1159 2821 quin
1182 2747 1311 2802 fecit
1330 2745 1480 2798 Deus
1495 2782 1507 2805 ,
1528 2738 1674 2793 bona
1693 2732 1850 2788 valde
1873 2748 1887 2787 τ

285 2858 443 2915 maia
467 2870 597 2911 1vero
611 2867 732 2908 tuon
749 2864 877 2905 esse
906 2843 1201 2907 naturalia;
1222 2838 1324 2894 sed
1340 2849 1506 2891 omne
1534 2828 1672 2901 quod
1703 2826 1894 2881 dicitur

290 2951 503 3008 malum
522 2990 537 3015 ,
560 2954 661 3001 aut
682 2950 955 3015 peccatum
989 2953 1109 2992 esse
1132 2978 1145 3002 ,
1174 2941 1267 2988 aut
1293 2942 1503 3000 pinnam
1532 2919 1753 2994 peccati.
1787 2917 1895 2971 Nec

288 3056 428 3099 esse
797 3034 899 3088 nisi
940 3043 1159 3101 pravum
1201 3024 1380 3079 liberte
1407 3013 1689 3072 voluntatis
1714 3025 1897 3065 assen-

288 3106 634 3200 λευκὴ-ω
678 3125 995 3181 inclinantur
1037 3119 1101 3173 ad
1150 3132 1213 3171 ea
1248 3127 1364 3184 qum
1406 3107 1607 3180 justitia
1638 3110 1818 3167 vetat,
1846 3106 1899 3154 et

304 3224 462 3280 unde
490 3222 717 3277 liberum
742 3225 828 3272 est
850 3213 1159 3274 abstinere;
1182 3206 1236 3261 id
1259 3214 1358 3269 est,
1383 3217 1487 3255 non
1508 3200 1563 3253 in
1585 3196 1745 3252 rebus
1762 3193 1896 3257 istis,

298 3317 406 3375 sed
424 3316 482 3372 in
510 3328 610 3369 usu
632 3325 818 3368 earum
843 3323 952 3362 non
979 3303 1235 3374 legitimo.
1262 3297 1400 3352 Usus
1416 3299 1598 3347 auth
1619 3301 1799 3343 rerum
1819 3292 1902 3338 est

294 3408 610 3479 legitimus,
655 3412 712 3458 ut
750 3400 931 3455 anima
973 3396 1024 3450 ill
1060 3394 1176 3462 lege
1190 3388 1296 3444 £Dei
1324 3389 1560 3445 maneat,
1596 3386 1648 3433 et
1672 3377 1764 3431 nni
1791 3375 1902 3428 Deo

650 3491 931 3549 dilectione
960 3485 1197 3554 subjecta
1225 3480 1322 3543 sit,
1351 3484 1403 3530 et
1430 3483 1621 3527 canora
1646 3467 1747 3522 sibi
1777 3463 1905 3518 sub-

479 3591 601 3644 sine
620 3584 913 3654 cupiditate
938 3585 1029 3632 aut
1054 3572 1274 3629 libidine
1303 3566 1596 3628 ministret,
1630 3559 1680 3614 id
1708 3566 1789 3612 est
1814 3569 1905 3610 se-

314 3651 552 3739 cundum
582 3651 918 3748 praeceptum
960 3668 1072 3723 Dei.
1103 3665 1179 3719 Ita
1209 3662 1348 3717 enim
1380 3658 1495 3712 sine
1521 3651 1827 3708 diﬂicultate
1854 3654 1909 3702 et

314 3772 540 3851 miseria
557 3811 573 3838 ,
694 3738 828 3821 curn
873 3774 1080 3817 summa
1112 3753 1363 3811 facilitate
1389 3758 1442 3804 et
1468 3743 1792 3803 beatitudine
1817 3738 1912 3794 ad-

308 3832 849 3922 auiitistrabitfmna
867 3868 996 3910 vero
1014 3847 1217 3922 peccati
1241 3854 1343 3911 est,
1368 3857 1488 3898 cum
1509 3838 1638 3908 ipsis
1656 3832 1912 3891 creaturis

316 3976 434 4015 non
479 3956 583 4013 sibi
610 3950 965 4009 servientibus
987 3944 1251 4001 cruciatur
1277 3937 1449 3993 anima
1472 3975 1486 3999 ,
1516 3948 1637 3987 cum
1664 3928 1775 3983 Deo
1799 3926 1914 3996 ipsa

308 4068 433 4108 non
454 4048 627 4106 servit
653 4064 667 4101 :
694 4059 812 4115 qua:
834 4048 1079 4096 creatura
1100 4033 1175 4089 illi
1199 4025 1597 4098 obtemperabat
1617 4064 1630 4088 ,
1658 4034 1779 4076 cum
1802 4019 1913 4087 ipsa

323 4113 732 4212 obtemperabat
770 4137 901 4191 Deo.
942 4132 1122 4200 Itaque
1164 4141 1271 4181 non
1313 4136 1434 4177 esse
1479 4120 1655 4189 ignem
1680 4113 1914 4176 malum,

310 4238 449 4308 quia
478 4204 720 4290 creatura
736 4228 839 4283 *Dei
861 4233 980 4289 est;
1011 4221 1301 4276 sed'tamen
1323 4213 1406 4268 uri
1426 4225 1488 4266 eo
1509 4204 1920 4263 imbecillitatem

318 4304 571 4386 aiostrnm
601 4341 665 4381 ex
693 4321 885 4379 merito
914 4314 1134 4389 peccati.
1162 4310 1280 4365 Dici
1308 4318 1487 4362 autem
1516 4309 1736 4375 peccata
1762 4304 1921 4352 natu-

329 4421 499 4488 ralia,
538 4433 659 4489 quae
696 4426 915 4470 necesse
949 4417 1031 4464 est
1068 4399 1327 4461 committi
1359 4407 1480 4453 ante
1506 4389 1922 4450 misericordiam

330 4514 431 4570 Dei
448 4555 466 4580 ,
484 4481 775 4583 postquam
805 4506 856 4560 in
880 4505 1024 4558 hanc
1049 4498 1209 4552 vitam
1237 4508 1330 4565 per
1355 4497 1629 4562 peccatum
1654 4481 1808 4539 liberi
1830 4495 1924 4534 ar-

324 4604 485 4662 ibitrii
508 4601 643 4673 lapsi
666 4611 870 4655 sumus.

409 4697 464 4750 4.
506 4666 776 4748 Beneventi
818 4694 992 4743 autem
1036 4680 1429 4746 hominem‘pcr
1454 4672 1631 4727 .lcsum
1659 4666 1927 4721 Christum

331 4786 629 4845 FDominum
654 4789 895 4837 nostrum
917 4820 931 4844 ,
965 4790 1085 4831 cum
1110 4774 1223 4844 ipsa
1252 4766 1529 4843 ineffabilis
1556 4777 1618 4816 ac
1639 4762 1933 4815 incommu-

328 4879 524 4937 ﬂbilis
549 4870 941 4944 Dei'Sapientia
968 4867 1184 4940 plenum
1214 4871 1488 4929 totumque
1518 4854 1783 4909 hominem
1810 4863 1933 4905 sus-

343 4973 529 5043 cipere
566 4968 782 5039 dignata
810 4972 927 5027 est,
957 4971 1011 5016 et
1035 4957 1180 5014 nasci
1208 4955 1275 5010 de
1304 4950 1504 5022 Spiritu
1534 4955 1715 5001 sancto
1742 4951 1795 4998 et
1822 4943 1933 4997 vir-

344 5066 468 5137 gine
506 5061 705 5126 Maria;
754 5053 1025 5124 erucitigi,
1064 5048 1318 5119 sepeliri,
1354 5052 1407 5099 et
1434 5052 1743 5110 resurgere,
1772 5046 1826 5091 et
1847 5050 1935 5090 as-

337 5125 582 5212 vvceudere
599 5153 655 5208 in
668 5125 874 5206 calum
894 5188 910 5213 ,
936 5143 1079 5217 quod
1100 5143 1209 5212 jam
1234 5138 1435 5193 factum
1458 5142 1540 5189 est
1559 5149 1572 5197 ;
1596 5139 1651 5187 et
1668 5128 1851 5184 venire
1872 5125 1939 5180 ad

344 5244 665 5319 iudicandos
694 5242 850 5297 vivos
890 5246 946 5294 et
968 5243 1205 5291 mortuos
1231 5233 1286 5286 in
1314 5229 1417 5282 ﬁne
1442 5223 1653 5288 saeculi,
1684 5232 1738 5277 et
1764 5235 1942 5275 resur-

346 5340 647 5397 rectionem
664 5343 1007 5391 mortuorum
1024 5329 1086 5383 in
1117 5340 1276 5381 carne
1296 5364 1310 5389 ,
1343 5318 1482 5392 quod
1509 5315 1683 5370 adhuc
1708 5316 1942 5368 futurum

344 5432 694 5505 pradicatur.
716 5429 907 5481 Datum
935 5436 1054 5479 esse
1073 5418 1325 5491 Spiritum
1348 5420 1587 5468 sanctum
1606 5402 1943 5462 credentibus

350 5500 415 5582 in
436 5540 592 5582 cum.
614 5519 976 5578 Constitutam
1003 5514 1069 5569 ab
1097 5511 1188 5566 illo
1213 5519 1437 5563 matrem
1470 5500 1761 5556 Ecclesiam
1782 5538 1796 5562 ,
1826 5508 1946 5566 qua:

343 5618 635 5677 Catholica
678 5614 904 5675 dicitur,
952 5625 1017 5664 ex
1056 5622 1121 5662 eo
1163 5603 1284 5675 quia
1315 5595 1691 5654 universaliter
1718 5591 1947 5662 perlecta

358 5721 444 5769 est
463 5719 565 5781 ,πει
584 5710 643 5764 in
668 5706 818 5763 nullo
843 5700 1102 5759 claudicat
1121 5740 1136 5766 ,
1165 5705 1218 5752 et
1243 5709 1336 5764 per
1363 5698 1529 5745 totum
1554 5684 1737 5740 orbem
1759 5682 1949 5737 diﬂ‘usa

352 5771 738 5862 est."ﬂemissa
762 5812 881 5854 csse
905 5789 1286 5865 pteniteutibus
1315 5784 1490 5857 priora
1517 5785 1730 5851 peccata
1746 5815 1761 5843 ,
1789 5783 1843 5831 et
1867 5771 1949 5829 vi-

394 5909 1215 5979 'tlsvauemandeneonata.

1544 403 1749 463 LIBER
1784 391 2287 456 iMPERFECTUS.

3440 370 3549 431 293

1954 521 2070 564 tam
2099 516 2352 561 aeternam
2380 499 2743 569 malorumque
2766 508 2987 567 regnum
3010 490 3350 564 promissum.

2020 598 2256 656 CAPUT
2299 596 2359 652 ll.
2400 624 2470 634 -—
2508 595 2560 649 5.
2601 590 2900 648 Secundum
2931 588 3069 645 hanc
3095 584 3252 639 ﬁdem
3275 594 3395 651 quae
3424 593 3549 649 pos-

1960 702 2087 747 sunt
2125 692 2175 746 in
2218 689 2319 743 hoc
2346 686 2483 742 libro
2513 683 2677 755 qumri
2707 690 2762 737 et
2783 677 3074 749 disputari,
3106 669 3550 729 considerandum

1948 795 2063 842 est.
2096 781 2170 837 ,ιη
2204 778 2459 849 principio
2487 776 2602 848 fecit
2632 773 2768 831 Deus
2797 770 2975 827 emtum
3005 776 3050 822 et
3074 776 3277 820 terram.
3307 762 3548 829 Quatuor

1954 1037 2137 1135 ,graace
2166 1064 2399 1132 Lpossunt
2420 1096 2434 1120 ,
2485 1054 2647 1109 latine
2688 1060 2864 1104 autem
2890 1044 3097 1101 deliniri
3124 1048 3181 1097 et
3206 1037 3457 1110 explicari
3485 1037 3502 1067 ¹
3533 1051 3549 1090 :

1962 1151 2259 1211 secundum
2306 1146 2609 1207 historiam,
2661 1139 2951 1197 secundum
2991 1133 3326 1205 allegoriam,
3364 1142 3558 1184 secun-

1960 1248 2097 1304 dum
2139 1242 2467 1312 analogiam,
2499 1235 2788 1293 secundum
2817 1229 3150 1299 artiologiam.
3176 1222 3412 1279 ,llistoria
3440 1227 3551 1285 est,

1958 1352 2091 1390 .cmn
2121 1337 2235 1391 sive
2254 1332 2539 1396 divinitus,
2562 1328 2672 1383 sive
2688 1322 3007 1385 ,humanitus
3031 1334 3118 1373 res
3141 1325 3289 1388 gesta
3317 1325 3560 1368 comme-

1972 1435 2229 1483 moratur.
2266 1421 2572 1493 Allegoria,
2613 1433 2732 1473 cum
2752 1414 2981 1485 ﬁgurate
3006 1410 3143 1466 dicta
3174 1405 3560 1474 intelliguntur.

1976 1520 2257 1591 Analogia,
2304 1532 2425 1572 cum
2472 1512 2675 1569 Veteris
2713 1520 2763 1565 et
2793 1507 2922 1562 Novi
2948 1505 3408 1560 Testamentorum
3436 1510 3563 1550 con»

1947 1612 2216 1683 ggrucntia
2256 1609 2668 1665 demonstratur.
2702 1598 3019 1670 Etiologia,
3052 1611 3173 1652 cum
3195 1592 3459 1649 dictorum
3483 1585 3566 1641 fa-

1966 1713 2288 1771 ctorumque
2314 1714 2486 1754 causa:
2514 1694 2827 1751 redduntur.

2038 1766 2275 1847 .(ZAPUT
2315 1789 2403 1844 lll.
2432 1819 2501 1827 —
2528 1787 2580 1842 6.
2615 1786 2726 1840 lloc
2756 1796 2881 1853 ergo
2909 1777 3052 1851 quod
3079 1776 3331 1845 scriptum
3359 1778 3474 1837 est,
3500 1766 3571 1822 In

1982 1885 2228 1958 principio
2277 1882 2390 1952 fecit
2432 1880 2572 1935 Deus
2615 1876 2793 1930 caelum
2843 1883 2889 1927 et
2932 1881 3144 1934 (errant,
3189 1864 3353 1936 qualri
3396 1866 3574 1932 potest

1984 1987 2159 2033 utrum
2193 1971 2559 2031 tantummodo
2586 1965 2876 2023 secundum
2905 1960 3181 2016 historiam
3202 1950 3571 2024 accipiendum

1984 2068 2087 2134 sit,
2134 2082 2198 2121 an
2241 2065 2400 2120 etiam
2430 2062 2649 2133 ﬁgurate
2684 2054 2881 2127 aliquid
2912 2051 3203 2123 signiticet,
3231 2055 3284 2102 et
3307 2042 3577 2115 quomodo

1985 2166 2241 2229 congruat
2266 2153 2571 2225 Evangelia,
2602 2160 2654 2205 et
2682 2164 2785 2220 qua
2815 2160 2972 2202 causa
2994 2144 3129 2198 liber
3150 2140 3249 2195 iste
3265 2138 3343 2192 sic
3358 2133 3579 2191 inchoa-

1988 2259 2073 2308 tus
2117 2251 2204 2304 sit.
2251 2222 2553 2303 Secundum
2582 2239 2858 2296 historiam
2885 2246 3061 2291 autem
3083 2230 3338 2303 quaeritur
3357 2225 3483 2296 quid
3500 2222 3572 2278 sit

1987 2341 2056 2398 In
2086 2340 2331 2412 principio
2353 2381 2367 2405 ,
2400 2336 2451 2392 id
2480 2342 2559 2391 est
2578 2376 2593 2402 ,
2622 2342 2796 2387 utrum
2825 2330 2877 2382 in
2908 2324 3163 2397 principio
3189 2317 3476 2389 temporis,
3504 2329 3577 2369 an

1992 2405 2330 2504 inprincipio
2358 2430 2406 2484 in
2432 2430 2542 2497 ipsa
2572 2423 2840 2495 Sapientia
2862 2419 2988 2484 Dei,
3019 2415 3141 2487 qpia
3163 2422 3216 2469 et
3236 2407 3463 2481 ipsc'Dei
3484 2405 3585 2460 Fi-

1990 2493 2093 2579 lius
2134 2493 2465 2591 principium
2495 2532 2554 2572 se
2596 2493 2761 2579 dixit,
2804 2508 3015 2581 quando
3051 2506 3099 2562 ei
3138 2504 3334 2558 dictum
3363 2506 3471 2563 est,
3499 2493 3545 2549 Τ
3548 2511 3585 2550 u

1992 2617 2103 2686 quis
2129 2590 2179 2669 es
2194 2622 2293 2678 ;,et
2313 2612 2465 2676 dixit,
2492 2608 2807 2678 Principium
2832 2601 2965 2671 quod
2991 2610 3036 2655 ει
3058 2598 3236 2668 loquor
3250 2593 3387 2649 vobis
3404 2590 3585 2665 (Joan.

1992 2685 2082 2765 vui
2106 2746 2122 2771 ,
2162 2705 2277 2768 25,).
2318 2703 2417 2758 Est
2442 2703 2582 2758 enim
2614 2696 2935 2765 Principium
2968 2692 3083 2746 sine
3112 2685 3398 2759 principio,
3429 2688 3484 2737 et
3507 2687 3590 2735 est

1988 2799 2321 2867 Principium
2354 2810 2474 2850 cum
2501 2792 2607 2847 alio
2624 2787 2912 2862 principio.
2944 2782 3270 2851 Principium
3299 2779 3416 2834 sine
3436 2774 3588 2845 prin-

1997 2893 2137 2963 cipio
2166 2890 2309 2945 solus
2338 2888 2496 2941 Pater
2521 2890 2637 2947 est,
2668 2879 2788 2934 ideo
2817 2894 2887 2932 ex
2920 2891 3023 2931 uno
3048 2870 3314 2947 principio
3336 2880 3455 2922 esse
3475 2878 3593 2919 om-

1992 2986 2083 3041 nia
2110 2982 2377 3041 credimus
2405 2998 2419 3034 :
2450 2977 2614 3035 Filius
2640 2982 2819 3029 autem
2848 2972 2917 3024 ita
2944 2965 3268 3035 Principium
3296 2968 3413 3026 est,
3441 2964 3499 3011 ut
3521 2955 3592 3010 de

2002 3077 2160 3131 Patre
2189 3075 2276 3129 sit.
2308 3073 2423 3143 Ipsa
2450 3069 2608 3125 etiam
2628 3066 2806 3137 prima
2832 3070 3074 3119 creatura
3103 3051 3474 3111 intellectualis
3495 3062 3597 3119 po-

2005 3176 2105 3223 test
2134 3165 2244 3220 dici
2276 3139 2602 3233 principium
2644 3158 2709 3212 iis
2747 3153 2940 3226 quibus
2979 3156 3138 3221 caput
3174 3154 3286 3210 est,
3328 3158 3447 3215 quia
3473 3139 3599 3195 fecit

2005 3257 2164 3313 Deus.
2211 3254 2345 3313 Cum
2392 3251 2533 3308 enim
2566 3257 2711 3305 recte
2740 3245 3031 3317 appelletur
3056 3237 3371 3312 principium
3401 3238 3596 3303 caput,

2006 3348 2058 3403 ill
2084 3344 2501 3417 illagradatione
2524 3338 2808 3411 Apostolus
2834 3334 3111 3390 mulierem
3136 3338 3312 3384 tamen
3334 3340 3439 3380 non
3465 3321 3602 3377 dixit

2007 3449 2165 3509 caput
2200 3436 2443 3505 alicujus.
2473 3432 2607 3488 Nam
2634 3439 2687 3485 ct
2711 3428 2883 3483 virum
2907 3424 3038 3480 dixit
3062 3427 3220 3493 caput
3245 3413 3516 3477 mulieris,
3545 3418 3603 3467 et

2009 3505 2165 3600 caput
2184 3528 2283 3582 viri
2304 3525 2573 3581 Christum
2595 3565 2610 3590 ,
2635 3530 2689 3576 et
2710 3527 2869 3590 caput
2893 3513 3092 3571 Christi
3120 3512 3285 3566 Deum
3308 3507 3355 3579 (Ι
3382 3505 3500 3561 Cor.
3523 3518 3603 3573 xl,

2012 3624 2069 3693 5)
2099 3639 2111 3674 :
2144 3622 2213 3675 ita
2240 3616 2484 3673 Creatori
2508 3622 2750 3670 creatura
2779 3606 3129 3666 subnectitur.

2083 3713 2137 3766 7.
2183 3710 2267 3764 An
2306 3708 2426 3763 ideo
2465 3705 2529 3760 1n
2567 3702 2813 3775 principio
2851 3700 3052 3755 dictum
3077 3700 3191 3759 est,
3220 3689 3468 3762 quoniam
3493 3685 3607 3756 pri-

2015 3818 2159 3859 mum
2205 3802 2401 3855 factum
2440 3797 2562 3852 est?
2603 3798 2681 3850 An
2709 3809 2813 3848 non
2834 3789 3009 3869 potuit
3038 3787 3176 3842 inter
3200 3789 3473 3838 creaturas
3501 3776 3611 3847 pri-

2016 3910 2161 3953 mum
2201 3893 2313 3949 ﬁeri
2353 3890 2547 3947 ctelum
2578 3896 2633 3943 et
2661 3896 2831 3953 terra,
2864 3884 2908 3937 si
2938 3878 3126 3953 Angeli
3155 3884 3209 3933 et
3233 3888 3421 3930 omnes
3449 3870 3611 3926 intel-

2018 3986 2277 4043 lectuales
2304 3984 2602 4038 Potestates
2629 3979 2855 4049 primum
2887 3973 3039 4028 factae
3068 3968 3230 4025 sunt?
3259 3966 3389 4034 Quia
3417 3970 3473 4019 et
3496 3962 3612 4018 An-

2020 4078 2167 4150 gelos
2205 4082 2505 4131 creaturam
2540 4070 2674 4135 Dei,
2723 4076 2776 4122 et
2817 4064 2885 4120 ab
2926 4078 2991 4119 eo
3018 4062 3184 4116 laetos
3207 4056 3487 4113 credamus
3512 4068 3613 4107 ne-

2021 4146 2171 4228 cesse
2212 4176 2313 4225 est.
2361 4166 2496 4221 Nam
2540 4172 2596 4220 et
2642 4160 2872 4231 Angelos
2915 4154 3246 4213 euumeravit
3274 4149 3529 4222 propheta
3562 4146 3614 4201 in

2023 4263 2314 4320 centesimo
2360 4254 2764 4329 quadragesimo
2806 4258 2995 4306 octavo
3044 4246 3251 4318 psalmo
3293 4256 3413 4297 cum
3434 4237 3609 4293 dixit:

2026 4355 2054 4409 Ι
2061 4372 2146 4427 pse
2157 4354 2311 4427 jussit
2332 4394 2347 4421 ,
2376 4360 2425 4405 et
2450 4349 2586 4419 facta
2614 4354 2727 4400 sunt
2747 4359 2767 4409 ;
2792 4343 2898 4414 ipse
2924 4337 3181 4393 mandavit
3198 4376 3213 4399 ,
3245 4342 3289 4387 et
3308 4339 3477 4386 creata
3494 4333 3615 4382 sunt

2030 4416 2195 4517 (i’sui.
2215 4416 2426 4507 chvlll,
2438 4416 2517 4511 3).
2536 4438 2639 4494 Sed
2656 4437 2697 4491 si
2713 4435 2941 4506 primum
2955 4429 3075 4484 facti
3090 4437 3213 4483 sunt
3227 4422 3437 4493 Ange’li,
3453 4416 3619 4491 quzcri

2029 4546 2203 4609 potest
2254 4545 2427 4591 utrum
2476 4531 2530 4585 ill
2571 4539 2809 4597 tempore
2846 4522 2970 4577 facti
3009 4529 3167 4586 sunt,
3208 4532 3274 4571 an
3317 4523 3438 4568 ante
3464 4524 3623 4566 omne

2030 4640 2243 4699 tempus
2268 4669 2281 4693 ,
2311 4643 2377 4680 an
2409 4626 2460 4678 ill
2487 4620 2705 4677 exordio
2731 4615 3004 4686 temporis.
3034 4613 3090 4668 Si
3119 4612 3168 4665 in
3200 4618 3441 4678 tempore
3463 4648 3478 4673 ,
3508 4604 3617 4674 jam

2034 4696 2158 4778 erat
2193 4729 2401 4789 tempus
2444 4722 2726 4782 antequam
2774 4706 2959 4778 Angeli
3013 4704 3238 4767 ﬁerent;
3282 4707 3336 4754 et
3364 4696 3613 4768 quoniam

2037 4817 2194 4872 etiam
2226 4822 2432 4883 tempus
2459 4810 2632 4879 ipsum
2660 4811 2902 4859 creatura
2924 4808 3041 4866 est,
3066 4794 3250 4867 incipit
3271 4806 3487 4848 necesse
3509 4802 3627 4844 esse

2039 4918 2095 4966 ut
2143 4878 2351 4977 aliquid
2378 4904 2685 4975 priusquam
2719 4895 2949 4965 Angelos
2982 4892 3177 4945 factum
3204 4885 3544 4955 accipiamus.
3570 4878 3627 4932 Si

2041 5011 2216 5057 autem
2266 4999 2319 5053 in
2362 4994 2583 5051 exordio
2628 4988 2880 5059 temporis
2927 4984 3094 5039 factos
3133 4981 3394 5043 dicimus,
3427 4983 3483 5028 ut
3508 4988 3625 5027 cum

2042 5094 2169 5163 ipsis
2196 5088 2418 5160 cmperit
2440 5095 2649 5155 tempus
2666 5122 2683 5149 ,
2711 5077 2993 5135 dicendum
3016 5082 3097 5131 est
3127 5072 3316 5126 falsum
3340 5077 3461 5121 esse
3485 5059 3627 5133 quod

2042 5186 2255 5258 quidam
2305 5181 2528 5247 volunt,
2572 5191 2701 5233 cum
2748 5173 2884 5230 coelo
2926 5180 2981 5228 et
3027 5177 3167 5225 terra
3194 5167 3217 5197 ¹
3263 5172 3472 5232 tempus
3508 5170 3628 5213 esse

2044 5281 2292 5351 ccepisse.
2928 5274 2955 5293 κ

2118 5347 2167 5430 S.
2202 5372 2257 5427 Si
2289 5376 2467 5425 autem
2492 5365 2638 5436 prius
2666 5377 2825 5434 quam
2856 5369 3063 5429 tempus
3085 5396 3100 5421 ,
3132 5349 3321 5422 Angeli
3348 5347 3468 5402 facti
3488 5353 3632 5413 sunt,

2048 5462 2395 5538 quaerendum
2441 5467 2524 5515 est
2566 5453 2835 5528 quomodo
2862 5452 3059 5507 dictum
3088 5446 3156 5501 sit
3185 5444 3237 5498 in
3263 5437 3637 5510 consequenti-

2038 5533 2146 5614 bus
2193 5574 2206 5611 :
2259 5554 2325 5609 Et
2367 5552 2497 5607 dixit
2534 5547 2707 5614 Deus,
2752 5545 2907 5600 Fiant
2948 5536 3221 5596 luminaria
3243 5535 3297 5589 in
3323 5533 3639 5603 ﬁrmamento

2118 5699 2133 5729 ι
2156 5692 2351 5756 aliun
2370 5691 2447 5741 hic
2467 5688 2619 5756 verm
2640 5684 2962 5756 τετειίιιιιμιιξιπ
2975 5668 3640 5756 Mamili?

2054 5730 2264 5833 granttu‘3
2275 5730 2489 5815 loci—ope.
2508 5730 2937 5812 Vaticani-codicis;
3112 5730 3262 5786 unum
3284 5732 3533 5796 exemplar
3550 5730 3639 5779 hu-

2276 5820 2284 5828 ·
2338 5827 2476 5833 “hu-
2508 5817 2754 5833 -.οη-ηοιιηι
2779 5815 2982 5833 mimum
3010 5814 3069 5833 nn
3092 5802 3250 5833 ηςεηης

2052 5802 2135 5887 ius
2153 5802 2316 5887 operis
2335 5802 2481 5884 inat'lu
2506 5817 2755 5861 exaratum
2779 5802 2987 5853 nancisci
3010 5802 3267 5887 potuimus.

2376 5885 2402 5887 η
2442 5886 2447 5887 γ
2556 5881 2565 5887 ι
2583 5880 2594 5887 Α
2618 5886 2629 5887 κ
2648 5869 2794 5887 “LM:
2844 5872 2949 5887 ιη...
2974 5877 3043 5887 -..η
3066 5874 3143 5887 ...Μ
3167 5870 3208 5887 η,
3231 5867 3267 5887 ,ί

2121 5861 2518 5932 Ῠιιιὶε.
2544 5880 2601 5923 At
2616 5869 2817 5934 vulgati,
2840 5872 2949 5917 ante
2960 5861 3146 5918 mlum
3160 5870 3208 5915 et
3222 5867 3427 5912 terram.
