4056 6460
562 499 667 554 225

561 621 672 676 cwli
696 662 710 685 ,
743 627 796 671 ut
827 617 1020 670 luceant
1044 628 1194 683 super
1219 619 1399 664 terram
1425 651 1437 672 ,
1465 617 1510 662 et
1539 608 1764 661 dividant
1787 608 1916 661 inter
1941 619 2132 664 noctem

559 727 606 769 et
629 713 758 766 diem
784 727 802 776 ;
833 722 879 766 et
906 711 1002 766 sint
1023 710 1075 762 in
1101 710 1269 780 signa,
1304 713 1364 758 et.
1376 714 1626 773 tempora,
1655 712 1704 757 et
1729 702 1862 769 dies,
1886 713 1930 758 et
1949 719 2129 759 annos.

559 807 654 860 llic
674 806 815 860 enim
840 811 1014 873 potest
1033 800 1196 855 videri
1223 807 1348 852 tunc
1393 804 1564 866 coepta
1593 810 1710 851 esse
1738 806 2130 865 tempora,eum

556 898 748 954 caelum
787 907 841 950 et
878 894 1151 950 luminaria
1191 889 1310 945 caeli
1336 887 1591 943 ordinatis
1618 887 1892 942 itineribus
1916 901 2132 942 currere

555 993 838 1061 coepissent
882 1007 894 1043 :
937 985 1077 1058 quod
1121 982 1166 1037 si
1199 996 1380 1036 verum
1412 988 1526 1046 est,
1557 977 1822 1083 quomodo
1849 985 2131 1083 potuerunt

553 1085 666 1140 dies
706 1097 823 1138 esse
856 1089 1133 1148 antequam
1161 1084 1368 1143 tempus
1395 1081 1568 1140 esset,
1597 1072 1640 1125 si
1665 1086 1695 1125 a
1720 1086 1883 1126 cursu
1905 1069 2129 1125 lumina-

551 1177 687 1230 rium
732 1184 938 1242 tempus
979 1183 1224 1225 exorsum
1269 1174 1383 1232 est,
1418 1180 1535 1236 qum
1562 1173 1749 1234 quarto
1773 1162 1858 1217 die
1881 1162 2128 1218 dicuntur

553 1283 672 1323 esse
695 1263 871 1320 facta?
897 1265 975 1317 An
1001 1262 1098 1316 ista
1124 1261 1328 1315 dierum
1350 1258 1572 1328 digestio
1592 1255 1882 1312 secundum
1903 1269 2125 1310 consue-

549 1361 782 1415 tudinem
824 1357 1068 1411 humana:
1109 1353 1405 1424 fragilitatis
1445 1351 1685 1405 ordinata
1729 1357 1810 1402 est
1851 1348 1967 1417 lege
2002 1363 2128 1402 nar-

547 1451 696 1507 randi
725 1460 778 1504 et
808 1448 1094 1502 humilibus
1122 1446 1390 1500 humiliter
1411 1441 1708 1498 insinuandi
1734 1441 1996 1506 sublimia,
2019 1456 2122 1511 qua

545 1551 599 1598 et
641 1541 754 1611 ipse
782 1554 958 1594 sermo
983 1537 1247 1592 narrantis
1275 1552 1378 1590 non
1407 1544 1578 1605 potest
1604 1534 1702 1588 nisi
1732 1533 1905 1635 aliqua
1927 1531 2121 1635 habere

543 1641 598 1688 et
642 1632 810 1701 prima
847 1640 902 1686 et
942 1629 1112 1684 media
1139 1637 1192 1683 ct
1217 1629 1440 1682 ultima?
1472 1628 1549 1680 An
1577 1626 1629 1679 in
1657 1624 1980 1694 temporibus
2006 1624 2120 1679 istis

546 1724 742 1778 dictum
769 1732 851 1778 est
877 1731 934 1777 ut
957 1730 1134 1777 essent
1155 1721 1453 1785 luminaria,
1478 1734 1594 1789 qua:
1617 1728 1853 1787 tempora
1876 1717 2119 1772 homines

544 1816 841 1870 intervallis
883 1830 1149 1870 morarum
1180 1813 1231 1867 in
1260 1811 1498 1881 corporis
1529 1811 1760 1866 motione
1786 1809 2118 1865 metiuntur?

544 1905 667 1961 llaec
696 1907 838 1961 enim
869 1915 1103 1974 tempora
1121 1945 1134 1970 ,
1163 1904 1206 1957 si
1239 1903 1410 1956 nullus
1436 1909 1612 1956 motus
1631 1915 1911 1970 corporum
1938 1909 2112 1969 esset,

539 1998 682 2052 nulla
733 2006 950 2060 essent,
997 2004 1049 2051 et
1091 1995 1203 2065 ipsa
1246 2001 1368 2048 sunt
1406 1991 1706 2047 hominibus
1735 1991 2112 2047 manifestiora.

538 2092 689 2160 Quod
736 2077 781 2146 si
824 2091 1183 2156 admittimus,
1228 2087 1571 2158 quaerendum
1613 2094 1696 2141 est
1718 2095 1894 2141 utrum
1921 2093 2114 2156 praeter

539 2192 739 2237 motum
760 2197 1042 2252 corporum
1065 2181 1231 2250 possit
1249 2195 1369 2234 esse
1395 2188 1603 2249 tempus
1625 2179 1678 2233 in
1700 2187 1845 2233 motu
1869 2177 2114 2248 incorpo-

535 2289 643 2328 reas
687 2281 976 2340 creatum,
1016 2272 1176 2327 veluti
1218 2280 1300 2326 est
1323 2271 1498 2324 anima
1526 2270 1608 2325 vel
1636 2270 1748 2341 ipsa
1776 2285 1964 2336 mens;
1993 2286 2111 2340 quae

532 2366 713 2434 utique
750 2365 802 2418 in
845 2363 1248 2433 cogitationibus
1276 2371 1550 2423 movetur.
1581 2370 1635 2417 et
1658 2361 1773 2433 ipso
1799 2370 1943 2416 motu
1967 2361 2110 2416 aliud
2156 2388 2174 2440 Ï‡

533 2455 691 2512 habet
731 2455 913 2525 prius,
959 2453 1102 2508 aliud
1145 2453 1442 2523 posterius,
1491 2454 1631 2524 quod
1673 2453 1788 2510 sine
1829 2453 2108 2508 intervallo

531 2547 783 2619 temporis
829 2545 1050 2616 intelligi
1098 2561 1203 2600 non
1250 2554 1442 2616 potest.
1491 2544 1644 2612 Quod
1690 2545 1736 2600 si
1778 2544 2103 2614 accipimus,

525 2640 684 2694 etiam
726 2648 849 2694 ante
895 2640 1089 2694 coelum
1128 2647 1182 2693 et
1208 2647 1405 2694 terram
1445 2646 1620 2708 potest
1653 2638 1870 2709 intelligi
1898 2647 2106 2708 tempus

528 2730 712 2797 fuisse,
740 2731 784 2785 si
805 2739 927 2785 ante
951 2731 1142 2786 caelum
1168 2739 1221 2785 et
1246 2739 1437 2784 terram
1465 2728 1584 2783 facti
1604 2737 1730 2785 sunt
1749 2729 1955 2800 Angeii.
1979 2730 2106 2784 Erat

525 2821 667 2876 enim
709 2821 819 2891 jam
864 2829 1103 2876 creatura
1145 2837 1263 2892 quae
1289 2820 1521 2875 motibus
1545 2820 1871 2890 incorporeis
1898 2829 2103 2891 tempus

525 2921 705 2983 ageret
750 2930 762 2968 :
809 2923 864 2967 et
904 2921 1048 2968 recte
1093 2911 1398 2982 intelligitur
1439 2925 1562 2966 cum
1599 2912 1686 2966 ilia
1712 2913 1870 2966 etiam
1897 2921 2102 3017 tempus

522 3019 641 3059 esse
659 3046 675 3072 ,
703 3013 760 3058 ut
782 3003 835 3058 in
863 3004 1038 3058 anima
1062 3019 1180 3074 qua:
1206 3018 1299 3073 per
1315 3017 1600 3073 corporeos
1619 3017 1808 3060 sensus
1828 3005 2101 3076 corporeis

523 3095 750 3154 motibus
787 3095 1081 3150 assuefacta
1124 3103 1224 3150 est.
1254 3094 1359 3150 Sed
1390 3095 1613 3150 fortasse
1640 3111 1746 3152 non
1771 3105 1854 3152 est
1875 3097 1929 3152 in
1957 3099 2100 3168 prin-

520 3185 726 3256 cipibus
766 3193 822 3241 et
865 3187 1122 3241 creaturis
1159 3187 1692 3256 supereminentibus.
1734 3187 1840 3245 Sed
1885 3205 2098 3262 quoquo

518 3277 680 3334 modo
705 3277 806 3332 hoc
828 3292 886 3333 se
911 3276 1102 3333 habeat
1124 3277 1231 3346 (res
1256 3278 1397 3333 enim
1423 3278 1780 3336 secretissima
1798 3290 1903 3350 est,
1923 3292 1978 3338 et
1997 3282 2097 3339 bu-

519 3368 694 3424 manis
741 3368 1062 3439 coniecturis
1108 3369 1582 3442 impenetrabilis),
1627 3372 1756 3429 illud
1782 3385 1927 3433 certe
1950 3377 2094 3433 acci-

513 3459 762 3530 piendum
782 3469 864 3514 est
889 3461 942 3514 in
964 3459 1067 3515 fide
1083 3501 1099 3528 ,
1121 3461 1330 3516 etiamsi
1355 3462 1570 3518 modum
1594 3474 1791 3522 nostra:
1814 3469 2092 3539 cogitatio-

512 3552 596 3607 nis
618 3551 858 3620 excedit,
889 3566 1102 3607 omnem
1131 3562 1429 3611 creaturam
1455 3555 1654 3614 habere
1681 3560 1927 3630 initium;
1957 3571 2091 3620 tem-

512 3658 715 3713 pusque
743 3645 913 3715 ipsum
943 3657 1239 3701 creaturam
1266 3663 1386 3704 esse
1403 3689 1419 3714 ,
1449 3665 1513 3705 ac
1538 3666 1635 3721 per
1663 3652 1766 3710 hoc
1794 3655 1965 3725 ipsum
1992 3656 2089 3713 ha-

508 3735 637 3790 bere
663 3736 865 3790 initium
885 3777 900 3802 ,
932 3753 1032 3794 nec
1054 3750 1375 3796 comternum
1397 3758 1516 3799 esse
1535 3743 1793 3802 Creatori.

580 3826 632 3882 9.
673 3828 853 3884 Potest
887 3831 1046 3885 etiam
1076 3834 1266 3887 coelum
1296 3844 1350 3889 et
1375 3844 1513 3890 terra
1541 3853 1637 3906 pro
1665 3842 1906 3898 universa
1934 3859 2086 3900 crea-

509 3929 625 3975 tura
672 3921 900 3990 positum
949 3923 1153 3993 videri,
1198 3934 1256 3981 ut
1303 3934 1357 3981 et
1404 3927 1506 3984 hoc
1547 3930 1752 3987 visibile
1796 3935 2083 3992 aethereum

510 4015 897 4077 firmamemum
919 4057 934 4083 ,
964 4017 1159 4072 caelum
1188 4020 1506 4089 appellatum
1535 4023 1620 4087 sit,
1653 4034 1706 4079 et
1731 4027 1816 4081 illa
1842 4040 2083 4085 creatura

507 4104 786 4160 invisibilis
831 4109 1336 4176 supereminentium
1385 4112 1744 4182 Potestatum;
1795 4135 2084 4191 rursusque
2131 4149 2133 4151 Î¹

504 4205 677 4264 terra,
717 4201 889 4253 omnis
929 4200 1144 4257 inferior
1186 4218 1308 4272 pars
1350 4206 1560 4273 mundi,
1607 4225 1726 4263 cum
1765 4213 2082 4273 animalibus

503 4290 692 4359 quibus
721 4291 1059 4347 inhabitatur.
1099 4297 1177 4349 An
1208 4297 1400 4352 omium
1442 4303 1613 4355 omnis
1651 4313 1887 4360 creatura
1919 4309 2083 4364 subli-

499 4383 600 4436 mis
627 4391 783 4453 atque
809 4385 1085 4441 invisibilis
1112 4387 1250 4441 dicta
1278 4399 1394 4455 est,
1425 4398 1562 4443 terra
1593 4409 1720 4447 vero
1760 4409 1917 4452 omne
1948 4398 2077 4454 visi-

498 4473 635 4541 bile,
678 4483 735 4529 ut
775 4477 932 4531 etiam
977 4478 1052 4533 sic
1102 4480 1268 4548 possit
1313 4481 1414 4537 hoc
1439 4484 1578 4553 quod
1618 4484 1818 4543 dictum
1852 4500 1966 4557 est,
2014 4491 2077 4547 In

497 4566 744 4638 principio
785 4570 900 4639 fecit
929 4569 1067 4625 Deus
1095 4573 1270 4628 caelum
1301 4585 1347 4629 et
1378 4586 1562 4632 terram
1581 4621 1596 4646 ,
1644 4584 1887 4639 universa
1928 4602 2078 4643 crea-

497 4667 609 4712 tura
638 4661 893 4730 intelligi?
919 4663 1164 4720 Fortasse
1187 4668 1380 4739 quippe
1409 4687 1512 4726 non
1542 4673 1829 4747 incongrue
1852 4678 1903 4733 in
1929 4695 2076 4737 com-

495 4752 767 4818 paratione
818 4753 1096 4810 invisibilis
1141 4769 1432 4829 crcaturaz,
1483 4779 1642 4822 onme
1683 4768 1889 4826 visibile
1931 4783 2071 4829 terra

491 4843 713 4910 dicitur,
745 4854 803 4900 ut
831 4846 917 4901 illa
945 4849 1067 4902 coeli
1103 4852 1317 4907 nomine
1347 4868 1698 4926 nuncupetur.
1730 4862 1988 4929 Quoniam
2018 4875 2071 4922 et

489 4935 662 4990 anima
685 4951 805 5007 quze
826 4939 1102 4995 invisibilis
1122 4952 1218 5009 est,
1244 4961 1362 4998 cum
1384 4963 1558 5004 rerum
1582 4952 1865 5010 visibilium
1887 4973 2068 5015 amore
2087 4959 2091 4963 â€œ

489 5037 838 5104 tumesceret,
885 5040 941 5086 et
980 5049 1161 5089 earum
1202 5037 1483 5108 adeptione
1520 5045 1895 5117 extolleretur,
1928 5062 2066 5108 terra

485 5101 624 5174 dicta
653 5131 770 5186 est,
813 5123 948 5179 sicut
990 5127 1245 5208 scriptum
1281 5141 1362 5186 est
1394 5174 1405 5188 .
1442 5134 1578 5200 Quid
1600 5141 1820 5208 superbit
1859 5153 1990 5199 terra
2019 5158 2065 5201 et

483 5213 608 5266 cinis
635 5213 821 5285 (Eccli.
851 5231 915 5286 Î§,
946 5216 1039 5290 9)?

556 5305 640 5359 iO.
684 5305 786 5362 Sed
817 5312 981 5378 qiuari
1011 5324 1182 5383 potest
1218 5325 1394 5372 utrum
1428 5321 1536 5388 jam
1563 5319 1804 5379 distincta
1836 5336 1887 5381 et
1911 5343 2060 5384 com-

483 5397 652 5465 posita
700 5403 875 5456 omnia
925 5403 1116 5462 dixerit
1161 5409 1354 5463 coelum
1405 5421 1459 5466 et
1506 5422 1730 5482 terram,
1779 5433 1845 5472 an
1892 5420 2058 5490 ipsam

481 5489 654 5557 primo
691 5491 972 5551 informem
1003 5498 1361 5556 universitatis
1388 5507 1661 5561 materiem
1683 5548 1696 5572 ,
1739 5525 1855 5579 quae
1886 5512 1935 5566 in
1963 5513 2060 5571 has

480 5578 732 5637 formatas
755 5593 807 5639 et
833 5588 1104 5657 speciosas
1127 5602 1340 5646 naturas
1361 5593 1469 5648 Deo
1493 5578 2057 5672 inellâ€˜abiliterjubente

478 5670 676 5742 digesta
698 5685 799 5742 est,
822 5679 942 5732 caeli
969 5689 1022 5733 et
1043 5688 1199 5734 teri-te
1223 5684 1433 5739 nomine
1460 5693 1858 5761 nuncupaverit.
1879 5694 2057 5762 Quan-

479 5779 633 5833 quam
667 5765 808 5835 enim
835 5771 1088 5842 scriptum
1125 5773 1438 5846 legerimus,
1487 5780 1586 5846 Qui
1613 5783 1774 5852 fecisti
1810 5793 2053 5847 mundum

477 5857 538 5910 de
559 5857 765 5928 informi
791 5863 1000 5918 materia
1028 5866 1182 5938 (Sap.
1211 5884 1261 5924 xl
1283 5911 1298 5938 ,
1331 5871 1456 5943 18);
1487 5882 1658 5930 tamen
1693 5879 1850 5935 etiam
1880 5883 2048 5953 ipsam

477 5952 748 6014 materiam
767 5955 1290 6035 cuiusmodicumque
1317 5963 1407 6036 sit,
1436 5981 1542 6024 non
1567 5984 1848 6046 possumus
1872 5952 2048 6040 dicere

1492 490 1578 547 DE
1614 490 1862 546 GENESI
1899 493 1989 546 AD
2026 492 2396 573 LITTERAM,
2437 496 2493 551 S.
2539 498 2896 559 AUGUSTINI

3725 519 3834 579 228

2243 625 2347 664 non
2376 612 2443 665 ab
2471 627 2535 668 eo
2564 614 2776 685 factam,
2807 635 2873 674 ex
2901 637 3006 691 quo
3030 625 3207 682 omnia
3233 628 3549 688 conï¬temur
3576 640 3632 688 et
3653 636 3836 690 credi-

2241 718 2358 757 mus
2387 721 2400 757 :
2432 714 2488 760 ut
2512 709 2673 763 etiam
2703 711 2817 780 ipsa
2855 713 3081 785 digestio
3125 728 3180 774 et
3213 720 3476 779 ordinatio
3500 725 3833 797 singularum

2241 810 2571 868 quarumque
2599 815 2779 858 rerum
2809 803 3151 866 formatarum
3181 820 3235 868 et
3260 813 3626 874 distinetarum
3665 836 3831 877 mun-

2237 888 2338 943 dus
2385 900 2638 960 vocetur;
2691 896 2802 966 ipsa
2849 914 2976 956 vero
3021 905 3271 962 materies
3317 908 3509 966 omium
3558 921 3614 968 et
3658 922 3828 984 terra,

2235 982 2395 1037 veluti
2427 998 2610 1041 semen
2639 990 2760 1045 coeli
2790 1000 2844 1046 et
2874 1001 3028 1050 terrae
3053 998 3313 1068 appellata
3337 1002 3438 1070 sit;
3470 1003 3524 1060 et
3547 1006 3744 1063 omium
3770 982 3829 1065 et

2233 1077 2380 1128 terra
2403 1076 2554 1144 quasi
2574 1079 2850 1137 confusum
2875 1093 3035 1154 atque
3061 1089 3378 1156 permixtum
3403 1094 3471 1150 ab
3487 1097 3690 1154 artifice

2233 1164 2553 1234 accipiendis
2581 1167 2765 1226 formis
2791 1172 3064 1230 idoneum.
3111 1171 3379 1237 Hactenus
3421 1184 3490 1240 de
3529 1185 3632 1242 hoc
3666 1173 3823 1259 quas;-

2232 1253 2392 1310 situm
2418 1257 2490 1312 sit
2510 1260 2650 1329 quod
2672 1261 2868 1319 dictum
2891 1276 2972 1321 est
2989 1309 3006 1333 ,
3035 1267 3100 1322 Ir.
3127 1272 3375 1342 principia
3404 1277 3524 1346 fecit
3542 1253 3821 1336 Deus-cte-

2232 1345 2340 1400 lum
2367 1358 2413 1401 et
2456 1359 2642 1406 terram
2671 1368 2691 1407 :
2718 1354 2852 1410 nihil
2888 1358 3031 1414 enim
3071 1361 3262 1418 horum
3307 1345 3507 1426 temere
3546 1370 3820 1432 affirmare

2231 1441 2486 1506 oportuit.
2818 1460 2820 1462 Î½
3007 1497 3010 1500 .

2298 1527 2525 1588 CAPUT
2553 1533 2642 1590 IV.
2662 1565 2736 1578 -â€”
2756 1539 2842 1594 Î—.
2872 1539 3028 1596 Terra
3049 1553 3217 1600 autem
3235 1558 3342 1602 erat
3376 1551 3638 1609 invisibilis
3662 1563 3711 1610 et
3729 1557 3815 1612 in-

2224 1623 2500 1692 composita
2517 1664 2534 1692 ,
2565 1635 2614 1680 et
2636 1629 2850 1685 tenebrae
2875 1642 3016 1687 erant
3041 1651 3193 1706 super
3219 1639 3490 1710 abyssum;
3515 1655 3561 1698 et
3584 1645 3813 1715 Spiritus

2223 1710 2322 1766 Dei
2340 1713 2592 1784 ferebatur
2613 1735 2764 1790 super
2785 1739 2987 1792 aquam.
3019 1726 3102 1780 Ab
3126 1726 3388 1786 haereticis
3409 1730 3486 1805 (a)
3512 1735 3602 1805 qui
3630 1710 3811 1795 'Veteri

2223 1801 2567 1862 Testamento
2598 1807 2976 1880 adversantur,
3006 1817 3210 1872 moveri
3237 1801 3496 1878 calumnia
3526 1825 3650 1881 huic
3688 1828 3810 1884 loco

2166 1915 2170 1920 Î»
2220 1893 2374 1960 solet,
2398 1911 2516 1950 cum
2537 1897 2740 1965 dicunt,
2761 1903 3039 1969 Quomodo
3057 1906 3110 1961 in
3133 1910 3390 1982 principio
3411 1915 3533 1970 fecit
3548 1917 3686 1978 Deus
3702 1935 3806 1976 ca:-

2220 1982 2326 2037 lum
2347 1993 2403 2040 et
2421 1994 2614 2044 terram
2628 2031 2644 2055 ,
2677 1991 2722 2046 si
2737 1991 2848 2062 jam
2869 2003 3007 2051 terra
3029 1998 3182 2054 erat?
3201 2014 3304 2056 non
3326 2001 3681 2076 intelligentes
3703 2009 3807 2066 hoc

2163 2109 2170 2113 Ï…
2218 2089 2338 2130 esse
2357 2077 2720 2148 subiunctum,
2738 2091 2798 2138 ut
2815 2097 3171 2157 exponeretur
3190 2093 3362 2162 qualis
3383 2103 3521 2152 terra
3539 2097 3714 2165 fuerit,
3733 2101 3805 2158 de

2217 2180 2318 2235 qua
2347 2167 2455 2237 jam
2490 2170 2688 2226 dictum
2719 2184 2835 2243 est,
2872 2179 2988 2247 fecit
3025 2179 3160 2237 Deus
3185 2185 3365 2240 celum
3399 2197 3448 2242 et
3479 2199 3682 2246 terram.
3712 2193 3804 2250 Sic

2215 2272 2343 2328 ergo
2363 2261 2729 2331 accipiendum
2744 2274 2828 2322 est
2849 2286 2862 2323 :
2888 2267 2945 2325 ln
2969 2272 3226 2346 principio
3239 2275 3362 2333 fecit
3377 2279 3518 2336 Deus
3533 2284 3728 2339 coelum
3747 2295 3806 2342 et

2215 2355 2449 2417 terram;
2482 2352 2597 2409 haec
2625 2364 2804 2439 autem
2832 2366 2970 2414 terra
2997 2377 3156 2433 quam
3183 2366 3321 2422 Deus
3346 2369 3488 2439 fecit,
3521 2373 3801 2432 invisibilis

2213 2448 2329 2494 erat
2357 2449 2405 2496 et
2436 2436 2805 2516 incomposita,
2829 2450 3004 2508 donec
3027 2453 3096 2510 ab
3121 2456 3306 2513 eodem
3333 2460 3448 2530 ipso
3471 2436 3801 2524 discernere-

2213 2535 2328 2594 tur,
2361 2541 2414 2587 et
2443 2549 2508 2588 ex
2537 2535 2848 2596 confusione
2887 2542 2940 2597 in
2970 2559 3148 2601 rerum
3185 2559 3332 2607 certo
3367 2554 3557 2612 ordine
3594 2561 3798 2617 consti-

2213 2629 2469 2680 tueretur.
2502 2629 2583 2684 An
2613 2633 2691 2688 sic
2719 2634 2907 2689 melius
2930 2636 3255 2710 intelligitur,
3288 2653 3345 2699 ut
3372 2646 3424 2701 in
3449 2647 3550 2704 hac
3577 2666 3800 2710 exsecu-

2211 2712 2352 2769 tione
2380 2733 2564 2773 rursus
2597 2721 2781 2777 eadem
2822 2739 3000 2782 rerum
3033 2733 3280 2790 materies
3309 2741 3793 2813 commendaretur,

2207 2819 2325 2873 quae
2349 2809 2596 2878 superius
2619 2814 2740 2870 caeli
2767 2822 2820 2870 et
2847 2825 3002 2874 terra:
3028 2824 3242 2880 nomine
3273 2842 3572 2901 nuncupata
3599 2845 3700 2903 est.
3736 2846 3796 2893 ut

2207 2897 2307 2954 iste
2335 2901 2404 2954 sit
2435 2916 2623 2960 sensus
2653 2922 2667 2960 :
2694 2905 2748 2961 in
2773 2909 3034 2982 principio
3066 2913 3187 2970 fecit
3219 2917 3354 2975 Deus
3381 2897 3576 2987 uelum
3605 2935 3660 2983 et
3685 2899 3795 2984 ter-

2205 3002 2352 3055 ram;
2386 2991 2487 3046 hoc
2527 3002 2704 3051 autem
2744 2999 2886 3068 quod
2929 3003 3118 3058 cmium
3161 3016 3216 3062 et
3255 3016 3399 3084 terra
3441 3013 3640 3072 dictum
3686 3029 3789 3086 est,

2205 3084 2346 3132 terra
2370 3089 2484 3136 erat
2507 3082 2790 3143 invisibilis
2813 3097 2868 3145 et
2895 3090 3268 3166 incomposita,
3300 3082 3356 3155 et
3379 3105 3610 3161 tenebrae
3629 3082 3794 3178 super

2201 3169 2486 3242 abyssum;
2517 3174 2571 3230 id
2595 3185 2696 3243 est,
2723 3180 2864 3250 quod
2887 3183 3081 3240 omium
3107 3195 3163 3242 et
3183 3197 3321 3246 terra
3341 3195 3661 3264 appellatum
3681 3169 3790 3269 est,

2203 3262 2453 3319 materies
2479 3273 2596 3322 erat
2617 3269 2835 3326 confusa
2862 3275 3102 3344 quaedam
3124 3319 3140 3346 ,
3169 3280 3235 3336 de
3263 3262 3622 3354 quaâ€˜mundus
3641 3333 3657 3358 ,
3697 3262 3789 3363 qui

2199 3349 2404 3409 duabus
2449 3357 2697 3414 maximis
2747 3363 2763 3394 â¸
2793 3366 3063 3435 partibus,
3115 3372 3253 3427 coelo
3279 3349 3498 3444 scilicet
3545 3351 3602 3435 et.
3649 3349 3786 3446 terra

2197 3451 2434 3511 constat,
2461 3444 2681 3517 digestis
2717 3449 2994 3511 elementis
3034 3467 3087 3513 et
3123 3471 3338 3534 accepta
3362 3465 3530 3523 forma
3555 3444 3786 3528 fabrica-

2195 3535 2377 3589 retur?
2426 3537 2556 3606 Qum
2598 3541 2839 3600 confusio
2893 3551 3128 3606 materia:
3173 3554 3251 3610 sic
3304 3559 3474 3627 potuit
3526 3561 3786 3622 insinuari

2195 3625 2436 3694 populari
2467 3629 2846 3702 intelligentiaâ€˜,
2879 3638 2926 3693 si
2953 3639 3220 3700 diceretur
3249 3625 3387 3704 terra
3413 3651 3694 3713 invisibilis
3730 3669 3787 3714 et

2105 3793 2107 3795 Î¹
2133 3759 2139 3768 ,
2193 3711 2564 3787 incomposita,
2592 3722 2677 3775 vel
2702 3723 3022 3797 inordinata,
3055 3734 3138 3788 vel
3166 3735 3441 3810 imparata,
3469 3753 3523 3798 et
3548 3711 3783 3805 tenebra:

2192 3818 2352 3874 super
2377 3807 2657 3880 abyssum,
2694 3813 2743 3868 id
2775 3827 2856 3871 est
2890 3833 3057 3890 super
3100 3807 3503 3894 profunditatem
3545 3816 3785 3896 vastissi-

2191 3909 2330 3949 mam
2357 3915 2369 3950 :
2395 3913 2514 3968 quze
2535 3917 2722 3960 rursus
2745 3908 3071 3974 profunditas
3093 3931 3157 3970 ex
3180 3933 3244 3972 eo
3263 3919 3488 3981 fortasse
3507 3930 3780 3989 nominata

2189 3997 2303 4053 est,
2335 3990 2456 4058 quia
2488 3993 2684 4050 nullius
2712 3997 3057 4070 intelligentia
3095 4020 3313 4079 propter
3337 4013 3504 4084 ipsam
3534 4019 3779 4078 informi-

2189 4087 2348 4135 tatem
2379 4089 2641 4152 penetrari
2671 4099 2867 4158 potest.

2259 4173 2344 4227 12.
2385 4174 2454 4229 Et
2482 4180 2695 4236 tenebra:
2729 4195 2871 4240 erant
2898 4205 3048 4260 super
3077 4193 3330 4266 abyssum.
3364 4200 3550 4259 Utrum
3589 4208 3776 4266 subter

2189 4265 2413 4338 abyssus
2440 4281 2554 4326 erat
2578 4283 2634 4329 et
2659 4292 2816 4347 supra
2845 4284 3096 4350 tenebrae,
3131 4265 3280 4358 quasi
3305 4293 3412 4362 jam
3439 4296 3553 4356 loca
3581 4299 3775 4358 distin-

2183 4365 2266 4410 cta
2292 4363 2508 4416 essent?
2535 4366 2614 4418 An
2647 4371 2894 4437 quoniam
2922 4380 3158 4432 materia:
3187 4383 3358 4441 adhuc
3391 4390 3632 4448 confusio
3672 4409 3772 4450 ex-

2183 4451 2427 4520 ponitur,
2457 4458 2596 4525 quod
2625 4462 2782 4517 etiam
2810 4477 2927 4533 Ï‡Î±á½¸Ï‚
2954 4484 3127 4538 graece
3154 4474 3379 4545 dicitur,
3413 4482 3531 4539 ideo
3566 4486 3772 4545 dictum

2180 4548 2294 4606 est,
2328 4545 2543 4602 tenebrae
2569 4563 2708 4606 erant
2735 4572 2889 4626 super
2923 4562 3192 4635 abyssum,
3220 4571 3340 4640 quia
3367 4573 3453 4630 lux
3480 4592 3584 4632 non
3607 4593 3726 4636 erat
3748 4600 3764 4638 :

2178 4644 2298 4700 quae
2322 4635 2365 4687 si
2396 4647 2567 4706 esset,
2598 4642 2779 4714 utique
2804 4661 2961 4719 supra
2993 4665 3168 4724 esset,
3209 4661 3330 4730 quia
3357 4676 3500 4722 esset
3525 4671 3768 4728 eminen-

2177 4721 2310 4790 tior,
2343 4734 2398 4779 et
2426 4742 2486 4782 ea
2517 4745 2636 4799 qum
2665 4734 2764 4789 sibi
2804 4738 3037 4810 subjecta
3067 4721 3253 4814 erant,
3299 4751 3657 4814 iiiuminaret?
3697 4764 3766 4820 Et
3820 4756 3839 4771 â€™

2175 4828 2363 4871 revera
2405 4821 2493 4889 qui
2535 4822 2817 4896 diligenter
2855 4835 3158 4894 considerat
3201 4843 3326 4913 quid
3366 4848 3472 4904 siut
3503 4854 3758 4923 tenebrae,

2174 4904 2304 4959 nihil
2342 4909 2482 4964 aliud
2520 4912 2720 4972 invenit
2762 4937 2918 4990 quam
2963 4925 3094 4983 lucis
3131 4904 3444 4994 absentiam.
3487 4943 3562 4998 ita
3601 4904 3763 5016 igitur

2172 4995 2368 5052 dictum
2396 5010 2499 5069 est,
2529 5002 2766 5063 Tenebrae
2785 5023 2925 5068 erant
2944 5033 3096 5088 super
3114 5022 3367 5096 abyssum,
3397 5045 3461 5086 ac
3485 5035 3529 5089 si
3557 4995 3758 5095 digtum

2171 5098 2345 5157 esset,
2377 5091 2492 5146 Non
2535 5107 2649 5152 erat
2688 5100 2771 5154 lux
2801 5118 2963 5173 super
2986 5091 3256 5182 abyssum.
3285 5119 3618 5196 Quapropter
3641 5129 3759 5187 haec

2169 5183 2419 5238 materies
2447 5199 2566 5255 quae
2607 5198 2954 5265 consequenti
2995 5208 3304 5273 operatione
3329 5213 3454 5280 Dei,
3489 5183 3542 5271 in
3574 5233 3755 5278 rerum

2168 5269 2370 5328 formas
2395 5275 2634 5334 ordinata
2664 5269 3312 5367 distinguiturgappellata
3337 5269 3589 5364 est
3614 5309 3754 5379 invi-

2167 5360 2334 5416 sibilis
2377 5373 2431 5419 et
2473 5367 2860 5441 incomposita,
2904 5388 2958 5434 et
2999 5360 3331 5453 profunditas
3369 5360 3748 5469 carensâ€”Vince;

2166 5467 2282 5521 quae
2324 5457 2590 5526 appellata
2640 5473 2721 5519 est
2764 5471 3008 5538 superius
3052 5480 3267 5536 nomine
3309 5486 3429 5541 cmli
3470 5499 3524 5543 et
3568 5457 3750 5560 terra);

2163 5545 2324 5602 veluti
2350 5562 2566 5621 semen,
2599 5564 2656 5610 ut
2688 5557 2795 5628 jam
2835 5562 3032 5622 dictum
3073 5582 3186 5639 est,
3229 5579 3348 5632 caeli
3389 5589 3442 5634 et
3479 5593 3653 5642 terra}.
3689 5545 3749 5646 Si

2165 5646 2339 5695 tamen
2370 5658 2473 5699 non
2499 5648 2690 5704 omium
2725 5664 2777 5708 et
2815 5664 3009 5714 terram
3048 5663 3307 5736 dicendo,
3344 5674 3749 5742 [universitatem

2161 5730 2309 5797 prius
2336 5727 2631 5805 proponere
2660 5743 2850 5811 voluit,
2881 5757 2940 5803 ut
2962 5761 3176 5824 postea,
3207 5756 3469 5822 insinuata
3499 5770 3745 5844 materia,

2161 5823 2338 5844 ...Î¹Î·-Î”Îž
2372 5836 2482 5844 -Î‘Î³Î¹
2530 5843 2535 5844 Î½

2158 5823 2339 5878 mundi
2371 5836 2547 5895 partes
2571 5845 2968 5904 exsequeretur.

2217 5934 2598 6064 á½£Î¹á¿—Î·Ï‰á¿§.
2622 5951 2679 5997 At
2700 5947 2838 6016 edin,
2859 5963 3072 6012 mam
