4056 6476
234 392 331 449 125

298 508 385 563 15.
427 504 498 567 ει
547 502 772 574 Spiritus
818 498 913 555 Dei
964 495 1367 567 superferebatur
1416 504 1566 559 super
1611 504 1813 560 aquam.

231 602 501 670 Nusquam
531 596 758 661 dixerat,
792 593 931 647 Deus
960 603 1151 659 aquam
1180 585 1333 651 fecit;
1369 598 1467 637 nec
1507 590 1681 635 tamen
1713 578 1819 632 ullo

230 691 387 749 modo
414 684 744 744 credendum
788 692 869 737 est
909 694 1100 751 aquam
1139 678 1304 731 Deum
1350 689 1455 729 non
1502 671 1726 734 fecisse,
1767 679 1821 724 et

230 800 345 841 eam
384 784 497 853 jam
538 780 699 835 fuisse
740 785 1021 846 antequam
1064 773 1156 828 ille
1200 768 1395 839 aliquid
1438 765 1818 822 constituisset.

231 876 441 933 Etenim
474 874 562 929 ille
592 880 673 926 est
700 886 762 924 ex
785 884 881 939 quo
910 867 1107 928 omnia,
1140 878 1227 934 per
1253 876 1396 931 quem
1425 858 1615 923 omnia,
1644 856 1696 909 in
1725 870 1822 925 quo

231 968 401 1022 omnia
421 1007 447 1029 ,ν
470 965 609 1019 sicut
644 958 929 1030 Apostolus
969 955 1098 1009 dicit
1125 953 1302 1024 (Rom.
1329 965 1417 1017 xt,
1448 948 1559 1018 56).
1591 946 1733 1017 Ergo
1771 954 1825 1000 et

230 1073 420 1129 aquam
454 1057 596 1110 Deus
624 1053 768 1118 fecit,
796 1061 848 1106 et
872 1050 1026 1103 aliter
1053 1045 1273 1102 credere
1299 1057 1521 1113 magnus
1546 1055 1695 1095 error
1721 1047 1823 1094 est.

232 1152 334 1206 titur
366 1149 529 1218 igitur
558 1162 663 1201 non
692 1146 892 1199 dictum
930 1150 1015 1196 est
1050 1138 1191 1210 quod
1217 1151 1406 1208 aquam
1438 1135 1578 1190 Deus
1603 1131 1825 1187 fecerit?

220 1245 314 1297 .An
340 1255 535 1295 rursus
557 1238 799 1294 eamdem
824 1234 1120 1300 materiam,
1148 1246 1305 1303 quam
1327 1229 1409 1285 vel
1432 1226 1551 1283 (ξωίί
1573 1236 1627 1282 et
1648 1224 1823 1297 terrae,

222 1334 315 1387 wet
350 1342 511 1385 terrm
539 1327 826 1383 invisibilis
855 1333 909 1381 et
936 1322 1299 1393 incomposita:
1327 1328 1484 1389 atque
1512 1317 1688 1389 abyssi
1728 1331 1827 1371 no-

224 1424 380 1479 :mine
414 1427 853 1491 nuncupaverat,
884 1416 1043 1472 etiam
1082 1428 1270 1484 aquam
1313 1410 1481 1465 voluit
1520 1406 1829 1480 appellare?

237 1514 342 1570 Cur
381 1512 529 1567 enim
573 1526 677 1567 non
716 1520 772 1565 et
810 1525 946 1580 aqua
985 1506 1371 1578 appellaretur,
1400 1501 1445 1557 si
1473 1509 1612 1557 terra
1638 1500 1826 1571 potuit,

236 1620 355 1659 cum
383 1603 563 1658 adhuc
593 1616 764 1673 neque
789 1616 923 1672 aqua
952 1598 1200 1654 distincta
1226 1604 1384 1665 atque
1408 1592 1632 1649 formata
1657 1606 1831 1662 neque

239 1705 376 1751 terra
403 1704 587 1761 esset,
621 1708 796 1764 neque
823 1689 1018 1761 aliquid
1048 1688 1227 1743 aliud?
1271 1685 1377 1742 Sed
1405 1685 1576 1756 primo
1605 1683 1831 1739 fortasse

236 1788 432 1842 caelum
475 1796 531 1840 et
568 1795 705 1840 terra
735 1782 997 1853 appellata
1024 1790 1140 1844 est,
1172 1777 1407 1833 secundo
1448 1784 1588 1831 terra
1627 1775 1833 1830 incom-

237 1881 408 1950 posita
438 1887 499 1933 et
525 1877 750 1948 abyssus
778 1888 969 1929 carens
994 1873 1142 1939 luce,
1177 1871 1333 1925 tertio
1357 1885 1492 1939 aqua
1522 1882 1626 1923 non
1650 1867 1833 1922 incon-

238 1985 368 2040 grue
401 1987 417 2024 :
458 1978 518 2022 ut
557 1967 727 2037 primo
770 1966 938 2037 ipsius
984 1962 1371 2027 universitatis,
1421 1968 1637 2031 propter
1671 1975 1830 2031 quam

239 2062 375 2117 facta
406 2070 494 2116 est
532 2061 600 2115 de
632 2046 851 2113 omnino
881 2058 1045 2112 nihilo
1066 2098 1080 2122 ,
1120 2055 1370 2109 materies
1390 2095 1406 2121 ,
1447 2053 1567 2108 οωΙί
1596 2060 1651 2107 et
1678 2059 1833 2107 terra:

240 2156 461 2209 nomine
488 2160 798 2217 vocaretur;
839 2148 1074 2206 secundo
1105 2160 1259 2203 terra:
1287 2147 1649 2217 incomposita:
1677 2155 1835 2215 atque

239 2246 419 2317 abyssi
471 2244 688 2298 nomine
736 2242 1093 2297 insinuarctur
1138 2238 1468 2306 informitas,
1517 2238 1640 2309 quia
1698 2237 1836 2292 inter

242 2336 420 2391 omnia
462 2336 729 2389 elementa
768 2343 909 2388 terra
948 2341 1030 2387 est
1064 2330 1374 2397 informior,
1402 2338 1457 2384 et
1480 2329 1656 2384 minus
1689 2328 1834 2383 relu-

243 2444 370 2484 cens
396 2444 560 2496 quam
587 2437 812 2491 caetera;
841 2426 997 2481 tertio
1028 2441 1179 2496 aquae
1215 2424 1428 2479 nomine
1452 2424 1838 2494 signiﬁcaretur

243 2526 469 2574 materia
496 2519 733 2589 subjecta
763 2518 910 2587 Operi
940 2517 1157 2571 artiﬁcis
1177 2559 1190 2582 ,
1234 2532 1369 2587 aqua
1410 2516 1553 2571 enim
1592 2515 1838 2571 mobilior

244 2623 328 2668 est
362 2628 522 2684 quam
552 2621 728 2676 terra;
773 2620 824 2666 et
852 2611 970 2665 ideo
999 2620 1215 2681 propter
1240 2609 1494 2680 operandi
1531 2608 1837 2665 facilitatem

244 2712 299 2758 et
328 2714 535 2757 motum
564 2702 874 2769 faciliorem,
906 2701 1143 2771 subjecta
1171 2701 1418 2755 materies
1444 2699 1663 2767 artiﬁci,
1700 2714 1838 2771 aqua

245 2796 418 2864 magis
448 2795 683 2849 vocanda
712 2804 830 2850 erat
856 2810 1013 2865 quam
1045 2803 1204 2849 terra.

320 2887 409 2942 Η.
452 2885 523 2940 Et
546 2901 638 2941 aer
662 2885 876 2957 quidem
905 2885 1151 2940 mobilior
1177 2893 1261 2940 est
1288 2902 1443 2956 quam
1474 2900 1644 2956 aqua;
1673 2884 1841 2941 mther

248 2987 433 3033 autem
463 2978 714 3033 mobilior
742 2978 860 3048 ipso
883 2993 1011 3033 aere
1048 2992 1154 3033 non
1188 2978 1418 3033 absurde
1445 2978 1711 3045 creditur,
1752 2986 1843 3032 aut

248 3069 481 3123 sentitur
506 3086 521 3123 :
550 3070 646 3124 sed
681 3070 825 3124 aeris
858 3069 945 3124 vel
973 3069 1191 3125 aztheris
1214 3070 1425 3124 nomine
1450 3070 1626 3123 minus
1649 3085 1843 3125 conve.

249 3160 467 3216 nienter
499 3160 861 3231 appellaretur
888 3160 1156 3217 materies.
1196 3161 1358 3233 Magis
1402 3162 1555 3217 enim'
1582 3162 1697 3217 haec
1733 3162 1843 3218 ele-

251 3262 434 3308 menta
460 3254 570 3308 vim
605 3254 895 3309 creduntur
922 3253 1117 3308 habere
1144 3253 1402 3318 faciendi,
1450 3263 1589 3309 terra
1624 3268 1752 3309 vero
1790 3263 1845 3310 et

253 3358 390 3414 aqua
419 3344 674 3414 patiendi.
704 3345 856 3412 Quod
882 3345 929 3399 si
953 3344 1217 3400 occultum
1242 3353 1342 3413 est,
1373 3346 1501 3401 illud
1528 3356 1671 3402 certe
1691 3362 1845 3417 aper-

254 3436 520 3490 tissimum
557 3445 717 3506 puto,
746 3436 889 3507 quod
933 3451 1122 3507 aquam
1157 3445 1345 3492 ventus
1371 3448 1582 3505 movet,
1615 3448 1670 3494 et
1710 3453 1843 3494 non-

254 3528 403 3581 nulla
430 3538 674 3594 terrena;
714 3538 901 3584 ventus
931 3538 1110 3585 autem
1153 3539 1237 3586 est
1264 3546 1357 3586 aer
1384 3540 1560 3586 motus
1602 3542 1654 3588 et
1695 3534 1845 3603 quasi

253 3620 541 3678 ﬂuctuans.
574 3622 713 3692 Ergo
755 3637 876 3678 cum
922 3638 1013 3678 aer
1055 3638 1245 3695 aquam
1289 3634 1503 3679 moveat
1541 3626 1843 3693 manifeste,

252 3710 401 3765 unde
430 3722 605 3767 autem
650 3714 763 3783 ipsc
801 3724 1076 3769 moveatur
1118 3724 1176 3770 ut
1213 3716 1283 3771 sit
1324 3726 1547 3785 ventus,
1579 3718 1844 3774 occultum

251 3804 362 3867 sit;
392 3805 509 3874 quis
534 3804 738 3860 dubitet
760 3808 1139 3877 congruentius
1161 3822 1311 3879 aqua:
1331 3808 1547 3865 nomine
1569 3811 1845 3865 materiam

252 3896 439 3949 vocari
467 3897 585 3965 quia
614 3907 887 3965 movetur,
915 3914 1073 3969 quam
1103 3899 1242 3955 aeris
1274 3900 1363 3971 qui
1392 3901 1611 3956 movet?
1648 3900 1844 3957 Moveri

254 3997 439 4041 autem
470 3988 575 4056 pati
601 3998 710 4058 est,
741 4004 955 4045 movere
987 3990 1181 4045 facere.
1214 3991 1327 4046 Iluc
1363 3990 1567 4047 accedit
1603 3993 1745 4063 quod
1784 4009 1846 4049 ea

254 4094 378 4146 qua:
407 4086 547 4132 terra
571 4080 770 4150 gignit,
802 4097 937 4153 aqua
962 4082 1278 4153 irrigantur,
1319 4092 1378 4138 ut
1415 4084 1562 4140 nasci
1586 4094 1640 4140 et
1664 4085 1847 4156 perfici

254 4169 495 4238 possint,
536 4171 605 4225 ita
642 4180 699 4225 ut
735 4187 901 4243 prope
931 4173 1171 4228 videatur
1205 4174 1261 4229 in
1293 4174 1408 4231 haec
1438 4174 1552 4247 ipsa
1575 4178 1845 4233 nascentia

254 4259 450 4314 eadem
492 4276 626 4332 aqua
672 4264 931 4318 converti.
972 4264 1231 4334 Quocirca
1270 4269 1649 4337 congruentius
1694 4284 1846 4339 aqua:

255 4354 478 4425 nomine
499 4355 855 4425 appellaretur
880 4358 1146 4424 materies,
1175 4375 1296 4414 cum
1320 4359 1526 4416 subdita
1549 4362 1697 4431 operi
1720 4362 1848 4416 arti—

256 4444 381 4498 ﬁcis
416 4446 775 4502 insinuaretur
815 4459 1032 4520 propter
1067 4451 1417 4507 mobilitatem
1452 4461 1508 4508 et
1538 4455 1845 4517 conversio-

257 4552 393 4593 nem
440 4540 495 4594 in
539 4556 762 4612 quaeque
812 4542 1084 4599 nascentia
1127 4559 1386 4616 corpora,
1434 4561 1593 4618 quam
1632 4548 1847 4604 nomine

257 4630 406 4687 aeris
430 4632 484 4687 in
505 4648 609 4704 quo
630 4636 743 4690 sola
765 4637 1029 4693 mobilitas
1056 4647 1239 4709 posset
1259 4639 1627 4709 animadverti,
1655 4650 1847 4698 caetera

257 4738 393 4779 vero
416 4725 605 4795 quibus
631 4728 850 4783 materia
880 4731 1184 4799 expressius
1211 4730 1619 4801 signiﬁcaretur,
1650 4732 1848 4788 defuis-

258 4823 415 4880 sent;
445 4825 504 4869 ut
530 4825 668 4873 totus
693 4818 791 4874 iste
823 4821 894 4875 sit
923 4834 1113 4877 sensus
1148 4838 1162 4876 :
1197 4820 1266 4877 In
1290 4823 1539 4894 principio
1567 4824 1684 4895 fecit
1709 4822 1848 4879 Deus

258 4908 445 4961 mlum
476 4917 522 4962 et
550 4918 761 4979 terram,
803 4914 855 4969 id
893 4922 976 4970 est
1013 4911 1291 4971 matei-iam
1325 4933 1443 4989 qua:
1468 4919 1590 4975 caeli
1615 4929 1669 4975 et
1692 4928 1848 4976 terrae

259 4997 492 5054 formam
520 5016 711 5071 capere
736 5014 949 5074 posset;
980 5023 1100 5078 qua:
1120 5008 1340 5064 materia
1361 5018 1493 5064 terra
1517 5011 1777 5067 invisibilis
1804 5022 1848 5067 et

258 5089 593 5160 incomposita
627 5105 762 5161 erat,
802 5095 854 5150 id
893 5106 977 5152 est
1012 5098 1252 5156 informis
1287 5109 1342 5156 et
1370 5102 1485 5157 luce
1513 5118 1701 5159 carens
1726 5119 1849 5175 pro-

258 5179 495 5238 funditas
530 5202 690 5257 :qua:
732 5195 912 5245 tamen
954 5193 1202 5261 quoniam
1239 5196 1468 5250 moventi
1515 5205 1569 5252 et
1607 5202 1847 5268 aperanti

259 5272 454 5328 artiﬁci
496 5276 702 5332 subdita
746 5290 922 5349 esset,
966 5293 1185 5355 propter
1212 5285 1314 5341 hoc
1341 5286 1512 5357 ipsum
1542 5290 1682 5360 quod
1708 5292 1849 5348 cedit

258 5366 504 5433 aperanti
523 5411 539 5435 ,
569 5384 705 5440 aqua
734 5372 891 5428 etiam
920 5377 1187 5432 nominata
1214 5391 1315 5435 est.

338 5459 426 5514 t5.
469 5461 525 5516 In
555 5462 655 5520 hac
684 5467 843 5537 igitur
870 5471 1104 5527 materia:
1129 5472 1513 5545 signiﬁcatione
1543 5477 1687 5548 prius
1716 5479 1848 5535 insi-

238 5554 458 5608 nuatus
486 5563 568 5610 est
603 5558 723 5611 finis
758 5560 903 5629 ejus,
934 5561 987 5616 id
1030 5573 1110 5618 est
1150 5578 1363 5636 propter
1401 5570 1524 5639 quid
1570 5570 1703 5625 facta
1744 5573 1844 5640 sit;

259 5644 502 5700 secundo
543 5646 653 5717 ipsa
699 5651 1024 5723 informitas,
1066 5658 1222 5712 tertio
1260 5660 1488 5715 servitus
1521 5662 1620 5715 sub
1648 5664 1848 5720 artiﬁce

258 5746 427 5808 atque
451 5740 731 5811 subjectio.
761 5746 939 5819 Itaque
964 5751 1135 5822 primo
1158 5754 1352 5809 caelum
1377 5764 1430 5809 et
1452 5764 1608 5822 terra,
1632 5753 1872 5829 propter,

259 5830 369 5889 hoc
394 5834 538 5893 enim
572 5835 707 5893 facta
738 5842 1016 5911 materies;
1048 5847 1280 5903 secundo
1310 5856 1449 5904 terra
1481 5848 1758 5906 invisibilis
1792 5862 1848 5910 ct

1503 374 1711 433 LIBER
1749 373 2245 435 IMPERFECTUS.

3403 385 3509 442 226

1929 487 2272 560 incomposita
2294 532 2310 559 ,
2350 499 2404 547 et
2439 494 2669 550 tenebraa
2702 509 2861 566 super
2886 510 3162 568 abyssum,
3206 495 3259 552 id
3284 489 3508 568 est‘ipsa

1928 580 2227 639 informitas
2262 585 2377 641 sine
2408 586 2638 656 lumine,
2669 588 2811 644 unde
2850 589 3009 645 etiam
3051 600 3190 645 terra
3232 589 3512 645 invisibilis

1927 672 2063 729 dicta
2093 685 2211 741 est;
2261 677 2415 732 tertio
2457 694 2588 749 aqua
2630 680 2864 750 subjecta
2912 680 3117 751 spiritui
3161 680 3228 735 ad
3272 680 3509 735 habitum

1927 762 2233 837 formasque
2277 769 2559 839 capiendas
2598 788 2611 824 :
2650 766 2770 826 ideo
2813 786 2974 842 super
3013 786 3202 842 aquam
3249 771 3515 828 ferebatur

1927 857 2155 929 Spiritus
2200 861 2323 928 Dei,
2368 870 2427 916 ut
2468 863 2719 933 Spiritum
2767 875 3109 935 Operantem,
3152 879 3343 936 aquam
3386 881 3514 922 vero

1929 950 2070 1005 unde
2095 963 2405 1021 operaretur
2430 954 2812 1027 intelligamus,
2840 957 2890 1011 id
2920 967 3002 1012 est
3037 958 3311 1013 materiam
3348 956 3513 1013 fabri-

1930 1042 2175 1098 cabilem.
2201 1042 2331 1099 Cum
2354 1046 2495 1100 enim
2521 1046 2617 1101 ista
2642 1047 2739 1101 tria
2759 1048 2982 1104 dicimus
3002 1049 3156 1103 unius
3178 1049 3255 1104 rei
3277 1049 3509 1117 nomina,

1931 1136 2152 1191 materia
2174 1137 2376 1204 tnundi,
2401 1139 2622 1193 materia
2646 1139 2907 1209 informis,
2930 1142 3149 1196 materia
3173 1141 3509 1208 fabricabilis,

1932 1229 2119 1284 borum
2148 1230 2321 1300 primo
2348 1231 2549 1286 nomini
2574 1233 2710 1289 bene
2735 1234 3038 1306 adjuugitur
3057 1237 3248 1292 cmlum
3270 1246 3321 1292 et
3344 1247 3512 1303 terra;

1931 1322 2164 1379 secundo
2192 1322 2488 1379 obscuritas
2507 1365 2521 1389 ,
2552 1324 2790 1381 confusio
2810 1369 2823 1392 ,
2859 1327 3212 1396 profunditas,
3246 1328 3513 1394 tenebrat;

1934 1414 2090 1469 tertio
2114 1413 2337 1472 cedendi
2366 1415 2588 1472 facilitas
2608 1459 2621 1483 ,
2657 1418 2739 1472 cui
2762 1418 2871 1485 jam
2909 1418 2973 1473 ad
3001 1418 3323 1488 onerandum
3349 1419 3516 1490 Spiri-

1934 1512 2018 1560 tus
2044 1505 2374 1576 superfertur
2401 1507 2642 1564 artiﬁcis.

2006 1599 2093 1654 16.
2134 1598 2203 1653 Et
2246 1600 2473 1671 Spiritus
2520 1600 2620 1656 Dei
2665 1604 3068 1674 superferebatur
3113 1621 3262 1677 super
3310 1620 3513 1677 aquam.

1932 1690 2049 1746 Non
2081 1692 2152 1746 ita
2183 1693 2614 1763 superferebatur
2650 1694 2787 1749 sicut
2828 1694 3006 1750 oleum
3042 1710 3222 1767 aqum,
3260 1696 3344 1751 vel
3383 1711 3518 1767 aqua

1936 1788 2091 1837 terra:
2110 1824 2125 1849 ,
2156 1780 2207 1836 id
2232 1790 2346 1850 est,
2376 1783 2527 1852 quasi
2552 1784 2943 1849 contineretur;
2984 1783 3108 1850 sed,
3148 1784 3192 1839 si
3226 1784 3293 1839 ad
3326 1784 3427 1840 hoc
3452 1785 3519 1840 de

1936 1873 2234 1929 visibilibus
2259 1875 2503 1945 exempla
2532 1874 2788 1945 capienda
2825 1883 2978 1940 sunt,
3025 1874 3159 1930 sicut
3195 1874 3521 1945 superfertur

1938 1963 2025 2019 lux
2052 1964 2150 2020 ista
2178 1965 2306 2019 solis
2336 1972 2427 2019 aut
2459 1964 2599 2019 luna:
2629 1965 2711 2019 his
2738 1964 3077 2034 corporibus,
3118 1980 3235 2035 quae
3261 1965 3524 2020 illuminat

1938 2055 2199 2111 interra:
2232 2071 2339 2111 non
2377 2055 2519 2110 enim
2564 2056 2864 2111 continetur
2904 2056 3039 2123 illis;
3085 2056 3177 2112 sed
3225 2071 3342 2112 cum
3386 2058 3521 2112 coelo

1937 2147 2291 2213 contineatur,
2323 2148 2437 2203 istis
2466 2148 2817 2219 superfertur.
2857 2148 2988 2203 Item
3019 2149 3313 2205 cavendum
3346 2160 3427 2206 est
3457 2165 3523 2206 ne

1940 2239 2091 2310 quasi
2119 2240 2353 2294 locorum
2377 2240 2561 2309 spatiis
2583 2240 2677 2295 Dei
2696 2240 2950 2310 Spiritum
2976 2240 3261 2311 superferri
3291 2242 3524 2297 materiae

1939 2342 2187 2401 putemus
2208 2374 2223 2401 ,
2252 2332 2344 2387 sed
2372 2332 2423 2387 vi
2450 2333 2677 2402 quadam
2705 2332 2974 2389 effectoria
3002 2342 3056 2389 et
3082 2332 3434 2400 fabricatoria,
3470 2345 3526 2390 ut

1939 2422 2065 2477 illud
2105 2423 2191 2478 cui
2234 2423 2567 2494 superfertur
2606 2423 2899 2491 efﬁciatur,
2942 2434 2996 2480 et
3034 2425 3346 2492 fabricetur;
3391 2426 3527 2481 sicut

1940 2512 2267 2583 superfertur
2286 2514 2528 2569 voluntas
2552 2515 2769 2571 artiﬁcis
2791 2515 2951 2585 ligno,
2979 2516 3065 2572 vel
3087 2518 3276 2588 cuique
3301 2518 3378 2573 rei
3402 2517 3527 2572 sub.

1934 2605 2091 2675 jecta:
2120 2604 2187 2659 ad
2213 2606 2563 2676 operandum,
2594 2606 2679 2661 vel
2698 2607 2864 2662 .etiam
2895 2606 3022 2677 ipsis
3051 2608 3306 2663 membris
3334 2623 3527 2678 corpo-

1941 2698 2015 2753 ris
2038 2699 2154 2765 sui,
2182 2714 2301 2768 quae
2327 2698 2392 2753 ad
2420 2697 2747 2767 operandum
2776 2708 2973 2755 movet.
3002 2700 3068 2754 Et
3100 2699 3216 2756 Inec
3239 2700 3527 2756 similitudo

1942 2805 2063 2846 cum
2108 2791 2217 2862 jam
2263 2792 2334 2846 sit
2374 2791 2519 2847 omni
2564 2807 2789 2863 corpore
2834 2792 3209 2862 excellentior,
3246 2808 3409 2864 parva
3447 2804 3528 2850 est

1946 2893 2145 2951 tamen,
2178 2891 2233 2939 et
2254 2900 2417 2955 prope
2445 2884 2576 2938 nihil
2602 2882 2668 2939 ad
2696 2873 3087 2955 intelligendam
3115 2884 3527 2957 superlationem

1943 2977 2172 3047 Spiritus
2198 2977 2327 3044 Dei,
2356 2977 2591 3047 subjecta
2622 2976 2721 3031 sibi
2746 2976 2811 3050 ad
2839 2976 3166 3046 operandam
3202 2975 3385 3031 mundi
3414 2990 3528 3030 ma-

1946 3068 2078 3121 teria
2104 3086 2115 3121 :
2146 3067 2240 3123 sed
2270 3084 2373 3122 non
2402 3068 2701 3123 invenimus
2725 3068 3105 3123 evidentiorem
3131 3067 3527 3123 similitudinem

1944 3169 2001 3217 et
2034 3162 2463 3231 pr0pinquiorem
2500 3160 2577 3217 rei
2615 3160 2683 3217 de
2722 3178 2825 3232 qua
2859 3161 3151 3230 loquimur,
3192 3161 3247 3216 in
3284 3160 3347 3215 iis
3371 3160 3530 3221 rebus

1944 3270 2063 3325 quae
2106 3254 2173 3309 ab
2216 3253 2520 3308 hominibus
2565 3254 3059 3326 quomodocumque
3113 3254 3229 3324 capi
3288 3260 3526 3325 possunt.

1945 3344 2281 3415 Quapropter
2301 3346 2353 3399 in
2374 3345 2675 3415 hujusmodi
2696 3346 3016 3416 cogitatione
3035 3346 3234 3415 optime
3255 3344 3379 3399 illud
3406 3361 3531 3415 prac-

1945 3446 2158 3507 ceptum
2194 3436 2493 3503 tenebitur,
2538 3434 2680 3507 quod
2714 3438 2968 3506 scriptum
3010 3445 3091 3491 est
3131 3454 3143 3489 :
3178 3435 3531 3491 Benedicentes

1946 3529 2143 3596 Deum,
2186 3530 2404 3584 exaltate
2443 3529 2587 3583 illum
2626 3539 3082 3602 quantumcumque
3118 3529 3406 3600 potueritis,
3440 3546 3529 3583 su-

1947 3623 2139 3693 perdbit
2167 3633 2213 3677 et
2242 3622 2410 3677 adhuc
2441 3620 2623 3695 (Eccti.
2646 3638 2794 3687 xun,
2819 3621 2933 3694 55).
2975 3621 3087 3676 Hoc
3123 3628 3298 3677 autem
3332 3621 3531 3677 dictum

1946 3716 2036 3783 sit,
2068 3716 2113 3770 si
2139 3715 2241 3770 hoc
2265 3716 2383 3770 loco
2407 3714 2636 3786 Spiritus
2661 3713 2757 3769 Dei
2784 3713 3012 3785 Spiritus
3036 3722 3266 3781 sanctus,
3297 3729 3452 3786 quem
3479 3714 3530 3768 in

1948 3806 2062 3877 ipsa
2090 3807 2340 3863 ineffabili
2369 3814 2425 3863 et
2448 3804 2865 3862 incommutabili
2903 3804 3160 3861 Trinitate
3193 3820 3530 3874 veneramur,

1948 3899 2220 3968 accipitur.

2021 3992 2108 4045 l7.
2149 3990 2332 4045 Potest
2373 3998 2551 4045 autem
2595 4000 2645 4045 et
2689 3989 2844 4044 aliter
2894 3989 3135 4058 intelligi,
3182 3998 3238 4043 ut
3288 3988 3531 4059 spiritum

1950 4082 2066 4149 Dei,
2116 4082 2329 4138 vitalem
2369 4091 2686 4150 creaturam,
2732 4098 2836 4152 qua
2868 4085 3145 4138 universus
3174 4082 3273 4136 iste
3311 4082 3532 4137 visibilis

1950 4175 2180 4231 mundus
2222 4184 2383 4246 atque
2409 4159 2585 4229 omnia
2624 4190 2876 4245 corporea
2905 4176 2920 4207 ¹
2952 4176 3373 4257 εοιηίηεηιυιχρι
3416 4190 3533 4229 mo-

1949 4279 2158 4337 ventur,
2182 4269 2569 4339 intelligamus;
2598 4269 2681 4322 cui
2707 4269 2845 4323 Deus
2870 4270 3204 4340 omnipotens
3226 4269 3406 4324 tribuit
3426 4268 3532 4321 vim

1951 4360 2233 4431 quamdam
2274 4359 2374 4414 sibi
2422 4358 2687 4423 serv'uandi
2735 4359 2800 4413 ad
2847 4360 3172 4429 operandum
3206 4360 3257 4413 in
3303 4359 3366 4412 iis
3416 4374 3533 4429 quzc

1948 4448 2256 4525 gignuntur.
2287 4452 2387 4521 Qui
2414 4454 2631 4523 spiritus
2654 4468 2775 4508 cum
2796 4454 2866 4507 sit
2893 4453 3034 4508 omni
3055 4467 3279 4522 corpore
3298 4452 3531 4506 retinereo

1950 4544 2158 4611 melior,
2197 4546 2321 4614 quia
2349 4558 2561 4598 omnem
2592 4543 2851 4598 visibilem
2882 4552 3176 4597 creaturam
3203 4542 3377 4597 omnis
3403 4542 3535 4596 invi-

1949 4638 2117 4693 sibilis
2161 4645 2405 4693 creatura
2433 4636 2720 4701 antecedit,
2768 4652 2874 4691 non
2903 4636 3133 4692 absurde
3175 4637 3392 4707 spiritus
3439 4636 3534 4691 Dei

1951 4732 2161 4787 dicitur.
2210 4730 2346 4800 Quid
2374 4730 2517 4785 enim
2561 4746 2669 4786 non
2695 4741 2778 4787 est
2808 4732 2899 4786 Dei
2929 4747 2994 4787 ex
3026 4731 3089 4785 iis
3114 4748 3231 4803 qua!
3260 4732 3494 4787 condidit
3518 4774 3535 4801 ,

1949 4840 2071 4881 cum
2099 4824 2258 4879 etiam
2282 4822 2347 4878 de
2381 4822 2491 4893 ipsa
2530 4832 2668 4877 terra
2699 4823 2897 4877 dictum
2936 4823 3026 4890 sit,
3058 4822 3262 4877 Domini
3289 4832 3361 4877 est
3406 4833 3537 4877 terra

1952 4926 1996 4973 et
2027 4916 2284 4987 plenitudo
2314 4917 2422 4989 ejus
2445 4915 2464 4989 (
2482 4914 2626 4971 Psal.
2656 4932 2807 4982 xxnt,
2841 4916 2866 4971 1
2894 4914 2911 4986 )
2936 4933 2949 4982 ;
2974 4925 3026 4970 ct
3056 4915 3182 4971 illud
3204 4919 3223 4947 ²
3252 4915 3536 4971 universali

1952 5011 2323 5080 complexione
2370 5009 2509 5082 quod
2554 5010 2812 5079 scriptum
2858 5018 2959 5078 est,
2998 5010 3246 5077 Quoniam
3292 5019 3377 5064 tua
3422 5019 3536 5063 sunt

1952 5103 2141 5169 omnia,
2185 5102 2417 5168 Domine,
2447 5103 2532 5172 qui
2569 5102 2765 5156 animas
2792 5120 2932 5157 amas
2962 5103 3117 5174 (Sap.
3160 5120 3233 5168 χι,
3265 5101 3401 5175 27)?
3430 5101 3537 5157 Sed

1955 5208 2081 5252 tunc
2105 5206 2277 5267 potest
2316 5198 2415 5251 iste
2444 5197 2675 5268 Spiritus
2706 5198 2784 5252 sic
2810 5198 3049 5267 intelligi,
3093 5198 3138 5252 si
3168 5197 3306 5267 quod
3335 5196 3532 5252 dictum

1952 5299 2054 5353 est,
2087 5288 2156 5343 In
2179 5290 2426 5360 principio
2448 5290 2561 5363 fecit
2581 5288 2721 5345 Deus
2741 5290 2919 5345 caelum
2940 5301 2984 5343 et
3007 5299 3210 5358 terram,
3242 5298 3446 5345 tantum
3466 5290 3536 5347 de

1952 5382 2145 5438 visibili
2186 5390 2429 5437 creatura
2458 5382 2657 5437 dictum
2705 5383 3036 5449 sentiamus;
3084 5391 3141 5437 ut
3179 5397 3340 5453 super
3366 5392 3538 5440 mate—

1951 5476 2085 5531 riam
2110 5489 2290 5530 rerum
2332 5474 2617 5529 visibilium
2649 5474 2701 5530 in
2725 5474 2943 5531 exordio
2968 5474 3327 5530 fabricationis
3355 5489 3538 5534 earum

1952 5570 2343 5641 superferretur
2364 5569 2642 5625 invisibilis
2670 5570 2904 5640 spiritus,
2929 5569 3016 5638 qui
3042 5578 3217 5623 tamen
3240 5570 3398 5624 etiam
3426 5570 3540 5639 ipse

1891 5704 1899 5711 .
1952 5673 2195 5720 creatura
2227 5673 2387 5728 esset,
2420 5662 2474 5719 id
2517 5654 2598 5718 est
2627 5678 2732 5717 non
2765 5662 2925 5730 Deus,
2958 5662 3050 5719 sed
3081 5680 3109 5716 a
3139 5662 3248 5743 Deo
3275 5664 3409 5721 facta
3453 5674 3539 5732 at-

2016 5803 2034 5835 ι
2060 5807 2143 5851 Its.
2166 5800 2336 5860 vatie.,
2357 5811 2573 5862 corpora.

2018 5866 2039 5897 ²
2061 5870 2143 5914 Ms.
2168 5863 2336 5925 vatic.,
2353 5859 2455 5915 illa;
