4056 6510
532 435 639 492 927

530 571 638 630 quo
660 552 896 611 instituta
924 559 1131 607 natura.
1176 549 1232 607 Si
1255 557 1428 606 autem
1459 549 1718 603 universae
1743 555 2018 611 creaturae,
2053 545 2106 600 id

527 661 614 707 est
627 663 692 707 et;
713 649 1158 706 intellectualiset
1204 647 1446 701 animalis
1471 653 1526 700 et
1549 642 2107 713 corporalis,.materia

525 742 767 799 creditur.
805 741 1072 810 illosquzn
1113 738 1384 793 vocabulo
1411 735 1703 803 enuntiata,
1754 732 1904 788 nullo
1945 733 2104 788 modo

527 835 632 891 hoc
654 835 780 890 loco
817 832 1048 903 Spiritus
1077 831 1168 886 Dei
1199 838 1373 901 potest
1414 829 1524 884 nisi-
1543 828 1630 884 ille
1659 827 2122 882 incommutabilis

521 936 578 983 et
619 934 844 982 sanctus
879 923 1134 994 intelligi,
1167 921 1256 994 qui
1306 920 1572 976 ferebatur
1620 934 1781 990 super
1826 918 2102 973 materiam

521 1018 757 1075 omnium
796 1031 1010 1082 rerum;
1027 1030 1158 1087 quas
1184 1014 1309 1070 fecit
1348 1022 1404 1068 et
1427 1012 1668 1068 condidit
1691 1013 1864 1068 Densi:

591 1111 675 1167 ιθ.
721 1109 900 1165 Tertia
935 1108 1122 1177 opinio
1159 1106 1227 1161 de
1268 1106 1370 1161 hoe
1411 1105 1610 1176 Spiritu
1637 1105 1768 1161 orici
1816 1112 2010 1176 potest,
2042 1111 2104 1159 ut.

516 1200 764 1256 credatur
801 1198 1016 1270 spiritus
1059 1196 1290 1260 nomine,
1324 1197 1461 1251 aeris
1487 1196 1808 1250 elementum
1837 1195 2097 1250 enuntia-

517 1299 626 1349 tum
651 1308 666 1358 ;
708 1299 766 1345 ut
804 1290 873 1344 ita
903 1296 1129 1358 quatuor
1157 1287 1417 1341 elementa
1447 1285 1708 1340 insinuata
1735 1285 1859 1350 sint,
1905 1285 2094 1356 quibus

513 1382 741 1439 mundus
771 1381 869 1436 iste
893 1380 1115 1435 visibilis
1143 1380 1348 1450 surgit;
1380 1380 1579 1434 ccelum
1602 1379 1904 1446 scilicet,et
1927 1387 2089 1446 terra,

512 1483 565 1530 et
587 1488 741 1544 aqua,
783 1480 836 1528 et
863 1487 956 1527 aer
988 1491 1000 1525 :
1031 1487 1136 1527 non
1165 1472 1287 1544 quia
1325 1470 1432 1541 jam
1459 1480 1612 1526 erant
1638 1471 1883 1526 distincta
1921 1479 1978 1526 et
1999 1487 2090 1525 or-

511 1567 727 1632 dinata;
757 1565 852 1622 sed
896 1564 1018 1636 quia
1062 1565 1115 1620 in
1141 1565 1281 1620 illius
1330 1565 1567 1620 materia;
1605 1564 1844 1636 quamvis
1873 1561 2090 1618 informi

511 1659 856 1725 confusione,
906 1666 1084 1712 tamen
1138 1665 1388 1712 exortura
1443 1655 1898 1726 praesignabantur
1927 1673 1940 1710 :
1972 1671 2090 1726 quae

509 1736 756 1805 informis
782 1747 1022 1804 confusio
1052 1746 1387 1802 tenebrarum
1413 1753 1467 1800 et
1490 1745 1668 1817 abyssi
1698 1745 1914 1801 nomine
1939 1761 2088 1801 com-

510 1840 756 1895 mendata
785 1849 887 1896 est.
919 1837 1027 1894 Sed
1046 1837 1292 1908 quazlibet
1311 1837 1694 1892 sententiarum
1715 1837 2090 1892 istarum-vera

507 1932 598 1998 sit,
628 1930 864 1984 omnium
893 1943 1070 1983 rerum
1099 1942 1216 1999 quae
1255 1934 1386 1981 ortae
1411 1934 1566 1993 sunt,
1598 1942 1717 1997 qua:
1741 1927 2008 1992 videntur,
2037 1937 2090 1982 et

509 2037 629 2092 quae
652 2037 756 2076 non
781 2020 1045 2086 videntur,
1086 2034 1192 2074 non
1220 2027 1475 2090 quantum
1505 2017 1571 2072 ad
1602 2018 1732 2072 vitia
1753 2033 1872 2088 qua:
1904 2028 2089 2073 contra

507 2124 749 2170 naturam
779 2121 936 2180 sunt,.
954 2112 1048 2168 sed
1069 2119 1324 2184 quantum
1343 2111 1412 2166 ad
1441 2112 1584 2181 ipsas.
1616 2120 1833 2165 naturas
1853 2112 2043 2165 attinet
2065 2151 2094 2177 ν

508 2205 678 2260 Deum
717 2219 846 2261 esse,
863 2214 1132 2259 auctorem
1160 2212 1226 2258 et.
1241 2202 1586 2258 conditorem.
1615 2201 1942 2257 credendum
1969 2213 2083 2269 est;

508 2298 817 2368 nullamque
838 2297 1054 2351 cumino
1080 2310 1198 2351 esse
1225 2302 1542 2359 creaturam,
1581 2309 1701 2364 quae
1729 2309 1836 2348 non
1866 2295 1933 2348 ab
1971 2295 2088 2364 ipso

507 2388 713 2444 initium
738 2387 1228 2459 perfectionemque
1255 2386 1447 2442 habeat
1463 2385 1678 2457 generis.
1698 2392 1752 2441 ct
1777 2385 2088 2442 substantiae

503 2495 634 2538 sum.
1074 2512 1078 2516 ι

573 2571 804 2629 CAPUT
845 2565 907 2626 v.
929 2601 1000 2612 —
1021 2570 1105 2627 ta.
1150 2570 1216 2624 Et
1244 2571 1369 2626 dixit
1394 2569 1701 2636 Deus,.Fiat
1721 2570 1850 2635 laaz;
1875 2577 1925 2624 ιι
1950 2573 2088 2642 facta

501 2664 705 2720 est-lux.
755 2665 919 2719 Deum
948 2663 1182 2730 dixisse,
1207 2661 1325 2716 Fiat
1352 2661 1476 2729 lux,
1494 2677 1602 2716 non
1626 2676 1758 2716 voce
1781 2660 1850 2716 de
1877 2661 2086 2732 pulmo-

502 2758 655 2814 nibus
670 2756 829 2821 edita,
854 2771 952 2810 nec
973 2755 1150 2825 lingua
1172 2763 1226 2810 et
1250 2754 1518 2821 dentibus,
1541 2755 1786 2824 accipere
1805 2753 2084 2809 debemus.

501 2849 803 2905 Carnalium
842 2856 966 2904 sunt
995 2847 1108 2902 istae
1146 2846 1536 2917 cogitationes:
1566 2844 1860 2902 secundum
1904 2853 2083 2899 autem

499 2957 715 2999 carnem
754 2955 968 3011 sapere,
993 2953 1140 2994 mors
1167 2947 1261 2994 est:
1290 2937 1466 3008 (.Rom.
1499 2952 1615 3003 vni,
1656 2936 1735 3008 6).
1767 2935 1873 2990 Sed
1903 2935 2086 2990 ineffa-

501 3031 904 3098 biliterdictnm
933 3040 1042 3099 est,
1062 3029 1185 3084 Fiat
1222 3033 1332 3084 tux.
1381 3029 1570 3085 Utrum
1596 3038 1774 3084 autem
1818 3031 1920 3083 hoc
1942 3027 2084 3097 quod

500 3124 701 3181 dictum
726 3122 1003 3190 est,.Filio
1047 3121 1316 3192 unigenito
1363 3119 1562 3174 dictum
1608 3127 1712 3183 est.
1753 3133 1821 3173 an
1852 3118 2083 3188 idipsum

500 3197 650 3288 quod.
669 3214 867 3270 dictum
888 3223 986 3280 est,
1005 3212 1166 3268 Filius
1183 3211 1483 3282 unigenitus
1498 3219 1602 3274 est,
1619 3209 1758 3281 quod
1775 3209 1972 3265 dictum
1990 3210 2082 3264 Dei

499 3307 718 3363 verbum
729 3305 1048 3375 dicitur,.per
1062 3303 1204 3375 quod
1217 3302 1351 3358 facta
1367 3311 1489 3358 sunt
1501 3303 1677 3357 omnia
1691 3300 1870 3373 (Joan.
1889 3303 1986 3368 1,1,
2001 3299 2080 3375 ὅ),

498 3397 662 3470 quani
687 3405 890 3469 potest:
909 3396 1033 3451 dum
1057 3405 1233 3451 tamen
1262 3395 1347 3449 illa
1377 3381 1515 3450 absit
1537 3395 1800 3466 impietas,
1821 3401 1880 3448 ut
1902 3395 1918 3426 ί
1950 3393 2080 3449 Ver-

497 3488 622 3544 bum
668 3488 762 3543 Dei
809 3487 1132 3558 unigenitum
1176 3485 1365 3540 Filium
1408 3486 1570 3556 quasi.
1605 3499 1792 3540 vocem
1822 3485 2096 3555 prolatam.

496 3581 638 3637 sicut
657 3579 867 3637 a-nobis
910 3579 1133 3645 (it,.esse
1161 3578 1463 3633 credamus.
1490 3577 1725 3634 Verbum
1754 3587 1932 3634 autem
1960 3578 2076 3646 Dei,

496 3685 592 3742 per
616 3672 758 3743 quod
781 3670 916 3727 facta
943 3680 1067 3727 sunt
1093 3671 1292 3737 omnia,
1330 3684 1427 3725 nec
1449 3670 1611 3740 cmpit
1627 3669 2078 3736 .esse,.-nec.desi-

497 3771 622 3829 net;
652 3761 748 3818 sed
786 3763 901 3818 sine
943 3761 1282 3817 inchoatione
1321 3770 1536 3836 natum,
1568 3761 1710 3817 P‘atri
1752 3771 2078 3818 ceteternum

494 3865 600 3914 est.
632 3855 808 3922 Quare
833 3855 934 3910 hoc
953 3854 1093 3925 quod
1120 3853 1317 3908 dictum
1347 3861 1449 3920 est,
1477 3841 1598 3907 Fiat
1625 3853 1731 3920 tum,
1762 3854 1809 3909 si
1845 3863 1899 3910 et
1917 3854 2088 3926 coepit

494 3958 552 4005 et
575 3947 779 4004 destitit
813 3945 936 4013 dici,
967 3945 1134 4016 magis
1171 3944 1313 4000 Filio
1337 3944 1535 4000 dictum
1563 3944 1771 4001 esthoc
1809 3946 2032 4001 verbum
2058 3986 2075 4014 ,

493 4057 654 4115 quam
680 4041 853 4112 ipsum
881 4047 966 4095 est
988 4039 1176 4094 Filius.
1204 4037 1272 4092 Et
1300 4047 1477 4094 tamen
1503 4039 1664 4094 etiam
1703 4037 1807 4094 hoc
1831 4037 2074 4094 ineffabi-

493 4134 653 4198 liter;
681 4146 781 4187 nec
830 4130 1062 4186 carnalis
1105 4131 1278 4200 imago
1321 4129 1573 4200 subrepat
1618 4129 1671 4184 in
1717 4131 1975 4196 animum,
2023 4139 2080 4187 et

491 4225 818 4282 intellectum
849 4223 992 4294 pium
1020 4221 1348 4292 spiritualem
1391 4221 1692 4277 conturbet.
1737 4215 1872 4288 Quia
1914 4229 1969 4277 et
1994 4221 2077 4277 in-

491 4317 672 4388 cipere
713 4314 911 4386 aliquid
937 4323 992 4370 et
1015 4313 1261 4369 desinere
1308 4314 1360 4368 in
1402 4321 1590 4413 nat.ura
1620 4313 1736 4401 Dei,
1773 4312 1818 4368 si
1863 4313 2078 4384 proprie

490 4409 802 4481 accipiatur,
829 4407 1110 4463 temeraria
1137 4415 1190 4461 et
1221 4419 1458 4476 praeceps
1480 4404 1666 4474 opinio
1693 4414 1776 4460 est
1800 4423 1813 4460 :
1844 4404 2074 4461 carnali-

488 4499 589 4557 bus
629 4509 808 4556 tamen
836 4507 890 4554 et
919 4498 1172 4570 parvulis,
1196 4514 1310 4551 non.
1333 4506 1581 4568 tanquam
1607 4498 1658 4551 in
1689 4497 1758 4552 ea
1780 4493 2071 4567 mansuris,

488 4593 586 4652 sed
618 4600 867 4664 tanquam
890 4591 1012 4647 inde
1044 4591 1361 4646 surrecturis
1383 4592 1764 4647 humanissime
1783 4593 2076 4648 conceden-

489 4685 559 4743 da
583 4693 684 4742 est.
712 4683 979 4755 Quidquid
1007 4684 1149 4739 enim
1171 4684 1406 4754 incipere
1432 4692 1486 4739 et
1504 4683 1750 4740 desinere
1777 4686 1917 4742 Deus
1937 4686 2072 4742 dici-

487 4785 599 4847 tur,
621 4778 765 4833 nullo
790 4777 948 4832 modo
968 4777 1020 4831 in
1050 4775 1214 4846 ipsius
1236 4786 1444 4843 natura,
1472 4776 1567 4832 sed
1594 4777 1645 4832 in
1665 4779 1780 4848 ejus
1803 4787 2070 4848 creatura,

487 4884 610 4941 qua:
660 4868 739 4925 illi
799 4868 950 4925 miris
1014 4867 1202 4923 modis
1248 4869 1644 4942 obtemperat,.
1672 4871 2072 4942 intelligendum

486 4969 589 5019 est.

555 5053 648 5112 20.
688 5052 757 5109 Et
797 5052 928 5109 dixit
951 5051 1111 5122 Deus,
1139 5047 1260 5107 Fiat
1285 5053 1393 5108 lux.
1421 5050 1609 5108 Utrum
1639 5067 1702 5108 ea
1727 5053 1819 5109 lux
1847 5054 2072 5124 quaehis

485 5145 788 5203 carnalibus
807 5145 975 5204 oculis
1003 5152 1167 5216 patet,
1197 5159 1263 5199 an
1285 5145 1457 5215 aliqua
1478 5137 1705 5212 occulta,
1738 5161 1896 5216 quam
1918 5146 2070 5204 nobis

485 5253 582 5310 per
606 5237 710 5293 hoc
732 5251 928 5308 corpus
952 5236 1136 5292 videre
1173 5252 1278 5292 non
1304 5237 1484 5292 datum
1515 5238 1634 5292 est?
1660 5239 1727 5293 Et
1751 5237 1797 5292 si
1822 5237 2026 5292 occulta
2051 5280 2067 5306 ,

484 5339 662 5387 utrum
710 5345 986 5402 corporea,
1039 5345 1155 5402 qua:
1202 5347 1295 5402 per
1341 5331 1578 5386 locorum
1625 5331 1792 5404 spatia
1838 5333 2071 5388 tenditur

483 5421 713 5479 fortasse
732 5423 786 5478 in
807 5416 1119 5479 sublimibus
1141 5423 1377 5494 partibus
1399 5423 1577 5478 mundi
1599 5439 1613 5490 ;
1641 5439 1710 5479 an
1736 5424 2066 5495 incorporea,

483 5515 654 5587 qualis
681 5517 734 5570 in
760 5518 935 5572 anima
961 5525 1063 5584 est,
1094 5517 1160 5571 ad
1180 5529 1348 5588 quam
1376 5517 1573 5572 vitandi
1602 5529 1656 5574 et
1682 5519 1961 5590 appetendi
1987 5536 2072 5575 re-

480 5609 649 5667 fertur
686 5626 915 5667 examen
945 5626 975 5665 a
1004 5611 1249 5666 sensibus
1285 5613 1544 5681 corporis,
1588 5628 1694 5684 qua
1733 5629 1840 5668 non
1884 5625 2069 5670 carent

479 5703 640 5760 etiam
665 5705 858 5759 animae
899 5703 1208 5772 bestiarum,
1251 5718 1320 5758 an
1349 5718 1412 5759 ea
1437 5719 1555 5774 quae
1584 5704 1825 5774 superior
1852 5706 2067 5762 ratioci-

489 5795 656 5852 rando
698 5803 938 5866 apparet,
969 5810 1036 5854 ex
1075 5811 1181 5868 qua
1228 5796 1412 5867 incipit
1454 5805 1613 5853 omne
1658 5797 1817 5867 quod“
1830 5802 2065 5867 creatum

541 5903 662 5966 ⁸18.
679 5907 850 5968 vatim.
864 5919 942 5962 ne.

1472 431 1562 488 DE
1599 429 1844 490 GENESI
1885 431 1975 486 AD
2014 418 2383 500 LITTERAM,
2424 435 2480 490 s.
2522 437 2891 494 AUGUSTINI

3695 446 3801 504 228

2213 547 2329 602 est?
2356 549 2656 616 Quamlibet
2683 551 2825 606 enim
2868 551 3040 608 lucem
3070 553 3354 624 significet,
3401 554 3592 613 factam
3619 566 3800 617 tamen

2210 647 2272 695 et
2291 649 2524 695 creatam
2553 640 2810 696 debemus
2853 643 3094 714 accipere
3125 663 3138 700 :
3172 661 3276 702 non
3320 646 3462 703 illam
3508 665 3609 720 qua
3638 652 3802 724 fulget

2210 731 2323 801 ipsa
2353 732 2444 786 Dei
2472 731 2760 803 Sapientia,
2790 750 2909 805 qua:
2951 751 3057 790 non
3086 747 3263 792 creata
3289 748 3390 805 est,
3419 741 3520 796 sed
3539 752 3698 808 nata;
3732 760 3800 800 ne

2207 820 2324 876 sine
2368 822 2487 876 luce
2529 822 2667 878 Deus
2697 821 2873 880 fuisse
2917 833 3128 895 putetur
3168 827 3472 900 priusquam
3519 831 3697 899 istam,
3728 833 3818 892 de,

2205 930 2308 984 qua
2337 929 2477 968 nunc
2500 915 2692 985 agitur,
2721 913 3065 973 condidisset.
3098 918 3172 974 De
3194 920 3293 974 hac
3317 920 3484 990 enim,
3515 923 3654 978 sicut
3676 925 3795 996 ipsa

2205 1005 2364 1060 verba
2395 1006 2522 1060 satis
2550 1005 2774 1075 docent,
2797 1006 2904 1062 hoc
2936 1009 3338 1066 commendatur
3361 1012 3505 1083 quod
3534 1012 3671 1070 facta
3699 1017 3791 1084 sit,

2203 1097 2272 1151 Et
2294 1098 2442 1164 dixit,
2472 1100 2656 1171 inquit,
2690 1099 2808 1155 Fiat
2830 1103 2919 1156 tua:
2939 1119 2964 1168 ;,
2986 1112 3032 1157 et
3053 1103 3188 1172 facta
3211 1114 3284 1159 est
3309 1104 3418 1160 lux.
3451 1107 3568 1162 Alia
3591 1118 3675 1164 est
3697 1109 3792 1166 lux

2202 1189 2269 1245 de
2299 1192 2410 1246 Deo
2448 1201 2604 1262 nata,
2641 1203 2697 1250 et
2736 1195 2836 1249 alia
2876 1195 2964 1250 lux
3005 1212 3163 1266 quam
3207 1195 3333 1254 fecit
3362 1200 3500 1255 Deus
3531 1217 3547 1256 :
3573 1211 3696 1258 nata
3723 1202 3794 1260 de

2203 1280 2313 1336 Deo
2342 1282 2466 1349 lux,
2505 1293 2587 1338 est
2628 1285 2742 1363 ipsa
2774 1285 2866 1340 Dei
2899 1284 3203 1356 Sapientia;
3233 1287 3373 1344 facta
3399 1305 3527 1346 vero
3567 1291 3676 1360 lux,
3706 1303 3790 1350 est

2199 1373 2446 1442 quaelibet
2471 1365 2738 1430 mutabilis
2765 1377 2876 1433 sive
2903 1393 3160 1447 corporea
3187 1379 3302 1436 sive
3339 1381 3674 1452 incorporea.

2268 1467 2356 1521 21.
2409 1467 2620 1523 Movere
2674 1477 2852 1525 autem
2907 1471 3046 1526 solet
3092 1473 3358 1541 quomodo
3384 1472 3473 1528 lux
3527 1489 3787 1546 corporea

2197 1571 2324 1614 esse.
2343 1561 2574 1628 potuerit
2609 1569 2892 1631 antequam
2917 1562 3111 1619 etelum
3148 1571 3292 1620 esset
3313 1575 3368 1622 et
3407 1563 3528 1622 caeli
3559 1567 3788 1623 lumina-

2196 1646 2295 1713 ria,
2335 1663 2456 1718 quae
2500 1659 2620 1718 post
2657 1650 2811 1706 istam
2853 1661 3191 1722 exponuntur
3223 1672 3236 1710 :
3266 1656 3419 1726 quasi
3462 1672 3591 1713 vero
3633 1658 3790 1716 facile

2195 1736 2300 1793 hoc
2337 1738 2405 1794 ab
2435 1738 2650 1797 homine
2677 1743 2876 1812 percipi
2904 1752 3100 1812 potest,
3132 1753 3223 1799 aut
3249 1747 3468 1801 omnino
3492 1745 3601 1803 ullo
3625 1748 3788 1805 modo

2195 1837 2388 1898 potest,
2412 1839 2590 1886 utrum
2618 1833 2687 1886 sit
2705 1833 2878 1904 aliqua
2903 1834 2995 1888 lux
3022 1843 3213 1904 praeter
3235 1835 3450 1904 coelum,
3469 1853 3590 1909 qua:
3607 1848 3786 1898 tamen

2195 1921 2379 1990 spatiis
2405 1922 2640 1978 locorum
2678 1925 2926 1981 distincta
2967 1934 3125 1996 atque
3153 1926 3345 1982 diffusa
3374 1928 3466 1996 sit,
3497 1929 3787 1985 mundum-

2195 2029 2296 2084 que
2326 2017 2698 2086 amplectatur.
2747 2017 2853 2075 Sed
2881 2034 3003 2074 cum
3032 2018 3191 2075 liceat
3218 2019 3306 2075 hic
3331 2028 3386 2076 et
3413 2021 3786 2092 incorpoream

2195 2108 2366 2164 lucem
2393 2111 2708 2182 intelligere,
2756 2113 2802 2168 si
2832 2128 2937 2168 non
2966 2114 3230 2170 visibilem
3255 2124 3459 2171 tantum
3484 2126 3783 2173 creaturam

2194 2197 2248 2253 in
2291 2199 2394 2255 hoc
2421 2200 2577 2270 libro,
2609 2203 2708 2258 sed
2750 2218 2965 2260 omnem
2995 2214 3292 2263 creaturam
3321 2208 3617 2278 expositam
3645 2209 3785 2265 dici-

2193 2304 2334 2358 mus,
2361 2292 2488 2361 quid
2515 2308 2649 2362 opus
2673 2302 2756 2349 est
2783 2293 2835 2349 in
2869 2295 2968 2350 hac
2996 2297 3356 2352 controversia
3388 2300 3685 2370 remorari?
3717 2299 3789 2355 Et

2192 2379 2418 2437 fortasse
2442 2383 2583 2454 quod
2611 2393 2856 2454 qumrunt
2900 2386 3165 2452 homines,
3206 2387 3420 2457 quando
3445 2390 3634 2460 Augeli
3661 2389 3786 2446 facti

2192 2483 2336 2542 sunt,
2380 2474 2481 2544 ipsi
2508 2476 2871 2546 significantur
2899 2476 2998 2532 hac
3025 2478 3159 2543 luce,
3190 2477 3506 2535 brevissime
3530 2480 3746 2552 quidem
3765 2523 3785 2551 λ

2192 2567 2286 2621 sed
2318 2575 2492 2622 tamen
2519 2569 3023 2624 convenientissime
3058 2578 3112 2624 et
3137 2568 3534 2626 decentissime.

2261 2659 2350 2714 22.
2397 2659 2461 2713 Et
2482 2661 2603 2715 vidit
2625 2660 2763 2716 Deus
2791 2660 2974 2728 lucem,
3004 2663 3122 2732 quia
3150 2661 3279 2717 bona
3303 2663 3532 2721 est.-lsta
3563 2671 3787 2733 senten-

2192 2753 2263 2808 tia
2291 2770 2395 2808 non
2427 2755 2578 2825 quasi
2605 2757 2805 2810 insoliti
2830 2757 2954 2811 boni
2982 2756 3218 2812 laetitiam
3251 2759 3302 2826 ‘,
3324 2759 3785 2832 sedapprebatio—

2191 2861 2314 2900 nem
2359 2847 2536 2917 operis
2575 2849 3116 2920 signiﬁcari,oportet
3159 2850 3401 2923 intelligi.
3449 2854 3598 2920 Quid
3637 2836 3791 2915 enim

2190 2940 2591 2995 convenientius
2616 2941 2682 2995 de
2712 2943 2822 2996 Deo
2839 2941 3057 3010 dicitur,
3085 2953 3340 3013 quantum
3367 2945 3509 3009 inter
3536 2946 3798 3004 homines.

2189 3031 2292 3087 dici
2323 3042 2702 3104 potest,.quam
2741 3048 2863 3088 cum
2889 3035 2963 3090 ita
2991 3035 3223 3104 ponitur,
3254 3036 3646 3103 Dixit,.factum
3675 3048 3798 3108 est,.

2191 3123 2384 3193 placuit
2417 3141 2430 3178 :
2462 3124 2533 3178 ita
2561 3133 2617 3178 ut
2643 3124 2696 3178 in
2721 3139 2787 3180 eo
2811 3125 2955 3195 quod
2984 3125 3136 3193 dixit,
3167 3109 3452 3196 imperium
3470 3129 3588 3200 eius
3614 3130 3781 3193 intel-

2190 3215 2416 3286 ligatur;
2449 3217 2501 3270 in
2529 3231 2595 3271 eo
2629 3213 2785 3287 quod’
2798 3216 2996 3272 factum
3024 3226 3126 3283 est,
3159 3220 3435 3288 potentia;
3467 3220 3521 3274 in
3547 3235 3614 3276 eo
3638 3221 3790 3292 quod

2189 3308 2406 3377 placuit,
2435 3308 2734 3379 benignitas
2764 3326 2777 3363 :
2807 3309 2948 3364 sicut
2986 3309 3092 3368 ista
3132 3309 3440 3366 ineffabilia:
3468 3326 3570 3381 per.
3603 3311 3784 3369 homi-

2186 3420 2311 3461 nem
2340 3404 2668 3473 hominibus,
2688 3405 2762 3460 ita
2787 3413 2845 3460 ut
2865 3403 3112 3460 omnibus
3134 3403 3391 3476 prodesse
3413 3407 3806 3478 possent,dici.

2186 3497 2500 3554 debuerunt.

2256 3593 2346 3649 9.5.
2388 3592 2456 3647 Et
2493 3593 2662 3647 diuisit
2707 3591 2848 3648 Deus
2889 3591 3020 3646 inter
3055 3591 3219 3648 lucem
3265 3597 3314 3648 et
3351 3591 3596 3646 tenebras.
3647 3591 3806 3648 Hine.

2185 3683 2409 3755 intelligi
2449 3684 2571 3739 licet
2611 3691 2810 3753 quanta
2849 3683 3015 3738 divini
3041 3683 3220 3753 operis
3262 3681 3517 3738 facilitate
3561 3682 3662 3737 ista
3691 3681 3781 3738 di-

2183 3785 2376 3831 cantur
2397 3775 2605 3831 eﬁ‘ecta.
2633 3774 2749 3830 Non
2776 3778 2919 3830 enim
2945 3775 3223 3844 quisquam
3251 3784 3342 3830 est
3367 3774 3457 3846 qui
3484 3775 3564 3830 sic
3588 3775 3780 3831 existi-

2183 3876 2307 3924 met.
2336 3868 2510 3922 lucem
2538 3867 2752 3931 factam,
2787 3875 3016 3921 utesset
3040 3865 3262 3920 confusa
3289 3880 3410 3921 cum
3439 3866 3800 3934 tenebris,.et.

2183 3962 2253 4017 ob
2280 3961 2384 4016 hoc
2407 3969 2593 4032 postea
2622 3959 2972 4030 separationis
3000 3953 3296 4028 indigeret;
3324 3957 3420 4013 sed
3442 3972 3508 4014 eo
3529 3959 3646 4028 ipso
3669 3973 3794 4029 quo,

2182 4053 2274 4109 lux
2299 4053 2434 4109 facta
2462 4062 2566 4118 est,
2595 4061 2880 4107 consecuta
2908 4059 2992 4107 est
3020 4051 3182 4108 etiam
3211 4049 3402 4106 divisio
3440 4050 3579 4107 inter
3601 4051 3779 4106 lucem

2182 4155 2238 4202 et
2264 4145 2528 4203 tenebras.
2577 4145 2706 4213 Qua:
2733 4143 2877 4199 enim
2920 4142 3149 4198 societas
3191 4141 3327 4197 lucis
3372 4156 3497 4197 cum
3542 4141 3782 4199 tenebris

2186 4237 2258 4310 (ll
2290 4237 2406 4292 Cor.
2436 4236 2683 4306 vr,.M)?
2712 4235 2854 4290 Deus
2878 4249 3004 4304 ergo
3027 4232 3207 4304 divisit
3237 4233 3380 4288 inter
3405 4232 3579 4289 lucem
3617 4241 3676 4289 et
3699 4241 3781 4290 te.

2181 4333 2394 4398 nebras,
2423 4331 2546 4401 quia
2584 4329 2756 4384 lucem
2786 4327 3110 4397 fecit,cujus
3143 4325 3647 4382 absentia-tenebrae
3674 4341 3778 4382 vo-

2180 4429 2393 4478 cantur.
2426 4422 2650 4475 lnterest
2680 4428 2858 4473 autem
2886 4418 3025 4472 inter
3049 4417 3226 4472 lucem
3247 4423 3302 4472 et
3330 4413 3598 4483 tenebras,
3637 4416 3798 4472 sieuh

2179 4497 2402 4572 interest
2428 4515 2564 4568 inter
2599 4513 2974 4568 vestimentum
2996 4517 3053 4565 et
3079 4508 3414 4576 nuditatem,,
3441 4514 3534 4564 aut
3556 4507 3796 4579 plenum.

2179 4615 2236 4664 et
2261 4607 2438 4673 inane,
2467 4614 2523 4662 et
2551 4603 2766 4660 similia.

2248 4699 2496 4756 Setiam
2536 4707 2665 4768 quot
2692 4693 2865 4752 modis
2905 4693 3074 4766 possit
3098 4691 3474 4764 intelligilux,
3500 4705 3664 4762 supra
3694 4691 3778 4750 di-

2177 4802 2322 4852 ctum
2348 4800 2450 4857 est,
2481 4791 2674 4862 quibus
2691 4789 2982 4845 contraria:
3021 4787 3346 4858 privationes
3371 4793 3596 4856 possunt
3620 4794 3776 4842 tene-

2177 4885 2290 4942 bras
2331 4883 2614 4940 nominari.
2667 4881 2784 4936 Alia
2830 4887 2912 4936 est
2957 4880 3101 4936 enim
3152 4878 3246 4934 lux
3291 4893 3410 4948 quae
3451 4876 3661 4932 videtur
3690 4876 3786 4933 his

2177 4980 2351 5036 oculis;
2387 4977 2692 5048 corporeis,.
2730 4975 2892 5030 etiam
2934 4974 3047 5044 ipsa
3088 4986 3389 5043 corporea;
3420 4980 3478 5027 ut
3523 4970 3688 5037 solis,
3720 4979 3794 5026 ets

2177 5071 2340 5138 lunae,
2372 5078 2428 5126 et
2449 5069 2742 5131 stellarum,
2773 5074 2827 5120 et
2845 5065 2891 5120 si
2915 5064 3041 5135 quid
3069 5062 3369 5134 huiusmodi
3396 5070 3496 5126 est,
3526 5061 3614 5116 cui
3642 5075 3788 5116 con--

2177 5163 2350 5217 traria:
2380 5168 2504 5215 sunt
2533 5157 2788 5222 tenebrae,
2819 5171 2939 5210 cum
2969 5155 3160 5226 aliquis
3189 5156 3337 5210 locus
3363 5169 3425 5209 ea
3451 5153 3571 5208 luce
3599 5160 3774 5207 caret.

2175 5253 2290 5308 Alia
2319 5253 2445 5307 item
2486 5251 2576 5304 lux
2617 5257 2700 5303 est
2726 5247 2838 5301 vita.
2875 5245 3135 5312 sentiens,
3177 5254 3230 5300 et
3257 5244 3440 5299 valens
3465 5243 3792 5299 discernere

2175 5358 2296 5416 qua:
2325 5359 2416 5413 per
2441 5355 2633 5410 corpus
2663 5340 2727 5392 ad
2754 5338 2945 5392 anima:
2965 5333 3222 5407 judicium
3251 5335 3586 5401 referuntur,
3610 5333 3672 5389 id
3691 5343 3788 5391 est.

2175 5435 2293 5489 alba
2320 5441 2374 5486 et
2412 5431 2580 5501 nigra,
2627 5442 2820 5484 canora
2857 5435 2912 5482 et
2935 5441 3116 5490 rauca,
3156 5426 3521 5482 suaveolentia
3561 5433 3617 5482 et
3644 5441 3772 5496 gra-

2175 5523 2461 5587 veolentia,
2484 5522 2657 5578 dulcia
2686 5530 2739 5577 et
2763 5535 2964 5588 amara,
2991 5519 3161 5576 calida
3187 5529 3239 5574 et
3270 5519 3475 5591 frigida,
3499 5528 3555 5574 et
3575 5528 3786 5575 caztera.
3803 5547 3820 5564 -

2173 5613 2497 5686 hujnsmodi.
2526 5612 2642 5666 Alia
2672 5621 2753 5667 est
2779 5612 2921 5667 enim
2949 5612 3037 5666 lux
3055 5626 3174 5681 qua:
3199 5612 3426 5666 sentitur
3450 5610 3638 5686 oculis,
3661 5609 3766 5664 alia

2175 5682 2280 5778 qua
2307 5722 2400 5778 per
2428 5706 2610 5761 oculos
2636 5704 2808 5774 agitur
2834 5712 2890 5757 ut
2928 5705 3201 5758 sentiatur.
3252 5702 3342 5756 llla
3380 5703 3522 5756 enim
3551 5682 3603 5754 in
3644 5715 3767 5754 eor-

2175 5815 2327 5872 pore,
2370 5799 2486 5851 hmc
2511 5805 2687 5851 autem
2716 5795 2954 5865 quamvis
2985 5809 3080 5865 per
3122 5807 3315 5864 corpus
3345 5807 3406 5847 ea
3445 5809 3562 5863 qua:
3606 5794 3787 5847 sentit.

2191 5960 2205 5980 ,
2240 5914 2260 5947 ⁸
2283 5911 2356 5965 sic
2376 5917 2458 5962 Ms.
2482 5910 2706 5972 Vaticant
2721 5915 2820 5962 Arn.
2839 5915 2914 5960 Er.
2941 5916 2994 5962 et
3025 5914 3156 5973 ων..
3377 5904 3766 5962 betwvolmtim
