4056 6474
204 339 315 399 ω

206 454 486 529 percipiat,
532 452 586 507 in
610 451 790 507 anima
819 456 906 506 est
946 438 1144 503 tamen.
1200 445 1331 503 Huic
1357 445 1636 502 contraria:
1677 452 1802 499 sunt

204 547 460 611 tenebrae,
501 542 881 599 insensibilitas
914 538 1179 611 quaedam,
1206 538 1293 594 vel
1328 538 1373 592 si
1400 537 1589 591 melius
1616 535 1799 590 insen-

205 639 422 699 sualitas
440 638 657 704 dicitur,
694 635 746 691 id
761 642 845 691 est
870 649 972 689 non
992 633 1214 699 sentire,
1242 630 1482 703 quamvis
1507 628 1802 685 inferantur

205 750 319 807 qua:
345 731 537 787 sentiri
566 737 803 801 possent,
836 728 884 784 si
920 735 1060 783 esset
1088 726 1141 781 in
1170 726 1255 780 illa
1284 727 1387 779 vita
1416 725 1503 778 lux
1532 724 1629 779 ista
1660 722 1801 779 unde

206 826 450 884 sentitur.
484 824 669 894 Neque
698 822 800 877 hoc
825 837 945 875 cum
983 820 1279 875 ministeria
1306 819 1497 873 desunt
1526 817 1763 890 corporis
1784 858 1799 883 ,

207 919 338 973 sicut
360 918 418 971 in
451 916 609 971 amcis
634 924 723 969 aut
757 911 968 967 surdis:
997 926 1119 965 nam
1159 910 1212 965 in
1238 909 1462 964 istorum
1490 908 1680 963 animis
1722 914 1803 963 est

206 1010 302 1064 ista
330 1007 447 1073 lux,
480 1007 549 1062 de
573 1020 676 1077 qua
704 1018 848 1059 nunc
881 1002 1120 1074 agimus;
1154 1001 1247 1056 sed
1290 1002 1640 1056 instrumenta
1684 1016 1803 1055 cor-

206 1100 345 1172 poris
366 1100 588 1154 desunt.
632 1095 815 1167 Neque
844 1095 937 1152 illo
965 1094 1144 1160 modo,
1177 1109 1283 1165 quo
1314 1093 1472 1148 modo
1501 1093 1552 1147 in
1594 1091 1804 1147 silentio

207 1210 303 1248 vox
322 1207 436 1247 non
468 1190 704 1257 auditur,
732 1172 942 1245 cumet
970 1187 1069 1242 ista
1094 1186 1184 1241 lux
1208 1193 1290 1240 est
1319 1184 1370 1239 in
1402 1185 1596 1251 anima,
1628 1194 1681 1238 et
1705 1182 1802 1238 ad-

208 1294 325 1342 sunt
346 1284 601 1355 corporis
646 1282 1022 1347 instrumenta,
1055 1279 1151 1334 sed
1190 1277 1322 1332 nihil
1360 1276 1502 1348 quod
1545 1277 1805 1333 sentiatur

210 1378 457 1435 infertur.
490 1376 605 1432 Non
626 1390 753 1447 ergo
779 1375 867 1445 qui
900 1375 962 1428 iis
986 1373 1161 1428 causis
1186 1388 1290 1426 non
1317 1371 1497 1437 sentit,
1530 1378 1675 1425 caret
1705 1370 1803 1424 ista

210 1475 353 1539 inae;
386 1472 489 1527 sed
514 1487 638 1525 cum
669 1470 788 1525 talis
814 1468 1047 1539 potentia
1088 1482 1193 1521 non
1233 1475 1315 1520 est
1356 1465 1407 1519 in
1457 1465 1654 1529 anima,
1686 1478 1804 1533 quae

206 1567 310 1639 jam
338 1580 443 1621 nec
469 1566 647 1620 anima
672 1563 776 1618 dici
796 1562 953 1627 solet,
982 1560 1077 1617 sed
1103 1566 1309 1615 tantum
1331 1559 1467 1625 vita,
1483 1557 1653 1629 qualis
1680 1571 1800 1625 per-

209 1657 424 1713 hibetur
454 1672 577 1712 esse
603 1656 724 1710 vitis
751 1662 805 1709 et
834 1653 1060 1721 arboris,
1094 1660 1148 1707 et
1188 1664 1642 1722 quarumcumque
1680 1646 1803 1702 stir-

208 1750 351 1820 pium
380 1766 394 1802 :
424 1750 473 1803 si
498 1758 687 1803 tamen
720 1762 810 1802 eas
840 1747 923 1801 vel
952 1746 1108 1800 talem
1137 1743 1337 1799 habere
1360 1741 1665 1814 persuaderi
1696 1739 1804 1794 ullo

210 1840 367 1897 modo
388 1847 590 1911 potest,
612 1854 745 1911 quas
761 1838 995 1895 nonnulli
1018 1836 1175 1892 nimis
1192 1844 1430 1891 errantes
1454 1833 1685 1888 ltmretici
1705 1828 1800 1903 (α),

211 1949 314 1991 non
342 1933 524 1989 solum
552 1933 754 1989 sentire
783 1947 877 2002 per
916 1944 1128 2000 corpus,
1159 1929 1209 1983 id
1240 1937 1321 1984 est
1346 1926 1545 1993 videre,
1577 1924 1762 1980 audire
1786 1966 1800 1991 ,

211 2036 263 2082 et
283 2026 522 2082 calorem
544 2026 826 2095 ignemque
845 2024 1183 2087 discernere;
1216 2020 1310 2076 sed
1332 2020 1487 2075 etiam
1513 2015 1805 2085 intelligere

210 2119 495 2187 rationem,
542 2127 599 2172 et
640 2117 986 2187 cogitationes
1009 2122 1216 2169 nostras
1246 2126 1401 2167 nosse
1431 2110 1755 2165 arbitrantur
1788 2125 1801 2162 :

210 2210 303 2267 sed
332 2209 403 2265 de
430 2209 515 2264 his
539 2210 645 2263 alia
682 2208 905 2279 quaestio
948 2214 1049 2262 est.
1084 2203 1466 2259 lnsensibilitas
1495 2216 1622 2272 ergo
1652 2210 1803 2255 tene-

210 2305 317 2362 brae
347 2304 510 2374 hujus
552 2304 708 2370 lucis,
753 2317 855 2373 qua
897 2298 1153 2371 quidquid
1195 2297 1439 2361 sentitur,
1473 2310 1594 2349 cum
1637 2294 1803 2364 ipsam

211 2397 316 2454 vim
344 2394 612 2451 sentiendi
641 2409 746 2449 non
784 2392 942 2448 habet
966 2392 1071 2446 vita
1099 2389 1366 2461 quaelibet.
1414 2386 1807 2442 Convenienter

210 2495 403 2549 autem,
435 2487 612 2542 lucem
648 2485 785 2541 hanc
823 2483 928 2539 dici
975 2481 1238 2547 concedit,
1282 2480 1518 2551 quisquis
1562 2476 1807 2532 concedit

211 2589 358 2634 recte
408 2577 517 2633 dici
563 2578 766 2641 lucem,
812 2590 916 2648 qua
961 2590 1049 2629 res
1097 2587 1318 2644 qumque
1375 2569 1655 2627 manifesta
1702 2577 1802 2625 est.

210 2667 345 2724 Cum
389 2676 571 2723 autem
615 2666 859 2730 dicimus,
903 2662 1238 2719 Manifestum
1284 2670 1365 2717 est
1406 2661 1507 2716 hoc
1553 2676 1805 2715 canorum

209 2776 351 2828 esse,
380 2760 724 2817 manifestum
750 2768 834 2815 est
858 2757 962 2813 hoc
1003 2758 1157 2813 dulce
1183 2772 1324 2823 esse,
1361 2753 1697 2810 manifestum
1726 2760 1807 2808 est

208 2852 315 2910 hoc
352 2852 603 2924 frigidum
634 2866 774 2918 esse,
807 2859 861 2905 et
901 2849 1044 2921 quod
1088 2847 1225 2904 forte
1268 2848 1425 2918 hujus
1466 2847 1675 2918 generis
1715 2860 1809 2915 per

208 2944 523 3015 corporales
552 2957 742 2998 sensus
767 2941 1107 3012 attingimus;
1147 2940 1261 2993 hch
1288 2939 1378 2993 lux
1423 2954 1525 3009 qua
1569 2937 1668 2992 ista
1697 2950 1809 2990 ma-

208 3036 407 3091 nifesta
434 3045 580 3100 sunt,
625 3036 806 3104 utique
837 3034 976 3089 intus
1003 3032 1055 3087 in
1100 3031 1274 3085 anima
1302 3040 1400 3097 est,
1446 3029 1687 3101 quamvis
1716 3044 1810 3099 per

207 3142 413 3198 corpus
456 3126 750 3182 inferantur
777 3140 895 3195 quas
938 3124 1007 3178 ita
1050 3122 1371 3177 sentiuntur.
1408 3120 1645 3174 Tertium
1674 3117 1810 3173 lucis

207 3236 383 3292 genus
426 3237 481 3275 in
507 3220 765 3276 creaturis
789 3217 1230 3288 intelligi'potest,
1277 3230 1382 3285 quo
1407 3212 1806 3268 ratiocinamur.

209 3313 351 3369 Huic
395 3313 681 3368 contrariae
725 3311 959 3366 tenebrae
1003 3317 1127 3364 sunt
1176 3302 1627 3372 irrationabilitas,
1674 3303 1819 3359 sicut‘

207 3414 343 3462 sunt
366 3407 562 3460 anima:
588 3405 895 3465 bestiarum.

280 3496 381 3553 25.
420 3496 544 3553 Sive
564 3510 689 3568 ergo
714 3495 887 3550 lucem
910 3492 1217 3558 :etheream,
1246 3489 1357 3546 sive
1384 3485 1685 3543 sensualem
1714 3499 1810 3540 cu-

200 3588 302 3660 jus
321 3588 574 3644 animalia
599 3588 936 3659 participant,
952 3586 1081 3641 sive
1101 3583 1413 3639 rationalem
1442 3596 1600 3652 quam
1622 3580 1810 3650 Angeli

206 3691 271 3737 et
297 3681 547 3737 homines
576 3680 789 3744 habent,
818 3695 849 3733 a
890 3679 997 3733 Deo
1028 3677 1221 3732 factan:
1247 3674 1489 3744 primitus
1531 3674 1585 3727 in
1633 3688 1811 3727 rerum

208 3780 411 3825 natura
441 3771 554 3824 iure
579 3770 837 3824 sententia
857 3768 967 3821 vult
994 3766 1242 3837 intelligi;
1266 3764 1509 3819 divisisse
1534 3764 1703 3817 Deum
1730 3764 1811 3816 in-

209 3874 300 3922 ter
330 3864 507 3919 lucem
526 3871 581 3918 et
608 3862 873 3927 tenebras,
894 3876 959 3915 eo
985 3860 1100 3930 ipso
1118 3873 1223 3929 quo
1249 3858 1335 3910 lux
1364 3856 1498 3911 facta
1524 3863 1624 3920 est,
1648 3870 1810 3925 Opor-

208 3965 295 4013 tet
334 3954 524 4024 accipi,
558 3953 700 4024 quod
724 3952 865 4007 aliud
903 3961 987 4006 est
1022 3951 1133 4017 lux,
1162 3947 1306 4002 aliud
1348 3946 1450 4001 illa:
1490 3944 1812 4016 privatiOnes

208 4047 378 4115 lucis,
410 4059 545 4117 quas
565 4045 617 4100 in
647 4043 928 4100 contrariis
956 4040 1187 4096 tenebris
1212 4036 1477 4093 ordinavit
1502 4036 1661 4090 Deus.
1694 4032 1811 4090 Non

210 4142 367 4198 enim
408 4140 578 4194 Deum
622 4136 811 4192 fecisse
857 4135 1105 4190 tenebras
1147 4131 1345 4187 dictum
1397 4139 1481 4185 est
1511 4147 1523 4182 :
1556 4128 1807 4199 quoniam

211 4234 433 4305 species
460 4232 599 4303 ipsas
619 4231 760 4285 Deus
785 4227 929 4292 fecit,
953 4242 1055 4281 non
1084 4224 1405 4297 privationes
1432 4237 1549 4292 qum
1576 4220 1643 4275 ad
1673 4220 1811 4274 nihi-

210 4328 335 4383 lum
358 4324 644 4394 pertinent,
669 4321 807 4375 unde
831 4319 898 4373 ab
922 4318 1125 4373 artifice
1146 4317 1255 4370 Deo
1285 4315 1419 4369 facta
1446 4323 1569 4368 sunt
1597 4311 1807 4376 omnia;

210 4431 356 4487 quas
380 4424 555 4469 tamen
588 4412 655 4465 ab
676 4425 742 4465 eo
770 4408 1040 4464 ordinatas
1070 4407 1429 4476 intelligimus,
1454 4419 1576 4459 cum
1597 4403 1808 4468 dicitur,

213 4506 287 4562 Et
313 4505 482 4560 divisit
503 4502 641 4556 Deus
669 4504 797 4555 inter
818 4500 977 4554 lucem
998 4507 1043 4552 et
1069 4500 1312 4562 tenebras,
1340 4512 1406 4551 ne
1435 4496 1515 4551 vel
1544 4496 1671 4565 ipsa:
1700 4492 1810 4563 pri-

214 4599 471 4653 vationes
509 4610 613 4651 non
660 4593 919 4647 haberent
960 4590 1201 4645 ordinem
1245 4603 1421 4652 suum,
1469 4587 1581 4642 Deo
1621 4593 1811 4644 cuneta

217 4700 448 4763 regente
464 4696 621 4758 atque
641 4686 1062 4741 administrante.
1095 4682 1242 4737 Sicut
1272 4683 1324 4734 in
1353 4680 1614 4747 cantando
1644 4679 1812 4733 inter-

218 4784 519 4858 positiones
539 4782 870 4837 silentiorum
897 4778 1057 4835 certis
1082 4776 1474 4846 moderatisque
1498 4774 1808 4841 intervallis,

222 4875 471 4949 quamvis
495 4888 682 4928 vocum
708 4872 1027 4942 privationes
1050 4871 1175 4935 sint,
1206 4869 1340 4925 bene
1369 4878 1543 4923 tamen
1564 4869 1813 4924 ordinan-

226 4976 317 5021 tur
352 4967 423 5021 ab
463 4965 529 5020 iis
553 4964 644 5035 qui
672 4973 889 5019 cantare
934 4961 1128 5027 sciunt,
1169 4970 1223 5016 et
1268 4961 1513 5015 suavitati
1557 4962 1814 5015 universa:

226 5059 508 5114 cantilena:
552 5056 746 5127 aliquid
794 5054 1094 5111 conferunt.
1143 5054 1212 5108 Et
1256 5054 1457 5108 umbrae
1502 5055 1556 5107 in
1594 5053 1814 5124 picturis

227 5149 582 5206 eminentiora
611 5163 833 5219 quthue
869 5147 1215 5217 distinguunt,
1250 5162 1311 5200 ac
1342 5161 1447 5200 non
1478 5148 1675 5216 specie,
1719 5146 1812 5201 sed

228 5241 420 5299 ordine
444 5241 674 5311 placent.
712 5237 843 5293 Nam
882 5245 937 5292 et
962 5237 1209 5291 vitiorum
1250 5247 1555 5291 nostrorum
1586 5253 1691 5291 non
1734 5246 1816 5291 est

227 5343 417 5390 auctor
443 5332 617 5396 Deus;
648 5331 741 5386 sed
781 5340 955 5385 tamen
996 5329 1267 5383 ordinator
1307 5337 1409 5396 est,
1444 5344 1563 5383 cum
1604 5344 1668 5383 eo
1697 5330 1816 5385 loco

229 5433 542 5497 peccatores
563 5422 858 5488 constituit,
888 5430 940 5476 et
976 5436 1036 5475 ea
1065 5420 1265 5490 perpeti
1298 5420 1441 5489 cogit
1461 5436 1576 5490 qum
1603 5435 1815 5475 meren-

236 5529 340 5573 tur.
372 5518 455 5572 Ad
484 5517 587 5571 hoc
612 5516 749 5570 valet
779 5514 921 5585 quod
965 5529 1091 5568 oves
1120 5523 1389 5583 ponuntur
1427 5512 1493 5567 ad
1523 5513 1814 5581 dexteram,

234 5612 374 5667 haedi
404 5620 585 5666 autem
620 5610 684 5664 ad
714 5610 981 5663 sinistram
1009 5607 1220 5679 (Matth.
1259 5623 1390 5672 xxv,
1421 5607 1530 5677 55).
1566 5607 1819 5674 Quaedam

232 5718 363 5775 ergo
389 5713 448 5758 et
479 5701 610 5757 facit
646 5703 803 5771 Deus,
830 5711 896 5778 et
926 5701 1167 5769 ordinat;
1194 5699 1437 5771 quaedam
1464 5716 1587 5755 vero
1616 5708 1819 5756 tantum

296 5819 371 5883 (α)

1476 328 1682 386 LIBER
1720 326 2213 387 IMPERFECTUS.

1905 443 2133 498 ordinat.
2164 441 2343 499 Justos
2368 448 2421 497 et
2450 429 2591 510 facit,
2619 450 2674 498 et
2698 442 2939 509 ordinat;
2969 453 3274 516 peceatores
3308 458 3485 506 autem

1907 536 1961 591 in
1994 545 2253 608 quantum
2293 546 2600 607 peccatores
2640 546 2780 603 sunt,
2813 553 2917 592 non
2961 538 3106 607 facit,
3154 540 3248 595 sed
3278 543 3491 601 ordinat

1906 638 2131 685 tantum.
2158 630 2365 700 Quippe
2399 645 2519 684 cum
2554 629 2675 685 illos
2703 630 2768 685 ad
2794 630 3088 699 dexteram,
3117 632 3235 689 illos
3261 634 3329 690 ad
3355 636 3489 692 sini-

1907 731 2072 777 stram
2100 723 2393 787 constituit,
2423 721 2634 793 etquod
2663 722 2713 776 in
2738 723 2910 795 ignem
2934 733 3190 779 aeternum
3208 726 3356 795 jubet
3382 729 3481 794 ire,

1908 812 1974 869 ad
2005 814 2311 869 meritorum
2343 813 2583 870 ordinem
2624 814 2780 870 valet.
2823 814 2893 870 lla
2935 817 3145 886 species
3170 826 3490 890 naturasque

1908 905 2052 976 ipsas
2082 916 2135 962 et
2175 905 2320 971 facit,
2349 915 2403 962 et
2437 905 2678 972 ordinat;
2712 906 3035 978 privationcs
3073 918 3251 965 autem
3281 912 3487 981 specie;-

1908 1014 2027 1054 rum
2070 999 2410 1070 deiectusque
2448 1008 2753 1053 naturarum
2807 1014 2913 1053 non
2952 999 3095 1065 facit,
3147 998 3251 1055 sed'
3281 1001 3501 1057 ordinat

1911 1100 2134 1147 tantum.
2169 1092 2308 1146 Dixit
2346 1093 2541 1162 itaque,
2573 1088 2692 1144 Fiat
2731 1091 2853 1156 luat;
2889 1101 2934 1145 el
2960 1092 3095 1161 facta
3128 1101 3200 1146 est
3231 1092 3339 1147 lux.
3369 1093 3485 1148 Non

1910 1183 2070 1251 dixit,
2123 1182 2277 1237 Fiant
2323 1182 2588 1247 tenebrae;
2635 1190 2689 1235 et
2723 1181 2873 1236 l‘actce
2926 1189 3049 1236 sunt
3090 1182 3344 1238 tenebrae.
3384 1183 3492 1239 Hoc

1910 1290 2025 1327 rmn
2058 1288 2184 1343 ergo
2230 1288 2391 1327 unum
2419 1271 2561 1338 fecit,
2604 1271 2828 1325 alterum
2875 1287 2980 1325 non
3023 1270 3161 1338 fecit,
3210 1281 3491 1344 utrumque

1913 1373 2086 1420 tamen
2120 1364 2402 1430 ordinavit,
2428 1380 2549 1419 cum
2576 1363 2752 1417 divisit
2782 1363 2924 1418 Deus
2964 1365 3104 1419 inter
3127 1364 3298 1419 lucem
3324 1377 3376 1420 et
3403 1374 3483 1423 te-

1911 1457 2120 1511 nebras.
2156 1456 2228 1510 lta
2272 1465 2325 1511 et
2363 1457 2477 1527 ipso
2517 1456 2740 1510 faciente
2776 1455 2994 1526 pulchra
3024 1464 3155 1511 sunt
3182 1457 3406 1529 singula,
3436 1467 3505 1515 et‘

1911 1548 2026 1618 ipso
2047 1548 2327 1603 ordinante
2356 1548 2574 1618 pulchra
2594 1554 2720 1603 sunt
2748 1547 2945 1601 omnia.

1982 1636 2208 1694 CAPUT
2250 1637 2333 1691 γι.
2362 1669 2431 1677 —-
2454 1637 2542 1693 9.6.
2585 1637 2650 1691 Et
2684 1639 2872 1692 vocavit
2898 1637 3034 1693 Deus
3064 1637 3225 1694 limem
3263 1639 3411 1707 diem,
3443 1651 3507 1697 et

1914 1730 2141 1784 tenebras
2160 1732 2348 1784 vocavit
2370 1739 2581 1784 noctem.
2604 1729 2735 1785 Cum
2761 1739 2814 1785 et
2838 1732 2935 1785 lux»
2950 1746 3141 1786 nomen
3173 1733 3249 1786 sit‘
3266 1732 3503 1804 alicujus

1910 1821 2009 1888 rei,
2039 1829 2093 1875 et
2120 1821 2234 1875 dics
2260 1835 2493 1887 rursum,
2528 1829 2585 1875 et
2616 1822 2851 1877 tenebrae
2892 1830 2946 1876 et
2978 1837 3084 1877 nox
3114 1831 3396 1895 utrumque
3426 1826 3507 1880 sit‘

1910 1929 2126 1978 nomen,
2156 1922 2439 1985 utrumque
2458 1913 2529 1967 ita
2554 1913 2659 1968 dici
2684 1915 2933 1984 oportuit,
2966 1915 3179 1970 nomina
3209 1917 3369 1971 rebus
3392 1917 3491 1971 im-

1911 2004 2081 2074 posita
2110 2020 2248 2071 esse,
2286 2013 2341 2059 ut
2365 2004 2453 2059 illa
2478 2019 2567 2059 res
2598 2005 2683 2059 cui
2710 2020 2913 2060 nomen
2930 2006 3231 2076 impositum
3264 2016 3364 2073 est,
3395 2007 3498 2064 uti-

1911 2114 2013 2169 que
2067 2099 2171 2152 alio
2217 2113 2427 2169 quoque
2469 2100 2704 2166 nomine,
2754 2114 2861 2155 non
2904 2100 3044 2155 enim
3094 2101 3246 2155 aliter
3290 2109 3507 2172 poterat

1911 2190 2248 2244 enuntiare“.
2296 2189 2363 2244 Et
2404 2189 2476 2243 ita
2518 2188 2715 2245 dictum
2760 2197 2862 2257 est,
2912 2188 3129 2244 Vocavit
3156 2189 3497 2246 Deus'lttcem

1912 2282 2065 2350 diem,
2098 2292 2156 2337 ut
2183 2282 2543 2339 indifferenter
2572 2284 2731 2338 etiam
2754 2278 2859 2338 dici
2886 2297 3143 2339 converse
3168 2292 3367 2354 posset.
3391 2284 3499 2339 VO-

1912 2373 2050 2426 cavit
2081 2374 2219 2427 Deus
2247 2372 2387 2428 diem
2432 2374 2624 2438 lucem,
2663 2384 2715 2428 et
2743 2372 2951 2428 vocavit
2981 2380 3191 2428 noctem
3230 2375 3497 2431 tenebras.

1912 2466 2048 2534 Quid
2088 2466 2134 2521 ei
2175 2467 2633 2537 respondebimus,
2674 2468 2718 2522 si
2756 2468 2874 2538 quis
2909 2483 2953 2523 ar
2980 2469 3135 2523 nobis
3163 2469 3231 2524 ita
3267 2470 3495 2541 quaerit:

1913 2558 2042 2613 Luci
2072 2574 2265 2614 nomen
2293 2561 2594 2631 impositum
2617 2571 2698 2615 est
2720 2560 2854 2627 dies,
2882 2572 2947 2615 an
2975 2560 3079 2618 diei
3106 2574 3300 2617 nomen
3331 2563 3500 2633 impo-

1913 2649 2075 2703 situm
2103 2659 2181 2704 est
2210 2651 2339 2704 lux?
2366 2652 2486 2720 quia
2517 2651 2633 2705 hcce
2671 2652 2776 2705 duo
2808 2651 3009 2722 utique,
3042 2652 3096 2706 i'n
3136 2662 3387 2723 quantum
3430 2654 3499 2709 ad

1913 2754 1999 2796 res
2026 2743 2400 2813 signiﬁcandas
2428 2743 2701 2798 articulata
2738 2756 2871 2798 voce
2899 2745 3257 2813 enuntiantur’,
3287 2746 3500 2802 nomina

1915 2841 2058 2887 sunt.
2089 2832 2200 2888 lloc
2237 2834 2397 2889 modo
2425 2835 2585 2889 etiam
2614 2835 2681 2890 de
2708 2835 2826 2891 aliis
2855 2835 3249 2908 duobusquaeri
3286 2847 3459 2909 potest
3483 2857 3497 2895 :

1916 2918 2173 2979 Tenebris
2193 2939 2387 2980 nomen
2420 2926 2724 2995 impositam
2751 2935 2833 2982 est
2862 2942 2988 2995 nox,
3022 2942 3093 2983 an
3115 2929 3255 2984 nocti
3286 2930 3500 3001 imposit-

1918 3022 2026 3069 tum
2071 3022 2382 3071 estnomen
2424 3017 2699 3073 tenebrae?
2737 3018 2817 3073 Et‘
2851 3019 3087 3089 quidem,
3130 3028 3187 3075 ut
3230 3020 3501 3094 Scriptura

1916 3104 2188 3174 describit,
2230 3108 2566 3164 manifestum
2611 3118 2692 3164 est
2735 3110 2875 3166 lucis
2912 3120 3103 3166 nomen
3146 3112 3347 3169 dictum
3383 3128 3519 3170 esse

1916 3196 2077 3263 diem,
2106 3206 2159 3253 et
2182 3198 2515 3254 tenebrarum
2540 3216 2733 3255 nomen
2759 3200 2965 3256 dictum
2982 3216 3101 3258 esse
3122 3213 3349 3259 noctem.
3369 3204 3501 3274 Quia

1915 3301 2035 3342 cum
2068 3287 2288 3356 diceret,
2320 3288 2463 3346 Deus
2493 3290 2625 3345 fecit'
2641 3291 2835 3357 lucem,
2869 3299 2930 3347 ει·
2960 3292 3304 3350 ἀίνὶεἱῑ’ὶιιιει·
3329 3296 3501 3352 lucent

1916 3387 1971 3433 et
2015 3380 2283 3446 tenebras,
2331 3380 2661 3437 nondum‘de
2687 3381 2973 3439 vocabulis
2998 3385 3291 3455 agebatur:
3320 3394 3515 3456 postea

1914 3470 2149 3525 adhibita
2177 3480 2307 3525 sunt
2325 3472 2603 3539 vocabula,
2633 3471 2748 3527 dies
2773 3481 2829 3528 et
2853 3488 2988 3540 nox;
3017 3490 3137 3530 cum
3167 3485 3231 3530 et
3254 3476 3353 3531 illa
3383 3478 3507 3534 sine

1916 3561 2079 3616 dubio
2114 3563 2369 3618 vocabula
2400 3565 2524 3628 sint,
2555 3564 2653 3619 lux
2674 3574 2729 3619 et
2760 3566 3013 3633 tenebrte,
3065 3578 3152 3623 res
3195 3569 3409 3640 aliquas
3430 3570 3503 3626 si-

1915 3652 2239 3722 gniﬁcantia,
2271 3653 2408 3708 sicut
2432 3654 2547 3709 dies
2573 3665 2631 3709 et
2655 3668 2780 3709 nox.
2817 3655 2960 3726 Ergo
2990 3657 3107 3711 hoc-
3136 3658 3504 3730 ita-accipien-

1918 3744 2042 3798 dam
2066 3754 2167 3809 est,
2197 3746 2316 3815 quia
2349 3746 2613 3800 enuntiari
2633 3747 2923 3802 aliternon
2942 3757 3237 3818 posset‘res
3264 3764 3380 3820 que
3410 3762 3505 3808 no-

1919 3850 2049 3890 men
2069 3836 2294 3906 accepit,
2322 3836 2422 3891 nisi
2449 3836 2626 3907 aliquo
2647 3838 2894 3904 nomine;
2920 3853 2986 3893 an
3013 3840 3186 3909 potius
3216 3840 3314 3895 ista
3344 3850 3506 3898 voca-

1919 3929 1991 3984 tio
2011 3930 2319 3999 accipienda
2346 3938 2428 3985 est
2444 3931 2554 4000 ipsa
2582 3930 2899 3986 distinctio?
2920 3931 3035 3987 Non
3054 3934 3195 3987 enim
3222 3934 3403 3990 omnis
3416 3935 3507 3991 lu:

1917 4014 2051 4084 dies,
2074 4028 2164 4073 aut
2192 4034 2379 4075 omnes
2405 4021 2636 4076 tenebras
2668 4037 2803 4089 nox;
2830 4023 2933 4077 sed
2948 4023 3041 4077 lux
3064 4031 3123 4078 et
3136 4025 3371 4081 tenebras
3387 4040 3504 4082 corn

1919 4111 1984 4165 tis
2023 4112 2164 4166 inter
2194 4127 2254 4167 se
2282 4113 2484 4169 vicibus
2522 4115 2973 4186 ordinatte-‘atque
3000 4114 3285 4187 distinctae,
3318 4112 3530 4177 diei‘et“

1918 4205 2092 4259 noctis
2126 4207 2429 4261 nominibus
2466 4208 2819 4277 appellantur".
2852 4206 3022 4266 Omne
3050 4212 3245 4283 quippe
3270 4215 3507 4272 vocabu—

1920 4295 2025 4349 lum
2056 4295 2119 4349 ad
2143 4294 2541 4351 distinctionem
2572 4298 2731 4353 valet.
2762 4295 3103 4355 Unde'etiam
3129 4316 3323 4359 nomen
3361 4305 3507 4377 quod

1918 4401 2031 4440 rem
2054 4395 2221 4451 notet,
2253 4388 2573 4456 appellatum
2599 4398 2700 4455 est,
2737 4391 2891 4460 quasi
2918 4402 3188 4447 notame‘n;
3220 4393 3387 4449 Nutett
3406 4406 3506 4451 att-

1919 4482 2047 4543 t‘em,
2074 4476 2125 4530 id
2160 4485 2241 4531 est
2263 4477 2555 4547 distinguat
2578 4478 3059 4535 et‘doctitanterad
3093 4481 3504 4542 discernendum

1920 4566 2153 4637 adjuvet.
2181 4567 2433 4622 Fortasse
2466 4569 2789 4638 ergo-ipsum
2814 4569 3063 4627 divisiSse
3088 4572 3429 4631 inter-lucem
3454 4584 3511 4633 et

1919 4659 2185 4722 tenebras,
2209 4659 2309 4713 hoc
2330 4667 2412 4713 est
2436 4674 2655 4715 vocasse
2676 4660 2847 4715 lucem
2873 4661 3037 4730 diem,
3063 4672 3127 4719 et
3147 4666 3510 4724 tenebrasno-

1919 4762 2078 4819 ctem,
2112 4761 2170 4807 ut
2198 4753 2299 4808 hoc
2323 4752 2401 4808 sit
2413 4754 2689 4809 ordinasse
2724 4754 2823 4810 ista
2852 4756 2994 4826 quod
3023 4768 3265 4813 vocasse.
3294 4761 3509 4819 An'ista

1920 4846 2174 4901 vocabula
2205 4845 2506 4915 signiﬁcare
2534 4846 2687 4902 nobis
2711 4848 2898 4903 volunt
2915 4851 3504 4919 quam-lucemdixerit,

1920 4944 1973 4993 et
2003 4953 2133 5008 quas
2161 4938 2435 5004 tenebras;
2467 4946 2719 5010 tanquam
2745 4941 2790 4996 si
2828 4941 3053 5012 diceret,
3083 4943 3399 5001 Εεείιέῡειιε
3425 4947 3509 5000 lu-

1920 5046 2057 5099 cem,
2093 5038 2147 5086 et
2170 5030 2713 5088 divisit‘inter‘luecm
2736 5041 2797 5088 et
2820 5034 3107 5103 tenebras;
3127 5037 3300 5092 lucem
3326 5046 3506 5095 autem

1920 5124 2039 5179 dico
2059 5124 2220 5189 diem,
2246 5132 2299 5180 et
2320 5125 2564 5181 tenebras
2593 5125 2714 5181 dico
2732 5138 2942 5184 noctem
2968 5145 2989 5182 :‘
3003 5130 3325 5200 nealiquam
3346 5131 3504 5188 aliam

1922 5216 2094 5270 lucem
2118 5215 2398 5286 intelligas,
2427 5231 2551 5287 quae
2568 5219 2907 5275 nonvsitdles
2925 5229 3121 5286 ;et'ne-
3135 5222 3503 5291 aliquae-taliae

1926 5308 2171 5364 tenebras
2207 5308 2485 5378 intelligas,
2515 5324 2632 5379 quae
2668 5311 3078 5367 uon'sintnox?
3101 5312 3508 5372 Natnrsi-‘omnls

1925 5416 1965 5441 Μ’
1988 5445 2006 5518 ξ
2032 5450 2118 5518 Ms.
2149 5443 2407 5518 it'aticanus
2449 5445 2847 5518 omittitquoque
2879 5459 2897 5497 :
2922 5453 2973 5518 et
3025 5446 3307 5518 paulo‘post
3338 5449 3506 5514 habet,

1923 5510 2106 5570 poterat
2134 5507 2507 5576 enuntiaretuhi
2533 5507 2977 5576 editidltaliuerunt,
3002 5507 3182 5571 p'oterat
3197 5507 3505 5576 'emnnerarel

2105 5568 2320 5635 profecto
2350 5582 2375 5617 a
2401 5568 2621 5638 librariis
2644 5571 2866 5638 foedatus,
2899 5568 3045 5638 atque
3086 5575 3343 5638 explanetis
3374 5574 3510 5627 hisce

1924 5631 2107 5702 verbis,
2125 5630 2313 5678 nonum:
2338 5631 2477 5702 rebus
2500 5630 2717 5702 imparati
2740 5646 2859 5702 esse,
2878 5630 2987 5702 quae
3012 5634 3135 5702 haud
3155 5630 3303 5685 dubie
3330 5649 3358 5685 e
3381 5651 3508 5686 mar-

1923 5694 2048 5769 gine;
2058 5696 2377 5769 irrepserunt,
2404 5694 2734 5769 eniletidandus.
2756 5694 2959 5764 nuncin
2982 5695 3173 5765 modum
3209 5711 3222 5747 :
3256 5705 3510 5769 utrumque

1924 5752 2115 5829 ίὲξεμίρί
2134 5752 2358 5829 ονίξίξξέέτυ
2381 5762 2433 5804 αι
2452 5754 2540 5824 μία
2558 5772 2634 5829 ιζξζδ
2655 5755 2735 5804 cui
2754 5769 2927 5829 ,ηοηὲίέη
2942 5756 3213 5829 imptum"
3234 5768 3323 5829 εδει
3346 5752 3507 5827 utili!“

1926 5813 2025 5870 alio
2036 5813 2233 5870 me:
2249 5813 2362 5881 (mn
2382 5815 2509 5870 autin
2528 5817 2675 5870 auter
2688 5819 2893 5884 poterat)
2904 5813 3259 5875 mereamur.
