4056 6516
526 404 625 462 25!

526 522 619 582 lux
641 520 757 578 dies
779 518 949 592 possit
970 516 1212 590 intelligi,
1254 525 1310 573 et
1341 528 1529 572 omnes
1554 511 1789 568 tenebrse
1814 510 1985 566 noctis
2012 525 2115 566 no-

529 617 672 673 mine
700 619 1068 677 ceusereutur,
1097 610 1319 665 fortasse
1347 623 1452 663 non
1480 620 1615 676 opus
1642 612 1788 661 esset
1812 603 2014 670 dicere,
2047 600 2117 656 Et

530 706 718 763 uocauit
746 704 882 759 Deus
903 704 1061 758 lucem
1083 696 1237 767 diem,
1266 709 1311 753 et
1332 698 1559 753 tenebras
1579 693 1767 749 vocavit
1790 703 2004 749 noctem.

599 799 692 855 27.
732 798 862 854 Item
888 796 1053 868 quaeri
1084 801 1259 866 potest
1299 806 1456 861 quem
1492 789 1633 844 diem
1664 787 1823 855 dicat,
1865 796 1920 843 et
1958 801 2118 858 quam

530 900 763 948 noctem.
794 888 850 945 Si
892 887 1051 943 istum
1076 885 1216 941 diem
1256 882 1366 937 vult
1402 880 1571 951 accipi
1605 894 1764 951 quem
1804 879 1935 934 solis
1969 888 2118 934 ortus

533 980 769 1047 inchoat,
809 990 862 1034 et
899 976 1098 1034 claudit
1136 988 1380 1040 occasus,
1421 980 1475 1028 et
1504 972 1656 1026 istam
1686 979 1898 1027 noctem
1925 985 2044 1042 qua).
2086 984 2116 1025 a

530 1074 661 1131 solis
689 1085 882 1129 occasu
926 1083 1092 1140 usque
1133 1068 1187 1123 in
1216 1074 1393 1122 ortum
1435 1064 1700 1132 tenditur;
1744 1079 1855 1120 non
1885 1062 2119 1134 invenio

531 1163 795 1237 quomodo
816 1177 934 1219 esse
953 1159 1244 1231 potuerint,
1269 1168 1554 1228 antequam
1581 1155 1705 1213 cceli
1730 1155 2009 1212 luminaria
2034 1153 2117 1209 fa-

528 1266 614 1313 cta
652 1263 853 1312 essent.
902 1251 985 1307 An
1026 1250 1141 1322 ipsa
1182 1249 1353 1320 spatia
1392 1247 1645 1303 horarum
1691 1257 1747 1304 et
1795 1256 2115 1318 temporum,

530 1348 692 1406 etiam
718 1346 835 1402 sine
871 1341 1180 1399 discrimine
1215 1340 1431 1412 fulgoris
1455 1348 1614 1412 atque
1653 1339 1878 1407 umbrae,
1904 1337 2018 1410 jam
2046 1338 2120 1393 ita

529 1437 708 1494 vocari
747 1431 1067 1507 potuerunt?
1107 1434 1168 1489 Et
1203 1430 1473 1505 quomodo
1500 1431 1554 1486 in
1582 1430 1726 1487 illam
1754 1430 1926 1487 lucem
1952 1427 2118 1485 ratio-

530 1526 729 1594 nalem,
755 1525 801 1582 si
824 1524 940 1580 haec
963 1523 1261 1596 signiﬁcata
1284 1530 1386 1589 est,
1410 1531 1502 1578 aut
1521 1521 1822 1578 sensualem
1842 1520 1984 1577 cadit
2005 1521 2121 1579 hac

533 1620 873 1690 vicissitudo,
911 1637 1029 1693 quae
1059 1620 1277 1677 nomine
1313 1619 1420 1676 diei
1458 1627 1514 1675 et
1552 1619 1724 1674 noctis
1755 1615 2120 1689 significatur?

530 1714 614 1771 An
646 1730 754 1771 non
785 1715 1081 1772 secundum
1108 1714 1250 1786 quod
1290 1714 1487 1779 evenit,
1524 1711 1620 1770 sed
1655 1712 1948 1769 secundum
1973 1710 2119 1783 quod

528 1815 706 1877 potest
726 1807 963 1875 evenire,
986 1807 1084 1861 ista
1108 1806 1371 1862 insinuata
1395 1812 1554 1872 sunt;
1583 1804 1707 1876 quia
1734 1810 1789 1859 et
1814 1802 2005 1858 rationi
2024 1808 2123 1875 po-

528 1905 637 1955 test
658 1913 809 1955 error
842 1896 1151 1966 succedere,
1182 1905 1237 1953 et
1264 1898 1443 1953 sensui
1469 1895 1712 1967 qumdam
1743 1893 2042 1951 stoliditas?

601 1989 828 2046 CAPUT
871 1988 981 2045 VII.
1007 2018 1079 2028 -
1101 1988 1193 2044 28.
1233 1987 1302 2043 Et
1328 1988 1464 2058 facta
1490 1995 1561 2042 est
1600 2001 1827 2056 vespera,
1857 1991 1903 2039 et
1928 1985 2121 2057 factum

528 2089 604 2134 est
627 2096 776 2133 mane
795 2079 902 2133 dies
930 2096 1080 2133 unus.
1112 2077 1226 2134 Non
1257 2076 1446 2133 eodem
1470 2074 1630 2131 modo
1658 2090 1799 2130 nunc
1822 2074 2122 2146 appellatur

530 2172 667 2239 dies,
695 2187 800 2243 quo
830 2187 952 2227 cum
979 2171 1268 2238 diceretur,
1294 2169 1362 2225 Et
1386 2171 1576 2226 vocavit
1596 2169 1737 2225 Deus
1766 2170 1932 2224 lucem
1954 2168 2119 2234 diem;

529 2263 627 2320 sed
667 2279 732 2319 eo
759 2262 918 2319 modo
946 2278 1052 2335 quo
1069 2253 1325 2330 dicimus,
1357 2261 1503 2317 verbi
1532 2261 1721 2333 gratia,
1768 2259 1981 2332 triginta
2007 2259 2121 2316 dies

529 2354 729 2431 habere
758 2370 995 2411 mensem
1024 2372 1038 2410 :
1072 2354 1174 2410 hoc
1199 2355 1343 2410 enim
1382 2353 1597 2409 nomine
1630 2352 1736 2408 diei
1775 2360 1960 2408 noctes
1987 2366 2121 2422 quo-

528 2462 633 2518 que
652 2446 970 2504 includimus
990 2465 1003 2514 ;
1036 2448 1281 2518 superius
1301 2455 1479 2501 autem
1503 2446 1577 2501 ita
1596 2444 1769 2502 dictus
1787 2454 1872 2501 est
1898 2444 2033 2513 dies,
2064 2453 2123 2501 ut

527 2553 561 2593 ιι
589 2548 747 2594 nocte
764 2539 1158 2612 sejungeretur.
1181 2538 1365 2610 Itaque
1384 2553 1506 2593 cum
1532 2537 1619 2592 illa
1640 2537 1879 2608 operatio
1899 2536 2001 2592 diei
2026 2551 2123 2607 per

529 2630 707 2689 lucem
749 2642 897 2702 gesta
931 2633 1310 2711 insinuaretur,
1343 2638 1735 2701 consequenter
1760 2628 1953 2687 factam
1984 2628 2120 2685 dici-

530 2730 618 2779 tur
637 2739 756 2781 esse
780 2739 1078 2795 vesperam,
1114 2731 1173 2780 et
1198 2724 1394 2780 factum
1419 2737 1539 2780 esse
1564 2736 1723 2778 mane
1751 2720 1894 2777 diem
1921 2737 2117 2789 unum;

530 2824 589 2872 ut
609 2817 816 2872 scilicet
837 2816 907 2872 sit
928 2832 1063 2873 unus
1083 2816 1199 2874 dies
1227 2832 1259 2872 a
1280 2825 1457 2886 empto
1482 2815 1570 2871 die
1599 2830 1768 2886 usque
1796 2813 1863 2869 ad
1889 2822 2121 2886 emptum

530 2906 692 2974 diem,
722 2906 773 2962 id
799 2915 883 2964 est
906 2923 939 2963 a
965 2922 1125 2965 mane
1162 2922 1331 2979 usque
1362 2906 1433 2962 ad
1455 2921 1631 2972 mane,
1661 2906 1846 2977 quales
1869 2904 1986 2962 dies
2022 2921 2121 2962 an-

531 3004 843 3071 numeratis,
867 3013 925 3060 ut
944 3004 1072 3070 dixi,
1093 3005 1337 3061 noctibus
1358 3005 1709 3076 appellamus.
1732 3002 1841 3060 Sed
1856 3004 2123 3075 quomodo

530 3096 669 3154 facta
690 3107 774 3153 est
802 3112 1044 3170 vespera,
1066 3105 1123 3155 et
1146 3098 1343 3153 factum
1367 3105 1453 3155 est
1478 3097 1673 3152 mane?
1693 3098 1774 3151 An
1802 3102 1945 3152 tanta
1973 3110 2123 3152 mora

532 3188 787 3264 temporis
816 3188 941 3243 fecit
968 3188 1144 3244 lucem
1189 3188 1350 3255 Deus,
1399 3195 1455 3243 et
1478 3186 1661 3243 divisit
1686 3186 1825 3242 inter
1858 3186 2030 3241 lucem
2069 3194 2126 3242 et

434 3310 441 3317 η
532 3279 802 3346 tenebras,
849 3287 1042 3350 quanta
1087 3293 1236 3335 mora
1281 3277 1517 3335 tenditur
1553 3277 1668 3333 dies
1708 3277 1912 3345 lucens,
1949 3275 2004 3331 id
2042 3286 2126 3332 est

533 3388 641 3429 non
668 3383 1016 3428 annumerata
1041 3370 1237 3427 nocte?
1259 3371 1324 3426 Et
1350 3370 1436 3426 ubi
1462 3378 1547 3425 est
1571 3369 1714 3441 quod
1741 3369 1996 3439 scriptum
2017 3375 2121 3437 est,

538 3461 721 3519 Subest
758 3462 888 3517 enim
926 3461 1036 3531 tibi,
1072 3478 1186 3516 cum
1223 3461 1356 3517 uoles
1394 3477 1538 3532 posse
1587 3460 1757 3533 (Sap.
1788 3476 1882 3528 xu,
1914 3460 2039 3531 l8),
2078 3460 2123 3516 si

532 3570 668 3627 opus
694 3565 779 3612 est
814 3555 925 3611 Deo
959 3554 1309 3633 productione
1345 3554 1618 3624 temporis,
1652 3560 1712 3608 ut
1736 3553 1936 3625 aliquid
1966 3552 2124 3623 perﬁ-

531 3645 671 3705 ciat?
698 3646 781 3701 An
806 3645 985 3701 omnia
1027 3645 1242 3717 quidem
1288 3655 1536 3716 tanquam
1579 3644 1791 3719 in‘arte
1831 3652 1992 3714 atque
2032 3660 2123 3700 ra-

532 3739 676 3795 tione
694 3738 929 3810 perfecta
950 3746 1074 3794 sunt
1097 3738 1231 3806 Deo,
1254 3753 1362 3793 non
1382 3738 1435 3792 iu
1464 3736 1815 3808 productione
1844 3736 2120 3808 temporis,

533 3830 629 3887 sed
657 3830 710 3886 in
739 3829 852 3901 ipsa
878 3830 930 3899 vi
954 3844 1059 3900 qua
1089 3829 1207 3885 illas
1231 3829 1391 3887 etiam
1419 3843 1528 3895 res,
1557 3842 1689 3900 quas
1712 3842 1818 3882 non
1846 3835 2008 3895 stare,
2028 3826 2124 3883 sed

539 3921 765 3980 transire
791 3920 1080 3989 cernimus,
1120 3920 1383 3976 stabiliter
1422 3919 1617 3976 efﬁcit?
1644 3919 1760 3974 Non
1799 3919 1943 3975 enim
1981 3926 2035 3974 et
2067 3918 2123 3974 in

532 4026 781 4069 sermone
803 4021 984 4068 nostro
1005 4027 1128 4068 cum
1151 4011 1314 4067 verba
1337 4010 1439 4066 alia
1467 4019 1762 4079 transeant,
1788 4018 1845 4066 et
1868 4009 1971 4065 alia
2001 4024 2126 4067 suc-

535 4104 749 4171 cedant,
789 4103 1044 4161 credibile
1072 4111 1156 4161 est
1193 4102 1265 4159 ita
1303 4102 1420 4159 ﬁeri
1450 4101 1505 4157 in
1551 4102 1664 4174 ipsa
1694 4110 1835 4171 arte,
1864 4116 1968 4172 qua
1993 4116 2123 4172 ope-

536 4204 690 4254 rante
714 4196 976 4254 stabiliter
1004 4194 1291 4251 artiﬁciosa
1316 4192 1550 4250 occurrit
1583 4192 1774 4267 oratio.
1813 4191 2124 4264 Quanquam

536 4305 665 4362 ergo
693 4290 811 4346 sine
838 4288 1190 4361 productione
1215 4287 1472 4358 temporis
1497 4285 1656 4342 faciat
1688 4286 1850 4355 Dens,
1883 4285 1970 4342 cui
1996 4287 2124 4343 sub-

536 4394 621 4442 est
653 4399 815 4457 posse
836 4398 959 4440 cum
995 4383 1168 4449 volet;
1197 4383 1328 4455 ipsa:
1360 4390 1538 4437 tamen
1568 4387 1771 4436 naturae
1803 4379 2126 4451 temporales

534 4486 713 4535 motus
752 4491 878 4534 suos
904 4474 1275 4548 temporaliter
1305 4481 1585 4546 peragunt.
1628 4473 1706 4529 Ita
1744 4487 1873 4545 ergo
1901 4472 2126 4529 fortasse

534 4570 734 4627 dictum
755 4580 858 4638 est,
880 4568 950 4625 Et
975 4571 1108 4642 facta
1124 4577 1199 4624 est
1224 4582 1453 4639 vespera,
1475 4575 1522 4622 et
1550 4565 1738 4637 factum
1758 4574 1828 4619 est
1853 4580 2001 4618 mane
2019 4563 2125 4619 dies

535 4680 687 4731 unus,
736 4664 875 4720 sicut
908 4663 1114 4718 ratione
1162 4659 1486 4732 prOSpicitur
1524 4659 1596 4715 ita
1640 4657 1756 4714 ﬁeri
1794 4656 1993 4713 debere
2034 4664 2127 4712 aut

537 4771 719 4828 posse,
750 4770 854 4812 non
880 4756 949 4812 ita
972 4765 1032 4810 ιιι
1061 4754 1121 4810 ﬁt
1145 4752 1529 4826 temporalibus
1558 4751 1888 4807 tractatibus.
1914 4749 2048 4806 Nam
2071 4750 2124 4805 in

538 4847 651 4917 ipsa
677 4848 884 4902 ratione
906 4845 1270 4917 operationem
1289 4842 1677 4914 contemplatus
1700 4848 1784 4897 est
1800 4842 1815 4873 ¹
1840 4841 1893 4897 in
1925 4840 2127 4912 Spiritu

538 4948 746 5007 sancto,
772 4938 863 5010 qui
889 4937 1041 5005 dixit,
1068 4922 1170 5004 Qui
1198 4937 1365 4990 manet
1393 4935 1446 4989 in
1481 4942 1723 4990 (sternam
1743 4934 1928 4988 creavit
1956 4932 2127 4988 omnia

538 5030 694 5087 simul
709 5029 895 5102 (Eccli.
916 5044 1071 5097 xvut,
1094 5026 1150 5103 l)
1179 5046 1193 5084 :
1216 5027 1311 5084 sed
1330 5025 1761 5084 commodissime
1782 5025 1835 5081 in
1857 5026 1946 5081 illo
1965 5025 2122 5096 libro,

539 5126 691 5197 quasi
730 5139 1000 5181 morarum
1024 5139 1121 5197 per
1145 5120 1423 5178 intervalla
1449 5119 1707 5176 factarum
1740 5135 1773 5175 a
1808 5119 1917 5174 Deo
1945 5134 2124 5174 rerum

540 5217 745 5289 digesta
773 5215 1010 5273 narratio
1036 5222 1141 5282 est,
1177 5222 1235 5270 ut
1259 5214 1372 5286 ipsa
1398 5211 1696 5284 dispositio,
1727 5225 1847 5281 qua:
1879 5210 1948 5265 ab
1980 5209 2129 5265 inﬁr-

538 5312 798 5369 mioribus
841 5311 1036 5368 animis
1079 5309 1533 5380 contemplatione
1579 5306 1754 5362 stabili
1804 5305 1974 5362 videri
2019 5321 2126 5361 non

541 5413 770 5475 poterat,
814 5419 908 5475 per
947 5401 1252 5474 huiusmodi
1293 5400 1537 5456 ordinem
1573 5396 1838 5453 sermonis
1883 5396 2126 5467 exposita

542 5496 694 5567 quasi
719 5495 836 5552 istis
855 5494 1025 5551 oculis
1047 5501 1378 5549 cerneretur.

613 5586 839 5643 CAPUT
871 5585 1002 5642 Vill.
1028 5584 1208 5641 —-29.
1255 5583 1317 5638 Et
1344 5581 1473 5671 diatt't
1498 5582 1658 5650 Deus,
1693 5580 1811 5635 Fiat
1840 5581 2128 5646 ﬁrmamen-

541 5688 648 5735 tum
667 5679 721 5733 in
746 5678 911 5735 medio
924 5692 1087 5749 aquae,
1107 5686 1151 5731 et
1170 5676 1233 5730 sit
1250 5674 1476 5730 dieidem
1495 5674 1623 5729 inter
1647 5689 1830 5744 aquam
1849 5681 1896 5727 et
1921 5688 2124 5745 aquam.

544 5812 547 5817 '
600 5814 633 5847 ’ί
669 5813 956 5878 us.vattc.,
992 5809 1217 5878 temporis
1249 5810 1499 5864 tractibus.
1544 5820 1647 5868 non
1694 5810 1851 5878 ipsam
1895 5810 2130 5867 rationem

537 5876 864 5940 operationwn
894 5873 1237 5939 cenwntptatus
1258 5883 1346 5936 est,
1372 5883 1471 5929 etc.

1444 396 1538 455 DE
1575 393 1821 454 GENESI
1858 391 1951 451 AD
1987 393 2360 466 LITTERAM,
2403 395 2462 455 S.
2501 397 2871 458 AUGUSTINI

3705 403 3816 463 252

2221 510 2292 566 Et
2317 512 2390 567 sic
2418 515 2606 585 factum
2633 522 2724 568 est.
2752 513 2817 569 Et
2846 515 2962 586 fecit
2990 512 3130 572 Deus
3148 517 3543 588 firmamentum,
3571 528 3618 575 et
3642 520 3812 576 divisit

2220 605 2351 660 inter
2386 623 2568 677 aquam
2596 622 2709 675 qua
2739 615 2845 661 erat
2883 608 2974 663 sub
3002 609 3341 678 ﬁrmamento,
3379 621 3433 666 et-
3464 612 3594 668 inter
3625 629 3814 685 aquam

2220 714 2335 769 quae
2373 707 2478 752 erat
2516 716 2674 769 supra
2701 698 3095 770 ﬁrmamentum.
3130 700 3316 759 Utrum
3347 717 3497 774 aqua:
3532 705 3666 761 tales
3703 706 3817 762 sint

2222 803 2383 861 supra
2406 789 2818 861 ﬁrmamentum,
2845 792 3029 862 quales
3054 792 3155 848 sub
3183 792 3521 850 ﬁrmamento
3541 796 3657 851 ista:
3684 795 3818 852 visi-

2221 880 2397 938 biles?
2423 896 2493 937 an
2519 882 2641 954 quia
2674 882 2816 938 illam
2848 897 3041 954 aquam
3069 883 3282 940 videtur
3303 884 3622 956 signiﬁcare,
3650 899 3817 957 supra

2221 989 2381 1046 quam
2410 972 2641 1044 Spiritus
2680 974 2972 1042 ferebatur,
3013 983 3067 1030 et
3099 989 3216 1031 eam
3246 974 3669 1047 intelligebamus
3692 990 3819 1032 esse

2222 1066 2391 1138 ipsam
2437 1066 2622 1122 mundi
2666 1067 2965 1135 materiam,
2989 1065 3103 1121 haec
3143 1066 3308 1121 etiam
3356 1067 3458 1122 hoc
3486 1066 3605 1122 loco
3635 1065 3819 1121 ﬁrma-

2177 1154 2186 1161 ’
2222 1166 2405 1216 mento
2431 1159 2761 1231 interposito
2788 1158 3017 1215 discreta
3046 1158 3313 1215 credenda
3352 1167 3456 1227 est,
3501 1169 3561 1215 ut
3593 1159 3813 1216 inferior

2221 1251 2292 1306 sit
2317 1252 2538 1308 materia
2563 1252 2874 1322 corporalis,
2923 1252 3168 1322 superior
3205 1251 3489 1307 animalis?
3522 1251 3817 1307 Iloc'enim

2224 1342 2617 1400 ﬁrmamentum
2654 1344 2804 1411 dicit,
2835 1343 2978 1415 quod
3012 1344 3207 1401 omium
3233 1353 3418 1414 postea
3443 1350 3617 1400 vocat.
3643 1340 3800 1399 Caele

2223 1435 2293 1491 sti
2319 1430 2499 1492 autem
2522 1451 2751 1508 corpore
2776 1436 2909 1492 nihil
2932 1444 3019 1493 est
3043 1436 3098 1492 in
3123 1436 3439 1508 corporibus
3466 1436 3571 1492 alia
3598 1435 3817 1492 melius.

2224 1526 2341 1582 Alia
2370 1528 2566 1599 quippe
2588 1542 2812 1599 corpora
2833 1527 3095 1597 caelestia,
3124 1536 3182 1585 et
3208 1527 3517 1595 terrestria;
3547 1535 3603 1582 et
3630 1525 3821 1597 utique

2223 1620 2465 1678 coelestia
2494 1621 2716 1677 meliora
2740 1638 2754 1676 :
2783 1616 3284 1697 quorum'natnram
3314 1619 3572 1692 quidquid
3599 1620 3813 1688 transit,

2223 1713 2406 1771 nescio
2443 1713 2894 1786 quemadmodum
2928 1729 3125 1786 corpus
3153 1715 3323 1787 possit
3352 1715 3568 1782 vocari;
3609 1714 3705 1770 sed
3734 1723 3822 1770 est

2223 1805 2449 1861 fortasse
2495 1805 2577 1861 vis
2622 1805 2865 1877 quaedam
2919 1805 3157 1877 subjecta
3199 1806 3414 1871 rationi,
3438 1804 3441 1807 “
3462 1820 3566 1876 qua
3608 1805 3822 1862 ratione

2223 1899 2366 1955 Deus
2399 1897 2699 1968 veritasque
2735 1900 3115 1970 cognoscitur:
3148 1913 3268 1968 qua:
3307 1908 3519 1964 natura,
3549 1896 3670 1968 quia
3707 1896 3824 1953 for-

2223 1990 2432 2046 mabilis
2458 1998 2541 2046 est
2575 1990 2774 2046 virtute
2807 1999 2970 2061 atque
2999 1989 3301 2060 prudentia,
3341 1988 3491 2060 cujus
3514 1988 3694 2059 vigore
3722 2001 3822 2043 co-

2224 2082 2440 2139 bibetur
2458 2083 2576 2155 ejus
2595 2081 2868 2139 ﬂuctuatio
2892 2092 3052 2154 atque
3080 2083 3482 2153 constringitur,
3505 2091 3561 2137 et
3586 2081 3657 2138 ob
3680 2081 3784 2137 hoc
3799 2081 3821 2114 ¹

2224 2174 2375 2248 quasi
2403 2176 2697 2231 materialis
2728 2183 2968 2247 apparet,
2996 2183 3147 2230 recte
3171 2189 3306 2245 aqua
3345 2173 3602 2229 divinitus
3629 2172 3823 2244 appel-

2224 2267 2329 2322 lata
2366 2275 2483 2335 est;
2524 2283 2630 2323 non
2658 2266 2897 2323 locorum
2923 2267 3119 2337 spatio,
3148 2265 3242 2321 sed
3286 2266 3480 2320 merito
3505 2274 3710 2320 natura:
3738 2264 3827 2319 in-

2224 2377 2498 2434 corporeas
2523 2361 2645 2419 caeli
2669 2362 2951 2432 corporei”
2979 2361 3238 2417 ambitum
3270 2361 3555 2417 excedens.
3588 2360 3656 2416 Et
3683 2376 3825 2432 quo-

2223 2454 2367 2511 niam
2393 2456 2589 2512 caelum
2611 2455 3004 2511 ﬁrmamentum
3026 2446 3254 2520 vocavit,
3279 2469 3387 2508 non
3412 2452 3643 2509 absurde
3662 2451 3828 2508 intel-

2224 2548 2406 2620 ligitur
2432 2546 2688 2620 quidquid
2726 2546 2865 2603 infra
2905 2546 3198 2604 :ethereum
3241 2546 3437 2603 omium
3468 2555 3570 2610 est,
3612 2545 3668 2600 in
3711 2559 3825 2616 quo

2225 2649 2413 2712 pacata
2442 2650 2603 2711 atque
2630 2640 2840 2696 ﬁrmata
2858 2640 2881 2672 ³
2905 2649 3029 2697 sunt
3056 2640 3257 2706 omnia,
3286 2639 3593 2719 mutabilius
3615 2652 3739 2695 esse
3766 2650 3826 2694 et

2224 2735 2607 2792 dissolubilius.
2630 2735 2785 2804 Quod
2811 2750 2978 2807 genus
3007 2735 3301 2806 corporalis
3321 2734 3558 2790 materne
3576 2743 3701 2790 ante
3730 2748 3826 2791 ao-

2225 2836 2436 2897 ceptam
2477 2826 2711 2896 speciem
2754 2824 3259 2897 distinctionemque
3294 2824 3601 2894 formatum,
3637 2839 3668 2880 a
3713 2841 3826 2897 qua

2225 2919 2616 2975 ﬁrmamentum
2648 2919 2976 2974 nominatum
3009 2912 3113 2987 est,
3157 2918 3371 2973 fuerunt
3409 2918 3499 2989 qui
3538 2917 3826 2974 crederent

2228 3012 2325 3068 bas
2344 3012 2582 3068 visibiles
2613 3026 2779 3083 aquas
2796 3019 2853 3067 et
2875 3011 3087 3083 frigidas
3113 3009 3453 3081 superficiem
3482 3009 3606 3065 creli
3630 3022 3825 3079 super-

2226 3105 2497 3176 amplccti.
2541 3105 2610 3160 Et
2645 3104 3024 3161 documentum
3064 3101 3535 3158 adhibere-conati
3576 3110 3703 3156 sunt
3749 3100 3823 3155 de

2226 3199 2475 3254 tarditate
2496 3197 2665 3254 stella:
2696 3198 2851 3254 unius
2876 3196 2945 3253 de
2971 3205 3175 3266 septem
3206 3194 3541 3266 vagantibus,
3572 3209 3690 3265 quae
3723 3208 3822 3248 su-

2227 3290 2408 3360 perior
2433 3298 2519 3345 est
2538 3290 2767 3355 caeteris,
2801 3296 2857 3344 et
2889 3303 2918 3342 a
2960 3286 3165 3343 Graecis
3192 3295 3369 3340 ειιαίνων
3400 3278 3616 3353 dicitur,
3647 3293 3701 3339 et
3726 3284 3826 3339 tri-

2227 3380 2373 3452 ginta
2415 3382 2571 3437 annis
2598 3381 2804 3451 peragit
2843 3377 3154 3451 signiferum
3198 3376 3481 3443 circulum,
3518 3386 3575 3431 ut
3614 3375 3684 3431 ob
3717 3374 3826 3431 hoc

2231 3474 2383 3529 tarda
2422 3474 2511 3540 sit,
2549 3473 2675 3544 quia
2705 3481 2789 3528 est
2825 3470 3031 3543 frigidis
3062 3469 3214 3541 aquis
3234 3468 3475 3534 vicinior,
3502 3481 3622 3538 quae
3658 3481 3827 3538 supra

2229 3566 2423 3622 coelum
2445 3572 2586 3622 sunt.
2618 3565 2747 3634 Qua:
2772 3562 2952 3635 Opinio
2976 3562 3158 3618 nescio
3177 3558 3624 3632 quemadmodum
3652 3559 3828 3629 possit

2228 3657 2369 3729 apud
2409 3672 2502 3714 eos
2536 3655 2772 3720 defendi,
2815 3656 2905 3727 qui
2946 3652 3292 3711 subtilissime
3334 3652 3437 3707 ista
3475 3650 3824 3723 quaesierunt.

2228 3749 2370 3806 Nihil
2412 3740 2595 3806 autem
2637 3747 2829 3803 horum
2869 3755 3071 3802 temere
3101 3741 3495 3811 afﬁrmandum,
3533 3740 3629 3798 sed
3664 3749 3829 3799 caute

2229 3842 2408 3900 omnia
2433 3841 2778 3911 modesteque
2805 3846 2929 3894 sunt
2955 3835 3248 3894 tractanda.
3314 3816 3327 3833 ’
3502 3842 3508 3853 ·

2300 3932 2392 3989 30.
2424 3931 2490 3987 Et
2519 3932 2646 3986 dixit
2667 3928 2826 3999 Deus,
2862 3927 2979 3984 Fiat
3003 3930 3377 3998 ﬁrmamentum
3399 3926 3454 3980 in
3480 3924 3644 3980 medio
3669 3940 3827 3998 aqua

2229 4035 2275 4082 et
2294 4026 2358 4081 sit
2385 4023 2611 4079 dividens
2638 4023 2770 4077 inter
2793 4037 2977 4093 aquam
3013 4028 3060 4075 et
3087 4035 3292 4091 aquam.
3324 4017 3394 4072 Et
3417 4016 3489 4072 sic
3511 4020 3697 4090 factum
3720 4026 3821 4072 est.

2228 4117 2517 4189 Postquam
2543 4114 2694 4183 dixit,
2726 4114 2797 4169 sic
2820 4118 3010 4187 factum
3038 4121 3129 4180 est,
3153 4110 3278 4183 quid
3303 4123 3438 4182 opus
3467 4118 3582 4166 erat
3604 4124 3824 4164 rursum

2228 4209 2446 4275 addere,
2494 4207 2565 4262 Et
2602 4207 2719 4278 fecit
2765 4204 2907 4260 Deus
2957 4205 3345 4269 ﬁrmamentum,
3390 4211 3436 4256 et
3479 4200 3645 4256 divisit
3688 4200 3828 4254 inter

2230 4316 2413 4370 aquam
2438 4315 2552 4370 quae
2569 4307 2677 4354 erat
2701 4298 2794 4352 sub
2823 4298 3161 4367 ﬁrmamento,
3184 4306 3229 4350 et
3250 4311 3437 4365 aquam
3461 4309 3572 4371 qua:
3596 4302 3706 4347 erat
3733 4308 3828 4347 διι-
3884 4337 3897 4346 .

2231 4376 2325 4465 pra
2345 4391 2762 4463 ﬁrmamentum?
2786 4388 2914 4445 Nam
2942 4404 3063 4446 cum
3089 4388 3314 4445 dixisset
3350 4388 3614 4458 superius,
3644 4383 3712 4438 Et
3740 4385 3827 4439 di-

2228 4487 2305 4543 πει
2325 4485 2494 4553 Deus,
2530 4483 2653 4539 Fiat
2693 4483 2817 4550 lux;
2845 4492 2891 4538 et
2920 4486 3056 4556 facta
3085 4491 3155 4557 est
3182 4483 3312 4547 tux;
3340 4496 3449 4537 non
3471 4477 3674 4536 addidit
3693 4493 3825 4533 rur-

2229 4592 2346 4632 sum
2372 4618 2387 4643 ,
2424 4576 2491 4632 Et
2521 4575 2643 4631 fecit
2671 4574 2812 4630 Deus
2854 4581 3074 4630 lucem:
3114 4573 3201 4628 hic
3245 4564 3424 4627 autem
3470 4579 3823 4642 posteaquam

2229 4667 2384 4737 dixit,
2408 4667 2473 4722 Et
2502 4666 2629 4722 dixit
2653 4665 2792 4722 Deus
2815 4708 2830 4733 ,
2860 4664 2983 4719 Fiat
3012 4681 3031 4720 :
3054 4673 3101 4719 et
3137 4664 3211 4719 sic
3237 4664 3429 4735 factum
3459 4671 3552 4730 est,
3578 4661 3823 4716 additum
3852 4656 3869 4735 ’δ

2231 4770 2334 4826 est,
2362 4768 2408 4814 et
2432 4759 2552 4831 fecit
2574 4757 2731 4813 Deus.
2770 4756 2855 4812 An
2884 4756 3009 4812 hinc
3049 4763 3270 4827 apparet
3306 4769 3411 4810 non
3455 4763 3705 4824 oportere
3731 4752 3824 4809 Iu-

2231 4866 2348 4908 cem
2378 4852 2521 4906 illam
2542 4849 2768 4921 intelligi
2805 4848 3135 4923 corporalem
3161 4889 3175 4913 ,
3204 4863 3274 4903 ne
3299 4861 3416 4902 eam
3453 4856 3630 4916 aliqua
3668 4858 3825 4900 crea-

2232 4952 2352 4999 tura
2380 4941 2696 5013 interposita
2739 4938 2931 4995 feciSse
2959 4938 3102 4994 Deus
3137 4936 3377 4993 videatur
3402 4936 3602 5007 (Deum
3638 4943 3824 4990 autem

2231 5034 2546 5091 Trinitatem
2572 5030 2730 5102 dico)
2760 5049 2773 5086 :
2806 5029 2909 5086 hoc
2937 5044 3065 5085 vero
3105 5028 3499 5083 ﬁrmamentum
3530 5024 3674 5091 caeli,
3694 5024 3825 5095 quia

2232 5138 2551 5194 corporeum
2580 5130 2680 5188 est,
2708 5137 2803 5192 per
2831 5121 3198 5193 incorporeum
3227 5127 3527 5174 creaturam
3547 5116 3824 5188 accepisse

2235 5212 2466 5286 speciem
2495 5213 2823 5283 formamque
2848 5211 3103 5281 creditur,
3133 5219 3192 5266 ut
3211 5210 3356 5282 prius
3383 5210 3714 5279 incorporeas
3732 5221 3823 5262 na-

2235 5315 2369 5362 turae
2396 5304 2780 5360 rationabiliter
2807 5320 2837 5358 a
2862 5303 3083 5359 veritate
3107 5302 3424 5373 impressum
3454 5301 3525 5357 sit
3543 5298 3683 5371 quod
3700 5312 3824 5354 corb

2234 5398 2486 5471 poraliter
2512 5397 2905 5467 imprimeretur
2922 5437 2937 5465 ,
2968 5404 3024 5450 ut
3053 5394 3176 5451 caeli
3203 5395 3353 5449 ﬁeret
3373 5382 3769 5449 ﬁrmamentum
3797 5402 3817 5444 :

2234 5500 2287 5548 et
2315 5491 2433 5547 ideo
2462 5491 2689 5562 positum
2716 5499 2818 5559 est,
2850 5488 2915 5543 Et
2936 5488 3063 5543 dixit
3084 5487 3241 5555 Deus,
3268 5484 3423 5562 Fiat;
3455 5492 3502 5540 et
3529 5483 3602 5539 sic
3626 5484 3820 5555 facturn

2216 5644 2230 5747 ξ
2298 5687 2315 5718 ί
2342 5684 2479 5746 Editi,
2498 5689 2543 5736 et
2563 5682 2779 5747 objectio.
2799 5684 2890 5734 Sed
2913 5683 3089 5734 melius
3112 5689 3195 5732 llis.
3223 5683 3387 5747 \‘atic.,
3404 5678 3661 5747 etobﬁaog

2202 5739 2230 5771 τ’
2297 5749 2317 5780 ³
2341 5749 2413 5796 sic
2436 5738 2752 5797 e'mendEnnus
2772 5747 2833 5796 ad
2863 5754 2943 5796 Ms.
2966 5747 3111 5795 vatic.
3135 5753 3249 5794 sam
3271 5745 3319 5795 in
3356 5738 3498 5794 editis
3536 5738 3820 5803 legebatur,

2192 5870 2209 5876 υ
2230 5819 2419 5876 natura:
2435 5813 2487 5861 in
2508 5823 2706 5876 corpore
2729 5807 2837 5876 cali
2850 5806 3134 5873 incorporei.

2300 5874 2323 5907 ³
2352 5880 2435 5924 Ms.
2462 5868 2631 5936 vatio},
2652 5878 2698 5924 et
2721 5868 2879 5923 ﬁrma.
