4056 6464
301 381 408 435 955

302 503 404 555 est;
431 493 486 546 in
517 492 628 562 ipsa
654 493 896 544 rationau
927 496 1112 543 natura
1135 486 1280 558 prius
1307 484 1496 540 factum
1523 484 1636 538 est‘
1656 483 1880 537 fortasse

303 582 442 638 unde
472 583 867 652 imprimeretur
895 579 1106 650 corpori
1148 579 1370 648 species.

369 671 598 729 CAPUT
628 672 720 727 ιχ.
749 701 823 713 --
865 670 998 726 Cum
1038 679 1215 725 autem
1259 668 1496 723 additum
1539 676 1641 731 est,
1675 664 1739 718 Et
1769 666 1884 735 fecit

301 762 440 817 Deus
466 763 841 832 ﬁrmamentum
861 803 876 829 ,
898 769 944 815 et
973 760 1142 814 divisit
1169 759 1299 813 inter
1326 774 1508 827 aquam
1529 772 1642 827 qua:
1663 764 1768 809 erat
1792 755 1883 809 sub

300 853 625 920 ﬁrmamento
647 894 663 919 ,
687 861 734 906 et
756 869 941 922 aquam
965 866 1080 923 qua:
1103 858 1208 904 erat
1229 866 1383 920 supra
1403 849 1808 917 ﬁrmamentum;
1830 855 1885 900 et

299 944 414 1011 ipsa
441 943 753 1012 cooperatio
774 944 794 974 ⁸
822 944 872 996 in
897 943 984 996 illa
1009 942 1251 1007 materia,
1281 949 1338 994 ut
1355 953 1544 1010 corpus
1565 939 1684 994 εωιὶ
1711 937 1878 1003 ﬁeret,

298 1033 670 1102 signiﬁcatur?
694 1035 775 1086 An
806 1032 942 1088 forte
972 1032 1243 1086 varietatis
1267 1045 1446 1094 causa,
1489 1037 1546 1082 ut
1575 1037 1746 1084 textus
1771 1043 1884 1082 ser-

299 1125 477 1178 monis
505 1124 560 1181 in
602 1123 874 1178 fastidium
902 1139 1006 1178 non
1036 1122 1259 1188 veniret,
1300 1136 1458 1189 supra
1500 1134 1605 1174 non
1634 1127 1716 1173 est
1741 1118 1883 1186 posi-

296 1223 410 1271 tum
437 1214 585 1285 quod
612 1214 749 1268 infra
779 1217 1006 1284 positum
1044 1223 1162 1278 est,
1190 1222 1243 1267 et
1268 1227 1373 1266 non
1416 1220 1625 1281 oportet
1662 1224 1884 1278 scrupu-

293 1301 413 1361 lose
438 1305 620 1358 omnia
647 1304 829 1358 rimari
858 1304 916 1357 3‘l
946 1304 1114 1374 Eligat
1139 1303 1257 1373 quis
1281 1301 1420 1372 quod
1443 1309 1613 1372 potest
1638 1317 1651 1354 :
1679 1309 1880 1354 tantum

298 1411 364 1448 ne
384 1395 586 1466 aliquid
613 1405 813 1450 temere
831 1405 990 1464 atque
1015 1395 1340 1464 incognitum
1368 1408 1464 1463 pro
1492 1393 1702 1461 cognito
1729 1405 1880 1444 asse-

297 1495 407 1548 rat;
444 1485 856 1555 metniucritque
899 1501 958 1539 se
1002 1484 1272 1540 hominem
1311 1483 1380 1538 de
1415 1483 1606 1538 divinis
1633 1482 1882 1552 operibus

296 1586 557 1646 quantum
577 1577 899 1646 permittitur
917 1591 1173 1646 qurercre.

365 1667 459 1722 31.
491 1665 560 1718 Et
587 1667 778 1720 uocauit
822 1666 960 1721 Deus
983 1667 1357 1736 firmamentum
1401 1666 1596 1720 caelum.
1637 1649 1786 1732 Quod
1815 1665 1883 1721 de

296 1759 578 1812 vocatione
615 1759 860 1828 superius
898 1767 1176 1813 tractatum
1211 1766 1315 1824 est,
1355 1757 1443 1813 hic
1471 1773 1680 1828 quoque
1709 1759 1883 1812 consi-

297 1852 475 1905 derari
502 1862 716 1920 potest:
748 1867 852 1905 non
893 1853 1034 1905 enim
1073 1865 1232 1906 omne
1274 1852 1663 1905 firmamentum
1688 1849 1881 1904 caelum

296 1952 397 1996 est.
433 1941 502 1996 Et
525 1943 650 1996 vidit
674 1941 806 1997 Deus
829 1942 967 2011 quod
999 1941 1184 1995 bonum
1213 1950 1302 1994 est.
1331 1940 1398 1994 Et
1423 1941 1490 1994 de
1520 1939 1622 1994 hoc
1639 1941 1883 2009 superius

295 2034 438 2104 quod
486 2043 766 2089 tractatum
812 2044 928 2099 est,
972 2041 1389 2097 retractaretur,
1444 2031 1543 2086 nisi
1590 2031 1728 2100 quod
1778 2047 1882 2084 non

295 2125 544 2180 euindem
572 2124 814 2180 ordinem
835 2123 1008 2179 video.
1038 2122 1172 2178 Nam
1201 2123 1447 2193 superius
1467 2164 1482 2188 ,
1508 2121 1575 2174 Et
1599 2121 1721 2175 vidit
1747 2120 1884 2178 Deus

297 2215 459 2269 lucem
477 2216 600 2286 quia
619 2216 749 2269 bona
771 2225 842 2270 est
864 2231 885 2281 ;
909 2225 964 2270 et
1001 2223 1124 2286 post
1150 2214 1342 2270 deinde
1381 2214 1676 2283 subjicitur,
1702 2213 1884 2269 Divisit

296 2306 439 2360 Deus
482 2308 616 2362 inter
651 2308 812 2361 lucem
847 2316 896 2361 et
944 2307 1206 2372 tenebras;
1245 2315 1292 2359 et
1328 2305 1516 2359 uocauit
1550 2303 1686 2361 Deus
1723 2306 1884 2360 lucem

293 2397 450 2464 diem,
481 2405 529 2450 et
568 2397 796 2450 tenebras
824 2397 1013 2450 vocavit
1036 2406 1230 2450 noctem
1253 2411 1273 2450 :
1294 2394 1380 2450 hic
1399 2405 1575 2450 autem
1604 2403 1882 2465 postquam

295 2485 496 2540 factum
535 2496 839 2542 enarratum
882 2495 1005 2555 est,
1054 2487 1199 2557 quod
1245 2486 1444 2541 factum
1490 2486 1787 2552 dicebatur,
1828 2497 1883 2544 et

295 2586 483 2647 postea
507 2593 667 2649 quam
702 2588 944 2634 vocatum
973 2587 1056 2634 est
1075 2578 1467 2634 ﬁrmamentum
1509 2577 1700 2632 caelum
1726 2619 1741 2644 ,
1773 2587 1881 2632 tum

295 2670 511 2736 dicitur,
540 2669 610 2724 Et
631 2671 753 2724 vidit
780 2669 917 2726 Deus
937 2672 1056 2742 quia
1089 2674 1275 2726 bonum
1297 2680 1392 2726 est.
1424 2670 1575 2737 Quod
1598 2671 1642 2724 si
1671 2687 1774 2725 non
1802 2670 1882 2725 fa-

294 2761 438 2814 stidii
460 2761 693 2816 evitandi
721 2763 889 2832 gratia
929 2763 1000 2816 ita
1023 2763 1283 2817 variatum
1309 2773 1420 2827 est,
1455 2762 1583 2816 illud
1620 2770 1768 2818 certe
1797 2764 1880 2816 in-

295 2850 539 2920 telligere
584 2853 825 2923 cogimur
869 2853 1011 2924 quod
1059 2853 1260 2914 dictum
1310 2862 1411 2908 est.
1463 2853 1530 2908 Et
1583 2855 1699 2925 fecit
1743 2852 1884 2909 Deus

295 2945 469 2998 nantia
490 2945 664 2998 simul.
697 2945 872 3013 Quare
900 2946 1041 3001 enim
1073 2947 1246 3015 primo
1274 2946 1346 3001 ibt
1375 2945 1507 3002 vidit
1533 2946 1653 3015 quia
1685 2945 1882 3001 bonum

298 3043 406 3102 est,
448 3044 504 3090 et
526 3046 708 3104 postea
733 3051 927 3091 nomen
957 3037 1243 3107 imposuit;
1273 3037 1360 3093 hic
1387 3045 1561 3092 autem
1584 3037 1756 3107 primo
1783 3053 1882 3093 no-

295 3141 426 3182 men
454 3127 748 3197 imposuit,
776 3138 832 3184 et
869 3140 1050 3198 postea
1083 3129 1211 3184 vidit
1240 3131 1362 3200 quia
1389 3129 1585 3184 bonum
1625 3139 1736 3195 est;
1781 3132 1884 3187 nisi

294 3218 422 3287 quia
443 3219 534 3272 illa
555 3219 855 3274 differentia
886 3221 1150 3291 signiﬁcat
1177 3237 1442 3287 morarum
1465 3222 1743 3277 intervalla
1773 3237 1878 3276 non

299 3321 421 3362 esse
451 3308 504 3362 in
533 3310 843 3378 operatione
880 3311 1008 3376 Dei,
1034 3311 1276 3380 quamvis
1314 3311 1365 3364 iu
1393 3311 1522 3380 ipsis
1552 3312 1886 3367 inveniantur

298 3398 600 3466 operibus?
641 3399 944 3454 Secundum
998 3413 1178 3455 autem
1235 3416 1504 3456 morarum
1550 3402 1885 3457 intervallum

307 3490 454 3556 prius
479 3491 679 3562 aliquid
705 3505 760 3546 et
787 3505 969 3562 postea
999 3492 1229 3549 efﬁcitur
1252 3535 1266 3558 ,
1293 3494 1408 3548 sine
1437 3494 1628 3564 quibus
1654 3495 1886 3550 narratio

300 3579 564 3635 factorum
589 3598 708 3637 esse
744 3600 851 3638 non
882 3592 1058 3652 potest
1095 3585 1336 3654 quamvis
1366 3584 1483 3640 sine
1516 3585 1600 3640 bis
1623 3587 1760 3641 Deus
1784 3587 1883 3642 ista

298 3673 516 3728 ofﬁcere
554 3675 801 3742 potuerit.
840 3675 908 3729 Et
945 3676 1080 3746 facta
1110 3686 1180 3730 est
1215 3693 1454 3748 vespera,
1500 3687 1548 3731 et
1587 3683 1776 3749 factum
1809 3690 1885 3735 est

300 3779 448 3816 nume
465 3763 580 3826 dies
618 3765 887 3819 secundus.
913 3766 1028 3822 Jam
1052 3767 1176 3821 hinc
1201 3768 1442 3836 superius
1473 3777 1748 3824 tractatum
1779 3780 1880 3839 est,

299 3861 354 3906 et
380 3853 598 3908 easdem
626 3859 856 3910 rationes
887 3857 973 3912 hic
1001 3874 1211 3927 quoque
1237 3859 1413 3914 valere
1440 3861 1690 3916 arbitror.

377 3942 604 3999 CAPUT
632 3945 786 4000 X.—
805 3947 894 4001 52.
923 3947 990 4001 Et
1015 3949 1141 4002 dixit
1165 3948 1324 4017 Deus,
1349 3948 1721 4022 Congrcgcntur
1741 3969 1885 4023 aqum

299 4049 411 4101 qut:
433 4035 525 4088 sub
557 4037 682 4090 caelo
711 4049 846 4103 sunt,
880 4039 932 4092 in
966 4041 1405 4111 congregationem
1431 4058 1602 4109 unam,
1640 4054 1690 4098 et
1717 4061 1883 4115 appa-

303 4135 408 4176 reat
427 4127 598 4183 arida.
638 4127 706 4182 Et
735 4130 805 4182 sic
833 4132 1022 4201 factum
1061 4141 1152 4185 est.
1196 4132 1331 4187 ilinc
1374 4134 1698 4203 probabilius
1739 4136 1883 4192 credi

305 4224 478 4285 potest
499 4229 690 4284 aquam
717 4220 910 4274 dictam
953 4236 1072 4277 esse
1109 4224 1389 4291 superius,
1416 4207 1554 4278 Sicut
1589 4225 1885 4280 arbitraba-

307 4323 444 4371 mur,
467 4308 638 4377 ipsam
665 4307 848 4362 mundi
869 4313 1164 4362 materiam.
1195 4313 1325 4368 Nam
1348 4315 1393 4367 si
1421 4316 1725 4371 universum
1747 4331 1882 4384 aqua

305 4399 578 4467 oppletum
608 4408 757 4462 erat,
809 4398 948 4454 unde
979 4400 1063 4454 vel
1103 4416 1208 4469 quo
1240 4401 1418 4470 potuit
1457 4406 1802 4475 congregari?
1828 4409 1883 4461 Si

303 4490 446 4542 enim
494 4487 781 4559 quamdam
832 4489 1194 4545 confusionem
1232 4494 1556 4549 materialem
1594 4512 1745 4568 aquae
1788 4515 1884 4551 no-

305 4581 448 4636 miue
483 4581 873 4650 appellaverat,
919 4583 1030 4636 lucc
1073 4587 1411 4655 congregatio
1455 4577 1759 4657 accipienda
1801 4603 1884 4646 est

303 4672 416 4739 ipsa
442 4672 732 4739 formatio,
765 4685 820 4728 ut
863 4674 982 4729 talis
1029 4685 1172 4731 esset
1216 4694 1366 4747 aqua;
1414 4681 1640 4750 species,
1672 4685 1881 4752 qualem

302 4779 443 4818 nunc
469 4779 592 4819 esse
633 4767 918 4821 cernimus.
953 4767 1018 4822 Et
1055 4767 1250 4837 ipsum,
1281 4781 1525 4841 appareat
1544 4774 1710 4838 arida,
1741 4777 1880 4842 quod

305 4861 537 4925 positum
569 4870 670 4926 est,
703 4869 860 4915 terrae
895 4860 1141 4918 formatio
1187 4863 1410 4934 intelligi
1445 4875 1635 4934 potest,
1664 4875 1720 4920 ut
1744 4867 1882 4923 hanc

307 4945 530 5003 haberet
541 4953 774 5017 speciem
791 4961 952 5020 terra,
967 4969 1124 5024 quam
1141 4956 1426 5010 cernimus.
1445 4954 1726 5012 Invisibilis
1740 4961 1882 5014 enim

305 5051 361 5098 et
381 5040 733 5112 incomposita
759 5046 896 5100 dicta
921 5058 1054 5112 erat,
1079 5063 1198 5102 cum
1219 5049 1393 5103 adhuc
1419 5049 1652 5105 materia:
1675 5053 1884 5120 species

308 5131 542 5189 deesset.
569 5132 710 5186 Dixit
749 5147 876 5202 ergo
915 5135 1085 5201 Deus,
1123 5136 1457 5206 Congregetttr
1491 5157 1622 5211 aqua
1657 5158 1770 5211 quia
1793 5143 1884 5198 sub

308 5222 430 5277 uelo
456 5230 568 5288 est;
600 5222 654 5276 id
679 5223 836 5277 estin
869 5223 1092 5279 formam
1129 5226 1398 5296 redigatur
1421 5232 1666 5285 materies
1690 5247 1884 5302 corpo-

308 5315 452 5381 ralis,
477 5326 537 5369 ut
563 5329 700 5385 aqua
730 5316 828 5370 ista
858 5317 966 5385 sit,
999 5333 1156 5388 quam
1195 5321 1472 5377 sentimus.
1516 5321 1583 5376 In
1606 5341 1882 5396 congrega-

307 5408 493 5460 tionem
521 5422 678 5460 unam
703 5421 723 5461 :
761 5409 842 5462 vis
868 5409 980 5478 ipsa
1018 5410 1200 5464 formae
1241 5414 1642 5470 commendatur
1669 5419 1886 5472 nomine

309 5499 546 5553 unitatis.
578 5499 694 5554 Hoc
720 5509 802 5556 est
835 5501 976 5556 enim
1003 5518 1126 5557 vere
1155 5501 1393 5574 formari,
1425 5506 1478 5560 in
1505 5523 1666 5562 unum
1688 5511 1886 5580 aliquid

368 5610 384 5674 ξ
412 5618 488 5656 sic
505 5608 556 5657 in
573 5615 655 5658 Ms.
674 5609 821 5674 )‘atic.
843 5609 977 5674 tiditi,
999 5611 1126 5674 facta
1156 5620 1242 5662 est.

368 5671 388 5700 ¹
412 5675 489 5734 Sic
503 5680 604 5734 Am.
629 5669 689 5718 ad
711 5669 1068 5734 atarginem.'ln
1093 5680 1232 5725 textu
1259 5681 1424 5725 autem
1440 5690 1549 5727 cum
1580 5677 1688 5730 aliis
1715 5681 1889 5734 editio-2

311 5731 452 5799 nibus
478 5731 646 5799 habet,
668 5731 946 5794 corporatio.
968 5741 1048 5783 Ms.
1077 5737 1238 5795 vatic.,
1263 5738 1487 5799 operatio.

371 5793 390 5823 ³
415 5800 497 5842 Ms.
519 5794 688 5853 \-‘atic.,
721 5793 974 5844 munerare
1003 5809 1019 5844 :
1042 5810 1134 5845 nec
1154 5793 1309 5847 minus
1332 5806 1458 5861 apte.

592 5876 816 5938 Saucr.
853 5886 1125 5940 Accrsr.
1177 5882 1283 5942 lli.

1567 369 1765 424 LIBER
1805 369 1870 423 lM
1881 365 2294 423 PERFECTUS.
2677 380 2679 382 ·
3459 368 3554 422 9.5l

1988 479 2151 550 redigi
2174 497 2187 544 ;
2217 479 2462 548 quoniam
2493 492 2697 534 summe
2724 495 2883 533 unum
2910 490 2990 534 est
3017 482 3190 535 omnis
3211 481 3392 535 forum
3416 485 3528 551 prin

1988 570 2203 640 cipium.
2232 569 2298 623 Et
2325 578 2566 640 appareat
2591 569 2776 624 arida:
2807 569 2857 624 id
2884 580 2964 624 est
2987 612 3001 636 ,
3032 573 3261 642 speciem
3295 569 3554 625 visibilem

1988 662 2231 731 accipiat,
2263 671 2420 732 atque
2445 677 2474 714 a
2496 661 2806 717 confusione
2833 659 3156 716 distinctam.
3182 661 3247 716 Et
3266 661 3400 718 bene
3420 680 3555 732 aqua

1987 765 2364 824 Cougregatur,
2409 763 2468 808 ut
2512 753 2764 823 appareat
2808 754 2984 819 arida;
3030 755 3082 809 id
3125 763 3240 821 est,
3283 755 3560 811 cohibetur

1986 844 2124 911 quod
2155 842 2322 896 fluitat
2342 858 2519 909 mare,
2548 852 2605 897 ut
2629 843 2769 914 quod
2807 844 3090 900 obscurum
3118 854 3200 899 est
3245 845 3556 900 illustrctur.

1988 932 2054 986 Et
2075 934 2148 987 sic
2175 939 2363 1004 factum
2380 944 2451 988 est
2478 950 2495 988 :
2521 935 2679 988 etiam
2710 934 2808 990 hoc
2832 935 3057 990 fortasse
3083 935 3134 989 in
3165 935 3455 990 rationibus
3475 937 3558 990 in-

1987 1025 2300 1080 tellectualis
2336 1036 2538 1081 natura:
2568 1028 2713 1097 prius
2744 1027 2937 1082 factum
2980 1036 3080 1094 cst,
3118 1036 3175 1082 ut
3200 1036 3378 1098 postea
3418 1030 3557 1100 quod

1983 1118 2196 1186 dicitur,
2227 1119 2291 1172 Et
2312 1130 2611 1192 congregata
2627 1130 2696 1174 est
2716 1138 2846 1194 aqua
2863 1122 2914 1174 in
2933 1123 3363 1192 congregationem
3373 1139 3550 1188 unam,

1985 1220 2030 1262 et
2055 1212 2290 1280 apparuit
2335 1213 2514 1280 arida,
2562 1229 2668 1267 non
2712 1213 2976 1282 superﬂuo
3021 1213 3256 1268 additum
3286 1200 3558 1280 videatur,

1987 1317 2106 1368 cum
2128 1301 2238 1370 jam
2267 1301 2465 1357 dictum
2491 1311 2670 1370 esset,
2694 1303 2762 1357 Et
2790 1305 2860 1359 sic
2884 1304 3072 1374 factum
3099 1314 3204 1369 est;
3229 1303 3321 1360 sed
3352 1313 3408 1359 ut
3438 1315 3554 1374 post

1986 1393 2296 1448 rationalem
2337 1402 2391 1448 et
2418 1395 2786 1463 incorpoream
2823 1395 3185 1464 operationem
3229 1397 3558 1467 intelligere-

1984 1497 2104 1537 mus
2135 1484 2292 1537 etiam
2317 1486 2644 1556 corporalem
2669 1496 2923 1541 secutam.

2055 1573 2143 1628 '53.
2176 1573 2245 1626 Et
2288 1577 2476 1629 vocavit
2505 1575 2640 1630 Deus
2670 1576 2867 1630 aridam
2890 1585 3109 1643 terram,
3138 1585 3182 1631 et
3209 1580 3557 1649 congregatio-

1986 1680 2100 1717 nent
2141 1681 2287 1734 aqua:
2334 1682 2470 1720 mare
2517 1668 2721 1720 vocarit.
2775 1667 2965 1723 Adhuc
2992 1668 3263 1723 nobiscum
3306 1667 3433 1724 facit
3472 1671 3558 1725 illa

1986 1771 2143 1812 causa
2184 1759 2592 1814 vocabulorum:
2637 1775 2740 1814 non
2780 1760 2920 1817 enim
2963 1761 3134 1817 omnis
3179 1775 3339 1830 aqua,
3380 1778 3556 1822 mare:

1985 1855 2076 1900 aut
2114 1862 2272 1903 omne
2317 1848 2545 1913 aridum,
2599 1859 2757 1902 terra.
2807 1850 2946 1919 Ergo
2978 1866 3097 1920 qua:
3141 1865 3275 1920 aqua
3318 1861 3478 1917 esset,
3507 1862 3560 1906 ct

1985 1953 2102 2007 quae
2127 1939 2294 2004 arida,
2332 1941 2601 1995 vocabulis
2626 1941 3008 2012 segregandam
3037 1941 3155 1996 fuit.
3184 1941 3354 2014 Ipsam
3381 1953 3558 1999 autem

1985 2029 2374 2084 distinctionem
2420 2040 2576 2100 atque
2620 2031 2992 2087 formationem
3036 2032 3198 2090 fuisse
3228 2035 3560 2090 vocationem

1987 2119 2101 2186 Dei,
2131 2137 2236 2175 non
2265 2121 2494 2177 absurde
2519 2122 2691 2177 adhuc
2721 2124 2941 2194 intelligi
2969 2133 3161 2194 potest.
3187 2124 3252 2180 Et
3280 2126 3401 2181 vidit
3423 2126 3561 2181 Dens

1984 2213 2101 2282 quia
2123 2213 2306 2266 bonum
2332 2223 2423 2268 est.
2456 2213 2523 2268 Et
2553 2213 2638 2268 hic
2665 2215 2778 2283 ipse
2807 2215 2937 2269 ordo
2983 2227 3222 2271 servatus
3249 2224 3330 2272 est
3354 2235 3366 2270 :
3390 2233 3556 2287 quare

1988 2301 2108 2356 huic
2135 2306 2294 2358 etiam
2326 2303 2412 2356 illa
2439 2320 2554 2374 quae
2574 2305 2684 2374 jam
2710 2313 2928 2360 tractata
2948 2316 3090 2373 sunt,
3124 2305 3481 2362 conferantur.

2054 2391 2277 2448 CAPUT
2301 2393 2555 2449 XL—Sl.
2589 2394 2654 2449 Et
2676 2395 2801 2449 dixit
2830 2394 2986 2460 Deus,
3007 2395 3258 2452 Cerminet
3279 2406 3412 2452 terra
3441 2398 3560 2452 Iter-

1985 2482 2098 2537 bant
2124 2483 2313 2554 pabuli,
2360 2489 2600 2558 ferentem
2638 2503 2803 2540 semen
2835 2487 3109 2541 secundum
3145 2505 3302 2558 genus
3344 2506 3489 2542 suum
3513 2499 3559 2545 et

1985 2575 2397 2643 similitudinem,
2441 2587 2486 2630 et
2515 2577 2705 2648 lignum
2741 2577 3061 2650 fructiferum
3096 2580 3284 2650 faciens
3317 2584 3559 2651 fructum,

1985 2669 2130 2738 cujus
2167 2684 2331 2722 semen
2366 2669 2429 2722 sit
2471 2669 2522 2721 in
2563 2685 2616 2721 se
2653 2668 2927 2722 secundant
2968 2686 3113 2722 suam
3158 2669 3563 2728 similitudinem.

1985 2760 2273 2830 Postquam
2301 2759 2438 2816 facta
2465 2770 2590 2815 sunt
2619 2770 2755 2816 terra
2787 2769 2840 2816 et
2867 2776 3016 2816 mare
3037 2802 3053 2826 ,
3085 2770 3138 2816 et
3169 2769 3352 2816 vocata
3383 2771 3437 2816 et
3461 2777 3559 2832 ap-

1988 2847 2229 2921 probata,
2258 2853 2400 2922 quod
2427 2867 2569 2922 saepe
2596 2852 2827 2906 diximus
2847 2867 2951 2907 non
2977 2841 3246 2906 morarum
3272 2855 3564 2908 intervallis

1987 2943 2352 3013 accipiendum
2378 2958 2518 3012 esse,
2557 2959 2624 2999 ne
2650 2944 2968 3000 ineffabilem
2993 2945 3262 3014 operantis
3287 2945 3379 3000 Dei
3404 2945 3567 2999 facul~

1989 3045 2154 3090 tatem
2184 3037 2405 3091 tarditas
2430 3037 2604 3107 aliqua
2645 3045 3032 3106 consequatur;
3065 3052 3170 3092 non
3198 3037 3373 3094 statim
3392 3079 3407 3104 ,
3430 3038 3564 3092 sicut

1988 3126 2196 3182 duobus
2222 3127 2411 3182 diebus
2457 3127 2877 3197 pratcedcntibus
2901 3169 2915 3193 ,
2942 3127 3219 3197 subjicitur
3241 3168 3257 3193 ,
3290 3125 3451 3181 Facta
3492 3138 3566 3182 est

1988 3235 2211 3290 vespera,
2241 3228 2287 3274 et
2310 3224 2502 3289 factum
2528 3229 2598 3274 est
2625 3236 2772 3272 mane
2803 3219 2908 3272 dics
2933 3219 3148 3272 tertius:
3187 3217 3281 3272 sed
3324 3219 3567 3289 adjuugie

1992 3321 2075 3366 tur
2101 3311 2201 3364 alia
2223 3312 2482 3381 operatio,
2520 3312 2586 3367 Ut
2617 3311 2862 3381 germinet
2891 3319 3025 3365 terra
3047 3309 3249 3364 herbam
3289 3310 3460 3380 pabuli
3490 3315 3567 3382 fe-

1988 3413 2179 3457 rentem
2203 3418 2369 3456 semen
2394 3401 2668 3456 secundum
2695 3418 2852 3472 genus
2885 3418 3032 3454 suum
3073 3409 3119 3454 et
3161 3401 3559 3465 similitudinem,

1987 3501 2038 3546 et
2065 3492 2258 3562 lignum
2281 3492 2598 3562 fructiferum
2637 3492 2826 3562 faciens
2854 3495 3097 3562 fructum,
3128 3491 3272 3560 cujus
3305 3506 3470 3543 semen
3495 3493 3562 3544 sit

1989 3582 2041 3635 in
2068 3598 2122 3636 se
2155 3583 2426 3646 secundum
2449 3599 2593 3636 suam
2620 3583 3006 3636 similitudinem.
3044 3579 3194 3647 Quod
3215 3581 3282 3637 de
3311 3580 3426 3636 luce
3453 3582 3562 3649 illa,

1955 3677 1958 3681 ’
1989 3679 2047 3728 et
2071 3673 2426 3741 firmamento,
2455 3682 2509 3728 ct
2532 3673 2770 3744 aquis,et
2793 3672 2940 3727 arida
2959 3673 3157 3727 dictum
3187 3687 3292 3728 non
3322 3681 3431 3734 est;
3457 3688 3560 3726 non

1989 3764 2130 3819 enim
2157 3764 2321 3820 habet
2342 3765 2426 3819 lux
2458 3765 2810 3819 successionis
2838 3763 3178 3834 propaginem
3199 3802 3214 3829 ,
3244 3771 3334 3816 aut
3369 3762 3562 3817 caelum

1989 3857 2058 3914 de
2084 3858 2190 3912 alio
2218 3859 2355 3913 cmlo
2398 3858 2653 3923 nascitur,
2681 3866 2774 3911 aut
2803 3866 2940 3912 terra
2969 3863 3060 3910 aut
3085 3870 3234 3910 mare
3261 3854 3364 3908 alia
3400 3855 3565 3908 maria

1989 3959 2044 4006 et
2064 3951 2195 4004 alias
2220 3959 2390 4005 terras
2418 3951 2670 4020 gignunt,
2699 3965 2818 4020 qua:
2846 3948 3150 4004 succedant.
3182 3948 3280 4002 Hic
3321 3963 3450 4016 ergo
3481 3947 3560 4000 di-

1989 4045 2213 4099 cendum
2243 4042 2358 4108 fuit,
2385 4045 2622 4114 ferentem
2644 4060 2812 4097 semen
2847 4042 3122 4104 secundum
3149 4057 3306 4112 genus
3335 4057 3482 4094 suum
3514 4051 3563 4094 et

1988 4134 2388 4199 similitudinem,
2410 4144 2456 4188 et
2481 4137 2630 4206 cujus.
2643 4150 2808 4188 semen
2837 4136 2902 4188 sit
2934 4134 2986 4186 in
3022 4149 3075 4187 se
3109 4132 3381 4186 secundum
3421 4148 3584 4186 suam.

1989 4226 2390 4291 similitudinem,
2422 4226 2510 4280 ubi
2529 4225 2820 4282 similitudo
2843 4224 3172 4281 nascentium
3195 4224 3564 4294 praetereuntis

1990 4315 2388 4370 similitudinem
2420 4327 2613 4371 servat.

2060 4403 2148 4457 55'.
2173 4403 2298 4459 Haec
2339 4416 2514 4460 autem
2557 4406 2731 4460 omnia
2778 4406 2849 4459 ita
2887 4420 3045 4475 supra
3095 4415 3287 4460 terram
3333 4414 3474 4471 sunt,
3509 4415 3566 4459 ut

1990 4494 2088 4562 ipsi
2120 4505 2274 4550 terrae
2303 4496 2552 4550 radicitus
2573 4498 2895 4560 cobmreant,
2926 4504 2981 4550 et
3013 4496 3063 4550 ei
3082 4497 3484 4562 continuentur,
3511 4507 3566 4552 et

1991 4600 2200 4640 rursum
2248 4585 2639 4654 quodammodo
2680 4595 3035 4656 separentur:
3085 4597 3366 4658 propterea
3409 4589 3564 4658 hujus

1993 4685 2197 4728 natura:
2225 4674 2664 4744 signiﬁcationem
2709 4677 2764 4731 in
2811 4678 2910 4733 ista
2956 4679 3261 4734 narratione
3303 4689 3567 4734 servatam

1989 4764 2245 4830 arbitror;
2265 4764 2383 4834 quia
2401 4775 2456 4820 et
2477 4765 2664 4822 eodem
2690 4767 2776 4822 die
2799 4766 2937 4822 facta
2951 4775 3093 4833 sunt,
3111 4783 3218 4838 quo
3243 4777 3383 4824 terra
3404 4786 3569 4840 appa-

1990 4857 2116 4910 ruit:
2131 4863 2187 4911 et
2205 4867 2377 4912 tamen
2391 4857 2580 4912 iterum
2599 4858 2728 4913 dixit
2747 4859 2981 4924 Deus,'ut
2999 4869 3136 4916 terra
3152 4861 3493 4929 germinaret;
3515 4875 3569 4914 ct

1989 4950 2181 5006 iterum
2203 4949 2399 5005 dictum
2422 4959 2522 5017 est,
2551 4950 2618 5004 Et
2638 4951 2710 5005 sic
2728 4955 2921 5023 factum
2939 4960 3047 5016 est;
3066 4951 3259 5008 deinde
3278 4953 3566 5007 secundum

1990 5041 2322 5110 superiorem
2370 5042 2626 5112 regulam,
2667 5053 2946 5113 postquam
2990 5043 3188 5098 dictum
3234 5053 3352 5110 est,
3405 5043 3470 5097 Et
3495 5046 3568 5098 sic

1992 5139 2182 5204 factum
2207 5144 2278 5190 est
2297 5177 2314 5202 ,
2341 5135 2677 5205 subjungitur
2703 5137 2814 5204 ipsa
2847 5137 3118 5192 exsecutio
3135 5177 3151 5203 ,
3180 5134 3248 5189 Et
3274 5136 3409 5190 dedit
3433 5147 3570 5191 terra

1993 5225 2199 5280 herbam
2224 5226 2413 5297 pabuli,
2446 5229 2684 5297 ferentem
2716 5243 2882 5281 semen
2909 5226 3181 5281 secundum
3205 5243 3358 5296 genus
3383 5243 3568 5291 suum,

1992 5328 2039 5371 et
2061 5317 2253 5389 lignum
2272 5318 2586 5389 fructiferum
2616 5319 2804 5389 faciens
2821 5319 3059 5387 fructum,
3081 5319 3228 5388 cujus
3251 5334 3419 5372 semen
3447 5319 3498 5371 in
3519 5335 3570 5372 se

1994 5409 2264 5464 secundum
2295 5426 2439 5463 suam
2484 5411 2882 5466 similitudinem.
2927 5410 2995 5464 Et
3017 5411 3223 5465 iterum
3249 5409 3398 5474 dicit,
3435 5410 3571 5464 Vidit

1996 5499 2133 5554 Deus
2155 5500 2270 5570 quia
2297 5499 2478 5554 bonum
2503 5508 2592 5554 cst.
2624 5500 2804 5570 Itaque
2828 5510 2883 5556 et
2903 5516 3011 5556 uno
3037 5499 3123 5555 die
3141 5500 3571 5571 istajunguntur,

2001 5601 2054 5648 et
2079 5592 2283 5647 iteratis
2313 5592 2408 5647 Dei
2433 5593 2610 5648 verbis
2647 5592 3038 5663 distinguuntur
3060 5591 3127 5647 ab
3150 5592 3397 5648 invicem.
3420 5591 3573 5660 Quod

1999 5684 2065 5736 de
2096 5692 2233 5736 terra
2280 5691 2335 5738 et
2373 5684 2508 5738 mari
2551 5693 2828 5752 pr0pterca
2877 5691 3004 5752 puto
3034 5699 3138 5739 non
3187 5698 3307 5739 esse
3349 5685 3568 5755 factum,

2000 5775 2122 5843 quia
2144 5775 2311 5845 magis
2338 5775 2522 5831 harum
2547 5791 2720 5830 rerum
2750 5785 2828 5829 est
2852 5774 3198 5831 discernenda
3228 5785 3432 5842 natura,
3458 5791 3574 5843 qua:

2947 5889 3216 5968 (1Ιαίιᾴ
