4056 6468
422 428 434 439 ,.
459 415 555 473 m

461 547 585 587 sum
610 527 870 586 oriantur
880 532 935 580 et
953 518 1223 583 occidant,
1252 514 1471 572 seminis
1495 507 1829 566 successione
1850 517 2039 577 propa-

438 672 439 675 η
467 634 679 696 gantur.
707 622 787 675 An
816 617 938 689 quia
978 624 1115 669 terra
1143 621 1198 667 et
1228 623 1373 664 mare
1407 602 1565 660 simul
1606 596 2037 696 ﬁeri-potuerint,

470 686 576 770 non
599 711 772 767 solum
801 686 852 763 in
878 704 1170 761 rationibus
1210 706 1466 755 creaturae
1497 689 1812 764 spiritualis,
1843 687 1934 742 ubi
1963 686 2038 740 si-

472 805 582 860 mul
601 800 788 857 omnia
809 798 941 852 facta
966 802 1105 858 sunt,
1128 790 1223 846 sed
1244 788 1402 845 etiam
1431 786 1482 839 in
1510 784 1620 853 ipsa
1650 777 1908 850 corporali
1929 791 2044 830 mo-

442 930 445 931 ν
472 896 651 958 tione;
677 890 897 945 arbores
920 900 1048 941 vero
1076 893 1129 938 et
1147 893 1367 952 quaeque
1395 877 1590 945 stirpes
1612 871 1756 927 nasci
1778 884 1883 925 non
1916 882 2039 938 pos-

474 996 625 1049 sent,
658 983 760 1039 nisi
787 992 926 1037 terra
970 977 1023 1033 in
1057 988 1174 1046 qua
1219 970 1595 1044 germinareut,
1636 961 1995 1034 praecessisset
2026 973 2039 1009 :

472 1087 754 1150 propterea
800 1083 853 1129 et
894 1065 1237 1139 repetendum
1274 1071 1387 1117 erat
1432 1060 1638 1130 jussum
1669 1054 1879 1150 Dcitut;
1910 1050 2044 1150 facta

475 1140 899 1238 signiﬁcarentur
922 1156 1187 1220 distantia,
1211 1163 1385 1208 tamen
1415 1165 1519 1205 non
1544 1148 1651 1203 alio
1671 1146 1755 1201 die
1783 1140 2041 1238 facienda,

476 1234 690 1327 propter
717 1251 854 1322 quod
882 1247 1145 1303 radicibus
1171 1255 1326 1299 terra:
1352 1241 1635 1311 afﬁguntur
1658 1244 1713 1292 et
1734 1234 2045 1327 continuan-

476 1320 599 1401 tur?
626 1320 916 1411 Sed—quani
945 1344 1119 1407 petest
1145 1349 1240 1389 cur
1264 1333 1379 1387 istis
1419 1331 1556 1386 Deus
1594 1343 1699 1383 non
1734 1320 2046 1394 imposuerit

475 1435 687 1491 nomina
717 1450 731 1486 :
759 1446 824 1484 an
849 1425 1261 1498 praetermissum
1289 1430 1389 1485 est,
1416 1419 1537 1490 quia
1562 1413 1842 1472 multitudo
1860 1426 2047 1468 eorum

480 1542 582 1580 non
610 1520 855 1578 sinebat?
886 1520 1076 1573 Verum
1108 1516 1221 1569 hare
1247 1512 1469 1584 quzestio
1497 1509 1683 1564 melius
1709 1515 1888 1575 postea
1916 1518 2047 1559 con—

475 1613 815 1677 Siderabitur,
842 1624 961 1664 cum
990 1604 1472 1661 animadvertemus
1482 1600 1581 1653 alia
1594 1613 1711 1669 qua:
1724 1600 1827 1650 non
1843 1595 2049 1650 vocavit

478 1706 639 1766 Deus,
668 1702 805 1757 sicut
832 1698 1039 1754 vocavit
1078 1697 1275 1760 lucem,
1306 1701 1361 1749 et
1398 1692 1614 1754 coelum,
1656 1696 1712 1744 et
1752 1695 1967 1753 terram,
1996 1694 2050 1741 et

462 1809 640 1849 mare.
672 1791 737 1846 Et
763 1792 953 1863 factum
976 1798 1049 1843 est
1077 1802 1302 1857 vespera,
1342 1793 1387 1838 et
1428 1786 1619 1853 factum
1651 1787 1724 1834 est
1761 1794 1908 1833 mane
1946 1777 2051 1833 dies

473 1892 906 2027 ωὲῒιλυτοχη.
936 1998 1005 2010 ——
1030 1968 1126 2025 '36.
1161 1966 1227 2021 Et
1263 1966 1389 2021 dixit
1414 1964 1572 2033 Deus,
1604 1961 1754 2018 Fiant
1783 1959 2053 2017 luminaria

477 2068 531 2120 in
550 2066 869 2134 ﬁrmamento
889 2060 1020 2127 cali,
1047 2069 1099 2115 ut
1138 2060 1334 2115 luceant
1359 2074 1507 2129 super
1527 2066 1731 2120 terram,
1760 2063 1806 2109 et
1829 2051 2053 2107 dividant

478 2160 608 2213 inter
633 2159 762 2211 diem
789 2167 835 2211 et
866 2165 1087 2217 noctem;
1124 2163 1168 2208 et
1196 2154 1295 2207 sint
1320 2153 1372 2206 in
1398 2151 1553 2221 signis
1582 2159 1628 2204 et
1655 2147 1974 2219 temporibus,
2002 2155 2053 2202 et

477 2252 531 2303 in
552 2250 743 2316 diebus,
766 2259 813 2303 et
842 2248 1025 2312 annis;
1056 2257 1100 2300 et
1124 2247 1221 2300 sint
1249 2245 1302 2299 in
1326 2243 1641 2314 splendorem
1668 2242 1720 2296 in
1742 2242 2052 2303 ﬁrmamento

479 2342 612 2409 caeli,
640 2351 694 2395 ut
736 2342 936 2395 luceant
974 2355 1123 2409 super
1163 2348 1366 2391 terram.
1414 2336 1613 2404 Quarto
1650 2335 1735 2389 die
1774 2332 2051 2387 luminaria

478 2433 615 2488 facta
644 2441 787 2499 sunt,
816 2430 883 2486 de
924 2430 1114 2500 quibus
1146 2427 1363 2491 dicitur,
1393 2435 1438 2481 et
1463 2429 1563 2481 sint
1601 2425 1655 2479 in
1693 2424 1902 2478 diebus:
1926 2422 2052 2493 quid

478 2539 609 2595 ergo
635 2524 815 2577 volunt
841 2531 950 2577 tres
979 2517 1376 2575 dies'transacti
1407 2517 1520 2571 sine
1542 2514 1925 2569 luminaribus?
1962 2522 2054 2568 aut

477 2632 574 2672 cur
597 2617 695 2671 ista
724 2621 882 2670 erunt
907 2615 958 2667 in
993 2612 1199 2676 diebus,
1229 2610 1274 2666 si
1300 2610 1457 2665 etiam
1497 2608 1613 2663 sine
1652 2607 1764 2661 istis
1802 2606 1917 2660 dies
1934 2619 2052 2661 esse

480 2706 800 2778 potuerunt?
832 2706 911 2759 An
957 2704 1078 2775 quia
1104 2702 1399 2759 evidentius
1429 2699 1703 2770 productio
1733 2699 1816 2752 illa
1848 2709 2051 2768 tempo-

478 2800 554 2852 ris
575 2806 628 2851 ct
657 2811 923 2851 morarum
947 2793 1279 2849 intervallum
1307 2798 1451 2845 motu
1476 2790 1694 2844 istorum
1717 2788 2052 2843 luminarium

478 2886 725 2957 distingui
774 2887 840 2940 ub
890 2883 1193 2939 hominibus
1231 2879 1444 2952 potest?
1491 2882 1570 2935 Au
1617 2881 1716 2933 ista
1751 2879 1956 2933 dierum
2001 2887 2055 2932 et

478 2977 714 3032 noctium
740 2974 1069 3031 enumeratio
1090 2973 1156 3027 ad
1183 2972 1574 3027 distinctionem
1598 2971 1733 3024 valet
1754 2970 1892 3024 inter
1913 2968 2053 3023 illam

481 3077 729 3122 naturam
754 3081 873 3136 qua:
900 3064 1038 3119 facta
1078 3078 1185 3118 non
1214 3071 1295 3117 est
1317 3102 1334 3129 ,
1362 3073 1415 3117 ct
1442 3076 1533 3116 eas
1560 3075 1678 3131 qua:
1708 3059 1857 3114 facta:
1890 3067 2050 3114 sunt:

479 3168 539 3213 nt
564 3172 710 3211 mane
737 3155 1101 3211 nominaretur
1147 3162 1364 3224 propter
1404 3167 1584 3207 earum
1612 3151 1842 3222 speciem
1888 3149 2055 3205 facta-

484 3266 641 3317 rum;
669 3265 877 3319 uespera
900 3254 1028 3303 vero
1052 3256 1267 3318 propter
1296 3242 1690 3315 privationem?
1717 3242 1850 3311 Quia
1879 3257 2053 3312 quan-

484 3346 593 3395 tum
616 3340 805 3395 attinet
823 3338 889 3393 ad
915 3337 1063 3392 illum
1090 3351 1119 3390 a
1157 3349 1263 3406 quo
1284 3335 1416 3390 facta
1446 3341 1590 3394 sunt,
1632 3332 1870 3402 speciosa
1896 3338 2054 3401 atque

480 3433 714 3487 formosa
752 3436 878 3486 sunt
904 3446 917 3483 τ
950 3437 1204 3499 quantum
1234 3435 1409 3481 autem
1441 3430 1493 3479 in
1520 3423 1649 3494 ipsis
1676 3432 1758 3479 est
1779 3463 1796 3490 ,
1832 3431 2055 3493 possunt

480 3521 888 3592 deﬁeere,quia
914 3520 982 3575 de
1024 3519 1191 3574 nihilo
1220 3515 1358 3572 facta
1404 3523 1559 3580 sunt;
1602 3524 1657 3571 et
1702 3515 1756 3570 in
1800 3523 2052 3585 quantum

480 3632 587 3672 non
613 3613 884 3678 deﬁciunt,
919 3628 1025 3666 non
1056 3619 1138 3666 est
1162 3623 1349 3665 eorum
1374 3609 1634 3673 materias,
1657 3622 1777 3677 qua:
1798 3622 1863 3661 ex
1884 3604 2053 3659 nihilo

481 3716 585 3772 est,
613 3703 706 3760 sed
735 3704 849 3772 ejus
869 3703 956 3771 qui
993 3715 1198 3756 summe
1221 3706 1333 3766 est,
1358 3702 1417 3755 et
1442 3694 1534 3752 illa
1561 3696 1687 3753 facit
1725 3711 1843 3753 esse
1871 3694 1928 3751 in
1954 3707 2055 3766 ge-

482 3811 611 3851 nere
633 3802 689 3850 ct
716 3794 902 3848 ordine
927 3807 1043 3845 suo.

554 3888 643 3942 57.
668 3884 734 3940 Et
759 3885 886 3939 dixit
905 3883 1065 3950 Deus,
1094 3880 1249 3937 Fiant
1281 3882 1334 3936 in
1353 3882 1675 3952 ﬁrmamento
1699 3882 1812 3935 caeli
1837 3883 2057 3935 Iumina-

489 3984 563 4037 tia
588 3989 640 4033 ut
662 3979 860 4033 luceant
882 3993 902 4032 :
928 3986 1104 4032 utrum
1132 3974 1200 4031 de
1221 3975 1338 4030 ﬁxis
1360 3982 1561 4030 tantum
1586 3973 1781 4029 dictum
1807 3980 1889 4029 est
1915 3973 2057 4029 side-

485 4071 652 4136 ribus,
681 4085 746 4122 an
771 4069 929 4124 etiam
969 4067 1037 4123 de
1062 4065 1242 4138 vagis?
1285 4065 1389 4121 Sed
1427 4065 1533 4121 duo
1574 4065 1851 4119 luminaria
1882 4065 2054 4133 majus

484 4168 539 4214 et
576 4160 750 4214 minus
790 4159 929 4213 inter
967 4156 1096 4227 vaga
1143 4157 1315 4211 sidera
1357 4164 1700 4211 numerantur
1742 4172 1755 4209 :
1787 4154 2053 4224 quomodo

487 4266 616 4323 ergo
644 4251 696 4305 in
732 4249 1065 4305 ﬁrmamento
1088 4247 1223 4303 facta
1258 4257 1381 4303 sunt
1418 4248 1616 4311 omnia,
1655 4261 1776 4301 eum
1817 4245 2056 4317 singulos

483 4358 611 4400 suos
636 4343 717 4399 vel
742 4342 928 4413 globos
948 4340 1033 4396 vel
1057 4341 1286 4395 circulos
1314 4354 1441 4410 vaga
1462 4339 1665 4409 singula
1689 4353 1911 4408 quaeque
1933 4352 2054 4408 pos-

484 4431 728 4488 sideant?
753 4432 835 4485 An
874 4429 1120 4501 quoniam
1163 4430 1214 4483 in
1260 4427 1547 4498 Scripturis
1590 4436 1643 4483 et
1669 4428 1834 4484 cmlos
1860 4427 2054 4482 multos

485 4520 711 4592 legimus
736 4529 792 4576 et
813 4519 1030 4584 omium,
1050 4516 1206 4574 sicuti
1250 4518 1302 4570 in
1330 4517 1430 4571 hoc
1454 4517 1574 4571 loco
1597 4530 1717 4570 cum
1746 4516 1940 4570 dicitur
1960 4516 2053 4570 ﬁr-

488 4620 819 4668 mamentum
845 4610 1038 4667 ccelum
1066 4610 1104 4675 ⁸,
1130 4608 1526 4679 intelligendum
1552 4615 1636 4662 est
1659 4622 1869 4662 omnem
1898 4608 2052 4664 istam

485 4702 774 4756 :ctheream
796 4699 1094 4754 machinam
1108 4698 1213 4753 dici
1228 4711 1344 4768 quas
1363 4698 1537 4753 omnia
1553 4697 1726 4753 sidera
1749 4698 1986 4753 continet
2005 4699 2051 4763 ’ς

486 4790 591 4846 sub
613 4804 717 4861 qua
754 4788 874 4861 puri
909 4796 965 4844 et
990 4789 1257 4858 tranquilli
1299 4789 1440 4845 aeris
1483 4791 1742 4845 serenitas
1768 4790 1929 4860 viget,
1952 4789 2051 4844 sub

487 4898 591 4953 qua
620 4882 747 4937 item
779 4882 877 4937 iste
899 4895 992 4937 aer
1017 4880 1346 4936 turbulentus
1372 4889 1427 4937 et
1452 4882 1775 4952 procellosus
1800 4882 2055 4952 agitatur?

487 4973 531 5030 υ
536 4983 556 5028 t
574 4974 772 5029 luceant
786 4988 937 5044 super
948 4982 1149 5040 terram,
1167 4981 1214 5028 et
1233 4972 1457 5028 dividant
1475 4974 1602 5028 inter
1619 4974 1749 5027 diem
1772 4983 1819 5027 et
1838 4983 2049 5028 noctem.

484 5066 673 5127 Nonne
693 5068 802 5138 jam
837 5068 975 5122 Deus
1016 5066 1268 5122 diviserat
1308 5066 1448 5124 inter
1488 5066 1660 5124 lucem
1702 5074 1755 5121 et
1783 5066 2049 5134 tenebras,

483 5168 536 5211 et
560 5164 842 5214 vocaverat
868 5156 1036 5213 lucem
1064 5155 1205 5212 diem
1230 5199 1245 5224 ,
1271 5165 1327 5212 et
1370 5156 1617 5213 tenebras
1643 5165 1925 5211 vocaverat
1952 5172 2050 5210 no-

482 5248 663 5303 ctem?
685 5262 752 5304 ex
777 5262 885 5318 quo
911 5259 1131 5318 apparet
1153 5262 1276 5304 eum
1314 5248 1456 5305 inter
1476 5246 1619 5303 diem
1647 5258 1705 5305 et
1728 5258 1940 5303 noctem
1968 5248 2051 5303 di-

483 5338 672 5396 visisse
695 5357 709 5394 :
733 5338 861 5411 quid
883 5340 983 5397 sibi
1009 5355 1147 5397 nunc
1169 5340 1282 5397 vult
1306 5340 1449 5412 quod
1472 5338 1666 5395 dicitur
1691 5339 1760 5396 de
1779 5340 2052 5415 luminari-

482 5430 600 5495 bus,
631 5439 679 5485 et
696 5430 923 5485 dividant
944 5431 1072 5485 inter
1094 5430 1226 5487 diem
1252 5441 1300 5487 et
1340 5432 1575 5487 noctem?
1615 5432 1693 5486 An
1714 5430 1785 5485 ita
1824 5446 1965 5486 nunc
1995 5431 2053 5487 ﬁt

483 5523 584 5574 ista
610 5518 799 5575 divisio
817 5536 913 5589 per
930 5521 1236 5587 luminaria,
1259 5532 1316 5576 ut
1334 5521 1636 5578 hominibus
1656 5527 1781 5577 nota
1803 5521 1874 5578 sit
1892 5524 2050 5578 etiam

482 5610 615 5666 solis
651 5612 951 5667 carnalibus
973 5612 1143 5669 oculis
1178 5613 1243 5667 ad
1271 5628 1447 5667 rerum
1476 5613 1695 5669 istarum
1720 5614 2048 5686 contempla-

545 5720 562 5787 ξ
588 5727 666 5787 iis.
681 5722 859 5787 _\‘atie.,
892 5724 1063 5772 cuitum
1083 5727 1128 5787 et
1145 5720 1510 5787 munimentum.

547 5782 568 5812 ³
587 5782 659 5831 sic
678 5783 728 5831 tn
751 5789 833 5832 Its.
857 5791 1002 5835 vane.
1028 5792 1083 5834 Al
1104 5782 1154 5834 in
1174 5785 1334 5843 editis,
1362 5782 1620 5835 substantia
1642 5782 1861 5835 continet.

1646 392 1734 447 DE
1762 382 2030 452 GENESI,
2069 381 2129 441 S.
2166 381 2525 442 AUGUSTINI

3607 387 3713 443 236

2154 502 2350 555 tionem
2380 501 2680 567 utentibus;
2710 502 2780 556 ita
2822 515 2947 556 vero
2982 501 3121 556 Deus
3139 515 3258 557 eam
3295 500 3419 558 fecit
3452 509 3578 559 ante
3603 505 3719 556 cir-

2149 591 2347 646 cuitum
2370 588 2727 657 luminarium,
2760 600 2815 646 ut
2849 591 3013 646 videri
3046 592 3146 647 nisi
3174 607 3204 646 a
3233 593 3413 662 paucis
3436 605 3568 648 sano
3600 594 3720 662 spi-

2148 681 2253 735 ritu
2276 690 2329 736 et
2351 697 2537 736 serena
2565 681 2769 736 ratione
2790 696 2894 736 non
2919 681 3120 752 possit?
3134 685 3214 736 An
3233 682 3373 737 inter
3391 682 3551 737 alium
3571 682 3718 737 diem

2150 783 2200 829 et
2228 773 2381 827 aliam
2412 783 2623 828 noctem
2663 773 2840 828 divisit
2880 774 3054 837 Deus,
3083 773 3135 828 id
3172 783 3256 830 est
3297 774 3438 829 inter
3479 775 3718 845 speciem

2150 879 2306 933 quam
2351 864 2684 933 imprimebat
2727 863 2802 918 illi
2848 854 3154 918 informitati
3184 904 3199 927 ,
3244 872 3299 919 et
3336 863 3717 920 informitatem

2150 970 2268 1024 qua:
2292 954 2463 1008 adhuc
2490 952 2758 1008 formanda
2782 952 3045 1019 restabat;
3073 953 3209 1008 alius
3231 969 3357 1007 vero
3377 962 3459 1009 est
3482 953 3581 1009 iste
3599 952 3719 1008 dies

2149 1053 2203 1100 et
2232 1045 2332 1099 alia
2362 1060 2486 1111 nox,
2507 1059 2729 1114 quorum
2756 1043 3001 1099 volvente
3024 1045 3161 1099 cmlo
3186 1044 3497 1099 vicissitudo
3539 1044 3716 1099 animo

2149 1134 2460 1203 advertitur,
2510 1150 2625 1206 quae
2682 1134 2797 1190 ﬁeri
2856 1150 2961 1189 non
2999 1144 3181 1205 posset
3215 1135 3317 1191 nisi
3351 1135 3483 1191 solis
3511 1145 3630 1192 ortu
3663 1146 3720 1192 et

2150 1239 2338 1279 occasu
2358 1225 2382 1279 ’ἓ

2222 1313 2445 1370 CAPUT
2483 1312 2621 1369 XIII.
2639 1346 2709 1366 --
2733 1315 2822 1371 58.
2862 1315 2930 1369 Et
2954 1317 3053 1370 sint
3075 1316 3127 1370 in
3147 1316 3303 1387 signis
3328 1324 3375 1370 et
3398 1316 3723 1387 temporibus,

2152 1414 2197 1459 et
2227 1405 2279 1459 in
2304 1406 2496 1471 diebus,
2528 1416 2574 1459 et
2598 1407 2651 1459 in
2680 1408 2843 1460 annis.
2866 1406 3083 1462 Videtur
3107 1406 3234 1461 mihi
3262 1405 3363 1461 hoc
3389 1406 3530 1476 quod
3557 1406 3722 1470 dixit,

2152 1498 2204 1551 in
2228 1492 2403 1569 signis,
2430 1498 2640 1568 planum
2667 1498 2857 1555 fecisse
2885 1499 3012 1554 illud
3031 1500 3173 1570 quod
3201 1499 3353 1567 dixit,
3382 1501 3503 1554 etin
3528 1510 3725 1569 tempa-

2152 1592 2323 1656 ribus;
2355 1606 2421 1646 ne
2448 1590 2589 1646 aliud
2612 1592 2981 1661 acciperentur
3016 1593 3187 1664 signa,
3214 1603 3266 1648 et
3293 1592 3429 1647 aliud
3462 1600 3723 1662 tempora.

2154 1681 2279 1736 Ilmc
2303 1680 2445 1737 enim
2466 1697 2603 1736 nunc
2622 1681 2755 1736 dixit
2779 1690 3036 1752 tempora,
3051 1697 3169 1753 qua:
3195 1681 3589 1737 intervallorum
3610 1682 3726 1735 dis-

2154 1773 2407 1829 tinctione
2432 1774 2780 1829 mternitatem
2832 1774 3315 1831 incommutabilem
3337 1790 3496 1845 supra
3524 1791 3583 1830 se
3609 1791 3727 1829 ma-

2154 1881 2280 1921 nere
2324 1866 2644 1937 signiﬁcant,
2693 1877 2751 1920 ut
2792 1866 3017 1937 signum,
3058 1864 3112 1920 id
3151 1874 3233 1921 est
3271 1866 3420 1936 quasi
3447 1866 3727 1936 vestigium

2154 1955 2461 2010 aiternitalis
2490 1965 2697 2025 tempus
2719 1964 2988 2027 appareat.
3020 1955 3148 2010 Item
3176 1969 3296 2010 cum
3325 1955 3578 2026 adjungit,
3608 1957 3729 2010 etin

2156 2047 2349 2111 diebus,
2379 2055 2426 2101 et
2450 2048 2502 2101 in
2531 2047 2701 2113 annis,
2726 2047 2958 2102 ostendit
2984 2062 3103 2117 quae
3145 2046 3339 2102 dixerit
3376 2056 3636 2118 tempora,
3669 2056 3728 2101 ut

2155 2139 2270 2193 dies
2309 2137 2437 2193 ﬁant
2470 2139 2819 2193 conversione
2867 2138 3091 2192 ﬁxorum
3135 2137 3400 2200 siderum;
3444 2138 3569 2191 anni
3600 2152 3732 2193 vero

2156 2230 2438 2295 manifesti,
2477 2245 2596 2285 cum
2628 2231 2709 2286 sol
2739 2227 3045 2299 signiferum
3076 2229 3331 2284 circulum
3364 2229 3592 2300 peragit;
3626 2229 3725 2283 ob—

2156 2321 2419 2377 scuriores
2446 2330 2620 2376 autem
2647 2336 2765 2375 cum
2789 2320 2840 2374 id
2870 2318 3281 2390 unumquodque
3302 2334 3553 2390 vagorum
3580 2319 3729 2374 side-

2156 2429 2273 2467 rum
2300 2413 2349 2466 in
2376 2413 2484 2466 suis
2514 2411 2732 2466 orbibus
2762 2410 2909 2465 facit.
2936 2411 3051 2465 Non
3081 2410 3224 2466 enim
3250 2410 3405 2477 dixit,
3434 2411 3499 2465 Et
3526 2413 3727 2465 mensi-

2156 2502 2273 2567 bus,
2296 2503 2415 2573 quia
2446 2501 2668 2557 fortasse
2693 2501 2890 2556 mensis
2918 2515 3090 2555 annus
3116 2508 3199 2555 est
3227 2500 3393 2566 lunae;
3426 2501 3561 2555 sicut
3589 2499 3728 2555 duo-

2156 2595 2329 2651 decim
2348 2595 2487 2649 lunae
2507 2594 2648 2659 anni,
2678 2592 2852 2648 annus
2874 2602 2957 2648 est
2983 2592 3097 2663 ejus
3122 2592 3311 2649 sideris
3334 2592 3473 2662 quod
3494 2600 3731 2647 meeum

2156 2686 2327 2743 εἶτα·θί
2352 2693 2559 2748 vocant,
2592 2694 2645 2740 et
2678 2685 2887 2754 triginta
2909 2684 3038 2738 solis
3062 2684 3189 2738 anni
3214 2698 3385 2738 annus
3411 2689 3494 2738 est
3521 2683 3637 2753 ejus
3655 2683 3729 2736 si-

2156 2775 2298 2831 deris
2333 2774 2471 2846 quod
2498 2784 2671 2829 Φαίνων
2697 2774 2908 2829 dicitur.
2944 2775 3007 2829 Et
3046 2774 3270 2829 fortasse
3297 2773 3368 2829 ita
3393 2789 3514 2829 cum
3548 2776 3729 2828 omnia

2159 2866 2332 2922 sidera
2361 2866 2425 2920 ad
2452 2866 2589 2920 idem
2618 2867 2891 2932 redierint,
2920 2879 3090 2920 annus
3112 2881 3332 2935 magnus
3356 2866 3639 2937 peragitur,
3658 2866 3728 2921 de

2159 2972 2266 3028 quo
2288 2957 2438 3027 multi
2474 2957 2637 3011 multa
2674 2956 2937 3011 dixerunt.
2979 2958 3060 3011 An
3089 2957 3141 3010 in
3169 2956 3327 3027 signis
3354 2955 3505 3021 dixit,
3535 2956 3730 3025 quibus

2158 3060 2360 3105 certum
2391 3050 2492 3105 iter
2516 3048 2838 3119 significatur
2867 3048 3142 3120 navigandi
3166 3066 3178 3102 :
3202 3050 3253 3100 in
3284 3046 3587 3118 temporibus
3629 3063 3728 3100 au-

2160 3150 2286 3205 tem,
2314 3140 2455 3195 velut
2478 3149 2558 3195 est
2578 3155 2801 3195 vernum
2822 3148 3046 3207 tempus,
3069 3147 3126 3194 et
3150 3149 3324 3201 mstas,
3352 3146 3406 3193 et
3424 3148 3729 3203 autumnus,

2158 3240 2212 3287 et
2238 3231 2440 3296 hiems;
2463 3231 2583 3300 quia
2620 3241 2676 3285 et
2700 3229 2801 3284 ista
2825 3230 3147 3284 circumactu
3173 3228 3405 3284 siderum
3433 3228 3727 3290 variantur,

2159 3337 2384 3393 suasque
2410 3322 2555 3378 vices
2593 3330 2753 3393 atque
2788 3321 3029 3377 ordinem
3070 3330 3313 3376 servant:
3338 3320 3391 3374 in
3430 3320 3602 3374 diebus
3630 3335 3730 3373 au-

2160 3423 2266 3470 tem
2282 3414 2393 3468 etin
2410 3415 2576 3477 annis,
2601 3414 2735 3468 sicut
2759 3414 3053 3482 expositum
3078 3412 3187 3482 jam
3213 3421 3313 3477 est,
3341 3410 3732 3480 accipiendum?

2228 3504 2317 3560 59.
2358 3504 2425 3558 Et
2454 3506 2553 3558 sint
2578 3505 2630 3558 in
2658 3503 2975 3574 splendorem
3005 3504 3057 3558 in
3083 3503 3398 3573 ﬁrmamento
3436 3502 3547 3556 cali
3570 3512 3623 3555 ut
3648 3502 3734 3555 lu-

2156 3607 2303 3652 ceant
2329 3612 2479 3665 super
2503 3604 2707 3650 terram.
2733 3594 2901 3664 Supra
2932 3594 3043 3664 jam
3073 3593 3271 3648 dictum
3294 3602 3429 3656 erat,
3460 3591 3617 3645 Fiant
3645 3592 3731 3646 lu-

2158 3688 2373 3743 minaria
2398 3689 2452 3742 in
2477 3689 2789 3756 ﬁrmamenta
2826 3685 2961 3752 cazli,
3001 3696 3056 3740 ut
3092 3686 3289 3741 luceant
3329 3702 3483 3749 super
3510 3695 3733 3749 terram;

2157 3795 2254 3834 cur
2299 3788 2542 3850 putamus
2582 3792 2701 3832 esse
2730 3776 3046 3847 repetitum?
3073 3778 3154 3830 An
3180 3774 3623 3845 quemadmodum
3650 3773 3734 3827 di-

2157 3879 2298 3925 ctum
2325 3878 2407 3925 est
2433 3869 2499 3925 dc
2534 3869 2805 3938 stirpibus,
2853 3875 2910 3922 ut
2946 3866 3118 3922 lerant
3157 3881 3361 3931 semen,
3392 3875 3447 3920 et
3469 3865 3538 3920 sit
3569 3866 3620 3918 in
3652 3866 3734 3919 eis

2158 3976 2361 4027 semen,
2410 3960 2697 4016 secundum
2726 3974 2894 4030 genus
2921 3973 3073 4013 suum
3108 3967 3163 4013 et
3200 3957 3629 4021 similitudinem;
3660 3956 3733 4010 ita

2158 4052 2579 4108 liicecontrario
2613 4049 2811 4105 dictum
2858 4058 2940 4103 est
2975 4048 3044 4104 de
3090 4049 3452 4112 luminaribus,
3497 4046 3736 4101 Fiantet

2156 4141 2278 4209 sint,
2309 4140 2363 4195 id
2388 4149 2471 4196 est
2498 4139 2627 4195 ﬁant
2656 4148 2711 4194 et
2735 4154 2838 4192 non
2867 4138 3105 4209 gignant,
3135 4137 3231 4194 sed
3266 4138 3377 4207 ipsa
3408 4137 3534 4192 sint.
3567 4134 3633 4186 Et
3656 4132 3731 4184 sie

2159 4235 2348 4303 factum
2374 4240 2466 4285 est.
2492 4229 2635 4285 Ordo
2656 4229 2745 4284 ille
2764 4237 3024 4283 servatur.

2226 4322 2317 4378 ιο.
2356 4321 2425 4376 Et
2452 4322 2568 4389 fecit
2610 4319 2749 4374 Deus
2790 4319 2890 4369 duo
2931 4314 3234 4379 luminaria;
3278 4312 3525 4369 luminare
3565 4317 3734 4384 majus

2156 4409 2355 4463 initium
2382 4407 2501 4472 diei,
2528 4415 2575 4460 et
2603 4406 2850 4461 luminare
2868 4405 3035 4458 minus
3053 4404 3249 4457 initium
3266 4405 3441 4470 noctis,
3471 4415 3518 4457 et
3537 4405 3727 4459 stellas.

2157 4498 2293 4566 Quid
2318 4498 2459 4553 dicat
2482 4498 2688 4551 initium
2717 4496 2845 4563 diei,
2876 4503 2931 4551 et
2958 4495 3163 4550 initium
3189 4497 3377 4561 noctis,
3408 4513 3529 4551 mox
3560 4512 3730 4565 appa—

2157 4590 2314 4645 rebit.
2343 4586 2413 4642 Et
2442 4586 2614 4642 stellas
2632 4600 2761 4641 vero
2787 4585 2930 4657 quod
2954 4584 3178 4654 addidit,
3218 4596 3394 4640 utrum
3433 4588 3732 4655 pertineant

2158 4681 2226 4737 ad
2251 4680 2455 4736 initium
2483 4680 2657 4735 noctis
2684 4694 2881 4745 annon,
2922 4677 3224 4748 ambiguum
3254 4688 3353 4733 est.
3384 4678 3605 4745 Quidam
3632 4694 3732 4733 au-

2160 4781 2265 4827 tem
2288 4771 2471 4826 volunt
2499 4770 2584 4824 hic
2603 4768 2885 4839 signiﬁcari
2911 4769 3086 4823 lunam
3114 4769 3321 4839 plenam
3348 4784 3465 4824 esse
3488 4770 3731 4839 primitus

2157 4859 2371 4927 factam,
2410 4859 2552 4932 quod
2588 4859 2739 4931 plena
2766 4859 2889 4914 luna
2919 4858 3067 4913 initio
3092 4858 3262 4914 noctis
3288 4861 3537 4929 assurgit,
3569 4860 3620 4914 id
3648 4870 3734 4914 est

2158 4965 2281 5005 mox
2298 4958 2415 5021 post
2427 4950 2554 5005 solis
2568 4965 2832 5009 occasum.
2856 4948 2960 5004 Sed
2982 4948 3109 5003 illud
3123 4948 3409 5004 absurdum
3431 4957 3531 5011 est,
3552 4954 3729 5000 utnon

2156 5055 2189 5096 a
2213 5041 2402 5111 prima,
2424 5041 2518 5097 sed
2542 5056 2573 5095 a
2593 5049 2739 5095 sexta
2768 5040 2970 5095 decima
2994 5039 3079 5095 vel
3104 5041 3282 5109 quinta
3308 5035 3513 5091 decima
3544 5052 3731 5093 nume-

2158 5132 2308 5186 randi
2328 5146 2596 5186 sumamus
2610 5130 2904 5186 exordium.
2924 5129 3035 5180 Nec
3048 5124 3173 5180 illud
3200 5136 3429 5193 moveat,
3457 5127 3596 5197 quod
3618 5143 3735 5198 per-

2160 5222 2350 5277 fectum
2378 5220 2489 5273 ﬁeri
2511 5216 2753 5272 debuerit
2776 5215 3035 5272 luminare
3059 5215 3199 5285 quod
3229 5216 3420 5270 factum
3442 5225 3543 5272 est.
3569 5215 3728 5273 Omni

2157 5314 2298 5370 enim
2325 5312 2412 5367 die
2436 5310 2667 5383 perfecta
2694 5316 2803 5376 est;
2826 5310 2917 5365 sed
2935 5308 3049 5380 ejus
3069 5307 3319 5380 perfectio
3337 5309 3405 5364 ab
3429 5309 3733 5365 hominibus

2157 5421 2262 5462 non
2288 5406 2515 5471 videtur,
2542 5404 2642 5458 nisi
2662 5418 2781 5459 cum
2810 5418 2874 5457 ex
2895 5402 3161 5457 contraria
3187 5410 3342 5472 parte
3366 5402 3465 5457 soli
3489 5402 3730 5473 opposita

2156 5499 2333 5555 fuerit.
2348 5497 2480 5554 Nam
2500 5496 2657 5553 etiam
2673 5510 2793 5551 cum
2813 5495 2902 5551 illo
2920 5494 3223 5563 constituta,
3250 5495 3497 5567 quoniam
3517 5496 3616 5551 sub
3639 5495 3735 5551 illo

2157 5600 2260 5659 est,
2289 5589 2501 5647 videtur
2536 5588 2673 5644 ﬁniri
2692 5605 2708 5643 :
2729 5587 2823 5644 sed
2861 5587 3021 5643 etiam
3047 5595 3172 5642 tunc
3195 5586 3348 5656 plena
3372 5595 3483 5653 est;
3514 5586 3635 5658 quia
3663 5602 3730 5642 ex

2157 5685 2259 5740 alia
2280 5693 2427 5754 parte
2442 5681 2753 5748 illustratur,
2776 5695 2875 5737 nec
2893 5678 3061 5737 videri
3085 5687 3257 5750 potest
3269 5679 3337 5736 ab
3352 5680 3417 5735 iis
3439 5681 3526 5751 qui
3549 5680 3732 5735 subter

2160 5788 2304 5845 sunt,
2336 5774 2389 5831 id
2417 5784 2495 5832 est
2520 5784 2715 5830 terram
2746 5774 2999 5829 incolunt.
3031 5772 3181 5841 Quod
3204 5790 3308 5830 non
3332 5775 3509 5846 paucis
3534 5771 3729 5840 verbis,
