4056 6474
306 435 407 491 937

304 548 397 601 sed
426 544 709 599 subtilibus
743 540 1202 598 dissertationibus
1230 547 1283 594 ct
1306 538 1651 609 quarumdam
1686 538 1883 607 ﬁgura-

302 653 419 694 rum
453 636 738 691 visibilium
764 631 1215 688 demonstratione
1235 628 1409 684 doceri
1440 637 1632 698 potest.

368 730 461 783 Η.
503 727 572 781 Et
590 727 755 797 posuit
773 725 863 778 illa
882 722 1020 778 Deus
1040 722 1091 775 in
1108 722 1423 789 ﬁrmamento
1448 719 1580 783 cmli,
1606 726 1659 770 ut
1687 718 1885 771 luceant

299 837 451 889 super
491 829 696 873 terram.
740 815 1015 884 Quomodo
1041 814 1193 879 dixit,
1225 812 1379 867 Fiant
1400 813 1453 865 in
1482 811 1883 880 ﬁrmamento;ct

299 910 577 979 quomodo
606 924 749 964 nunc
775 908 925 971 dicit,
967 905 1110 959 Fecit
1141 904 1277 958 Deus
1313 902 1603 968 luminaria,
1642 910 1689 954 et
1718 900 1883 971 posuit

297 1005 355 1057 in
374 1003 729 1070 ﬁrmato;
760 1000 907 1069 quasi
934 1006 1081 1052 extra
1112 996 1217 1049 sint
1256 992 1412 1056 facta,
1452 1000 1505 1047 et
1533 999 1649 1061 post
1678 990 1746 1045 ibi
1782 1004 1881 1060 po-

296 1097 420 1158 sita,
452 1094 702 1162 cumjam
726 1092 926 1147 dictum
952 1090 1022 1145 sit
1048 1098 1107 1144 ut
1133 1088 1204 1142 ibi
1228 1084 1447 1142 ﬁerent?
1474 1086 1555 1139 An
1577 1084 1699 1137 hinc
1723 1083 1880 1137 etiam

296 1198 460 1256 atque
484 1187 645 1241 etiam
672 1182 1016 1253 signiﬁcatur,
1053 1196 1161 1234 non
1187 1179 1261 1234 ita
1284 1179 1449 1233 Deum
1475 1175 1662 1231 fecisse
1698 1185 1755 1228 ut
1784 1173 1883 1226 bo-

297 1277 474 1330 mines
512 1274 708 1340 solent,
742 1272 833 1326 sed
864 1271 934 1324 ita
964 1277 1231 1324 narratum
1262 1275 1320 1322 ut
1348 1265 1648 1321 hominibus
1680 1263 1880 1334 potuit:

294 1366 501 1421 scilicet
530 1374 588 1419 ut
613 1362 751 1433 apud
783 1362 1023 1416 homines
1044 1357 1185 1414 aliud
1214 1358 1304 1425 sit,
1334 1356 1485 1421 fecit;
1505 1354 1668 1420 aliud,
1687 1353 1880 1424 posuit:

300 1456 441 1527 apud
474 1457 638 1511 Deum
676 1462 850 1508 autem
884 1461 1164 1521 utrumque
1201 1448 1342 1504 idem
1381 1446 1469 1515 sit,
1513 1445 1603 1515 qui
1645 1443 1885 1498 faciendo

301 1549 473 1618 ponit,
502 1557 556 1601 et
578 1545 822 1616 ponendo
849 1542 1006 1597 facit?

367 1637 459 1693 42.
481 1636 547 1691 Et
568 1636 773 1707 prmia!
788 1633 887 1687 diei
902 1649 960 1686 ac
973 1631 1125 1698 nocti,
1145 1638 1191 1684 et
1212 1627 1438 1683 dividant
1454 1626 1583 1680 inter
1596 1623 1726 1678 diem
1742 1632 1788 1677 et
1803 1639 1887 1675 ηοο

299 1741 443 1784 rtem.
463 1728 669 1784 Dictum
685 1735 800 1782 erat
817 1727 1013 1779 initium
1026 1724 1144 1789 diei,
1160 1732 1212 1777 et
1232 1722 1432 1775 initium
1452 1719 1629 1781 noctis,
1644 1716 1789 1788 quod
1802 1716 1885 1770 hic

298 1817 774 1888 exponitdieendo,
791 1815 1105 1887 praesintdici
1116 1823 1161 1867 et
1178 1812 1329 1867 nocti.
1351 1810 1489 1881 Ergo
1508 1810 1710 1863 initium
1734 1805 1881 1871 illud,

298 1910 652 1981 principatum
692 1909 982 1978 intelligere
1017 1906 1294 1969 debemus,
1323 1903 1444 1974 quia
1469 1910 1522 1956 et
1561 1901 1613 1955 in
1643 1900 1728 1954 die
1755 1898 1885 1953 nihil

298 2011 380 2056 est
398 2002 542 2056 inter
567 2001 651 2055 illa
676 2015 794 2069 qua:
817 1998 1061 2053 videntur
1076 1997 1188 2051 sole
1206 1993 1569 2056 excellentius,
1586 2001 1640 2047 et
1660 1991 1711 2045 in
1732 1999 1886 2045 nocte

300 2094 430 2148 nihil
449 2094 573 2147 luna
586 2093 668 2148 vel
686 2092 871 2147 stellis.
894 2089 1045 2147 Unde
1057 2089 1215 2143 etiam
1234 2087 1318 2141 illa
1331 2082 1761 2154 ambiguitasjam
1781 2096 1885 2136 non

298 2192 530 2250 moveat,
560 2191 614 2238 et
637 2182 916 2237 credamus
938 2180 1116 2235 stellas
1139 2178 1217 2233 sic
1245 2176 1464 2247 positas,
1493 2183 1550 2228 ut
1575 2173 1642 2227 ad
1678 2172 1884 2227 initium

300 2276 494 2341 noctis,
533 2275 587 2330 id
620 2283 701 2329 est
738 2274 1088 2343 principatum
1128 2269 1447 2340 pertineant.
1486 2264 1553 2319 Et
1586 2264 1706 2319 vidit
1746 2262 1886 2318 Deus

298 2365 415 2435 quia
434 2363 621 2418 bonum
637 2372 727 2417 est.
754 2361 897 2415 Idem
915 2360 1046 2415 ordo
1061 2368 1320 2413 servatur.
1341 2356 1738 2411 Meminerimus
1758 2368 1885 2407 sane

298 2454 443 2523 quod
471 2454 630 2508 etiam
664 2453 761 2507 ista
789 2452 926 2505 Deus
956 2466 1059 2505 non
1092 2448 1379 2509 vocaverit,
1410 2461 1528 2501 cum
1566 2444 1669 2499 dici
1703 2453 1886 2513 potue-

300 2546 388 2599 rit.
417 2546 487 2599 Et
512 2545 725 2599 vocavit
751 2544 887 2597 Deus
912 2541 1190 2598 luminaria
1216 2539 1419 2604 sidera;
1443 2538 1565 2609 quia
1595 2553 1698 2591 non
1726 2552 1885 2591 omne

302 2637 566 2691 luminare
595 2636 742 2691 sidus
768 2643 869 2690 est.

373 2728 465 2782 45.
508 2726 574 2780 Et
599 2731 737 2796 facta
760 2734 830 2779 est
846 2739 1069 2793 vespera,
1093 2730 1139 2777 et
1154 2721 1340 2791 factum
1366 2728 1438 2774 est
1455 2734 1600 2773 mane
1612 2718 1717 2771 dics
1734 2734 1884 2787 quar-

301 2826 402 2872 tus.
435 2817 492 2872 Si
513 2817 627 2871 dies
649 2817 776 2871 istos
803 2814 1127 2877 consideres,
1159 2826 1293 2883 quos
1317 2819 1464 2865 ortus
1490 2809 1618 2865 solis
1638 2822 1884 2863 occasus-

300 2924 407 2979 que
436 2908 732 2978 distinguit,
762 2922 865 2960 non
908 2906 1007 2959 istc
1048 2914 1286 2974 quartus,
1316 2901 1408 2956 sed
1432 2900 1656 2955 fortasse
1682 2902 1883 2970 primus

300 3010 385 3054 est
412 2999 558 3064 dies;
591 3008 648 3052 ut
674 3014 739 3052 eo
771 3007 1007 3065 tempore
1034 3004 1278 3064 putemus
1316 3003 1488 3047 ortum
1533 3006 1651 3046 esse
1690 2991 1879 3056 solem,

298 3106 407 3155 quo
446 3090 613 3143 factus
642 3097 742 3153 est,
775 3096 828 3141 et
864 3087 1033 3140 donec
1062 3095 1254 3140 etetera
1292 3084 1466 3138 sidera
1504 3082 1711 3149 ﬁerent,
1742 3082 1884 3137 oeci-

298 3181 465 3235 disse.
491 3180 594 3234 Sed
623 3180 710 3249 qui
746 3178 987 3246 intelligit
1015 3184 1067 3230 et
1092 3176 1257 3229 solem
1286 3174 1410 3229 alibi
1440 3189 1578 3239 esse,
1602 3189 1721 3228 cum
1745 3172 1884 3243 apud

301 3288 400 3327 nos
425 3286 533 3325 nox
558 3282 658 3335 est,
686 3278 741 3324 et
767 3280 974 3323 noctem
1012 3268 1136 3322 alibi
1163 3282 1301 3332 esse,
1335 3281 1454 3321 eum
1482 3266 1562 3322 sol
1601 3265 1740 3335 apud
1784 3279 1882 3319 nos

298 3371 401 3426 est,
435 3360 644 3414 dierum
675 3360 895 3413 istorum
940 3357 1390 3412 enumerationem
1422 3357 1698 3412 sublimius
1725 3355 1879 3410 inda-

297 3453 460 3521 gabit.
695 3450 704 3459 ‘

368 3541 598 3598 CAPUT
637 3541 862 3596 XIV.——
886 3542 973 3594 44.
1019 3540 1082 3593 Et
1120 3540 1245 3594 dixit
1277 3538 1435 3605 Deus,
1482 3537 1703 3609 Ejiciant
1740 3555 1885 3610 aqua:

297 3636 502 3706 reptilia
529 3636 813 3687 animarum
840 3633 1083 3697 vivarum,
1120 3642 1164 3684 et
1202 3632 1425 3684 volatilia
1466 3630 1688 3683 volantia
1731 3646 1883 3699 super

300 3740 486 3781 terram
517 3727 605 3781 sub
634 3728 947 3795 ﬁrmamento
968 3725 1098 3778 caeli.
1133 3722 1198 3775 Et
1225 3724 1295 3775 sic
1321 3728 1509 3793 factum
1540 3732 1630 3775 est.
1661 3722 1735 3776 Ea
1764 3737 1883 3792 quae

297 3821 534 3873 natantia
571 3828 694 3871 sunt
727 3817 994 3883 animalia,
1024 3816 1226 3885 reptilia
1269 3824 1390 3868 sunt
1424 3814 1715 3883 appellata;
1760 3814 1881 3883 quia

298 3912 524 3982 pedibus
544 3927 653 3967 non
675 3910 964 3963 ambulant.
993 3911 1071 3961 An
1098 3907 1217 3976 quia
1238 3915 1362 3959 sunt
1377 3905 1476 3958 alia
1494 3921 1610 3974 qure
1631 3906 1729 3959 sub
1745 3919 1881 3974 aqua

298 4003 350 4056 in
382 4014 525 4055 terra
564 4001 787 4070 repunt?
818 4002 897 4053 An
929 4007 1052 4053 sunt
1079 4009 1304 4066 pennata
1337 3998 1387 4050 in
1419 3997 1589 4065 aquis,
1630 3996 1766 4049 sicut
1800 3994 1882 4064 pi-

295 4107 416 4149 sces
445 4095 536 4164 qui
564 4108 809 4163 squamas
834 4092 1049 4155 habent,
1082 4090 1163 4143 vel
1188 4089 1276 4142 alii
1305 4089 1393 4158 qui
1424 4103 1525 4142 non
1554 4087 1767 4152 habent,
1786 4086 1880 4141 sed

298 4195 475 4240 tamen
509 4187 696 4255 pennis
726 4184 997 4238 nituntur?
1026 4182 1125 4249 Qui
1157 4190 1332 4236 utrum
1357 4182 1495 4236 inter
1523 4181 1752 4235 volatilia
1776 4179 1885 4233 hoc

297 4277 418 4331 loco
445 4275 757 4330 numerandi
785 4277 910 4339 sint,
940 4274 1167 4329 dubitari
1199 4280 1392 4342 potest.
1421 4271 1551 4326 Nam
1573 4282 1627 4327 et
1649 4276 1759 4341 ipsa
1786 4286 1882 4324 vo-

298 4369 461 4423 latilia
492 4384 587 4424 cur
616 4367 765 4438 aquis
789 4366 1050 4431 tribuerit,
1082 4380 1189 4419 non
1217 4366 1345 4427 aeri,
1375 4365 1622 4418 nonnulla
1656 4366 1878 4432 quiestio

295 4470 394 4514 est.
423 4460 540 4515 Non
566 4462 707 4515 enim
733 4461 826 4513 has
846 4474 971 4513 aves
992 4466 1191 4512 tantum
1212 4456 1295 4511 hic
1315 4457 1555 4525 accipere
1574 4470 1871 4526 possumus,

296 4551 489 4621 quibus
518 4566 669 4620 aqua:
697 4551 977 4605 familiares
1003 4556 1144 4611 sunt,
1168 4547 1352 4616 quales
1378 4546 1562 4615 mergi,
1593 4556 1648 4600 et
1670 4555 1873 4613 anates,

294 4652 347 4697 et
368 4657 714 4713 qumcumque
738 4640 1061 4711 hujusmodi.
1081 4638 1213 4692 Nam
1240 4638 1284 4692 si
1309 4637 1374 4693 de
1392 4637 1473 4691 bis
1492 4646 1691 4690 tantum
1715 4636 1878 4691 dixis-

293 4745 395 4799 set,
434 4750 541 4788 non
584 4734 1014 4804 przetermilteret
1041 4730 1145 4785 alio
1169 4730 1287 4785 loco
1316 4729 1381 4784 de
1422 4729 1537 4783 aliis
1578 4727 1765 4782 avibus
1792 4727 1875 4781 dio

294 4839 435 4889 cere,
464 4825 605 4878 inter
628 4838 758 4892 quas
780 4822 1045 4878 nonnullae
1067 4837 1233 4891 usque
1256 4820 1388 4874 adeo
1403 4820 1468 4874 ab
1488 4819 1639 4889 aquis
1659 4826 1876 4872 remota:

296 4922 433 4975 sum,
467 4922 525 4968 ut
546 4929 612 4969 ne
636 4914 813 4967 bibant
839 4913 1073 4983 quidem.
1105 4912 1217 4968 Nisi
1244 4911 1377 4966 forte
1399 4911 1556 4965 istum
1575 4925 1750 4965 aerem
1771 4920 1876 4965 ter-

296 5004 363 5057 ris
396 5004 719 5071 sontiguutn,
750 5003 999 5072 quoniam
1026 5018 1083 5058 se
1114 5002 1385 5057 humidum
1413 5002 1569 5056 etiam
1599 5000 1875 5055 serenissi-

294 5094 391 5145 mis
418 5093 662 5146 noctibus
691 5107 811 5144 rore
840 5101 1079 5157 testatur,
1108 5108 1297 5162 aquam
1340 5093 1566 5157 vocavit,
1601 5091 1721 5161 quia
1743 5101 1795 5146 et
1821 5092 1873 5146 in

294 5185 488 5238 nubem
518 5183 743 5253 cogitur.
786 5181 964 5236 Nubes
993 5190 1171 5235 autem
1209 5197 1344 5251 aqua
1372 5191 1473 5247 est,
1505 5182 1649 5252 quod
1689 5196 1873 5237 omnes

291 5278 525 5329 sentiunt
554 5274 745 5343 quibus
789 5273 1050 5342 contingit
1093 5272 1146 5326 in
1194 5272 1461 5329 montibus
1506 5274 1642 5327 inter
1672 5273 1870 5337 nubila,

291 5366 369 5420 vel
414 5368 576 5420 etiam
623 5366 675 5418 in
723 5366 925 5434 campis
966 5366 1101 5419 inter
1125 5364 1345 5419 nebulas
1372 5366 1661 5422 ambulare.
1691 5365 1746 5420 ln
1773 5365 1874 5421 hoc

290 5458 482 5529 quippe
512 5470 637 5511 aere
668 5456 846 5511 volare
884 5471 1009 5510 aves
1047 5456 1315 5510 dicuntur.
1345 5456 1476 5511 Nam
1504 5457 1558 5511 in
1588 5458 1676 5517 illo
1704 5458 1870 5511 subli-

291 5552 455 5605 miore
480 5558 641 5620 atque
673 5549 906 5618 puriore,
938 5548 1029 5619 qui
1059 5565 1184 5604 vere
1210 5565 1301 5604 aer
1324 5550 1391 5604 ab
1418 5551 1661 5605 omnibus
1686 5551 1869 5619 appel-

290 5641 423 5695 latus
442 5650 545 5707 est,
569 5650 869 5711 nequeunt:
892 5657 996 5696 non
1020 5642 1163 5696 enim
1188 5658 1370 5696 earum
1395 5644 1598 5711 pondus
1620 5646 1870 5700 tenuitate

287 5748 378 5786 sua
406 5734 653 5788 sustinet.
689 5731 746 5787 In
776 5733 866 5788 illo
891 5744 1067 5790 autem
1106 5750 1280 5801 neque
1323 5736 1492 5790 nubes
1530 5753 1869 5792 concrescere

286 5835 615 5889 asset-timur,
637 5839 808 5895 neque
824 5827 1019 5909 aliqtna
1035 5827 1388 5895 procellosum
1407 5828 1635 5884 existere
1651 5846 1662 5883 ε
1679 5829 1869 5899 quippe

1575 425 1775 481 LIBER
1814 425 2302 485 IMPERFECTUS.

3460 445 3565 500 ’ἔξω

1988 539 2076 593 ubi
2101 551 2289 595 ventus
2308 542 2440 597 adeo
2462 544 2635 600 nullus
2661 557 2764 615 est,
2795 557 2851 602 ut
2877 552 2927 603 iu
2950 554 3143 607 vertice
3168 552 3379 626 Olympi
3409 574 3560 610 tuon--

1989 629 2074 693 tis,
2114 632 2203 699 qui
2241 634 2407 701 spatia
2436 634 2593 703 hujus
2635 636 2835 691 humidi
2876 643 3014 692 aeris
3054 644 3312 696 excedere
3348 645 3558 712 dicitur,

1986 721 2224 789 quadam
2253 723 2438 777 littera:
2466 725 2518 778 in
2546 726 2761 794 pulvere
2788 728 2960 782 solere
3008 729 3119 783 ﬁeri
3166 730 3560 799 perhibeantur,

1986 820 2042 866 et
2070 822 2188 880 post
2212 828 2406 868 annum
2436 816 2654 886 integrae
2678 827 2835 887 atque
2860 819 3037 873 illzrsa:
3062 822 3283 874 inveniri
3306 823 3372 876 ab
3394 823 3457 879 iis
3471 827 3562 895 qui

1986 902 2296 957 solemniter
2317 916 2665 960 memoratum
2693 917 2925 961 montem
2955 909 3329 963 ascendebant.

2054 992 2146 1049 45.
2185 993 2512 1063 Quapropter
2546 1010 2647 1049 non
2674 995 2902 1051 absurde
2930 997 3222 1052 exisﬁmari
3252 1008 3427 1068 potest
3464 998 3561 1054 lir-

1986 1096 2310 1138 mameutum
2341 1086 2460 1140 caeli
2500 1086 2551 1140 in
2593 1086 2785 1142 divinis
2810 1086 3097 1157 Scripturis
3122 1103 3290 1159 usque
3327 1090 3393 1144 ad
3442 1090 3559 1146 haec

1986 1177 2152 1244 Spatia
2174 1176 2366 1241 vocari,
2388 1185 2445 1231 ut
2463 1187 2515 1232 et
2542 1178 2628 1233 ille
2650 1192 2741 1232 aer
2756 1178 3218 1249 tranquillissimus
3240 1189 3293 1249 et
3316 1181 3565 1237 sinceris-

1987 1268 2153 1323 simus
2178 1268 2243 1323 ad
2284 1268 2671 1325 ﬁrmamentum
2698 1270 2963 1341 pertinere
2988 1271 3252 1327 credatur.
3288 1270 3398 1328 lloe
3418 1274 3577 1329 enim

1989 1363 2198 1415 nomine
2229 1362 2567 1426 ﬁrmamenti,
2606 1363 2716 1432 ipsa
2760 1364 3109 1433 tranquillitas
3143 1375 3195 1418 ct
3225 1380 3410 1434 magna
3440 1380 3562 1435 pars

1987 1466 2165 1505 rermn
2195 1452 2481 1522 signiﬁcari
2508 1461 2699 1519 potest.
2731 1452 2884 1508 Unde
2913 1455 3069 1509 etiam
3109 1454 3238 1508 illud
3267 1456 3368 1511 dici
3397 1457 3561 1525 pluri-

1988 1541 2086 1596 bus
2139 1543 2189 1596 in
2238 1543 2459 1599 Psalmis
2506 1544 2790 1599 existimo:
2824 1544 2887 1598 Et
2929 1546 3110 1599 veritas
3157 1555 3441 1617 tuamque
3494 1549 3563 1600 ad

1988 1635 2141 1689 nubes
2167 1634 2337 1706 (Psal.
2365 1652 2533 1703 xxxv,
2562 1637 2625 1701 6;
2655 1646 2699 1691 et
2724 1652 2826 1703 m,
2858 1637 2968 1707 ll).
2999 1636 3139 1693 Nihil
3166 1647 3248 1693 est
3285 1639 3427 1693 enim
3470 1638 3561 1693 llr-

1990 1728 2125 1780 mius
2149 1736 2201 1782 et
2230 1729 2470 1783 serenius
2495 1730 2737 1785 veritate.
2780 1728 2957 1784 Nubes
2997 1736 3174 1784 autem
3199 1730 3298 1785 sub
3328 1728 3426 1785 ista
3455 1732 3564 1785 sin-

1989 1817 2246 1872 cerissimi
2280 1820 2417 1873 aeris
2451 1818 2665 1887 regione
2692 1826 3063 1874 concrescunt.
3086 1819 3237 1887 Quod
3264 1834 3562 1889 quanquam

1992 1910 2209 1977 figurate
2254 1910 2451 1963 dictum
2498 1910 2803 1980 accipiatur,
2835 1926 2901 1965 ex
2928 1910 3012 1966 his
3037 1918 3213 1965 tamen
3240 1911 3399 1965 rebus
3427 1912 3564 1965 seri-

1990 2007 2137 2068 ptum
2158 2007 2259 2064 cst,
2279 2014 2395 2067 qua:
2418 1998 2616 2053 habent
2635 1999 2835 2054 ad‘hrec
2851 1999 3131 2070 quamdam
3145 2000 3559 2066 similitudinem;

1990 2098 2047 2143 ut
2067 2105 2320 2159 corporea
2339 2099 2579 2145 creatura
2604 2090 2930 2145 constantior
2950 2099 3003 2145 et
3020 2090 3217 2160 purior,
3241 2105 3404 2161 quam
3419 2106 3566 2145 sum-

1987 2180 2170 2235 mitate
2199 2180 2320 2235 coeli
2351 2194 2517 2251 usque
2540 2180 2605 2234 ad
2624 2181 2791 2236 nubes
2806 2188 2907 2246 est,
2926 2180 3165 2234 veritatis
3184 2180 3404 2251 ﬁguram
3422 2190 3565 2236 recte

1988 2269 2184 2326 habere
2206 2269 2468 2338 videatur,
2492 2270 2542 2325 id
2564 2281 2645 2326 est
2665 2285 2831 2341 usque
2850 2270 2917 2325 ad
2943 2285 3120 2326 aerem
3150 2270 3494 2341 caliginosum
3511 2281 3567 2327 et

1987 2362 2339 2431 procellosum
2365 2370 2417 2417 et
2443 2362 2737 2417 humidum.
2771 2362 2909 2432 Ergo
2942 2360 3176 2415 volatilia
3215 2360 3441 2416 volantia
3472 2378 3564 2416 su-

1986 2468 2085 2521 per
2123 2463 2315 2507 terram
2356 2452 2455 2507 sub
2499 2453 2835 2507 ﬁrmamento
2871 2452 3015 2518 emli,
3045 2452 3418 2509 convenienter
3442 2460 3567 2507 sunt

1986 2544 2137 2613 aquis
2161 2543 2439 2607 attributa;
2472 2544 2590 2613 quia
2612 2559 2715 2596 non
2738 2542 3172 2597 inconvenienter
3194 2556 3286 2595 aer
3314 2542 3412 2595 iste
3431 2556 3563 2611 aqua

1987 2636 2307 2689 nominatur.
2337 2635 2471 2689 Hinc
2494 2636 2651 2689 etiam
2684 2634 2902 2704 intelligi
2925 2634 3083 2688 datur
3100 2633 3168 2687 de
3188 2649 3309 2687 aere
3337 2634 3467 2688 nihil
3486 2632 3569 2687 di.

1986 2735 2128 2779 ctmn
2161 2740 2299 2790 esse,
2332 2724 2600 2795 quomodo
2627 2726 2710 2779 vel
2737 2724 2948 2794 quando
2977 2724 3046 2778 sit
3084 2724 3269 2789 factus,
3314 2724 3433 2793 quia
3466 2724 3565 2777 iste

1987 2834 2079 2872 aer
2108 2819 2322 2873 nomine
2356 2833 2611 2887 aquarum
2646 2826 2873 2883 tenetur,
2904 2816 2993 2870 ille
3021 2823 3195 2869 autem
3228 2817 3441 2869 nomine
3470 2814 3564 2867 ﬁr-

1987 2910 2269 2974 mamenti;
2295 2918 2451 2980 atque
2477 2909 2545 2962 ita
2576 2908 2773 2962 nullum
2799 2907 3121 2961 elementum
3148 2905 3563 2974 pra-tenuissem

1987 3010 2146 3144 e526.
2187 3088 2292 3144 Sed
2318 3088 2539 3143 fortasse
2564 3086 2681 3157 quis
2702 3086 2861 3152 dicat,
2891 3085 2950 3141 Si
2977 3099 3044 3140 eo
3068 3084 3209 3155 quod
3232 3084 3432 3139 dictum
3461 3094 3563 3151 est,

1987 3179 2327 3250 Congrcgetur
2364 3195 2515 3248 aqua,
2558 3177 2897 3247 intelligimus
2920 3191 3112 3246 aquam
3142 3191 3261 3231 esse
3285 3176 3471 3231 faciant
3493 3191 3565 3231 ex

1988 3273 2075 3327 illa
2104 3270 2413 3325 confusione
2441 3270 2694 3331 materite.
2736 3268 2872 3323 hanc
2906 3276 3081 3323 autem
3105 3269 3567 3338 congregationem

1986 3377 2133 3417 mare
2171 3361 2453 3433 appellavit
2484 3361 2652 3424 Deus;
2686 3358 2954 3428 quomodo
2996 3358 3067 3412 ibi
3110 3372 3389 3427 possumus
3426 3358 3568 3413 hunc

1987 3472 2162 3511 aerem
2182 3454 2473 3522 intelligere
2489 3452 2704 3517 factum,
2728 3450 2869 3521 quod
2890 3466 3037 3505 mare
3055 3466 3158 3504 non
3175 3450 3386 3517 dicitur,
3405 3451 3564 3505 etiam

1986 3548 2029 3602 si
2047 3562 2179 3618 aqua
2192 3546 2292 3601 dici
2311 3546 2516 3615 potest?
2532 3544 2885 3612 Quamobrem
2904 3542 3031 3596 mihi
3046 3541 3261 3595 videtur
3274 3542 3325 3595 in
3343 3556 3408 3595 eo
3424 3541 3565 3611 quod

1985 3639 2185 3694 dictum
2205 3648 2305 3703 est,
2329 3646 2570 3707 appareat
2595 3635 2760 3699 arida,
2794 3650 2896 3687 non
2924 3634 3094 3689 solum
3121 3634 3352 3701 speciem
3384 3641 3561 3698 terrm,

1988 3731 2080 3787 sed
2111 3732 2267 3785 etiam
2296 3729 2455 3799 hujus
2475 3729 2612 3783 aeris
2640 3727 2917 3782 crassioris
2942 3740 3060 3780 esse
3093 3726 3428 3779 insinuatam.
3462 3725 3565 3779 Per

1986 3822 2127 3876 hunc
2153 3820 2293 3876 enim
2324 3829 2461 3875 terra
2489 3818 2831 3881 illuminatur,
2856 3828 2911 3870 ut
2928 3815 3203 3886 perspicua
3225 3815 3376 3869 nobis
3400 3815 3486 3869 sit.
3511 3814 3564 3867 In

1984 3928 2091 3967 uno
2118 3928 2245 3983 ergo
2274 3911 2453 3975 verbo,
2500 3924 2603 3979 quo
2632 3909 2830 3962 dictum
2870 3915 2972 3972 est,
3018 3916 3277 3975 appareat,
3327 3905 3563 3960 intimata

1985 4014 2110 4059 sunt
2135 4005 2311 4059 omnia
2343 4006 2457 4057 sine
2483 4002 2675 4072 quibus
2695 4014 2950 4068 apparere
2971 4012 3076 4050 non
3109 4006 3315 4065 posset;
3341 3995 3388 4049 id
3407 4004 3487 4049 est
3510 4004 3567 4049 et

1985 4099 2190 4168 species
2216 4097 2349 4165 ejus,
2382 4104 2435 4149 et
2460 4093 2676 4146 nudatio
2705 4091 2771 4144 ah
2790 4090 2961 4159 aquis,
2992 4097 3045 4143 et
3074 4088 3213 4142 aeris
3241 4085 3560 4157 superfusio,

1985 4204 2079 4258 per
2096 4202 2249 4255 quem
2274 4186 2325 4239 in
2346 4200 2406 4238 ea
2435 4184 2609 4237 lumen
2636 4196 2666 4234 a
2694 4181 2968 4250 superiore
2995 4177 3176 4232 mundi
3205 4188 3355 4247 parte
3383 4185 3558 4230 trans-

1984 4278 2227 4333 mittitur.
2266 4277 2345 4329 An
2379 4274 2551 4343 potius
2582 4272 2633 4326 in
2662 4288 2727 4326 eo
2751 4270 2891 4340 quod
2920 4270 3173 4337 scriptum
3200 4276 3300 4332 est,
3337 4266 3562 4337 Congre—

1982 4378 2123 4441 getur
2137 4383 2286 4437 aqua,
2305 4366 2507 4434 Species
2529 4363 2683 4433 hujus
2704 4362 2842 4414 aeris
2861 4360 3282 4423 commendatur,
3305 4358 3425 4426 quia
3441 4371 3560 4411 cum

1982 4462 2081 4515 iste
2107 4474 2199 4513 aer
2225 4456 2598 4518 condensatur,
2650 4456 2784 4506 hanc
2827 4466 3017 4521 aquam
3060 4448 3267 4503 videtur
3314 4447 3563 4503 efﬁcere?

1982 4550 2321 4606 Coaetionem
2373 4548 2546 4615 itaque
2595 4545 2647 4597 in
2697 4542 3049 4607 densitatem,
3099 4539 3560 4611 congregationem

1980 4656 2131 4711 aqure
2171 4639 2393 4692 fortasse
2434 4634 2738 4704 appellavit,
2769 4641 2825 4685 ut
2863 4646 3009 4686 mare
3049 4631 3228 4696 ﬁeret;
3260 4638 3317 4685 ut
3343 4630 3392 4685 id
3419 4636 3560 4700 quod

1980 4746 2086 4785 non
2113 4735 2508 4798 congregatum,
2549 4723 2601 4778 id
2629 4731 2712 4779 est
2749 4738 2855 4777 non
2890 4722 3173 4792 spissatum
3206 4722 3553 4792 superfertur,

1979 4838 2112 4894 aqua
2138 4821 2227 4886 sit,
2254 4833 2373 4889 qua:
2409 4832 2534 4872 aves
2574 4816 2815 4871 volantes
2844 4814 3012 4885 possit
3034 4814 3320 4880 sustinere,
3355 4814 3562 4881 utrique

1978 4915 2181 4971 nomini
2209 4911 2626 4977 accommodata,
2662 4919 2717 4964 ut
2745 4909 2923 4965 vocari
2956 4912 3122 4979 possit
3146 4916 3200 4964 et
3224 4924 3357 4979 aqua
3394 4909 3562 4962 subti-

1978 5010 2098 5076 lior,
2125 5016 2180 5063 et
2204 5022 2297 5062 aer
2321 5006 2571 5061 crassior.
2597 5003 2702 5059 Sed
2724 5003 2936 5073 quando
2960 5004 3217 5074 quaeritur
3236 5018 3331 5058 cur
3360 5003 3427 5056 sit
3462 5002 3562 5056 iste

1978 5100 2168 5164 factus,
2193 5112 2297 5153 non
2324 5096 2537 5151 dicitur.
2567 5096 2646 5149 An
2672 5094 2812 5150 forte
2838 5110 3021 5150 verum
3053 5103 3153 5157 est,
3179 5092 3320 5163 quod
3344 5091 3558 5162 quidam

1976 5190 2181 5252 volunt,
2205 5187 2435 5242 humidis
2460 5185 2881 5241 exhalationibus
2909 5185 3073 5239 maris
3101 5192 3156 5239 et
3175 5194 3331 5238 terrae
3359 5184 3452 5236 has
3467 5198 3562 5235 au-

1977 5294 2065 5333 ras
2092 5279 2232 5334 cflici
2264 5279 2335 5331 ita
2372 5276 2666 5331 crassiores
2691 5291 2813 5331 aere
2848 5276 2938 5330 illo
2964 5274 3235 5345 superiore
3254 5288 3317 5327 ac
3335 5272 3558 5343 liquido,

1978 5381 2034 5424 ut
2062 5368 2334 5439 gestandis
2376 5368 2638 5422 volatibus
2664 5368 2837 5421 avium
2872 5367 2979 5421 sint
3002 5363 3445 5429 accommodataz;
3488 5363 3559 5417 ita

1977 5476 2137 5530 porro
2169 5460 2458 5515 teneriores
2494 5459 2557 5514 iis
2585 5458 2754 5528 aquis,
2782 5458 2971 5528 quibus
2999 5470 3192 5524 corpus
3220 5455 3469 5521 abluitur,
3501 5464 3561 5509 ut

1974 5568 2160 5607 earum
2191 5550 2586 5621 comparatione
2611 5550 2765 5605 sicce
2788 5557 2945 5618 atque
2964 5546 3123 5601 aeriae
3147 5544 3473 5601 sentiantur?
3495 5546 3559 5599 Et

1975 5647 2096 5713 quia
2127 5644 2195 5699 de
2222 5651 2362 5698 terra
2389 5651 2444 5697 et
2468 5641 2599 5696 mari
2627 5641 2734 5710 jam
2761 5639 2958 5693 dictum
2984 5647 3121 5703 erat,
3142 5637 3268 5708 quid
3292 5652 3427 5706 opus
3445 5641 3564 5690 erat

1975 5738 2153 5792 dicere
2177 5736 2242 5791 de
2266 5733 2687 5791 exhalationibns
2711 5746 2913 5794 earum,
2958 5729 3008 5782 id
3054 5738 3135 5783 est
3174 5730 3325 5799 aquis
3356 5727 3556 5789 avium,

1974 5843 2095 5883 cum
2123 5828 2267 5880 illum
2294 5840 2472 5880 aerem
2502 5822 2839 5894 puriSsimum
2866 5830 2917 5875 et
2948 5818 3436 5891 tranquillissimum
3467 5814 3561 5871 ﬁt“
