4056 6522
493 415 600 472 239

494 535 762 581 mamento
785 525 1096 580 attributum
1124 523 1442 578 intellexeris

523 617 654 684 κη.
684 617 816 670 Nam
860 633 1031 683 neque
1059 616 1126 671 dc
1163 615 1395 669 fontibus
1424 622 1477 666 et
1523 609 1828 664 ﬂuminibus
1868 609 2067 663 dictum

494 717 578 763 est
599 705 870 777 quomodo
899 705 1032 760 facta
1073 705 1198 759 sint.
1239 703 1339 772 Qui
1382 702 1524 757 enim
1565 700 1928 771 scrupulosius
1967 699 2066 754 ista

489 805 738 867 qumrnnt
766 803 822 850 et
863 795 1170 860 disserunt,
1214 794 1446 848 azthereo
1488 791 1798 862 superlapsu
1827 791 1894 846 de
1933 790 2067 844 mari

488 885 698 941 dulcem
726 884 1059 940 invisibiliter
1081 884 1260 938 dicunt
1283 883 1487 938 extrahi
1511 898 1785 952 vaporem,
1813 881 1897 936 his
1922 879 2070 935 vidc-

489 975 614 1032 licet
647 974 1049 1030 ascensionibus
1089 988 1220 1043 quas
1261 973 1403 1027 nullo
1441 972 1600 1028 modo
1639 971 1838 1028 sentire
1882 985 2067 1042 possu-

486 1084 610 1124 mus
639 1086 653 1124 :
685 1067 808 1123 inde
850 1064 1154 1136 conglobari
1201 1066 1398 1129 nubes;
1431 1071 1588 1135 atque
1617 1065 1687 1120 ita
1731 1071 1925 1136 terram
1964 1062 2065 1116 im-

485 1161 670 1217 bribus
690 1159 1034 1215 madefactam
1059 1157 1226 1213 antris
1241 1158 1616 1213 occultioribns
1637 1155 1892 1211 instillare
1904 1163 2064 1226 atque

487 1250 738 1306 insudare
764 1233 986 1314 tantum,
1029 1257 1282 1318 quantum
1325 1257 1566 1303 coactum
1607 1258 1661 1302 et
1695 1261 1789 1316 per
1823 1245 2062 1300 diversos

485 1341 727 1397 tramites
755 1340 956 1409 lapsum
988 1347 1234 1408 erumpat
1262 1339 1312 1393 in
1343 1339 1533 1404 fontes,
1564 1338 1677 1393 sive
1704 1351 1919 1407 parvos,
1949 1336 2060 1390 sive

481 1431 760 1503 gignendis
801 1431 1106 1486 ﬂuminibus
1154 1431 1392 1486 idoneos.
1435 1430 1598 1500 Cujus
1625 1428 1705 1484 rei
1744 1428 2060 1483 documenta

480 1539 600 1580 esse
624 1523 846 1589 volunt,
877 1523 1019 1594 quod
1059 1523 1379 1577 marinarum
1422 1536 1676 1592 aquarum
1717 1520 2073 1576 decoctarum.

478 1631 648 1687 vapor
665 1616 876 1671 sinuato
904 1616 1223 1685 cooperculo
1243 1624 1517 1684 exceptus,
1547 1613 1824 1667 humorem
1850 1610 2058 1666 dulcem

477 1707 812 1778 gustantibus
837 1706 1070 1761 exhibet.
1104 1706 1170 1760 Et
1193 1705 1439 1760 omnibus
1462 1703 1572 1758 fere
1612 1702 1950 1758 manifestum
1978 1709 2060 1756 est

476 1801 768 1858 diminutas
796 1800 967 1856 fontes
995 1799 1226 1868 inopiam
1255 1798 1453 1853 sentire
1485 1797 1800 1867 pluviarum.
1826 1795 2057 1850 Attesta-

475 1900 567 1948 tur
588 1901 642 1948 et
666 1892 842 1952 divina
890 1891 1108 1945 historia
1135 1932 1147 1954 ,
1192 1905 1312 1944 cum
1347 1888 1490 1942 Elias
1533 1896 1772 1957 tempore
1797 1885 2055 1940 ariditatis

476 1985 702 2040 imnrem
735 1991 976 2054 posceret
1009 1999 1022 2034 :
1047 1981 1206 2051 jussit
1229 1980 1402 2046 enim,
1447 1993 1568 2042 cum
1595 1977 1710 2048 ipse
1750 1984 1964 2040 oraret,
1999 1985 2055 2029 ut

476 2090 609 2146 puer
632 2090 758 2131 suus
781 2074 846 2129 ad
868 2089 1013 2128 mare
1034 2072 1362 2135 attenderet;
1393 2071 1530 2126 unde
1555 2085 1676 2126 cum
1703 2068 1908 2123 videret
1926 2066 2054 2122 oriri

473 2181 786 2236 perparvam
812 2164 1148 2227 nubeculam,
1172 2163 1402 2232 pluviam
1424 2161 1553 2230 Regi
1576 2161 1592 2192 ¹
1615 2160 1841 2214 sollicito
1863 2159 2053 2213 adesse

472 2255 773 2321 nuntiavit,
804 2268 906 2323 qua
945 2267 1068 2306 mox
1107 2251 1265 2306 etiam
1311 2250 1518 2320 fugiens
1561 2250 1808 2318 irrigatus
1849 2257 1931 2303 est
1961 2247 2052 2319 (Ill

472 2348 601 2419 Reg.
633 2363 760 2402 xvtn
779 2387 793 2410 ,
825 2347 915 2412 45,
943 2344 1057 2416 44).
1088 2344 1156 2399 Ει
1183 2343 1346 2398 David
1375 2343 1502 2398 dicit
1531 2361 1544 2396 :
1577 2342 1811 2408 Domine,
1839 2341 1924 2411 qui
1954 2340 2051 2392 ad-

471 2453 619 2491 vocas
644 2453 825 2508 aquam
855 2436 1029 2499 maris,
1061 2444 1108 2488 et
1136 2431 1354 2501 eﬂ'undis
1383 2449 1490 2487 eam
1517 2449 1667 2502 super
1697 2431 1876 2502 [aciem
1908 2440 2052 2484 terrte

471 2528 582 2600 (Ea:
599 2529 751 2583 Amos
770 2544 820 2593 v,
850 2529 911 2594 8,
937 2537 982 2582 et
1016 2543 1098 2592 ιχ,
1122 2525 1198 2599 6).
1221 2526 1553 2596 Quapropter
1584 2525 1720 2580 mari
1752 2525 2043 2588 nominato,

471 2620 540 2676 de
577 2620 698 2676 aliis
743 2620 896 2691 aquis
916 2618 1189 2689 superﬂue
1216 2618 1450 2685 diceret,
1481 2618 1592 2672 sive
1626 2617 1744 2673 istis
1789 2616 2044 2683 roriferis,

457 2727 588 2783 vqute
617 2712 875 2768 tenuitate
913 2725 1072 2765 auras
1101 2710 1396 2764 volantibus
1435 2709 1619 2763 avibus
1647 2708 1908 2778 prtebent,
1937 2706 2048 2762 sive

463 2803 690 2859 fontium
716 2817 779 2857 ac
803 2802 1080 2857 fluminum
1104 2821 1119 2867 ;
1150 2800 1195 2855 si
1221 2809 1274 2856 et
1302 2801 1406 2855 illa:
1430 2797 1852 2855 exhalationibus
1881 2799 2043 2864 fiunt,

467 2906 524 2952 ct
568 2898 684 2952 ista:
710 2895 1000 2967 reciprocis
1024 2893 1299 2960 imbribus,
1329 2907 1464 2963 quos
1493 2903 1630 2947 terra
1657 2891 1856 2956 sorbet,
1901 2906 2046 2945 ema-

468 2995 620 3044 nant.

537 3079 764 3143 CAPUT
802 3079 920 3135 XV.
957 3111 1027 3122 —
1054 3079 1145 3135 48.
1179 3078 1401 3151 Ejiciant
1440 3094 1584 3147 aqua:
1620 3078 1821 3149 reptilia
1848 3080 2045 3132 anima-

468 3189 582 3226 rum
609 3172 854 3226 vivarum.
903 3171 1011 3226 Cur
1049 3169 1283 3225 additum
1311 3178 1391 3225 est
1419 3168 1680 3223 vivarum?
1717 3170 1797 3223 An
1823 3176 2046 3238 possunt

467 3277 588 3318 esse
616 3263 828 3328 animae,
855 3262 957 3316 nisi
986 3261 1202 3315 vivant?
1227 3261 1309 3315 An
1337 3260 1493 3315 istam
1521 3259 1937 3314 manifestiorem
1968 3259 2047 3313 vi-

467 3363 574 3408 tam
599 3351 974 3408 commendare
1011 3351 1196 3416 voluit,
1243 3366 1361 3421 quae
1401 3351 1540 3405 inest
1567 3349 1878 3404 animalibus
1917 3364 2043 3404 sen-

466 3444 718 3500 tientibus
742 3484 756 3507 ,
797 3443 1046 3513 quoniam
1083 3442 1316 3510 stirpes’I
1346 3456 1407 3495 ea
1450 3440 1671 3495 carent?
1715 3440 1782 3493 Et
1823 3440 2046 3494 volatilia

466 3536 685 3591 volantia
711 3551 861 3606 super
898 3543 1084 3587 terram
1108 3532 1199 3587 sub
1229 3532 1545 3601 ﬁrmamento
1571 3532 1702 3586 caeli.
1732 3531 1787 3586 Si
1813 3531 2043 3586 volatilia

466 3643 571 3686 non
599 3629 782 3686 volant
819 3627 872 3682 in
907 3626 997 3680 illo
1023 3624 1306 3696 purissimo
1344 3639 1502 3691 acre,
1549 3624 1636 3679 ubi
1677 3623 1821 3678 nulla
1864 3623 2044 3678 nubila

467 3719 742 3784 oriuntur,
771 3719 897 3774 hinc
927 3715 1268 3772 manifestum
1297 3724 1378 3770 est
1405 3717 1471 3771 ad
1499 3716 1891 3770 ﬁrmamentum
1922 3731 2040 3770 emn

467 3813 770 3881 pertinere;
813 3809 934 3888 quia
963 3808 1062 3862 sub
1091 3807 1426 3862 ﬁrmamento
1464 3806 1583 3861 caeli
1612 3805 1809 3861 dictum
1835 3815 1918 3860 est
1945 3820 2041 3859 vo-

465 3901 631 3957 latilia
659 3903 841 3957 volare
878 3915 1040 3971 super
1091 3907 1310 3955 terram.
1357 3899 1423 3952 Et
1450 3899 1522 3952 sic
1551 3901 1738 3971 factum
1767 3907 1859 3952 est.
1900 3897 2043 3952 Ordo

465 3995 557 4050 ille
592 4001 849 4048 servatur.
893 3991 1122 4060 ideoque
1149 3990 1485 4060 subjungitur
1521 3990 1658 4044 sicut
1697 3989 1750 4043 in
1793 3988 2039 4055 cancris,

465 4094 683 4153 excepta
711 4084 850 4149 luce,
881 4097 996 4153 quae
1024 4081 1168 4151 prior
1195 4079 1330 4134 facta
1352 4088 1454 4134 est.

536 4175 622 4230 49.
658 4173 724 4228 Et
750 4174 866 4245 fecit
904 4172 1041 4226 Deus
1068 4180 1200 4225 cetos
1235 4187 1478 4241 magnos,
1509 4178 1555 4224 et
1589 4186 1784 4224 onmem
1821 4171 2043 4224 animam

467 4269 765 4322 animalium
805 4265 1082 4335 repentium
1105 4305 1120 4329 ,
1163 4278 1278 4333 qua:
1313 4263 1564 4330 eiecerunt
1601 4277 1746 4330 aqua
1772 4263 2044 4316 secundum

465 4377 622 4432 genus
651 4375 842 4425 eorum,
869 4366 915 4412 et
951 4371 1096 4410 omne
1119 4354 1319 4408 volatile
1347 4363 1617 4422 pennatam
1650 4353 1925 4408 secundant
1952 4371 2040 4424 ge-

466 4468 562 4506 nus
586 4468 753 4505 suum.
785 4447 1178 4504 Meminerimus
1203 4459 1329 4501 sane
1353 4445 1641 4500 secundum
1667 4462 1822 4500 suum
1851 4461 2038 4517 genus,

469 4541 538 4598 de
555 4542 623 4596 iis
647 4539 906 4596 creaturis
929 4539 1053 4604 dici,
1074 4552 1194 4608 qua:
1213 4536 1455 4592 seminali
1477 4537 1761 4607 propagine
1787 4553 2038 4607 reparan-

467 4641 555 4687 tur
585 4649 600 4686 :
631 4645 750 4685 nam
778 4629 845 4684 de
874 4628 1053 4684 herbis
1077 4627 1186 4697 jam
1216 4627 1333 4693 hoc,
1369 4636 1422 4682 et
1447 4629 1513 4684 de
1539 4628 1815 4685 arboribus
1843 4630 2041 4686 dictum

467 4731 571 4780 est.
610 4721 674 4778 Et
697 4737 841 4776 omne
863 4720 1064 4774 volatile
1090 4728 1382 4788 pennatam.
1410 4719 1516 4775 Cur
1542 4720 1780 4776 additum
1805 4731 1887 4778 est
1913 4741 2041 4793 pen-

467 4801 684 4872 natam?
713 4816 791 4869 An
819 4822 992 4885 potest
1015 4827 1136 4868 esse
1171 4812 1384 4867 volatile
1407 4812 1549 4882 quod
1580 4829 1780 4882 pennas
1804 4831 1910 4870 non
1943 4816 2038 4870 ha-

465 4908 629 4965 heat?
655 4907 749 4964 sed
777 4907 820 4961 si
847 4914 1056 4976 potest,
1088 4905 1343 4975 numquid
1382 4905 1483 4960 hoc
1517 4920 1684 4975 genus
1707 4907 1830 4962 fecit
1860 4911 2037 4974 Deus;

465 4992 901 5073 quandoquidem:
952 5013 1057 5052 non
1120 4997 1385 5052 invenitur
1429 4997 1520 5052 ubi
1567 4999 1636 5053 sit
1679 4999 1919 5054 factum?
1973 5018 2039 5056 an

465 5093 684 5148 omnino
711 5100 885 5162 potest
907 5090 1190 5162 quidquam
1220 5090 1398 5145 volare
1430 5090 1544 5145 sine
1585 5093 1802 5160 pennis?
1826 5093 1956 5147 Nam
1987 5105 2042 5150 et

463 5183 891 5255 vespertiliones,
921 5190 976 5236 et
1003 5181 1222 5235 locusta;
1245 5221 1261 5246 ,
1289 5189 1344 5235 et
1372 5195 1567 5236 muscae
1585 5222 1600 5246 ,
1629 5190 1684 5236 et
1707 5183 1750 5236 si
1779 5182 1904 5251 quid
1935 5183 2037 5238 hu-

460 5274 693 5346 jusmodi
736 5283 822 5328 est
861 5269 1000 5341 quod
1029 5271 1218 5339 plumis
1243 5278 1453 5338 careat,
1501 5271 1686 5340 pennis
1715 5287 1820 5326 non
1871 5283 2036 5328 caret.

468 5366 574 5421 Sed
606 5373 876 5436 pennatam
901 5361 1135 5417 additum
1164 5372 1245 5416 est
1263 5402 1278 5428 ,
1307 5376 1375 5416 ne
1399 5362 1540 5416 solas
1564 5377 1690 5418 aves
1715 5363 2035 5433 intelligere-

464 5469 618 5521 mus;
646 5453 893 5524 quoniam
921 5451 1092 5521 pisces
1119 5452 1333 5521 pennati
1366 5460 1523 5520 sunt,
1570 5461 1626 5508 et
1654 5467 1815 5524 super
1844 5464 2036 5509 terram

465 5547 645 5600 volant
673 5544 806 5600 infra
837 5558 1001 5613 aquas
1029 5561 1042 5596 :
1071 5542 1192 5598 ideo
1219 5557 1326 5597 non
1351 5542 1548 5598 dictum
1575 5553 1689 5615 est,
1720 5561 1882 5612 aves;
1919 5550 2035 5615 sed,

465 5639 693 5693 volantia
717 5636 1034 5708 generaliter
1053 5643 1109 5690 et
1132 5635 1332 5689 volatile
1357 5646 1647 5706 pennatam.
1674 5638 1741 5694 Et
1760 5639 1882 5696 vidit
1901 5641 2038 5699 Deus

529 5771 545 5802 ί
569 5770 642 5818 sic
660 5775 744 5817 his.
768 5768 917 5817 Vatic.
939 5773 992 5816 At
1009 5765 1145 5825 editi,
1168 5763 1215 5816 ei
1233 5761 1450 5817 sollicito.

526 5834 545 5862 ¹
570 5832 641 5879 sic
662 5836 742 5878 Ms.
764 5829 909 5879 vatio.
937 5835 989 5877 At
1013 5828 1143 5889 editi,
1166 5827 1362 5891 stipites.

1679 405 1766 458 DE
1807 402 2070 469 GENESI,
2113 404 2170 457 S.
2211 403 2575 462 AUGUSTI-NI

3649 433 3757 489 240

2179 517 2296 586 quia
2325 516 2509 573 bonum
2545 529 2636 575 est.
2669 523 2736 577 Et
2775 524 2861 582 hic
2889 526 3027 583 sicut
3057 528 3108 583 in
3147 532 3352 591 caeteris
3395 538 3528 598 locis
3559 543 3754 603 intelli-

2175 608 2422 677 gendum.

2245 699 2332 796 SD.
2361 699 2428 754 Et
2454 702 2703 796 benedixit
2729 723 2788 760 ea
2810 748 2825 774 ,
2853 708 3025 766 dicens
3051 727 3073 767 .°
3097 710 3334 783 Crescite,
3359 730 3408 776 et
3437 725 3749 796 multiplica-

2172 790 2313 854 mini,
2345 802 2390 845 et
2425 792 2608 862 replete
2630 812 2785 867 aquas
2807 800 3003 866 maris;
3027 811 3073 858 et
3099 806 3324 863 volatilia
3348 790 3749 885 multiplicemur

2169 896 2320 950 super
2346 892 2548 938 terram.
2584 885 3016 948 Benedictionem
3057 895 3124 950 ad
3165 897 3540 960 fecunditatem
3566 909 3749 966 valere

2170 973 2358 1038 voluit,
2391 990 2509 1044 qua:
2546 977 2596 1031 in
2625 981 2962 1040 successione
2988 988 3441 1061 prolisapparet,
3474 1009 3530 1052 ut
3557 1015 3617 1054 ea
3646 1001 3746 1058 beo

2171 1063 2489 1135 ncdictione,
2518 1069 2640 1139 quia
2669 1070 2875 1127 inﬁrma
2905 1085 2958 1130 et
2981 1080 3227 1136 mortalia
3259 1097 3435 1141 creata
3462 1100 3611 1157 sunt,
3653 1109 3746 1165 ge-

2169 1169 2270 1210 nus
2290 1171 2446 1253 suum
2467 1160 2733 1216 nascendo
2751 1165 3072 1222 custodiant.
3097 1169 3201 1226 Sed
3227 1189 3346 1230 cum
3372 1179 3530 1234 etiam
3553 1160 3749 1253 stirpes

2169 1248 2435 1302 nascendo
2478 1259 2694 1308 teneant
2732 1255 3125 1316 similitudinem
3156 1273 3584 1334 prrctereuntium
3604 1316 3618 1342 ,
3651 1248 3751 1333 cur

2167 1351 2263 1432 eas
2283 1355 2386 1392 non
2414 1339 2721 1398 benedixit?
2747 1348 2828 1401 An
2857 1350 2978 1418 quia
3007 1367 3166 1409 sensu
3187 1369 3406 1426 carent,
3432 1364 3519 1432 qui
3551 1339 3747 1423 rationi

2166 1427 2370 1485 vicinus
2398 1432 2517 1486 est?
2545 1433 2660 1490 Non
2695 1437 2835 1492 enim
2880 1452 3028 1498 vacat
3061 1445 3304 1518 fortasse,
3345 1427 3486 1522 quod
3511 1460 3745 1516 secunda

2165 1535 2390 1589 persona
2421 1525 2586 1580 utitur
2617 1528 2754 1584 Deus
2780 1530 2830 1584 in
2859 1531 3244 1606 benedicendo,
3279 1552 3334 1597 ut
3361 1544 3472 1600 haec
3497 1550 3743 1605 animan-

2167 1614 2236 1710 tia
2253 1618 2534 1710 compellet
2547 1621 2935 1689 quodammodo
2948 1636 3192 1700 tanquam
3207 1635 3466 1692 audientia
3490 1641 3742 1710 dicendo,

2164 1701 2397 1772 Crescite,
2424 1717 2469 1760 et
2495 1710 2920 1782 multiplicamini,
2943 1726 2989 1770 et
3008 1719 3212 1789 implete
3235 1739 3393 1793 aquas
3422 1730 3611 1794 maris;
3641 1701 3744 1788 nec

2161 1801 2337 1850 tamen
2377 1797 2429 1851 in
2459 1800 2644 1855 eadem
2675 1818 2897 1871 persona
2929 1822 3092 1878 usque
3133 1812 3200 1865 ad
3231 1813 3388 1869 ﬁnem
3416 1817 3742 1878 benedictio-

2161 1887 2245 1940 nis
2270 1887 2480 1942 venitur
2507 1907 2520 1943 :
2555 1894 2790 1962 sequitur
2823 1896 2966 1951 enim
2992 1939 3007 1962 ,
3048 1898 3115 1953 Et
3149 1904 3373 1958 volatilia
3399 1908 3742 1980 multiplicen-

2161 1983 2245 2028 tur
2287 1990 2441 2070 super
2485 1987 2706 2046 terram;
2759 1997 2864 2038 non
2913 1987 3075 2054 dixit,
3123 1989 3539 2063 Multiplicamini
3581 2015 3746 2070 super

2162 2069 2536 2160 terram..Nisi
2576 2071 2714 2128 forte
2753 2075 2854 2132 hoc
2881 2077 2995 2148 ipso
3031 2082 3359 2152 signiﬁcatur
3380 2103 3592 2146 sensum
3619 2069 3742 2148 alni-

2160 2159 2415 2258 montium
2447 2176 2554 2258 non
2581 2162 2717 2218 adeo
2756 2166 2983 2223 vicinum
3009 2185 3128 2227 esse
3169 2177 3388 2242 rationi,
3421 2189 3479 2234 ut
3504 2183 3742 2250 perfecte

2157 2250 2327 2350 possit
2354 2250 2594 2350 accipere
2621 2257 3027 2324 compellantem
3047 2303 3064 2329 ,
3095 2263 3232 2319 sicut
3255 2282 3374 2337 qua
3403 2270 3698 2345 intelligunt
3717 2317 3736 2343 ,

2156 2345 2314 2406 atque
2343 2340 2414 2392 uti
2444 2340 2648 2396 ratione
2675 2355 2917 2412 possunt.

2346 2429 2414 2484 Et
2451 2432 2639 2527 factum
2669 2445 2740 2489 est
2777 2438 2869 2491 sic.
2906 2440 2998 2495 llic
3025 2442 3179 2511 plane
3204 2448 3372 2516 quivis
3415 2453 3595 2510 tardus
3625 2457 3739 2527 jam

2155 2519 2403 2589 evigilare
2435 2522 2621 2590 debet,
2670 2535 2726 2579 ut
2754 2527 3008 2600 intelligat
3041 2515 3235 2602 quales,
3262 2540 3346 2593 isti
3375 2541 3489 2598 dies
3517 2515 3740 2604 enume-

2154 2622 2355 2667 rentur.
2416 2615 2546 2672 Cum
2589 2620 2728 2674 enim
2771 2631 2947 2678 certos
2996 2628 3255 2684 seminum
3299 2649 3546 2693 numeros
3593 2642 3738 2698 Deus

2152 2701 2508 2762 animantibus
2534 2709 2769 2778 dederit,
2800 2724 3073 2773 servantes
3103 2721 3288 2776 miram
3329 2731 3691 2788 certoordine
3716 2736 3734 2766 ⁸

2152 2800 2529 2864 constantiam,
2577 2812 2632 2856 ut
2661 2814 2808 2858 certo
2832 2807 3036 2862 dierum
3065 2827 3286 2868 numero
3305 2857 3320 2883 ,
3352 2833 3449 2887 pro
3477 2836 3574 2876 suo
3598 2839 3736 2894 quo-

2151 2907 2253 2962 que
2291 2908 2517 2963 genere,
2554 2906 2606 2950 et
2640 2907 2894 2973 concepta
2940 2911 3091 2957 utero
3135 2918 3361 2976 gerant,
3387 2921 3441 2966 et
3467 2914 3605 2970 edita
3631 2932 3733 2974 ova

2153 2983 2496 3050 calefaciant;
2528 2986 2680 3057 cujus
2703 2999 2904 3044 natura:
2925 2991 3185 3048 institutio
3211 2997 3302 3051 Dei
3329 3001 3584 3070 sapientia
3604 3021 3738 3062 con-

2150 3084 2391 3166 servatur
2409 3117 2423 3141 ,
2466 3092 2585 3145 quae
2612 3079 2780 3132 tendit
2809 3095 2839 3133 a
2882 3080 2985 3137 fine
3011 3098 3180 3153 usque
3213 3086 3281 3141 ad
3309 3089 3464 3144 finem
3488 3093 3732 3166 fortiter,

2150 3173 2205 3219 et
2241 3165 2476 3235 disponit
2508 3169 2684 3222 omnia
2724 3171 2956 3226 suaviter
2997 3171 3152 3246 (Sap.
3182 3192 3308 3246 vin,
3339 3177 3392 3253 1)
3421 3199 3435 3234 :
3466 3165 3737 3253 quomodo

2153 3271 2260 3311 uno
2284 3255 2373 3312 die
2396 3266 2680 3326 potuerunt
2705 3270 2760 3315 et
2788 3263 3088 3334 concipere,
3117 3276 3169 3320 et
3198 3279 3351 3324 utero
3379 3288 3690 3342 gravescere
3715 3322 3731 3345 ,

2150 3356 2203 3401 et
2233 3356 2381 3416 parta
2421 3364 2676 3418 vaporare
2710 3353 2729 3382 ¹
2759 3359 2920 3422 atque
2952 3357 3187 3425 nutrire,
3229 3370 3282 3415 et
3310 3363 3531 3434 implere
3566 3384 3736 3438 aquas

2150 3439 2313 3492 maris
2331 3481 2346 3504 ,
2370 3449 2423 3493 et
2442 3441 2781 3510 multiplicari
2809 3458 2970 3514 super
2990 3454 3183 3502 terram
3205 3449 3229 3502 ?
3250 3451 3322 3505 Ita
3345 3455 3485 3509 enim
3512 3459 3736 3528 subjun-

2148 3529 2320 3600 gitur,
2363 3529 2429 3584 Et
2473 3533 2546 3585 sic
2589 3532 2777 3599 factum
2814 3543 2922 3600 est;
2969 3546 3095 3593 ante
3145 3555 3384 3611 vesperae
3421 3545 3728 3604 adventum.

2150 3619 2254 3674 Sed
2284 3621 2531 3675 nimirum
2558 3637 2676 3675 cum
2706 3622 2874 3691 dicit,
2905 3623 3065 3679 Facta
3090 3638 3162 3682 est
3188 3645 3428 3700 vespera;
3453 3641 3731 3694 materiam

2150 3709 2431 3766 informem
2470 3723 2896 3768 commemorat:
2926 3731 3046 3770 cum
3085 3728 3263 3774 autem
3304 3722 3468 3790 dicit,
3513 3725 3733 3783 Factum

2150 3807 2220 3853 est
2251 3816 2432 3864 mane;
2462 3801 2718 3871 speciem,
2744 3819 2861 3872 quae
2887 3805 2998 3874 ipsa
3026 3810 3334 3876 operatione
3363 3813 3618 3883 impressa
3647 3830 3733 3874 est

2149 3893 2384 3962 materia:
2416 3911 2427 3945 :
2460 3909 2616 3948 mane
2642 3893 2662 3924 ³
2690 3897 2830 3950 enim
2858 3907 2976 3965 post
3005 3902 3368 3969 operationem
3405 3915 3730 3966 transactum

2149 3983 2289 4039 diem
2314 3985 2600 4039 concludit.
2630 3984 2745 4040 Non
2777 3996 2949 4042 tamen
2981 3990 3116 4045 dixit
3143 3994 3300 4061 Deus,
3329 3994 3446 4050 Fiat
3471 4014 3690 4070 vespera
3709 4042 3728 4068 ,

2148 4075 2253 4141 vel,
2281 4074 2373 4130 ﬁat
2397 4091 2553 4131 mane
2583 4093 2596 4130 :
2628 4081 3064 4134 commemoratio
3088 4089 3172 4136 est
3194 4085 3333 4138 enim
3361 4102 3538 4143 rerum
3567 4090 3734 4147 facta-

2147 4179 2266 4218 rum
2309 4165 2650 4234 brevissima,
2694 4169 3000 4238 signiﬁcatis
3040 4187 3134 4240 per
3159 4189 3433 4244 vesperam
3479 4189 3534 4234 et
3572 4196 3730 4236 mane

2149 4257 2368 4311 materia
2399 4265 2454 4312 et
2477 4259 2656 4328 specie
2677 4301 2695 4324 ,
2739 4275 2857 4329 qua:
2887 4261 3068 4331 utique
3099 4264 3262 4319 Deum
3301 4267 3490 4322 fecisse
3509 4271 3617 4339 jam
3649 4273 3731 4328 di-

2149 4355 2290 4402 ctum
2329 4358 2444 4404 erat
2479 4368 2492 4404 z
2521 4366 2642 4406 cum
2675 4352 2848 4421 ipsum
2884 4352 3148 4408 defectum
3184 4363 3390 4424 tamen,
3421 4359 3473 4414 id
3499 4372 3579 4416 est
3605 4378 3730 4419 cum

2148 4437 2217 4494 de
2246 4440 2424 4508 specie
2451 4440 2516 4495 ad
2541 4443 2816 4496 materiam
2842 4453 2896 4498 et
2926 4443 2993 4498 ad
3023 4445 3246 4501 nihilum
3276 4449 3526 4520 tenditur,
3555 4453 3598 4507 si
3627 4453 3732 4511 hoc

2149 4529 2320 4583 noctis
2345 4531 2559 4585 nomine
2584 4540 2727 4588 recte
2753 4533 3073 4589 insinuatum
3104 4545 3370 4606 putamus,
3399 4557 3504 4597 non
3533 4543 3731 4601 dixerit

2149 4619 2344 4676 factum
2369 4663 2386 4689 ,
2412 4621 2505 4677 sed
2532 4632 2707 4679 tamen
2742 4624 3040 4682 ordinatum
3072 4643 3100 4682 a
3128 4630 3257 4698 Deo,
3298 4648 3417 4687 cum
3457 4636 3530 4689 ait
3565 4652 3730 4707 supe—

2149 4710 2258 4766 rius
2280 4751 2296 4778 ,
2331 4710 2508 4766 Divisit
2534 4712 2668 4768 Deus
2688 4714 2816 4768 inter
2845 4715 3005 4770 lucem
3031 4727 3078 4770 et
3102 4720 3328 4776 tenebras
3359 4739 3376 4776 :
3403 4734 3460 4778 ut
3489 4741 3730 4795 vespera}

2148 4803 2406 4858 vocabulo
2429 4804 2754 4876 significetur
2778 4805 3020 4862 informis
3049 4811 3269 4866 materia
3290 4854 3305 4880 ,
3337 4829 3454 4883 qua:
3483 4821 3729 4887 quamvis

2147 4908 2214 4949 ex
2242 4895 2410 4952 nihilo
2451 4896 2584 4952 facta
2607 4907 2731 4964 est,
2763 4906 2849 4954 est
2873 4898 2897 4931 ‘
2923 4909 3094 4955 tamen
3121 4911 3175 4958 et
3201 4901 3358 4959 habet
3382 4910 3724 4976 capacitatem

2147 4987 2444 5056 specierum
2475 4998 2632 5059 atque
2657 4989 2968 5046 formarum.
2998 4995 3178 5064 Accipi
3203 4998 3360 5051 etiam
3386 5009 3560 5066 potest
3585 5011 3728 5058 tenes

2149 5077 2360 5133 brarum
2389 5081 2603 5137 nomine
2632 5082 2802 5150 ipsum
2833 5086 3050 5139 omnino
3076 5087 3318 5151 nihilum,
3345 5090 3483 5159 quod
3510 5107 3614 5146 non
3642 5093 3729 5150 fe-

2145 5173 2218 5226 cit
2253 5173 2426 5238 Deus,
2465 5182 2519 5228 et
2554 5173 2693 5228 unde
2732 5173 2855 5228 fecit
2894 5191 3241 5246 quaecumque
3279 5179 3452 5237 facere
3487 5199 3585 5252 pro
3629 5200 3725 5242 sua

2146 5261 2395 5334 ineﬂabili
2422 5262 2656 5318 bonitate
2681 5263 2926 5333 dignatus
2961 5275 3063 5335 est,
3096 5283 3216 5324 cum
3247 5273 3317 5328 sit
3343 5276 3681 5346 omnipotens
3706 5323 3724 5348 ,

2145 5353 2232 5422 qui
2262 5352 2420 5407 etiam
2443 5352 2510 5408 de
2537 5353 2703 5407 nihilo
2725 5361 2866 5408 tanta
2893 5355 3034 5413 fecit.

2217 5443 2304 5498 52.
2337 5441 2405 5496 Et
2443 5448 2578 5508 facta
2614 5453 2684 5497 est
2721 5460 2925 5515 vespera
2947 5487 2962 5512 ,
3009 5457 3053 5502 et
3081 5453 3269 5520 factum
3309 5467 3380 5508 est
3426 5472 3571 5512 ntane
3615 5461 3723 5514 dies

2190 5573 2227 5623 ’ί
2253 5597 2335 5642 ΜΞ.
2361 5596 2527 5654 \‘atic.,
2547 5601 2678 5646 certa
2699 5596 3011 5650 ordinatione.

2144 5654 3009 5782 Αῗέιίἷὺξοέεόἒὶῗδὲἐέἔῗρὲνὲἷεέ
3029 5662 3076 5711 id
3112 5672 3188 5715 est
3207 5666 3496 5731 calefacere,
3520 5681 3574 5722 ut
3595 5685 3723 5735 apua

2211 5777 2232 5844 ξ
2253 5783 2334 5827 Ms.
2354 5781 2519 5840 \'atic.,
2543 5779 2609 5830 ita
2625 5777 2778 5839 enim,"
2793 5784 2967 5833 omissa
3000 5798 3136 5844 voce,
3162 5801 3317 5840 mane.

2213 5837 2233 5872 ³
2254 5845 2344 5892 ints.
2375 5837 2539 5894 \‘aticL.
2575 5845 2698 5893 facta
2722 5837 2792 5893 eat
2809 5849 2965 5896 tamen
2986 5859 3001 5904 ;
3025 5837 3342 5903 nec'habetnr
3376 5855 3606 5910 secundo.
3628 5862 3718 5908 est.
