4056 6452
314 332 409 389 2H

312 448 669 520 quintus.,llic
703 456 979 518 postquam
1005 444 1173 511 dixit,
1225 443 1289 497 Et
1329 443 1401 498 sic
1436 446 1623 513 factum
1658 450 1763 507 est,
1795 454 1900 494 non

313 540 551 597 subdidit
576 540 733 595 sicuti
758 539 891 594 solet
919 536 1333 601 exsecutionem,
1366 534 1514 605 quasi
1540 534 1731 588 iterum
1764 532 1899 585 facta

310 635 453 699 sint;
479 634 592 703 jam
625 632 769 689 enim
801 630 1045 700 superius
1070 628 1269 683 dictum
1297 635 1428 683 eral.
1461 626 1567 682 Nec
1593 642 1654 681 ea
1686 624 1902 680 benedi-

309 724 519 789 ctione,
567 738 686 794 quae
723 721 791 775 ad
826 720 1141 792 gignendam
1187 721 1389 789 prolem
1426 719 1676 789 pertinet,
1724 717 1898 785 aliqua

206 812 213 817 ’
310 828 448 868 nova
482 824 671 867 natura
714 811 1099 876 fabricabatur;
1144 809 1240 865 sed
1281 825 1401 878 quae
1440 808 1575 862 facta
1609 817 1761 862 erant
1805 822 1899 876 per

310 904 735 966 successionem,
770 901 1241 956 conservabantur.
1283 899 1352 952 Et
1389 898 1507 953 ideo
1536 913 1634 953 nec
1660 897 1785 951 illud
1818 896 1897 950 di-

305 1004 453 1050 ctum
493 1004 612 1061 est,
656 995 722 1049 Et
756 994 889 1048 vidit
931 994 1071 1048 Deus
1095 992 1215 1062 quia
1241 991 1436 1046 bonum
1462 998 1545 1045 est
1577 991 1723 1059 :jam
1754 989 1895 1044 enim

303 1100 393 1141 res
417 1087 531 1155 ipsa
558 1086 849 1155 placuerat,
876 1100 994 1153 qua:
1021 1092 1227 1138 tantum
1255 1081 1513 1137 servanda
1543 1091 1662 1136 erat
1699 1081 1751 1134 in
1780 1080 1896 1135 feti-

303 1178 427 1232 bus.
462 1176 608 1231 Nihil
630 1177 717 1231 hic
746 1178 920 1246 itaque
939 1175 1222 1247 repetitum
1252 1183 1353 1239 est,
1386 1174 1486 1227 nisi
1521 1172 1660 1243 quod
1689 1173 1799 1237 ait,
1832 1171 1896 1225 Et

303 1272 501 1337 factum
539 1276 614 1322 est
648 1268 760 1333 sic;
806 1267 1092 1336 statimque
1128 1264 1424 1333 subjectum
1469 1263 1536 1317 de
1578 1278 1800 1330 vespera
1842 1270 1896 1317 et

302 1375 466 1413 mane
498 1378 512 1413 :
540 1359 731 1429 quibus
762 1357 1047 1411 nominatis
1066 1398 1080 1422 ,
1107 1363 1369 1409 transacta
1398 1369 1556 1423 opera
1584 1354 1650 1407 de
1682 1352 1892 1407 informi

302 1450 536 1504 materia
576 1458 629 1503 et
666 1450 845 1519 specie
869 1463 987 1517 qua:
1030 1446 1318 1517 imponitur
1340 1485 1355 1509 ,
1384 1446 1665 1515 signiﬁcari
1694 1444 1891 1499 dictum

301 1552 404 1598 est.
430 1544 546 1598 Nisi
582 1543 715 1599 forte
739 1542 934 1613 aliquid
961 1541 1152 1596 melius
1174 1548 1332 1611 atque
1357 1540 1635 1595 sublimius
1664 1539 1895 1594 occurrit

302 1636 695 1704 quaerentibus.

375 1729 469 1783 55.
499 1726 573 1781 Ει
599 1728 726 1782 dixit
762 1726 929 1794 Deus,
962 1727 1148 1797 Ejiciat
1181 1736 1314 1782 terra
1354 1726 1575 1779 animant
1612 1725 1770 1779 vivam
1808 1740 1890 1777 se-

301 1819 531 1872 cundum
560 1836 705 1873 suum
731 1835 884 1889 genus
901 1835 920 1883 ;
944 1818 1331 1889 quadrupedum
1351 1860 1365 1884 ,
1395 1826 1442 1871 et
1478 1817 1816 1886 serpentium,
1846 1824 1892 1869 et

304 1913 578 1966 bestiarum
614 1920 762 1965 terra:
786 1911 1058 1965 secundum
1101 1927 1288 1981 genus,
1326 1919 1373 1963 et
1413 1926 1592 1979 pecora
1619 1908 1891 1962 secundum

306 2020 489 2075 genus.
532 2002 601 2057 Et
627 2008 817 2073 factum
844 2013 916 2058 est
942 2005 1033 2058 sic.
1076 2005 1206 2058 Cum
1238 2004 1434 2057 dictum
1461 2003 1618 2058 fuerit
1645 2004 1886 2067 animam,

304 2112 401 2149 cur
427 2094 667 2149 additum
688 2096 757 2149 sit
780 2096 979 2160 vivam;
1008 2103 1062 2150 et
1084 2095 1208 2165 quid
1232 2095 1301 2149 sit
1321 2095 1593 2149 secundum
1616 2111 1807 2165 genus;
1838 2103 1891 2148 ct

301 2187 371 2241 de
397 2187 556 2241 solita
597 2187 940 2241 conclusione
980 2202 1081 2256 qua
1124 2186 1345 2251 dicitur,
1376 2194 1421 2239 et
1457 2188 1647 2258 factum
1675 2194 1749 2239 est
1778 2185 1849 2239 sic
1870 2226 1886 2249 ,

300 2277 442 2331 sicut
460 2277 705 2345 superius
744 2285 1022 2331 tractatum
1054 2286 1174 2340 est,
1199 2277 1585 2332 consideranda
1610 2285 1664 2330 et
1692 2277 1889 2345 accipi-

300 2368 439 2423 enda
484 2379 629 2424 sunt.
669 2368 800 2424 Cum
843 2380 1017 2424 autem
1061 2370 1118 2423 in
1148 2370 1310 2424 latina
1351 2370 1525 2439 lingua
1556 2370 1772 2423 nomine
1801 2369 1892 2423 bc-

302 2462 529 2515 stiarum
568 2476 728 2515 omne
771 2461 1073 2515 irrationale
1098 2461 1293 2515 animal
1328 2461 1645 2531 generaliter
1685 2461 1889 2530 signiti-

301 2558 485 2613 cetur;
509 2550 596 2604 hic
620 2558 797 2604 tamen
835 2550 1219 2620 distinguendae
1254 2560 1378 2605 sunt
1406 2552 1613 2620 species
1633 2593 1645 2615 ,
1673 2560 1729 2604 ut
1756 2566 1890 2621 qua-

300 2640 573 2710 drupedes
630 2642 949 2712 accipiamus
1011 2643 1187 2697 omnia
1240 2643 1512 2712 jumenta;
1574 2652 1885 2712 serpentes,

303 2733 484 2785 omnia
504 2732 776 2800 repentia;
806 2733 1001 2788 bestias
1024 2733 1103 2788 vel
1126 2733 1293 2798 feras,
1326 2735 1502 2787 omnia
1528 2734 1887 2803 quadrupedia

303 2822 600 2887 indomita;
643 2837 837 2891 pecora
875 2840 1004 2879 vero
1028 2866 1042 2891 ,
1076 2824 1434 2893 quadrupedia
1480 2840 1596 2894 quae
1628 2839 1731 2878 non
1762 2840 1887 2894 ope-

303 2912 474 2967 rando
512 2912 798 2982 adjuvant,
844 2914 938 2969 sed
975 2914 1100 2969 dant
1126 2916 1355 2985 aliquem
1396 2914 1622 2969 fructum
1662 2929 1888 2984 pascen-

304 3002 467 3057 tibus.

378 3093 606 3150 CAPUT
644 3094 783 3150 XVI.
805 3125 871 3135 —
903 3096 990 3151 54.
1034 3096 1101 3150 Et
1128 3098 1242 3168 fecit
1271 3096 1407 3151 Dens
1434 3097 1613 3152 bestias
1639 3106 1784 3151 terrae
1806 3114 1884 3151 se-

302 3185 529 3261 cundum
568 3201 752 3257 genus,
791 3198 837 3241 et
879 3204 1062 3258 pecora
1097 3190 1367 3243 secundum
1406 3205 1590 3259 genus,
1632 3199 1679 3242 et
1720 3190 1888 3242 omnia

302 3276 561 3343 serpentia
586 3284 731 3329 terrae
751 3277 1025 3331 secundum
1051 3295 1225 3349 genus.
1258 3279 1379 3333 Hinc
1406 3280 1614 3333 iteratio
1636 3278 1887 3349 quoddi-

303 3375 447 3419 ctum
494 3375 576 3421 est
597 3408 611 3431 ,
642 3367 707 3420 Et
744 3369 861 3438 fecit
898 3367 1073 3431 Deus,
1106 3386 1223 3423 cum
1251 3370 1359 3439 jam
1390 3370 1586 3423 dictum
1609 3378 1789 3437 esset,
1818 3369 1889 3423 Et

305 3462 501 3527 factum
528 3468 598 3512 est
627 3460 737 3525 sic;
764 3460 1055 3514 secundum
1084 3462 1411 3530 superiorem
1439 3461 1678 3530 regulam
1707 3462 1887 3515 consi-

304 3548 541 3603 deretur.
566 3548 706 3604 Sane
734 3550 819 3604 hic
849 3566 1100 3619 pecorum
1129 3551 1342 3605 nomine
1367 3552 1544 3605 omnia
1574 3560 1699 3621 puto
1728 3551 1887 3621 signi-

305 3641 457 3695 ﬁcata
512 3656 630 3697 esse
686 3644 1042 3713 quadrupedia
1099 3660 1215 3713 qua:
1271 3643 1370 3697 sub
1430 3658 1555 3697 cura
1614 3644 1885 3710 hominum

308 3735 515 3789 vivunt.
544 3735 614 3788 Et
639 3736 760 3790 vidit
786 3735 925 3790 Deus
954 3738 1071 3807 quia
1096 3737 1279 3789 bonum
1300 3746 1371 3790 est
1401 3753 1417 3790 :
1443 3738 1595 3791 solite
1618 3736 1886 3805 accipien-

303 3822 453 3879 dum.

376 3916 466 3970 55.
498 3915 565 3969 Et
592 3916 719 3970 dixit
747 3916 915 3982 Deus,
945 3917 1218 3973 Faciamus
1246 3921 1494 3973 hominem
1524 3920 1592 3973 ad
1619 3920 1886 3991 imaginem

305 4014 352 4058 et
376 4006 759 4061 similitudinem
784 4018 1025 4063 nostram.
1054 4011 1123 4064 Et
1146 4011 1232 4065 hic
1252 4012 1717 4066 animadvertenda
1743 4028 1887 4081 quze-

303 4096 427 4151 dam
456 4107 512 4153 et
534 4099 855 4169 conjunctio,
884 4110 937 4156 et
962 4102 1215 4158 discretio
1244 4104 1609 4158 animantium.
1637 4104 1771 4158 Nam
1794 4119 1886 4158 eo-

305 4189 425 4243 dem
470 4189 555 4245 die
598 4189 792 4245 factum
834 4186 1102 4249 hominem
1126 4194 1305 4261 ‘dicit,
1351 4211 1456 4265 quo
1492 4196 1705 4250 bestias.
1753 4196 1885 4251 Sunt

305 4280 445 4334 enim
475 4281 635 4336 simul
677 4283 855 4336 omnia
892 4293 1101 4339 terrena
1131 4286 1414 4339 animantia
1440 4303 1454 4350 ;
1485 4296 1535 4340 et
1566 4295 1739 4341 tamen
1767 4303 1888 4357 pro-

305 4380 422 4437 pter
447 4371 813 4427 excellentiam
845 4374 1093 4440 rationis,
1135 4375 1426 4429 secundum
1460 4394 1615 4445 quain
1643 4377 1709 4431 ad
1750 4380 1885 4432 ima-

304 4463 481 4530 ginem
510 4463 609 4518 Dei
631 4473 685 4518 et
710 4465 1107 4521 similitudinem
1134 4465 1365 4521 efficitur
1392 4468 1569 4533 homo,
1602 4471 1883 4538 separatim

304 4553 370 4607 de
398 4554 491 4608 illo
515 4553 729 4619 dicitur,
761 4566 1035 4627 postquam
1062 4558 1129 4612 de
1159 4560 1366 4613 czeteris
1394 4562 1619 4614 terrenis
1645 4562 1887 4615 animan-

306 4636 445 4699 tibus
470 4646 627 4701 solite
646 4648 951 4702 conclusum
980 4657 1080 4715 est,
1107 4648 1355 4718 dicendo,
1380 4650 1444 4703 Et
1465 4651 1585 4704 vidit
1609 4650 1745 4705 Deus
1768 4652 1887 4722 quia

307 4735 493 4788 bonum
522 4746 615 4792 est.

375 4827 466 4880 56.
506 4826 963 4885 Considerandum
1002 4831 1161 4886 etiam
1208 4831 1367 4897 illud,
1407 4832 1545 4902 quod
1587 4833 1639 4887 in
1678 4833 1885 4888 caeteris

306 4932 412 4972 non
445 4918 582 4975 dixit
620 4921 794 4987 Deus,
828 4922 1138 4989 Faciamus;
1169 4934 1226 4978 ut
1255 4924 1355 4978 hoc
1381 4940 1590 4995 quoque
1619 4925 1777 4980 modo
1800 4941 1885 4980 vo-

307 5010 465 5065 luerit
487 5008 720 5080 Spiritus
739 5021 952 5068 sanctus
976 5015 1217 5069 humana:
1242 5025 1445 5070 natura:
1466 5016 1734 5071 insinuare
1745 5032 1884 5085 prte-

304 5103 575 5155 stantiam.
605 5099 699 5155 Cui
729 5113 905 5159 autem
936 5120 1076 5159 nunc
1102 5106 1300 5160 dictum
1331 5116 1433 5171 est,
1460 5106 1753 5175 Faciamus,
1782 5109 1883 5164 nisi

304 5192 386 5245 cui
412 5191 689 5247 dicebatur
709 5194 760 5247 in
787 5196 1018 5261 caeteris,
1044 5194 1162 5249 Fiat
1180 5198 1204 5249 ?
1222 5197 1409 5251 Omnia
1430 5198 1570 5253 enim
1594 5214 1691 5268 per
1710 5199 1881 5269 ipsum

304 5283 438 5339 facta
466 5295 624 5351 sunt,
652 5296 706 5341 et
728 5288 843 5342 sine
864 5289 979 5358 ipso
1008 5288 1201 5343 factum
1227 5299 1309 5345 est
1348 5291 1475 5344 nihil
1515 5290 1692 5361 (Joan.
1720 5308 1772 5357 ι,
1805 5291 1881 5363 '5).

303 5376 407 5431 Sed
456 5378 581 5448 quid
607 5390 858 5449 putamus
883 5381 1040 5437 aliter
1074 5382 1271 5437 dictum
1299 5398 1453 5450 esse,
1496 5384 1617 5438 Fiat
1646 5426 1659 5450 ,
1702 5386 1802 5439 nisi
1830 5396 1885 5441 ut

304 5469 416 5537 ipse
446 5469 816 5539 faceretjussu
838 5473 1037 5539 Patris;
1072 5483 1125 5528 et
1149 5475 1324 5540 aliter,
1359 5474 1657 5543 Faciamus,
1695 5476 1798 5531 nisi
1827 5484 1886 5531 ut

304 5560 461 5613 ambo
496 5561 698 5628 pariter
732 5562 1004 5618 facerent?
1033 5566 1113 5618 An
1158 5566 1333 5619 omnia
1378 5582 1494 5635 qua:
1530 5566 1655 5621 facit
1692 5567 1881 5635 Pater,

306 5665 400 5716 per
431 5650 623 5705 Filium
655 5652 812 5718 facit,
841 5664 895 5710 et
934 5655 1053 5710 ideo
1082 5672 1221 5711 nunc
1247 5655 1519 5710 Faciamus
1544 5657 1743 5713 dictum
1772 5668 1881 5723 est,

305 5752 357 5795 ut
390 5743 491 5812 ipsi
524 5742 744 5811 homini,
768 5756 984 5818 propter
1010 5763 1164 5819 quem
1186 5749 1460 5819 Scriptura
1488 5750 1596 5819 ipsa
1621 5750 1753 5806 facta
1781 5763 1880 5821 est,

1578 323 1778 380 LIBER
1819 319 2323 383 iMPERFECTUS.

3432 362 3435 365 λ
3477 337 3582 392 93'!

2009 438 2078 494 ita
2125 440 2174 493 in
2214 443 2387 511 seipse
2433 441 2888 498 demonstraretur
2925 460 2985 501 ea
3026 465 3143 518 quae
3173 450 3337 504 Filius
3373 452 3583 507 dicente

2009 531 2163 587 Patre
2189 533 2346 602 facit,
2378 537 2539 592 etiam
2575 539 2746 607 ipsum
2772 540 2981 595 Patrem
3022 540 3229 604 facere;
3261 552 3315 597 ut
3344 543 3486 613 quod
3526 545 3578 598 in

2006 626 2214 681 caneris
2235 627 2529 697 dicebatur,
2560 630 2699 695 Fiat,
2731 642 2777 686 et
2802 634 2988 702 factum
3019 645 3110 700 est,
3144 634 3229 689 hic
3253 646 3571 705 exponatur,

2004 730 2109 768 non
2137 719 2419 786 separatim
2450 718 2613 776 fuisse
2642 721 2927 778 dictionem
2951 732 3006 778 et
3034 727 3318 793 separatim
3342 726 3579 781 effectio-

2006 821 2130 860 nem
2157 847 2173 871 ,
2217 808 2311 864 sed
2341 818 2622 882 utrumque
2661 813 2837 879 simul,
2867 830 2986 870 cuin
3028 814 3115 870 hic
3139 815 3346 880 dicitur,
3391 817 3582 872 Facia-

2002 912 2113 951 mus
2133 898 2158 951 .9

2072 992 2159 1047 57.
2192 991 2260 1045 Et
2299 994 2425 1048 dixit
2454 994 2611 1061 Deus,
2646 996 2916 1052 Faciamus
2941 1000 3190 1054 hominem
3214 1002 3281 1054 ad
3304 1002 3574 1073 imaginem

2001 1091 2047 1136 et
2069 1084 2447 1139 similitudinem
2475 1097 2715 1143 nostram.
2759 1090 2942 1145 Omnis
2975 1094 3146 1160 imago
3185 1094 3372 1147 similis
3409 1102 3491 1149 est
3528 1095 3577 1149 ei
3628 1100 3631 1101 ⁷

2000 1174 2153 1243 cujus
2190 1175 2364 1245 imago
2390 1185 2504 1242 est;
2553 1194 2651 1233 nec
2694 1188 2867 1235 tamen
2897 1198 3055 1236 omne
3097 1183 3238 1251 quod
3281 1185 3453 1239 simile
3496 1197 3577 1239 est

1997 1264 2187 1330 alicui,
2219 1267 2381 1321 etiam
2417 1268 2590 1339 imago
2632 1280 2713 1324 est
2739 1271 2889 1339 cjus:
2924 1273 3059 1327 sicut
3087 1273 3136 1326 in
3176 1274 3391 1341 speculo
3419 1285 3474 1329 et
3502 1276 3579 1343 pi-

1997 1364 2168 1423 ctura,
2191 1358 2309 1427 quia
2334 1359 2589 1429 imagines
2605 1369 2747 1422 sunt,
2769 1362 2926 1414 etiam
2945 1363 3144 1416 similes
3160 1373 3311 1427 sunt;
3337 1374 3511 1418 tamen
3529 1365 3575 1418 si

1996 1449 2131 1502 alter
2157 1464 2222 1503 ex
2246 1450 2418 1504 altero
2444 1459 2595 1505 natus
2614 1465 2716 1505 non
2743 1460 2845 1514 est,
2876 1452 3051 1506 nullus
3077 1468 3261 1507 eorum
3290 1455 3463 1524 imago
3490 1455 3575 1507 ιιι-

1998 1540 2159 1593 terius
2185 1540 2286 1594 dici
2311 1549 2503 1610 potest.
2529 1542 2707 1611 lmago
2726 1541 2865 1597 enim
2886 1552 3009 1597 tunc
3034 1554 3134 1607 est,
3168 1558 3287 1597 cum
3308 1544 3374 1598 de
3398 1545 3580 1613 aliquo

1995 1632 2327 1701 exprimitur.
2354 1633 2462 1687 Cur
2482 1648 2627 1703 ergo,
2650 1649 2770 1688 cum
2792 1633 2989 1688 dictum
3013 1644 3174 1699 esset,
3198 1634 3264 1686 ad
3284 1635 3574 1704 imaginem,

1994 1724 2229 1779 additum
2256 1735 2359 1791 est,
2385 1735 2431 1778 et
2456 1726 2866 1793 similitudinem;
2889 1728 3038 1796 quasi
3067 1727 3231 1795 possit
3256 1742 3375 1781 esse
3403 1728 3575 1795 imago

1995 1816 2309 1871 dissimilis?
2352 1816 2634 1872 Sufﬁceret
2682 1834 2809 1887 ergo
2851 1819 2918 1871 ad
2951 1819 3220 1886 imaginem
3260 1818 3456 1871 dicere.
3492 1819 3573 1871 An

1994 1911 2134 1965 aliud
2155 1919 2237 1965 est
2256 1911 2448 1979 simile,
2471 1912 2610 1965 aliud
2629 1912 2944 1975 similitudo;
2968 1910 3255 1965 sicutaliud
3274 1923 3355 1965 est
3371 1919 3572 1977 castus,

1994 2001 2137 2055 aliud
2163 2004 2409 2066 castitas;
2437 2001 2576 2055 aliud
2608 2001 2779 2067 fortis,
2809 2002 2947 2055 aliud
2992 2000 3246 2055 fortitudo
3271 2019 3285 2055 :
3314 2010 3369 2055 ut
3392 2016 3576 2070 quem-

1994 2093 2278 2147 admodum
2318 2108 2666 2164 qucecumque
2703 2102 2826 2148 sunt
2869 2093 3051 2159 fortia,
3103 2092 3408 2147 fortitudine
3453 2102 3577 2148 sunt

1994 2184 2178 2250 fortia;
2210 2193 2263 2240 et
2285 2199 2630 2254 qutecumque
2649 2193 2772 2238 sunt
2793 2194 2959 2250 casta,
2982 2184 3223 2238 castitate
3245 2192 3366 2237 sunt
3390 2191 3532 2236 casta
3558 2200 3573 2235 :

1994 2275 2065 2328 ita
2092 2288 2441 2344 quaecumque
2462 2283 2587 2329 sunt
2612 2275 2826 2337 similia,
2850 2274 3196 2328 similitudine
3223 2273 3328 2326 sint
3347 2272 3575 2325 similia?

1994 2368 2108 2423 Non
2135 2376 2311 2423 autem
2342 2368 2514 2437 imago
2554 2376 2732 2421 nostra
2764 2368 2891 2421 satis
2916 2366 3127 2435 preprie
3156 2365 3347 2418 dicitur
3380 2363 3575 2445 ‘similis

1996 2458 2122 2513 tudo
2150 2468 2329 2513 nostra
2360 2473 2501 2523 esse,
2543 2472 2662 2512 cum
2702 2466 2877 2511 tamen
2919 2457 3129 2526 proprie
3149 2455 3354 2509 dicatur
3383 2453 3574 2507 similis

1995 2550 2146 2605 nobis
2171 2564 2288 2606 esse
2314 2567 2326 2603 :
2356 2558 2414 2603 ut
2451 2549 2523 2603 ibi
2550 2550 2618 2604 sit
2641 2565 2703 2604 ea
2744 2548 3029 2602 similitudo
3054 2590 3068 2614 ,
3098 2562 3205 2617 qua
3230 2547 3421 2601 similia
3452 2555 3575 2600 sunt

1992 2658 2335 2713 qucecumque
2365 2642 2578 2708 similia,
2607 2642 2695 2696 ubi
2718 2651 2798 2696 est
2822 2649 2876 2695 et
2897 2642 3133 2707 castitas,
3156 2654 3257 2709 qua
3279 2646 3423 2693 casta
3449 2647 3573 2692 sunt

1992 2748 2340 2803 qumcumque
2370 2741 2496 2787 sunt
2518 2741 2681 2787 casta.
2719 2732 2944 2787 Castitas
2983 2741 3157 2786 autem
3187 2729 3380 2783 nullius
3408 2728 3573 2797 parti-

1992 2826 2255 2895 cipatione
2281 2834 2427 2879 casta
2450 2833 2549 2891 est,
2581 2825 2672 2880 sed
2690 2825 2810 2893 ejus
2844 2823 3244 2893 participatione
3278 2829 3398 2877 sunt
3426 2829 3573 2875 casta

1992 2932 2338 2987 quaecumque
2362 2925 2506 2970 casta
2536 2925 2677 2970 sunt.
2724 2916 2851 2983 Quae
2890 2915 3072 2984 utique
3102 2914 3154 2967 in
3185 2913 3292 2967 Deo
3332 2922 3440 2977 est,
3483 2910 3572 2964 ubi

1992 3016 2075 3063 est
2096 3007 2255 3063 etiam
2283 3008 2369 3061 illa
2398 3007 2677 3078 sapientia,
2706 3022 2823 3075 quae
2848 3021 2950 3059 non
2973 3001 3337 3073 participando
3362 3002 3574 3071 sapiens

1991 3108 2092 3165 est,
2125 3100 2219 3155 sed
2248 3100 2399 3170 cujus
2424 3100 2826 3169 participatione
2865 3098 3077 3167 sapiens
3115 3105 3197 3151 est
3222 3095 3396 3149 anima
3423 3108 3571 3165 qua:-

1991 3208 2219 3264 cumque
2245 3194 2458 3264 sapiens
2481 3201 2581 3247 est.
2609 3191 2939 3261 Quapropter
2958 3189 3116 3244 etiam
3140 3186 3429 3241 similitudo
3454 3185 3568 3251 Dei,

1993 3300 2087 3354 per
2122 3299 2279 3354 quam
2319 3282 2455 3338 facta
2493 3291 2615 3338 sunt
2640 3282 2815 3336 omnia
2840 3322 2855 3346 ,
2902 3280 3111 3351 proprie
3151 3280 3345 3335 dicitur
3389 3276 3573 3332 simili-

1994 3376 2149 3441 tudo;
2195 3375 2315 3445 quia
2359 3389 2465 3428 non
2506 3372 2911 3443 participatione
2954 3371 3175 3440 alicujus
3214 3368 3571 3423 similitudinis

1991 3469 2181 3522 similis
2205 3476 2288 3522 est
2308 3510 2323 3534 ,
2363 3467 2456 3521 sed
2488 3467 2600 3535 ipsa
2630 3475 2711 3520 est
2738 3467 2902 3535 prima
2934 3462 3243 3527 similitudo,
3272 3461 3422 3529 cujus
3449 3475 3571 3530 par-

1995 3564 2299 3632 ticipatione
2324 3561 2515 3617 similia
2546 3568 2699 3625 sunt,
2741 3573 3087 3629 quaecumque
3128 3572 3221 3627 per
3259 3556 3399 3611 illam
3447 3555 3572 3609 fecit

1993 3658 2152 3711 Deus.
3276 3642 3281 3647 ’

2062 3748 2150 3802 58.
2184 3745 2460 3815 Expositio
2485 3759 2613 3814 ergo
2655 3742 2877 3797 fortasse
2917 3749 3029 3804 est,
3058 3738 3198 3809 quod
3226 3738 3458 3791 additum
3490 3746 3572 3790 est

1992 3838 2059 3890 ad
2088 3835 2466 3891 similitudinem
2486 3876 2500 3901 ,
2544 3848 2665 3887 cum
2701 3833 2809 3901 jam
2840 3832 3035 3885 dictum
3065 3838 3244 3895 esset,
3278 3828 3349 3880 ad
3384 3827 3570 3895 imagis

1992 3944 2140 3992 nem;
2170 3934 2229 3979 ut
2264 3923 2635 3979 ostenderetur
2658 3937 2773 3977 eam
2803 3937 2919 3991 qua:
2960 3921 3131 3990 imago
3157 3918 3294 3973 dicta
3319 3925 3433 3980 est,
3464 3930 3571 3969 non

1992 4020 2063 4074 ita
2085 4019 2311 4073 similem
2338 4032 2457 4072 esse
2483 4017 2611 4082 Deo,
2642 4014 2789 4085 quasi
2818 4013 3038 4082 alicujus
3064 4010 3423 4066 similitudinis
3450 4022 3572 4077 par-

1993 4110 2316 4180 ticipantem,
2345 4106 2441 4162 sed
2471 4107 2606 4161 hanc
2626 4107 2793 4175 ipsam
2818 4119 2935 4159 esse
2965 4101 3391 4165 similitudinem,
3421 4099 3571 4167 cujus

1993 4201 2370 4269 participarcnt
2402 4198 2582 4252 omnia
2615 4212 2732 4267 quin
2756 4196 3005 4250 dicuntur
3028 4208 3147 4248 esse
3186 4192 3397 4246 similia.
3421 4190 3572 4244 Sicut

1994 4293 2104 4361 ipsa
2132 4300 2214 4345 est
2251 4299 2303 4344 et
2341 4290 2591 4355 castitas,
2636 4288 2788 4357 cujus
2817 4285 3218 4356 participatione
3263 4291 3422 4335 castae
3448 4288 3574 4334 sunt

1992 4385 2216 4448 animae;
2265 4392 2320 4437 et
2354 4382 2611 4451 sapientia
2634 4423 2647 4446 ,
2680 4379 2828 4448 cujus
2874 4376 3271 4447 participatione
3300 4374 3571 4442 sapientes

1994 4485 2118 4530 sunt
2143 4475 2364 4537 animae;
2394 4483 2449 4527 et
2478 4471 2836 4542 pulchritudo,
2858 4469 3005 4537 cujus
3028 4464 3427 4537 participatione
3452 4464 3572 4533 pul—

1992 4570 2119 4622 chra
2144 4576 2269 4621 sunt
2315 4579 2660 4634 quaecumque
2689 4561 2907 4632 pulchra
2935 4568 3075 4614 sunt.
3104 4558 3161 4614 Si
3186 4558 3327 4612 enim
3367 4566 3572 4611 tantum

1990 4656 2387 4713 similitudinem
2433 4654 2663 4719 diceret,
2708 4668 2813 4707 non
2842 4652 3162 4721 signiﬁcaret
3190 4649 3256 4704 ab
3296 4649 3410 4719 ipso
3449 4662 3571 4703 esse

1990 4750 2261 4820 genitam:
2289 4748 2332 4803 si
2374 4757 2549 4802 autem
2596 4744 2962 4799 tantummodo
3004 4743 3285 4812 imaginem
3329 4740 3570 4806 diceret,

1992 4841 2311 4911 signiﬁcaret
2341 4839 2408 4893 ab
2433 4840 2547 4909 ipso
2577 4838 2787 4907 quidem
2828 4836 3081 4907 genitam,
3112 4834 3203 4888 sed
3235 4849 3338 4887 non
3367 4830 3570 4902 signiﬁ-

1991 4940 2139 4987 caret
2167 4932 2235 4986 ita
2264 4926 2513 4995 similem,
2545 4938 2601 4982 ut
2629 4944 2731 4982 non
2764 4936 2967 4981 tantum
2993 4927 3211 4990 similis,
3242 4924 3335 4978 sed
3365 4924 3475 4991 ipsa
3501 4924 3574 4975 si-

1992 5023 2233 5080 militudo
2258 5031 2420 5078 esset.
2456 5022 2521 5076 Ut
2551 5031 2726 5075 autem
2754 5020 2886 5073 nihil
2925 5020 3122 5073 castius
3153 5020 3262 5086 ipsa
3291 5013 3535 5069 castitate
3554 5053 3571 5079 ,

1991 5124 2045 5171 et
2072 5115 2205 5170 nihil
2249 5114 2543 5183 sapientius
2583 5113 2695 5180 ipsa
2724 5112 2983 5182 sapientia
3005 5152 3019 5174 ,
3063 5119 3117 5164 et
3142 5109 3268 5162 nihil
3301 5106 3574 5175 pulchrius

1992 5210 2103 5278 ipsa
2134 5206 2562 5277 pulchritudine;
2592 5205 2662 5258 ita
2686 5204 2817 5258 nihil
2846 5203 3069 5257 similius
3096 5202 3207 5269 ipsa
3230 5197 3575 5253 similitudine

1990 5298 2114 5362 diei,
2143 5308 2235 5351 aut
2258 5296 2500 5365 cogitari,
2536 5309 2625 5348 aut
2650 5308 2769 5348 esse
2790 5292 3009 5346 omnino
3032 5298 3220 5360 potest.
3255 5287 3406 5343 Unde
3426 5286 3575 5341 intel-

1991 5391 2170 5461 ligitur
2191 5386 2263 5443 ita
2290 5388 2432 5442 Patri
2463 5402 2582 5441 esse
2620 5386 2848 5440 similem
2890 5380 3285 5450 similitudinem
3316 5394 3487 5443 suam,
3519 5387 3576 5434 ut

1993 5481 2111 5550 ejus
2136 5489 2377 5533 naturam
2410 5477 2719 5548 plenissime
2749 5474 3233 5545 pcrfectissimcque
3267 5471 3500 5540 impleat.

2064 5570 2153 5626 59.
2186 5570 2452 5637 Quantum
2479 5577 2655 5623 autem
2677 5567 2741 5622 ad
2770 5567 2997 5636 speciem
3021 5564 3179 5618 rebus
3199 5561 3574 5632 imponendam

1995 5664 2166 5716 valeat
2207 5662 2302 5716 Dei
2347 5659 2659 5725 similitudo,
2705 5674 2800 5727 per
2830 5670 2986 5726 quam
3032 5654 3166 5708 facta
3213 5661 3335 5707 sunt
3361 5652 3570 5717 omnia,

1995 5768 2297 5825 quanquam
2342 5752 2599 5809 humanas
2639 5749 2982 5819 cogitationes
3025 5747 3284 5803 altissime
3320 5753 3573 5816 superet,
