4056 6448
489 312 596 369 2ιὸ

490 427 609 483 licet
658 434 834 483 tamen
885 434 1170 498 utcumque
1219 426 1489 490 arbitrari;
1550 425 1597 479 si
1657 422 2057 479 consideremus

486 533 699 574 omnem
728 528 990 586 naturam,
1016 520 1128 575 sive
1151 534 1270 590 qua:
1299 516 1670 582 sentientibus,
1697 515 1811 571 sive
1837 529 1953 583 quae
1972 528 2060 567 ra-

488 612 861 668 tiocinantibus
887 610 1137 677 occurrit,
1160 611 1419 666 similibus
1445 610 1582 665 inter
1600 622 1658 662 se
1684 606 1921 677 partibus
1946 620 2061 661 ser-

496 720 615 763 vare
639 708 857 765 unitatis
882 709 903 742 ί
930 707 1181 779 efﬁgiem.
1208 706 1336 761 Nam
1365 720 1426 759 ex
1448 702 1704 771 sapientia
1736 701 1829 757 Dei
1851 700 2062 771 sapien-

490 806 570 851 tes
597 809 855 855 vocantur
872 800 1062 854 animte
1084 796 1392 862 rationales,
1416 804 1469 850 et
1495 794 1716 849 ulterius
1740 793 1839 847 hoc
1866 807 2059 847 nomen

488 906 593 945 non
620 891 904 961 porrigitur
928 907 942 945 :
975 905 1096 946 nam
1120 904 1293 958 neque
1313 887 1417 940 ulla
1446 900 1652 954 pecora,
1685 892 1740 938 et
1766 882 1931 937 multo
1958 882 2060 935 mi-

482 996 578 1034 nus
608 981 862 1048 arbores,
898 990 988 1035 aut
1017 981 1219 1050 ignem,
1252 978 1337 1033 vel
1367 993 1578 1042 aerem,
1610 976 1692 1031 vel
1721 989 1943 1045 aquam,
1972 973 2057 1028 vel

482 1078 677 1125 terram
717 1072 1005 1140 sapientem
1052 1084 1330 1139 possumus
1368 1068 1581 1131 dicere,
1622 1081 1921 1137 quanquam
1964 1079 2059 1134 per

480 1161 647 1229 ipsam
697 1160 786 1214 Dei
813 1160 1121 1229 sapientiam
1160 1160 1265 1213 sint
1292 1158 1449 1213 etiam
1476 1157 1648 1211 omnia
1680 1156 1863 1210 haecin
1887 1170 2055 1224 quan-

481 1256 591 1303 tum
616 1258 757 1303 sunt.
788 1252 855 1303 At
884 1264 1008 1303 vero
1027 1249 1226 1303 similes
1255 1251 1392 1304 inter
1415 1263 1475 1304 se
1500 1258 1553 1303 et
1577 1247 1774 1317 lapides
1803 1246 2053 1313 dicimus,

479 1349 531 1393 et
561 1340 828 1406 animalia,
856 1348 907 1393 ct
940 1340 1199 1405 homines,
1227 1351 1280 1395 et
1305 1340 1555 1409 Angelos.
1582 1340 1700 1395 Jam
1722 1353 1848 1394 vero
1874 1338 1925 1393 in
1948 1339 2058 1393 siu-

475 1432 612 1500 gulis
640 1431 819 1497 rebus,
863 1439 918 1485 et
947 1439 1139 1486 terram
1161 1472 1179 1498 ,
1208 1447 1273 1487 eo
1301 1432 1440 1503 quod
1467 1433 1668 1487 similes
1696 1432 1835 1487 inter
1871 1446 1930 1485 se
1957 1430 2053 1485 ha-

476 1522 598 1575 beat
623 1529 799 1589 partes
823 1536 967 1589 snas,
1000 1521 1114 1576 lieri
1142 1532 1201 1578 ut
1226 1532 1363 1577 terra
1390 1523 1493 1587 sit;
1524 1530 1581 1577 et
1600 1537 1790 1591 aquam
1821 1522 2054 1592 qualibet

472 1627 682 1683 quoque
709 1621 855 1683 parte
875 1614 1103 1669 similem
1129 1630 1247 1669 esse
1272 1615 1477 1669 carioris
1500 1614 1755 1684 partibus,
1777 1627 1877 1669 nec
1901 1613 2054 1667 aliter

472 1718 662 1772 aquam
688 1718 806 1758 esse
831 1706 1093 1774 potuisse;
1120 1712 1173 1760 et
1198 1705 1582 1775 quantumlibet
1598 1705 1759 1771 aeris,
1783 1704 1826 1758 si
1857 1711 2052 1760 caetero

470 1804 615 1849 esset
638 1795 922 1864 dissimile,
953 1797 1097 1851 nullo
1124 1808 1274 1866 pacto
1315 1812 1493 1851 aerem
1531 1810 1650 1852 esse
1691 1796 1961 1866 potuisse;
1994 1805 2050 1851 et

474 1886 606 1955 ignis
632 1886 831 1942 lneisve
871 1889 1215 1957 particulam,
1262 1904 1326 1942 eo
1355 1888 1494 1959 quod
1524 1904 1628 1944 non
1671 1889 1738 1944 sit
1776 1889 2051 1947 dissimilis

472 1977 688 2048 reliquis
716 1980 981 2049 partibus,
1016 1980 1129 2035 ﬁeri
1155 1990 1209 2035 ut
1249 1982 1317 2036 sit
1343 1980 1482 2051 quod
1521 1991 1603 2036 est
1626 1983 1647 2013 ⁸
1674 1999 1688 2035 :
1721 1982 1792 2037 ita
1819 1981 1887 2037 de
1917 1997 2050 2036 uno-

470 2083 681 2139 quoque
725 2071 952 2140 lapidum
997 2073 1073 2125 vel
1105 2073 1351 2127 arborum
1392 2071 1475 2126 vel
1518 2086 1743 2142 corpore
1770 2072 2050 2143 cujuslibet

469 2159 752 2214 animantis
772 2159 1004 2216 discerni
1031 2170 1080 2217 et
1112 2161 1329 2231 intelligi
1354 2171 1545 2231 potest,
1571 2162 1713 2233 quod
1741 2178 1844 2218 non
1872 2164 2046 2220 solum

471 2264 590 2304 cum
621 2250 739 2305 aliis
758 2251 839 2307 sui
858 2255 1067 2324 generis
1090 2256 1268 2320 rebus,
1296 2254 1388 2310 sed
1417 2254 1467 2310 in
1489 2254 1680 2325 seipsis
1702 2257 1922 2327 singulis
1941 2272 2047 2312 non

468 2351 673 2405 essent,
704 2342 804 2396 nisi
832 2352 1010 2412 partes
1039 2344 1177 2399 inter
1199 2360 1256 2400 se
1286 2346 1484 2401 similes
1511 2346 1785 2402 haberent.
1813 2348 1881 2403 Et
1903 2357 2047 2403 tanto

463 2443 548 2487 est
590 2435 861 2505 pulchrius
903 2452 1127 2507 corpus,
1173 2448 1369 2509 quanto
1418 2440 1760 2495 similioribus
1798 2441 1938 2497 inter
1987 2458 2048 2498 se

470 2524 705 2591 partibus
731 2527 840 2580 suis
868 2537 1094 2583 constat.
1122 2528 1237 2583 Jam
1268 2544 1424 2599 porro
1460 2531 1775 2597 animarum,
1818 2548 1921 2586 non
1954 2546 2044 2587 so—

468 2613 574 2667 lum
605 2615 827 2669 aliarmn
869 2632 987 2671 cum
1018 2618 1135 2673 aliis
1180 2621 1409 2674 amicitia
1453 2622 1715 2677 similibus
1743 2623 1764 2654 ⁸
1809 2624 2046 2680 moribus

466 2706 655 2770 conlit;
687 2706 778 2759 sed
804 2708 961 2762 etiam
989 2709 1040 2762 in
1063 2725 1374 2781 unaquaque
1396 2712 1569 2767 anima
1589 2714 1791 2769 similes
1812 2717 2046 2769 actiones

466 2803 624 2865 atque
649 2797 891 2863 virtutes,
916 2800 1031 2854 sine
1051 2801 1241 2870 quibus
1264 2805 1556 2857 constantia
1578 2819 1696 2860 esse
1717 2821 1819 2861 non
1850 2814 2042 2875 potest,

467 2884 675 2941 beatam
699 2888 860 2942 vitam
893 2889 1146 2944 indicant.
1176 2891 1380 2947 Similia
1408 2908 1533 2947 vero
1556 2895 1731 2947 omnia
1765 2894 1895 2959 lure,
1938 2911 2043 2950 non

464 2986 640 3033 autem
689 2980 856 3048 ipsam
903 2981 1297 3036 similitudinem
1342 2998 1621 3051 possumus
1661 2985 1860 3041 dicere.
1905 2987 2048 3052 Qua-

467 3080 700 3139 propter,
725 3072 769 3125 si
791 3072 948 3127 rebus
970 3074 1105 3128 inter
1124 3091 1181 3129 se
1202 3074 1463 3130 similibus
1484 3077 1796 3137 universitas
1816 3089 2041 3146 constat,

466 3168 523 3214 ut
550 3161 770 3233 singula:
798 3163 907 3217 sint
941 3164 1195 3234 quidquid
1236 3174 1389 3233 sunt,
1418 3176 1474 3221 et
1501 3182 1688 3221 omnes
1727 3169 1894 3237 ipsam
1923 3170 2043 3223 uni-

463 3254 768 3308 versitatem
797 3255 1127 3324 compleant,
1157 3272 1313 3327 quam
1345 3258 1485 3313 Deus
1519 3268 1573 3312 et
1596 3260 1832 3315 condidit
1870 3270 1923 3316 et
1948 3277 2045 3331 gn-

468 3344 682 3408 bernat;
710 3360 806 3415 per
840 3346 1235 3403 similitudinem
1259 3348 1372 3419 ejus
1398 3349 1651 3419 profecto,
1684 3352 1774 3421 qui
1810 3352 2047 3407 condidit

463 3436 661 3502 omnia,
691 3439 1175 3507 superetninentem
1202 3449 1360 3511 atque
1386 3441 1865 3498 incommutabilem
1892 3454 1946 3497 et
1972 3445 2044 3498 in-

464 3528 927 3584 contaminabilem
950 3528 970 3560 ⁸⁵
999 3530 1122 3584 talia
1154 3531 1285 3586 facta
1326 3540 1475 3597 sunt,
1522 3544 1578 3589 ut
1618 3535 1878 3590 similibus
1908 3535 2045 3591 inter

466 3634 525 3673 se
548 3621 786 3691 partibus
814 3621 1027 3690 pulchra
1061 3624 1200 3691 sint,
1242 3623 1307 3679 ad
1343 3626 1508 3694 ipsam
1543 3636 1714 3681 tamen
1740 3626 2043 3682 similitudi-

468 3724 585 3763 nem
610 3712 783 3765 omnia
817 3726 921 3766 non
961 3713 1095 3767 facta
1119 3714 1252 3779 sint,
1281 3715 1372 3769 sed
1403 3716 1511 3769 sola
1551 3716 1842 3773 substantia
1880 3719 2045 3771 ratio—

466 3800 598 3854 nalis
623 3818 637 3855 :
668 3816 831 3871 quare
852 3804 1026 3856 omnia
1057 3819 1149 3873 per
1178 3805 1366 3874 ipsam,
1402 3805 1494 3860 sed
1523 3806 1587 3860 ad
1618 3807 1782 3877 ipsam
1814 3823 1917 3862 non
1943 3808 2045 3863 nisi

463 3894 638 3947 anima
666 3892 707 3944 ⁸.

535 3982 625 4041 60.
655 3982 946 4039 Ratinnalis
975 3984 1148 4054 itaque
1186 3985 1478 4040 substantia
1503 3995 1556 4042 et
1584 4002 1678 4057 per
1715 3988 1880 4058 ipsam
1910 3988 2042 4044 facta

464 4085 563 4140 est,
605 4085 658 4131 et
685 4077 752 4132 ad
784 4077 949 4148 ipsam
976 4095 989 4132 :
1032 4092 1139 4133 non
1160 4079 1302 4133 enim
1344 4079 1549 4135 estulla
1579 4090 1765 4135 natura
1810 4081 2044 4150 interpo-

461 4166 581 4219 sita.
611 4165 1046 4237 Quandoquidem
1074 4182 1224 4223 mens
1248 4168 1477 4225 humana
1510 4168 1672 4242 (quod
1713 4190 1815 4229 non
1847 4176 2040 4241 sentit,

465 4257 564 4311 nisi
606 4273 727 4312 cum
768 4258 1049 4327 purissima
1090 4267 1146 4315 et
1165 4259 1469 4315 beatissima
1513 4260 1615 4333 est)
1642 4264 1768 4319 nulli
1808 4264 2044 4320 colueret

462 4347 561 4403 nisi
593 4348 691 4418 ipsi
733 4350 975 4416 veritati,
1018 4366 1138 4421 qua:
1169 4352 1456 4408 similitudo
1493 4364 1546 4409 et
1585 4355 1757 4427 imago
1788 4357 1956 4412 Patris
1990 4367 2045 4413 et

461 4439 717 4509 sapientia
743 4439 953 4495 dicitur.
985 4441 1151 4498 Recte
1174 4442 1334 4513 igitur
1355 4447 1641 4501 secundum
1671 4447 1769 4501 hoc
1793 4449 1932 4517 quod
1955 4450 2041 4505 in-

462 4531 629 4588 terius
648 4542 700 4587 et
721 4533 1008 4604 principale
1029 4534 1257 4590 hominis
1277 4547 1378 4603 est,
1404 4537 1455 4592 id
1477 4547 1558 4593 est
1581 4540 1870 4595 secundum
1894 4558 2042 4597 men-

461 4631 591 4687 tem,
622 4624 896 4693 accipitur,
932 4624 1205 4682 Faciamus
1235 4629 1485 4683 hominem
1505 4631 1573 4684 ad
1601 4632 1868 4703 imaginem
1897 4644 1943 4688 et
1972 4636 2044 4689 si-

461 4713 796 4771 militudinem
822 4728 1063 4771 nostram.
1110 4719 1187 4773 Ex
1234 4719 1324 4774 illo
1362 4722 1503 4775 enim
1550 4724 1689 4792 quod
1734 4725 1784 4779 in
1828 4725 2041 4783 homine

462 4804 812 4875 principatum
843 4817 1014 4875 tenet,
1060 4809 1200 4878 quod
1230 4826 1351 4864 eum
1378 4811 1629 4883 disjnngit
1655 4830 1683 4866 a
1711 4814 1920 4884 belluis,
1955 4827 2041 4874 to-

462 4905 545 4951 tus
569 4905 652 4952 est
671 4897 832 4953 homo
857 4900 1221 4957 aestimandus.
1244 4902 1443 4981 Cmtera
1476 4905 1529 4958 in
1557 4915 1623 4958 eo
1655 4922 1955 4978 quanquam
1985 4911 2039 4965 in

458 5002 556 5042 suo
579 5004 775 5058 genere
802 4990 1017 5060 pulchra
1048 4991 1186 5058 sint,
1217 5000 1392 5047 tamen
1420 5008 1541 5048 cum
1582 4998 1862 5065 pecoribus
1887 5013 2038 5053 com—

459 5082 636 5135 munia
658 5092 803 5147 sunt,
826 5098 889 5138 ac
909 5099 1003 5152 per
1024 5083 1196 5139 hocin
1219 5085 1431 5141 homine
1455 5089 1904 5158 parvipendenda.
1927 5091 2040 5148 Nisi

458 5170 593 5225 forte
617 5171 759 5242 quod
786 5172 852 5226 ad
897 5174 1207 5228 intuendum
1248 5176 1440 5231 carlum
1473 5176 1634 5248 ﬁgura
1665 5178 1877 5234 humani
1916 5197 2038 5237 cor-

460 5264 603 5333 poris
630 5274 807 5319 erecta
835 5275 945 5329 est,
974 5267 1113 5321 valet
1134 5267 1331 5337 aliquid
1361 5269 1517 5337 etiam
1550 5278 1607 5324 ut
1644 5285 1837 5340 corpus
1868 5273 2037 5343 ipsum

522 5425 538 5455 ι
568 5429 651 5473 Ms.
674 5425 844 5483 \'atic.,
868 5426 1203 5479 universitatis.

520 5487 538 5515 ¹
564 5485 698 5543 mni,
723 5486 851 5547 quod
872 5500 965 5537 non
986 5497 1072 5539 est.
1106 5492 1251 5539 Abest
1286 5502 1377 5539 non
1399 5504 1425 5539 a
1446 5498 1527 5541 Ms.
1556 5496 1701 5544 \‘atic.

526 5550 542 5577 ³
567 5553 645 5611 .‘tts.
675 5550 840 5608 \‘atic.,
872 5562 981 5611 qua:
1000 5549 1247 5602 similibus.

520 5610 538 5637 δ
564 5610 636 5673 sic
652 5616 729 5657 iis.
764 5610 909 5660 \‘atie.
930 5621 985 5662 Αι
1008 5615 1175 5662 excusi
1194 5612 1406 5673 habent:
1431 5623 1531 5673 (ma
1553 5616 1764 5667 condidit
1782 5619 1939 5668 omnia
1954 5633 2038 5669 sn-

462 5680 525 5736 υινί
543 5667 821 5736 eminenter,
843 5678 983 5736 atque
1003 5667 1463 5734 incommutabiliter‘,
1476 5682 1521 5725 ct
1542 5667 2035 5735 utcontaminabiliter.

512 5734 531 5762 θ
566 5739 643 5781 res.
666 5733 830 5796 vatim,
857 5733 942 5785 sed
964 5736 1028 5786 ad
1048 5736 1201 5800 ipsam
1222 5748 1314 5787 non
1333 5735 1509 5788 omnia.

1252 312 1338 368 DE
1376 309 1639 374 GENESI,
1678 307 1735 363 S.
1776 298 2145 360 AUGUSTlNl
2181 300 2385 359 LIBER
2423 304 2920 365 IMPERFECTUS.

3628 312 3735 369 ΞΗ

2164 416 2231 473 ad
2256 418 2651 477 similitudinem
2680 423 2771 478 Dei
2794 423 2987 477 factum
3011 422 3292 488 credatur;
3323 433 3379 481 ut
3399 428 3741 497 quemadmo-

2164 509 2288 564 dum
2318 527 2346 564 a
2374 512 2530 569 Patre
2571 514 2656 569 illa
2682 514 2970 571 similitudo
2995 531 3104 571 non
3127 519 3401 586 avertitur,
3444 519 3515 575 ita
3538 535 3738 592 corpus

2164 598 2453 657 humanum
2477 618 2508 658 a
2535 605 2673 660 cmlo
2699 619 2803 660 non
2825 605 2893 660 sit
2921 621 3187 674 aversum,
3206 606 3341 665 sicut
3366 609 3591 667 aliorum
3616 627 3743 668 eor-

2164 707 2292 763 pora
2330 696 2638 752 animalium
2681 712 2867 755 aversa
2894 708 3037 767 sunt,
3081 702 3201 771 quia
3250 718 3415 773 prona
3460 705 3513 759 in
3560 707 3742 764 alvum

2165 794 2589 854 prosternuntur.
2616 787 2723 843 Sed
2753 797 2926 845 tamen
2967 790 3069 846 hoc
3093 806 3201 846 non
3229 793 3373 848 omni
3409 794 3569 851 modo
3591 797 3743 853 acci—

2164 875 2411 943 piendum
2431 886 2549 933 est:
2580 893 2701 933 nam
2730 894 2925 952 corpus
2953 890 3193 937 nostrum
3222 899 3251 938 a
3276 884 3415 940 caelo
3451 886 3738 956 plurimum

2162 965 2367 1034 differt;
2396 969 2450 1023 in
2477 969 2564 1028 illa
2586 986 2713 1027 vero
2739 972 3084 1029 similitudine
3104 1015 3120 1042 ,
3153 990 3270 1045 quae
3297 974 3463 1031 Filius
3487 988 3569 1033 est
3586 1020 3605 1045 ,
3633 996 3744 1036 non

2162 1066 2337 1127 potest
2381 1060 2667 1131 quidquam
2708 1076 2828 1118 esse
2869 1062 3128 1119 dissimile
3173 1065 3249 1120 illi
3291 1066 3374 1120 cui
3420 1066 3608 1123 similis
3634 1080 3741 1125 est.

2160 1146 2419 1214 Quoniam
2443 1152 2632 1206 similia
2661 1168 3007 1225 quaecumque
3034 1155 3136 1209 alia
3166 1164 3307 1221 sunt,
3335 1156 3473 1212 inter
3492 1173 3551 1213 se
3572 1159 3735 1213 etiam

2158 1239 2430 1295 dissimilia
2471 1257 2539 1297 ex
2567 1243 2739 1312 aliqua
2768 1253 2916 1314 parte
2958 1253 3081 1300 sunt
3108 1263 3120 1298 :
3153 1246 3267 1315 ipsa
3298 1262 3423 1302 vero
3448 1248 3743 1303 similitudo

2158 1346 2265 1386 non
2304 1340 2385 1386 est
2411 1334 2584 1402 aliqua
2609 1350 2676 1389 ex
2715 1346 2864 1405 parte
2891 1336 3181 1393 dissimilis.
3213 1338 3370 1394 Pater
3395 1348 3572 1395 tamen
3637 1340 3741 1396 Pa-

2158 1430 2237 1476 ter
2260 1430 2358 1487 est,
2390 1438 2488 1478 nec
2516 1423 2680 1479 Filius
2704 1426 2844 1481 aliud
2870 1434 3126 1497 estquam
3153 1428 3316 1483 Filius
3341 1446 3353 1482 :
3383 1431 3504 1499 quia
3529 1439 3583 1485 et
3607 1447 3731 1486 cum

2156 1510 2350 1566 dicitur
2373 1513 2663 1569 similitudo
2688 1514 2891 1580 Patris,
2922 1532 3221 1588 quanquam
3260 1518 3506 1573 ostendat
3542 1520 3739 1575 nullam

2156 1602 2480 1658 intervenire
2521 1604 3041 1673 dissimilitudinem,
3086 1622 3197 1665 non
3246 1616 3421 1663 tamen
3466 1608 3610 1664 solus
3656 1619 3740 1667 est

2154 1693 2331 1761 Pater,
2362 1697 2405 1749 si
2433 1695 2593 1751 habet
2617 1698 2632 1728 ¹
2665 1698 3063 1753 similitudinem
3097 1697 3195 1769 (a).

2225 1786 2313 1840 (il.
2341 1786 2409 1843 Et
2437 1787 2565 1841 dixit
2600 1786 2758 1856 Deus,
2789 1788 3061 1843 Faciamus
3087 1790 3338 1844 hominem
3376 1792 3443 1845 ad
3468 1792 3737 1863 imaginem

2153 1884 2199 1929 et
2236 1876 2616 1932 similitudinem
2646 1888 2889 1932 nostram.
2934 1878 3077 1934 Satis
3103 1878 3314 1949 quidem
3350 1890 3466 1951 qua:
3492 1883 3737 1952 superius

2152 1969 2291 2025 dicta
2329 1980 2483 2037 sunt,
2514 1971 2805 2027 secundum
2851 1971 2905 2028 id
2947 1982 3219 2043 exponunt
3246 1972 3360 2029 haec
3398 1974 3557 2029 verba
3589 1975 3737 2030 Scri—

2152 2071 2342 2133 pturre,
2372 2062 2424 2117 in
2450 2062 2642 2133 quibus
2662 2063 2885 2134 legimus
2908 2062 3106 2118 dixisse
3130 2064 3317 2132 Deum,
3346 2063 3619 2119 Faciamus
3645 2064 3738 2118 ho-

2149 2152 2335 2206 minem
2358 2153 2425 2206 ad
2449 2154 2718 2225 imaginem
2746 2163 2794 2207 et
2825 2154 3206 2209 similitudinem
3232 2165 3475 2219 nostram,
3506 2164 3564 2211 ut
3586 2156 3736 2210 8ἰωί-

2150 2243 2317 2299 litudo
2341 2245 2435 2300 Dei
2459 2245 2527 2300 ad
2555 2260 2712 2317 quam
2742 2244 2912 2301 factus
2951 2254 3034 2302 est
3073 2246 3253 2312 homo,
3282 2246 3455 2318 ipsum
3482 2247 3575 2302 Dei
3605 2246 3737 2303 Ἶρι-ο

2149 2334 2306 2404 bum,
2348 2336 2451 2392 hoc
2495 2345 2576 2392 est
2623 2336 2924 2407 unigenitus
2966 2336 3133 2392 Filius
3176 2337 3342 2407 accipi
3387 2338 3596 2408 possit:
3628 2353 3735 2393 non

2151 2427 2331 2497 utique
2360 2435 2418 2481 ut
2447 2426 2560 2496 ipse
2586 2426 2656 2482 sit
2682 2427 2868 2482 eadem
2899 2427 3073 2499 imago
3098 2436 3152 2483 et
3180 2428 3472 2483 similitudo
3516 2429 3737 2500 mqualis

2152 2515 2312 2571 Patri.
2360 2518 2457 2572 Est
2484 2526 2661 2573 tamen
2691 2526 2747 2574 et
2790 2518 2952 2573 homo
2981 2520 3155 2591 imago
3196 2520 3323 2587 Dei,
3353 2520 3488 2575 sicut
3511 2520 3738 2590 apertis-

2149 2606 2283 2663 sime
2318 2608 2548 2662 ostendit
2576 2609 2861 2678 Apostolus
2888 2609 3109 2664 dicens:
3146 2609 3236 2664 Vir
3272 2610 3474 2681 quidem
3499 2628 3600 2665 non
3638 2611 3733 2664 de-

2148 2698 2226 2753 bet
2246 2700 2408 2754 velare
2424 2708 2591 2771 caput,
2610 2716 2721 2753 cum
2740 2700 2805 2755 sit
2822 2701 2987 2772 imago
3004 2710 3048 2755 et
3068 2702 3231 2772 gloria
3251 2702 3344 2755 Dei
3357 2701 3399 2773 (Ι
3416 2703 3532 2761 Cor.
3554 2719 3630 2768 χι,
3651 2704 3727 2776 7).

2149 2791 2254 2848 Sed
2286 2792 2397 2847 haec
2421 2792 2595 2864 imago
2619 2792 2685 2847 ad
2710 2793 2991 2864 imaginem
3022 2794 3115 2848 Dei
3140 2796 3295 2861 facta,
3326 2810 3430 2850 non
3456 2805 3537 2851 est
3562 2812 3735 2867 :eqna-

2150 2885 2215 2939 lis
2244 2894 2298 2939 et
2316 2894 2579 2939 coaeterna
2607 2885 2682 2939 illi
2703 2885 2854 2955 cujus
2880 2887 3054 2957 imago
3074 2894 3192 2953 est;
3220 2902 3318 2943 nec
3337 2897 3497 2953 esset,
3527 2889 3735 2944 etiamsi

2148 2991 2415 3046 nunquam
2446 2976 2663 3030 omnino
2687 2985 2976 3045 peccasset.
3001 2977 3093 3031 llle
3121 2985 3298 3033 autem
3320 2993 3509 3033 sensus
3538 2988 3619 3034 est
3639 2994 3736 3050 po-

2151 3065 2254 3120 tius
2301 3066 2355 3121 in
2404 3067 2486 3120 his
2539 3067 2732 3122 divinis
2777 3069 2952 3123 verbis
2998 3068 3306 3139 eligendus,
3358 3079 3417 3125 ut
3462 3070 3582 3125 ideo
3626 3087 3733 3127 non

2148 3156 2347 3211 dictum
2378 3157 2731 3229 intelligamus
2764 3159 3120 3229 singulariter,
3166 3161 3259 3216 sed
3294 3162 3587 3231 pluraliter,
3623 3162 3735 3217 Fa-

2148 3251 2340 3306 ciamus
2361 3252 2612 3307 hominem
2631 3253 2700 3307 ad
2723 3255 2993 3326 imaginem
3012 3265 3058 3310 et
3078 3256 3457 3313 similitudinem
3477 3266 3736 3323 nostram;

2148 3340 2269 3411 quia
2296 3358 2401 3396 non
2432 3342 2495 3397 ad
2524 3344 2687 3398 solius
2714 3345 2886 3399 Patris
2905 3387 2920 3411 ,
2949 3355 3042 3400 aut
3070 3346 3234 3401 solius
3260 3347 3411 3413 Filii,
3452 3357 3544 3402 aut
3569 3349 3735 3404 solius

2148 3433 2375 3503 Spiritus
2421 3436 2619 3501 sancti,
2664 3436 2759 3492 sed
2800 3436 2868 3492 ad
2918 3438 3083 3507 ipsius
3130 3437 3406 3496 Trinitatis
3446 3439 3734 3511 imaginem

2149 3525 2319 3581 factus
2360 3535 2445 3583 est
2486 3527 2666 3583 homo.
2710 3528 2839 3595 Quae
2884 3530 3115 3586 Trinitas
3144 3531 3217 3586 ita
3245 3539 3329 3585 est
3370 3530 3631 3595 Trinitas,
3675 3542 3736 3589 ut

2149 3632 2285 3671 unus
2312 3618 2449 3672 Deus
2477 3618 2574 3683 sit;
2603 3619 2672 3673 ita
2694 3628 2778 3674 est
2804 3635 2940 3676 unus
2967 3621 3129 3688 Deus,
3157 3630 3214 3675 ut
3238 3620 3470 3677 Trinitas
3498 3622 3584 3677 sit.
3616 3622 3733 3677 Non

2148 3706 2291 3762 enim
2316 3708 2389 3761 ait
2413 3708 2546 3763 Filio
2573 3708 2816 3779 loquens,
2844 3709 3121 3766 Faciamus
3150 3711 3417 3767 hominem
3447 3711 3513 3765 ad
3541 3713 3736 3782 imagi.

2150 3814 2271 3854 nem
2313 3809 2483 3866 tuam;
2524 3810 2641 3866 aut,
2671 3802 2738 3856 ad
2767 3802 3047 3873 imaginem
3087 3818 3260 3859 meam
3292 3822 3305 3857 :
3336 3804 3428 3859 sed
3462 3805 3737 3875 pluraliter

2148 3890 2241 3956 ait,
2274 3890 2342 3943 ad
2365 3891 2633 3961 imaginem
2654 3901 2699 3945 et
2728 3893 3108 3948 similitudinem
3129 3903 3353 3947 nostram
3379 3910 3396 3948 :
3423 3910 3452 3948 a
3480 3911 3580 3965 qua
3613 3896 3739 3965 plu-

2150 3980 2363 4036 ralitate
2391 3981 2643 4051 Spiritum
2670 3992 2909 4038 sanctum
2940 3998 3190 4055 separare
3214 3984 3333 4054 quis
3352 3984 3575 4039 audeat?
3602 3984 3736 4053 Qum

2148 4073 2441 4143 pluralitas,
2475 4074 2724 4145 quoniam
2752 4091 2860 4131 non
2891 4085 2999 4131 tres
3025 4076 3131 4142 dii,
3164 4076 3255 4133 sed
3287 4093 3423 4133 unus
3449 4086 3529 4132 est
3556 4078 3692 4132 Deus
3712 4119 3731 4143 ,

2147 4163 2269 4219 ideo
2298 4164 2693 4236 intelligendum
2724 4174 2805 4221 est
2829 4177 3012 4239 postea
3040 4166 3366 4237 Scripturam
3398 4168 3737 4239 singulariter

2148 4256 2412 4324 intulisse,
2434 4267 2592 4328 atque
2617 4257 2833 4323 dixisse,
2858 4257 2924 4311 Et
2941 4259 3060 4330 fecit
3079 4258 3215 4313 Deus
3236 4259 3487 4313 hominem
3511 4259 3579 4312 ad
3603 4260 3736 4313 ima-

2147 4352 2315 4422 ginem
2333 4349 2469 4417 Dei;
2500 4360 2555 4405 ut
2580 4366 2684 4404 non
2706 4351 2783 4406 sic
2802 4352 3110 4420 accipiatur,
3136 4360 3386 4421 tanquam
3409 4352 3548 4405 Deus
3575 4352 3735 4406 Pater

2147 4442 2214 4496 ad
2244 4442 2524 4511 imaginem
2550 4440 2663 4506 Dei,
2690 4440 2792 4495 hoc
2812 4450 2893 4497 est
2912 4440 3031 4495 Filii
3052 4441 3132 4495 sui
3158 4460 3171 4495 :
3198 4442 3433 4512 alioquin
3461 4440 3730 4512 quomodo

2148 4548 2336 4588 verum
2368 4541 2470 4597 est,
2498 4532 2638 4604 quod
2669 4533 2867 4589 dictum
2887 4541 2990 4600 est,
3016 4534 3084 4587 ad
3103 4535 3371 4606 imaginem
3395 4546 3616 4588 nostram
3636 4576 3650 4598 ,
3681 4534 3733 4590 si

2146 4624 2213 4679 ad
2244 4623 2362 4678 Filii
2382 4625 2545 4679 solius
2567 4625 2849 4696 imaginem
2881 4624 3047 4680 factus
3075 4635 3157 4681 est
3185 4626 3382 4681 homo?
3409 4628 3487 4682 Ae
3515 4644 3606 4697 per
3627 4627 3732 4684 hoc

2146 4719 2267 4786 quia
2294 4732 2475 4771 verum
2512 4724 2593 4771 est
2616 4716 2758 4786 quod
2787 4718 2860 4771 ait
2888 4718 3046 4785 Deus,
3076 4718 3143 4770 ad
3178 4718 3445 4788 imaginem
3468 4732 3729 4785 nostram;

2144 4812 2215 4865 ita
2242 4810 2439 4866 dictum
2464 4818 2567 4877 est,
2597 4809 2738 4864 Fecit
2759 4808 2900 4865 Deus
2928 4810 3177 4865 hominem
3210 4812 3277 4864 ad
3303 4811 3572 4882 imaginem
3601 4811 3726 4878 Dei,

2147 4910 2394 4971 tanquam
2422 4899 2690 4958 diceretur
2715 4899 2781 4954 ad
2809 4900 3088 4970 imaginem
3119 4914 3267 4955 suam
3286 4940 3304 4968 ,
3335 4901 3476 4971 quod
3506 4911 3587 4956 est
3613 4902 3727 4972 ipsa

2144 4995 2393 5049 Trinitas.

2215 5087 2303 5141 62.
2337 5086 2581 5141 Nonnulli
2626 5096 2801 5141 autem
2839 5095 3024 5157 putant
3063 5086 3182 5141 ideo
3211 5102 3317 5142 non
3347 5090 3623 5157 repetitam
3655 5087 3714 5143 si.

2145 5178 2517 5242 militudinem,
2549 5192 2720 5247 neque
2753 5177 2949 5231 dictmn
2972 5219 2985 5239 ,
3016 5178 3081 5232 Et
3110 5178 3233 5234 fecit
3275 5178 3416 5233 Deus
3456 5179 3726 5235 hominem

2143 5269 2209 5324 ad
2238 5269 2515 5339 imaginem
2540 5278 2594 5323 et
2622 5268 3019 5323 similitudinem
3047 5270 3159 5335 Dei,
3192 5270 3313 5340 quia
3339 5280 3464 5325 tunc
3492 5282 3725 5325 tantum-

2145 5359 2304 5415 modo
2347 5358 2413 5413 ad
2458 5357 2740 5429 imaginem
2777 5357 2947 5413 factus
2987 5368 3095 5425 est;
3128 5360 3417 5414 similitudo
3445 5372 3621 5416 autem
3652 5363 3726 5417 iiii

2145 5541 2225 5652 18³
2249 5539 2494 5651 ἐξα
2512 5537 2667 5589 habet.
2696 5546 2751 5589 At
2771 5546 2853 5590 his.
2878 5542 3008 5590 Vatic
3044 5538 3224 5604 aliique
3247 5542 3297 5590 in
3324 5542 3343 5591 1
3372 5548 3599 5603 tietracL,
3620 5555 3709 5606 cap

2206 5636 2221 5652 .
2246 5617 2266 5648 ε
2324 5615 2337 5650 ι
2451 5637 2462 5649 .

2246 5608 2288 5651 si
2308 5608 2462 5651 habet.

2206 5636 2277 5744 la)
2303 5681 2550 5748 Reliquum
2566 5681 2755 5748 adjecit
2778 5684 3067 5748 angustlnus
3098 5682 3261 5732 multis
3291 5692 3398 5746 post
3432 5686 3595 5748 annis,
3618 5698 3729 5734 mm

2144 5743 2542 5796 Retractationmn
2564 5743 2712 5795 libros
2733 5743 2925 5808 ederet,
2950 5758 3013 5796 ex
3030 5752 3048 5796 ι
3063 5743 3410 5810 κωπέων.
3432 5746 3507 5797 18.
