4056 6446
346 325 447 379 2&5
1066 328 1153 382 DE
1190 327 1435 384 GENESI
1473 328 1565 384 AD
1603 328 1804 400 LlT'L,
1847 332 1909 390 8.
1948 329 2331 393 AUGUSTINI.
2374 330 2574 387 LIBER
2612 332 2879 389 PRIMUS.
3494 341 3611 397 2-56-

348 452 532 509 postea
556 441 865 497 servabatur
889 441 940 495 in
964 443 1347 497 resurrectione
1372 452 1739 501 mortuorum:
1768 446 1917 516 quasi
2024 445 2327 509 videamur,
2380 455 2435 500 et
2478 448 2761 502 auctoritas
2806 448 2987 503 Jacobi
3030 449 3251 518 apostoli
3296 451 3597 512 adhibenda

344 532 516 600 possit
555 546 678 589 esse
718 534 892 603 imago
928 532 1104 602 aliqua
1124 573 1138 597 ,
1171 533 1222 587 in
1250 549 1351 603 qua
1380 534 1666 589 similitudo
1697 552 1799 589 non
1830 535 1916 589 sit.
2026 547 2144 601 est,
2185 538 2274 606 qui
2314 553 2432 592 eum
2461 538 2528 594 de
2557 539 2727 609 lingua
2759 539 2987 595 hominis
3028 541 3351 611 loqueretur,
3384 544 3456 598 ait
3486 562 3497 597 :
3533 544 3599 598 In
3634 572 3647 589 4

340 622 399 675 Si
440 620 587 676 enim
627 623 847 678 omnino
882 622 1074 678 similis
1109 638 1217 678 non
1260 633 1369 689 est,
1412 626 1591 694 procul
1622 624 1781 679 dubio
1821 641 1921 680 nec
2026 627 2140 697 ipsa
2161 628 2491 684 benedicimus
2512 629 2695 697 Deum,
2717 639 2764 685 et
2785 632 2966 700 int'psa
2987 631 3328 687 maledicimus
3348 635 3597 702 homines,

339 712 521 781 imago
547 722 650 767 est.
683 712 1058 769 Verumtamen
1087 724 1146 768 ut
1172 730 1278 770 non
1316 715 1428 769 sola
1453 718 1656 771 ratione
1686 717 1734 770 id
1764 731 1923 787 agere
2025 720 2111 788 qui
2136 720 2203 772 ad
2221 720 2599 774 similitudinem
2619 721 2715 775 Dei
2736 723 2859 794 facti
2882 733 2995 777 sunt
3015 721 3214 790 (Jacobi
3243 740 3319 791 Ill,
3350 723 3426 789 9).

1452 854 2507 1037 Xm‘ﬁé

1506 1066 1574 1121 IN
1610 1067 2141 1135 SUBSEQUENTES
2176 1068 2438 1124 LIBROS.

406 1156 548 1211 Ecce
582 1156 690 1226 jam
714 1162 926 1212 tertiam
947 1157 999 1212 in
1023 1157 1273 1214 Genesim
1294 1199 1308 1221 ,
1338 1158 1421 1214 vel
1447 1170 1685 1230 quartam
1708 1160 2090 1230 expositionem
2115 1161 2414 1232 Augustini.
2448 1160 2581 1216 Huic
2608 1161 2883 1218 tractando
2910 1164 3022 1218 sive
3044 1164 3240 1221 tuendo
3267 1177 3452 1222 contra
3482 1167 3594 1221 Ma-

330 1248 574 1303 iiich'eos
601 1249 756 1315 libro,
778 1250 977 1305 recenti
1006 1250 1179 1305 adhuc
1205 1259 1442 1321 tempore
1469 1252 1832 1307 conversionis
1872 1268 1981 1307 sure
2023 1268 2237 1308 manum
2281 1251 2624 1309 admoverat:
2654 1253 2747 1309 sed
2774 1254 2830 1309 in
2866 1253 3249 1312 difﬁcilioribus
3295 1259 3596 1329 quibusque

326 1342 466 1397 locis
494 1342 835 1413 allegoricum
874 1358 1090 1399 sensum
1129 1343 1421 1413 subjecisse
1456 1354 1771 1411 contentus,
1800 1346 2208 1414 pmtermiserat
2234 1346 2548 1413 litteralem;
2576 1361 2731 1417 quem
2762 1358 2942 1418 postea
2974 1349 3252 1422 presbyter
3277 1354 3594 1421 perscrutari

327 1457 643 1513 aggressus,
665 1460 790 1500 cum
815 1445 957 1500 vires
991 1458 1116 1499 suas
1138 1443 1261 1499 huic
1290 1442 1455 1498 labori
1482 1443 1712 1513 impares
1739 1444 2106 1513 comperisset,
2136 1457 2269 1512 opus
2293 1440 2659 1512 imperfectum
2687 1442 2919 1512 reliquit.
2948 1443 3081 1498 llinc
3110 1445 3209 1499 sub
3245 1460 3440 1500 annum
3466 1460 3595 1515 qua-

1992 812 2156 822 ———_

3211 818 3276 826 ..ι-
3346 820 3515 829 κ-ψ-

395 807 692 817 —————

488 814 692 817 ,_
1800 814 3139 867 _____i§i§iii!§i§i
3211 818 3276 826 ..-
3346 820 3515 829 ,____

325 1534 808 1605 dringentesimutn
845 1534 985 1589 idem
1022 1542 1388 1604 argumentum
1426 1531 1754 1587 tractandum
1795 1534 1994 1604 recepit
2021 1532 2301 1602 episc0pus
2325 1548 2339 1586 :
2364 1531 2511 1602 prius
2534 1532 2744 1601 quidem
2774 1532 3061 1587 secundum
3087 1534 3391 1604 allegoriam
3417 1536 3469 1589 in
3500 1550 3592 1603 po-

324 1626 550 1679 stremis
583 1625 749 1680 tribus
772 1624 1175 1680 Confessionum
1204 1623 1385 1690 libris;
1414 1622 1605 1677 deinde
1631 1637 1757 1678 vero
1783 1622 1849 1679 ad
1875 1623 2103 1679 litteram
2130 1622 2305 1676 hocin
2333 1636 2511 1693 opere,
2544 1620 2716 1692 deque
2735 1637 2795 1677 ea
2816 1638 2875 1678 re
2898 1624 3280 1693 subsequentes
3310 1623 3589 1681 duodecim

325 1714 497 1768 libros
524 1714 772 1770 confecit.
2650 1757 2659 1767 ι

402 1805 458 1859 In
508 1808 575 1861 iis
622 1808 897 1863 historiam
941 1807 1212 1863 Geneseos
1256 1805 1324 1861 ab
1369 1805 1585 1861 exordio
1611 1805 1677 1860 ad
1703 1820 1823 1860 eum
1864 1819 2031 1875 usque
2074 1804 2395 1859 versiculum
2421 1819 2525 1874 quo
2552 1805 2785 1860 Adamus
2809 1804 2875 1861 de
2899 1806 3150 1865 Paradiso
3178 1806 3428 1862 dimissus
3452 1806 3551 1862 fuit
3574 1848 3587 1870 .

321 1912 608 1964 enarrans,
638 1915 741 1954 non
768 1900 1004 1969 prreterit
1030 1899 1197 1954 ullum
1221 1900 1430 1969 apicem
1453 1940 1467 1965 ,
1496 1897 1626 1952 nihil
1653 1897 1792 1968 quod
1820 1914 1925 1953 non
1955 1897 2098 1953 omni
2134 1899 2339 1953 ratione
2367 1906 2542 1952 verset
2567 1898 2897 1969 penitiusque
2922 1900 3164 1965 rimetur,
3189 1899 3288 1953 nisi
3312 1900 3451 1970 quod
3479 1912 3591 1970 my-

325 1989 494 2043 steria
523 1989 806 2059 ﬁgurarum
853 1990 1136 2045 involucris
1162 1990 1369 2044 obiecta
1396 1989 1664 2057 explicare
1690 2004 2023 2060 nequaquam
2051 1990 2229 2043 studet
2256 2006 2269 2042 :
2297 1989 2489 2058 quippe
2512 1989 2601 2058 qui
2627 2004 2766 2043 nunc
2790 2004 2966 2059 operae
2996 1990 3220 2059 pretium
3250 1991 3300 2044 in
3328 2006 3393 2045 eo
3422 1999 3590 2046 totum

325 2089 577 2148 reponat.
607 2081 679 2133 uti
706 2080 1033 2135 demonstret
1058 2080 1186 2135 nihil
1210 2080 1431 2135 Genesis
1460 2079 1679 2134 historia
1703 2080 1994 2147 contineri,
2024 2079 2165 2149 quod
2202 2080 2265 2133 ad
2299 2081 2526 2134 litteram
2557 2095 2738 2135 verum
2779 2094 2900 2135 esse
2936 2097 3039 2135 non
3069 2084 3264 2151 possit,
3292 2083 3423 2136 nihil
3450 2084 3590 2153 quod

326 2171 524 2224 rationi
547 2180 640 2224 aut
671 2179 871 2224 natura:
896 2186 1075 2225 rerum
1098 2170 1442 2237 adversetur;
1470 2184 1534 2224 ac
1560 2170 1604 2225 si
1633 2169 1759 2240 quid
1783 2170 1945 2224 veluti
1970 2169 2293 2239 superﬂuum
2323 2178 2379 2225 et
2405 2171 2748 2240 incongruum
2778 2181 3047 2241 appareat,
3072 2173 3122 2227 id
3145 2175 3422 2244 mysticum
3446 2175 3589 2229 credi

323 2273 581 2332 oportere
620 2263 883 2333 altiusque
929 2262 1140 2318 referri.
1173 2261 1428 2331 Quaedam
1469 2270 1645 2317 autem
1682 2262 1854 2317 obiter
1893 2263 1943 2315 in
1985 2262 2121 2317 libro
2149 2262 2405 2327 secundo,
2436 2261 2690 2318 adversus
2715 2264 3112 2329 Genethliacos;
3142 2266 3190 2319 in
3222 2266 3357 2319 libro
3380 2278 3588 2337 quarto,

318 2355 390 2408 de
415 2355 611 2409 senarii
644 2354 849 2409 numeri
876 2355 1227 2421 perfectione;
1257 2352 1311 2407 in
1339 2352 1474 2409 libro
1501 2352 1705 2423 quinto,
1733 2354 1799 2408 de
1827 2354 2046 2408 scientia
2077 2363 2129 2407 et
2158 2353 2491 2423 providentia
2514 2354 2641 2420 Dei;
2673 2356 2725 2409 in
2770 2354 2907 2410 libro
2943 2364 3115 2422 sexto,
3142 2356 3209 2412 de
3240 2357 3428 2413 Adami
3465 2373 3589 2412 cor-

324 2460 490 2512 pore;
521 2446 575 2499 in
603 2445 738 2499 libro
765 2442 1011 2514 septimo,
1042 2443 1111 2499 de
1134 2443 1330 2508 anima,
1356 2443 1423 2499 de
1450 2458 1553 2513 qua
1583 2458 1793 2499 rursum
1820 2443 1869 2497 in
1892 2444 2027 2498 libro
2053 2442 2279 2497 decimo.
2307 2444 2438 2497 Tum
2459 2443 2527 2498 de
2547 2458 2673 2499 casu
2694 2446 3021 2515 angelorum,
3046 2447 3095 2499 in
3120 2447 3254 2501 libro
3277 2447 3587 2512 undecimo;

318 2537 389 2591 de
410 2536 665 2591 Paradiso
692 2545 747 2591 et
772 2536 841 2591 de
869 2535 1147 2607 multiplici
1173 2535 1435 2590 visionum
1461 2550 1657 2605 genere
1685 2535 1738 2589 in
1770 2534 1906 2588 libro
1935 2534 2269 2601 duodecimo,
2296 2536 2467 2604 deque
2494 2537 2612 2591 aliis
2640 2538 2797 2592 rebus
2824 2540 3016 2607 passim
3046 2541 3180 2608 agit,
3208 2555 3268 2593 ea
3297 2556 3416 2612 qme
3444 2553 3586 2595 certa

318 2638 446 2683 sunt
472 2644 719 2685 asserens
736 2637 787 2683 et
814 2627 1146 2693 defendens,
1176 2627 1243 2683 de
1269 2625 1486 2682 incertis
1510 2627 1827 2695 quaestiones
1854 2636 1906 2680 et
1931 2627 2088 2680 dubia
2115 2642 2353 2680 movens.
2376 2626 2520 2695 Opus
2547 2628 2812 2697 impendio
2837 2629 3015 2684 laudat
3045 2630 3390 2685 Cassiodorus
3428 2647 3583 2687 sena-

318 2732 427 2789 tor,
457 2722 511 2777 in
540 2721 676 2778 libro
701 2720 873 2791 primo
898 2718 1324 2789 lnstltutionum,
1354 2719 1526 2790 capite
1548 2719 1751 2789 primo;
1786 2719 2071 2789 Basiliique
2095 2726 2147 2771 et
2168 2718 2433 2773 Ambrosii
2456 2718 2505 2773 in
2535 2718 2782 2775 Genesim
2814 2722 3212 2777 commentariis
3240 2722 3392 2794 longe
3417 2724 3585 2779 subli-

317 2814 461 2868 mius
485 2814 653 2869 ducit.

390 2906 548 2960 Hisce
571 2903 721 2960 libris
746 2903 798 2959 in
822 2902 1298 2959 Retraetationibus
1317 2911 1437 2973 post
1459 2901 1711 2971 opuscula
1731 2902 1968 2972 qumdam
2002 2901 2100 2957 sub
2124 2917 2317 2956 annum
2343 2904 2916 2974 quadringentesimum
2941 2907 3206 2964 elaborata
3236 2910 3409 2965 locum
3438 2908 3587 2970 dedit

315 2996 664 3066 Augustinus,
693 2994 899 3061 ordine,
922 3002 983 3049 ut
1005 2994 1116 3061 ait,
1147 3008 1253 3065 quo
1278 3008 1371 3049 eos
1398 2994 1590 3065 coepit,
1618 3010 1723 3048 non
1749 3010 1853 3063 quo
1877 2992 2117 3063 perfecit.
2144 2994 2274 3049 Nam
2303 2996 2422 3051 illos
2447 2997 2685 3065 quamvis
2709 2997 3058 3069 efflagitarent
3080 3003 3264 3063 amici,
3289 3003 3379 3057 diu
3404 3012 3583 3058 tamen

313 3087 456 3155 apud
480 3102 543 3142 se
568 3087 817 3151 retinuit,
845 3095 905 3141 ut
929 3085 998 3141 ad
1023 3087 1207 3142 limam
1232 3084 1519 3140 identidem
1551 3094 1859 3150 revocaret,
1888 3100 1955 3140 ex
1983 3086 2207 3154 epistola
2243 3087 2530 3141 centesima
2559 3088 2957 3159 quadragesima
3000 3094 3156 3147 tertia
3174 3134 3189 3158 ,
3222 3094 3289 3148 ad
3327 3095 3583 3151 Marcelli-

314 3195 478 3244 num,
508 3195 693 3235 versus
733 3178 892 3234 linem
937 3178 1063 3233 anni
1108 3176 1609 3248 quadringentesimi
1655 3176 1951 3232 duodecimi
1989 3178 2130 3231 data.
2163 3177 2542 3233 Duodecimum
2582 3180 2773 3235 librum
2815 3182 2941 3235 citat
2966 3182 3017 3236 in
3042 3184 3262 3253 epistola
3292 3187 3581 3242 centesima

312 3272 748 3343 quinquagesima
788 3285 927 3327 nona
945 3312 962 3338 ,
984 3270 1051 3326 ad
1080 3270 1337 3326 Evodium
1356 3312 1371 3335 ,
1403 3284 1559 3341 quam
1587 3284 1727 3324 anno
1754 3270 1965 3325 circiter
1983 3271 2501 3340 quadringentesimo
2520 3271 2728 3328 decimo
2757 3285 2946 3344 quarto
2970 3276 3375 3347 adscripsimus,
3409 3279 3587 3348 ibique

313 3379 374 3418 se
392 3361 557 3417 totius
574 3362 751 3431 operis
777 3360 1199 3417 emendationem
1215 3402 1231 3427 ,
1249 3374 1354 3431 quo
1370 3359 1495 3415 illud
1516 3374 1671 3429 quam
1693 3360 1923 3429 primum
1951 3359 2143 3429 publici
2165 3359 2300 3429 juris
2328 3358 2506 3425 faciat,
2528 3371 2792 3417 maturare
2821 3364 3080 3434 significat
3104 3384 3116 3419 :
3147 3367 3379 3422 nondum
3405 3376 3581 3422 tamen

311 3453 555 3507 ediderat
579 3467 699 3507 eum
728 3451 947 3506 alteram
976 3451 1044 3507 ad
1071 3450 1349 3520 Evodium,
1377 3450 1578 3507 scilicet
1600 3449 1876 3521 epistolam
1902 3451 2242 3505 centesimam
2270 3452 2649 3521 sexagesimam
2682 3455 2966 3510 secundam
2992 3458 3234 3527 scripsit,
3264 3458 3339 3513 uti
3362 3467 3584 3515 testatur

316 3543 951 3719 Μῗξῗςῗῗῐέῗξαρ.
982 3634 1084 3707 21ι,
1109 3633 1678 3719 Retractationum,
1718 3632 1835 3695 col.
1860 3630 1979 3693 6&0
1998 3676 2015 3707 ,
2053 3651 2093 3693 a
2123 3630 2345 3701 verbis,
2381 3634 2499 3695 Per
2528 3633 2693 3697 idem
2728 3640 2976 3714 tempus
3003 3637 3079 3699 de
3108 3638 3363 3713 Genesi,
3392 3656 3583 3719 usque

314 3715 398 3776 ad
421 3714 627 3785 verba,
657 3716 967 3795 Bipartita
986 3719 1104 3776 est.
1185 3714 1272 3774 M.

842 3912 1000 4060 S.
1080 3909 1901 4055 AURELII
1976 3906 3070 4055 AUGUSTINI

1302 4103 2054 4180 HIPPONENSIS
2115 4106 2619 4180 EPISCOPI

406 4241 720 4403 DE
838 4234 1698 4400 GENESI
1817 4229 2137 4391 AD
2270 4237 3525 4401 LITTERAM

1113 4474 1614 4592 LIBRI
1699 4472 2614 4592 DUODECIM
2663 4463 2797 4587 (⁸³)-

1623 4629 2253 4701 Mem

1336 4731 1819 4836 LIBER
1910 4730 2338 4839 PBLM
2361 4727 2565 4835 US.

370 4892 665 4956 Expetuntur
686 4891 873 4941 initium
891 4896 1164 4950 Genaeos,
1187 4901 1293 4951 cap.
1322 4890 1368 4951 l,
1392 4902 1521 4939 vers.
1550 4890 1571 4939 l
1601 4902 1615 4939 :
1643 4899 1698 5000 gi
1731 4890 1967 5002 prilncipio
1978 4892 2099 5004 ιξίςείι
2135 4900 2257 5001 ῡείἑδ
2287 4887 2458 4939 coelum
2494 4895 2538 4938 et
2559 4894 2738 4939 terram
2765 4898 2781 4938 :
2806 4900 2963 4953 usque
2985 4887 3043 4938 ad
3068 4902 3197 4940 vers.
3221 4890 3252 4939 5
3275 4902 3287 4938 ;
3315 4894 3370 4940 Et
3403 4889 3579 4940 νοείτω

1688 4966 1771 5002 eus
1822 4968 1957 5004 ucem
2013 4967 2133 5004 1cm.
2159 4966 2186 5001 e
2243 4988 2252 5000 .

1688 4966 1771 5002 eus
1802 4966 1957 5005 lucem
1978 4966 2105 5004 ment
2118 4989 2133 5013 ,
2159 4966 2252 5001 etc.

304 5032 913 5091 C.\PUTPRIMUM.—
931 5031 995 5085 In
1026 5033 1290 5101 Scriptura
1305 5031 1424 5101 quid
1449 5034 1885 5088 considerandum.
1998 5037 2048 5090 id
2080 5033 2219 5104 quod
2260 5026 2511 5087 Dominus
2536 5031 2868 5100 significavit,
2896 5031 3080 5085 dicens
3102 5072 3116 5096 ,
3143 5032 3370 5086 scribant
3396 5030 3575 5085 erudi-

383 5129 432 5180 l.
470 5125 658 5181 Omnis
685 5123 866 5179 divina
891 5122 1160 5193 Scriptura
1189 5120 1433 5190 bipartita
1458 5133 1539 5175 est
1558 5162 1571 5185 ,
1601 5124 1893 5179 secundum
2005 5136 2115 5180 tum
2140 5125 2189 5178 in
2218 5138 2381 5191 regno
2407 5123 2496 5176 Dei
2522 5121 2749 5175 similent
2769 5135 2888 5176 esse
2909 5120 3271 5193 patrifamilias
3292 5121 3576 5196 proferenti

1530 5227 1785 5264 ΔῺΜΟΝΙΤΙΟ
1817 5231 1891 5264 PP.
1923 5227 2344 5266 BENEDIC‘I'INORUM.

365 5307 463 5366 nos
481 5298 635 5366 libros
655 5310 766 5347 cum
788 5295 974 5366 viginti.
993 5306 1093 5366 seu.
1110 5300 1218 5366 Mss.
1241 5294 1759 5366 contulimus,_sci_licet
1780 5310 1889 5345 cum
1908 5298 2142 5366 Vaticanis
2165 5296 2334 5352 uibus,
2362 5301 2446 5366 PP.
2472 5294 2917 5366 augustiuiarmrum
2951 5296 3145 5366 major}
3164 5301 3430 5366 conventus
3450 5297 3577 5366 Pario

300 5363 483 5411 sicnsis
503 5361 712 5418 duobus,
739 5354 979 5408 Navirrici
1000 5355 1199 5418 Collegii
1223 5362 1275 5405 et
1294 5357 1533 5405 Tbuaneaa
1557 5354 1863 5407 bibliothecae
1888 5359 2107 5415 totidem,
2132 5370 2239 5406 cum
2262 5370 2358 5405 uno
2384 5368 2413 5403 e
2436 5354 2726 5418 bibliotheca
2743 5354 3071 5418 tauduncnsis
3090 5354 3329 5417 Ecclesiae,
3353 5369 3450 5405 uno
3488 5359 3577 5407 Ah-

301 5425 450 5471 liatiae
472 5430 517 5470 S.
544 5415 727 5470 tiartini
750 5421 815 5469 de
835 5419 1021 5480 Campis
1041 5415 1167 5479 apud
1192 5418 1407 5480 Parisios,
1433 5430 1542 5465 cum
1562 5419 1833 5480 sorbouico,
1856 5419 2143 5477 Colbertino,
2173 5418 2435 5480 Bigotiauo,
2451 5417 2773 5480 Cistercieusi,
2799 5415 3059 5480 Aliiinensi,
3079 5415 3398 5480 Audoencnsi,
3414 5418 3576 5467 Cultu-

303 5485 461 5541 rensi,
485 5482 878 5540 cemmeticensi,
902 5477 1231 5543 Germahensi,
1254 5480 1465 5543 Lyrensi,
1488 5478 1786 5543 Michaeliuo,
1812 5482 2105 5543 nemigiano,
2130 5477 2520 5543 'i‘heodericensi,
2549 5477 2901 5543 viudocincnsi,
2923 5485 2975 5527 et
2998 5490 3092 5543 uno
3124 5478 3396 5543 Abbatimb.
3421 5481 3576 5530 alarias

301 5546 367 5593 dc
392 5538 619 5606 JoSaphat
637 5538 971 5606 carnutensis.
986 5538 1316 5606 Consuluimu's
1334 5540 1531 5601 insuper
1553 5542 1795 5590 variantes
1817 5538 2057 5592 lectiones
2078 5539 2380 5602 Bclgicorutn
2400 5552 2491 5588 sex
2514 5539 2732 5588 codicum
2754 5552 2843 5601 per
2866 5538 3184 5587 Lovauienses
3200 5539 3470 5603 theologos
3493 5553 3577 5590 ex.

306 5602 518 5665 corpus
535 5620 549 5655 :
578 5618 767 5654 necnon
792 5603 1090 5665 antiquiores
1112 5602 1352 5651 editiones
1372 5608 1472 5648 Ain.
1499 5608 1573 5648 Er.
1600 5608 1652 5650 et
1673 5608 1783 5665 va.

422 5660 925 5742 fomparavimus'
950 5672 1246 5742 praterea
1278 5681 1375 5742 eas
1408 5680 1610 5722 omnes
1641 5662 1940 5725 editiones
1974 5664 2161 5726 initio
2194 5663 2363 5723 Retr.
2385 5662 2773 5733 elConfess.,
2796 5668 2838 5719 τ.
2865 5660 2922 5734 1,
2949 5669 3335 5724 memoratas.
3408 5662 3492 5723 Μ.

370 5746 444 5808 (a)
468 5740 676 5795 Inchoat]
698 5745 891 5794 circiter
913 5740 1089 5792 annum
1112 5742 1212 5802 liii,
1233 5740 1435 5791 absoluti
1459 5742 1549 5791 sub
1570 5754 1745 5791 annum
1778 5744 1875 5793 HS.

316 3816 3580 3871 ἢ
