4056 6472
490 327 590 408 ε.ιή

485 468 554 523 de
582 466 832 523 thesauro
857 481 954 523 suo
977 481 1116 523 nova
1142 476 1195 524 et
1213 476 1400 526 vetera
1417 467 1625 542 (Matth.
1655 481 1776 532 xm,
1805 464 1899 536 52)
1915 505 1930 532 ,
1951 477 2071 535 qua:

483 560 592 615 duo
637 559 795 615 etiam
850 559 1187 617 Testamenta
1239 561 1506 617 dicuntur.
1556 560 1613 615 in
1663 557 1839 614 Libris
1893 566 2070 612 autem

485 651 732 706 omnibus
753 651 948 708 sanctis
974 652 1164 707 intueri
1188 661 1398 722 oportet
1423 667 1541 722 quae
1579 650 1652 706 ibi
1695 658 1894 706 interna
1939 649 2068 704 iuti-

488 749 720 808 mentur,
748 757 865 813 quae
892 740 1026 797 facta
1049 753 1348 810 narrentur,
1377 757 1495 814 quae
1520 741 1694 797 futura
1711 742 2070 812 prtenuntien-

488 842 595 897 tur,
623 849 743 904 qua:
760 834 961 904 agenda
989 835 1358 906 prazcipiantur
1383 834 1469 889 vel
1495 841 1829 889 moneantur.
1859 832 1916 887 In
1941 846 2068 886 nar-

483 925 694 980 ratione
736 941 862 996 ergo
896 939 1074 981 rerum
1109 925 1364 980 factarum
1404 925 1658 996 quaeritur
1685 931 1861 979 utrum
1891 922 2066 978 Omnia

483 1017 778 1072 secundum
806 1017 1085 1087 ﬁguratum
1121 1017 1138 1048 ¹
1163 1016 1528 1072 tantummodo
1566 1015 1890 1071 intellectum
1930 1015 2069 1070 acci-

482 1109 712 1178 piantur,
746 1123 813 1162 an
839 1109 997 1163 etiam
1045 1107 1338 1162 secundum
1373 1106 1530 1162 ﬁdem
1576 1120 1754 1162 rerum
1798 1109 2065 1176 gestarum

481 1190 766 1255 asserenda
792 1211 845 1254 et
872 1199 1199 1255 defendenda
1224 1199 1347 1254 sint.
1371 1197 1502 1254 Nam
1524 1213 1629 1254 non
1653 1212 1772 1254 esse
1797 1198 2065 1268 accipien-

481 1289 548 1345 da
603 1289 919 1360 ﬁguraliter,
974 1290 1152 1345 nullus
1210 1289 1531 1345 ehristianus
1582 1290 1762 1346 dicere
1811 1288 2062 1357 audebit,

481 1380 761 1436 attendens
787 1379 1097 1450 Apostolum
1128 1380 1412 1446 dicentem,
1447 1380 1630 1435 Omnia
1663 1388 1832 1433 autem
1864 1379 1973 1434 hac
2011 1380 2066 1434 in

479 1471 648 1542 ﬁgura
685 1469 1033 1542 contingebant
1068 1471 1172 1525 illis
1210 1469 1253 1544 (l
1280 1472 1395 1526 Cor.
1427 1487 1480 1537 ιι,
1511 1471 1598 1542 ll)
1628 1478 1719 1525 :et
1745 1469 1876 1524 illud
1922 1469 2064 1540 quod

478 1560 532 1614 in
553 1561 744 1616 Genesi
788 1563 1039 1632 scriptum
1067 1571 1170 1630 est,
1221 1562 1289 1616 Et
1325 1573 1470 1617 erunt
1517 1563 1618 1616 duo
1666 1563 1723 1616 in
1770 1578 1922 1616 carne
1961 1577 2064 1616 una

480 1649 630 1720 (Gen.
658 1668 717 1720 ιι,
741 1651 836 1724 24)
860 1694 874 1718 ,
905 1669 1151 1724 magnum
1181 1663 1571 1710 sacramentum
1603 1653 2061 1711 commendantem

478 1745 531 1798 in
554 1744 762 1799 Christo
778 1754 830 1800 et
850 1747 902 1800 in
917 1729 1156 1802 Ecclesia
1177 1745 1388 1820 (Ephes.
1413 1763 1464 1813 v,
1487 1746 1602 1819 δε).

549 1835 604 1888 2.
647 1834 703 1890 Si
741 1851 869 1906 ergo
907 1846 1134 1908 utroque
1169 1839 1328 1892 modo
1355 1838 1441 1893 illa
1475 1837 1746 1909 Scriptura
1777 1839 2062 1895 scrutanda

482 1933 584 1990 est,
612 1941 914 1996 qureramus
935 1929 1202 1997 quomodo
1224 1927 1420 1983 dictum
1461 1937 1543 1983 est
1579 1936 1778 1999 praeter
1817 1929 2064 1999 allegori-

476 2031 598 2070 eam
651 2017 1114 2089 significationem,
1168 2019 1234 2074 In
1263 2021 1510 2092 principio
1553 2022 1672 2092 fecit
1708 2019 1846 2075 Deus
1883 2023 2062 2076 caelum

480 2116 527 2160 et
553 2117 735 2161 tetram
759 2125 778 2164 :
802 2118 977 2164 utrum
1008 2111 1061 2164 in
1085 2110 1342 2181 principio
1359 2113 1642 2182 temporis;
1668 2127 1734 2167 an
1751 2115 1872 2184 quia
1891 2115 2061 2184 primo

477 2197 714 2252 omnium
746 2198 881 2253 facta
907 2200 1042 2263 sint;
1070 2215 1136 2254 an
1165 2201 1217 2254 in
1243 2202 1521 2272 principio,
1555 2202 1694 2273 quod
1716 2211 1798 2258 est
1824 2203 2058 2259 Verbum

478 2288 573 2343 Dei
620 2289 921 2359 unigenitus
961 2290 1148 2346 Filius.
1197 2293 1263 2345 Et
1307 2291 1574 2362 quomodo
1625 2295 1793 2363 possit
1849 2295 2058 2349 ostendi

479 2379 646 2434 Deum
688 2379 806 2434 sine
850 2379 952 2434 ulla
981 2381 1507 2439 suircommutatione
1547 2384 1756 2454 operari
1785 2384 2058 2440 mutabilia

479 2478 532 2524 et
564 2471 894 2541 temporalia.
925 2472 992 2527 Et
1037 2473 1162 2542 quid
1203 2473 1527 2544 significetur
1571 2478 1784 2532 nomine
1830 2477 1951 2532 εωιί
2005 2485 2059 2532 ει

479 2568 671 2627 terrm;
695 2569 872 2616 utrum
901 2563 1189 2632 spiritualis
1216 2565 1610 2635 corporalisque
1653 2576 1895 2622 creatura
1935 2568 2056 2622 caeli

476 2661 532 2708 et
559 2662 714 2708 terrae
746 2654 1060 2709 vocabulum
1102 2657 1385 2725 acceperit,
1429 2672 1494 2710 an
1530 2657 1894 2713 tantummodo
1933 2673 2055 2714 cor-

478 2743 674 2813 poralis
707 2760 721 2798 :
748 2753 804 2798 ut
831 2744 881 2799 in
911 2745 1012 2800 hoc
1037 2745 1173 2800 libro
1201 2745 1268 2802 de
1309 2747 1567 2816 spirituali
1600 2749 1827 2805 tacuisse
1857 2750 2055 2805 intelli-

477 2844 661 2905 gatur,
689 2844 848 2906 atque
881 2837 952 2892 ita
978 2838 1175 2894 dixisse
1197 2838 1390 2893 coelum
1420 2848 1472 2893 et
1499 2849 1691 2894 terram
1715 2882 1728 2906 ,
1758 2850 1814 2894 ut
1843 2856 2056 2896 omnem

476 2935 775 2980 creaturam
811 2941 1122 2996 corpoream
1170 2928 1495 2997 superiorem
1544 2938 1700 2999 atque
1753 2929 2056 2986 inferiorem

477 3014 773 3084 significare
811 3017 1058 3071 voluerit.
1097 3017 1178 3070 An
1223 3017 1497 3087 utriusque
1548 3019 1786 3073 informis
1835 3022 2056 3076 materia

477 3104 618 3159 dicta
653 3115 736 3160 est
763 3107 958 3162 cmlum
989 3116 1041 3161 et
1095 3117 1231 3162 terra
1261 3125 1274 3163 :
1302 3109 1588 3178 spiritualis
1634 3109 1880 3165 videlicet
1928 3114 2054 3181 vita,

481 3194 636 3250 sicuti
666 3210 787 3252 esse
814 3205 990 3267 potest
1017 3196 1068 3250 in
1094 3211 1172 3262 se,
1205 3212 1310 3251 non
1335 3212 1591 3253 conversa
1620 3199 1685 3252 ad
1715 3199 2053 3268 Creatorem;

480 3285 574 3338 tali
623 3285 765 3340 enim
803 3286 1157 3342 conversione
1202 3285 1460 3342 formatur
1485 3297 1645 3358 atque
1672 3289 1980 3360 perﬁcitur;
2011 3292 2057 3346 si

479 3383 654 3430 autem
679 3390 784 3429 non
810 3385 1181 3441 convertatur,
1215 3375 1457 3433 informis
1485 3388 1568 3434 est
1600 3397 1614 3434 :
1641 3382 1931 3449 corporalis
1963 3397 2058 3436 au-

481 3476 587 3524 tem
617 3469 660 3523 si
691 3470 859 3538 possit
887 3468 1108 3540 intelligi
1138 3484 1234 3539 per
1257 3469 1603 3539 privationem
1651 3473 1825 3525 omnis
1866 3487 2059 3543 corpo-

478 3576 587 3616 rea:
605 3560 894 3631 qualitatis,
924 3575 1043 3631 quae
1071 3570 1290 3631 apparet
1315 3561 1367 3616 in
1395 3563 1617 3616 materia
1645 3561 1867 3616 formata
1888 3605 1904 3630 ,
1931 3578 2056 3618 cum

476 3653 583 3724 jam
611 3661 736 3708 sunt
764 3653 968 3722 species
988 3667 1291 3723 corporum,
1320 3654 1432 3709 sive
1458 3655 1595 3720 visu,
1632 3655 1750 3711 sive
1783 3656 1888 3710 alio
1925 3672 2059 3726 quo-

481 3743 610 3797 libet
631 3757 790 3797 sensu
817 3742 1058 3811 corporis
1085 3745 1476 3814 perceptibilcs.

551 3835 604 3888 3.
647 3835 728 3889 An
757 3834 949 3890 omium
981 3835 1375 3906 intelligendum
1422 3845 1503 3891 est
1543 3844 1783 3891 creatura
1814 3837 2059 3908 spiritua-

481 3929 568 3994 lis,
599 3929 667 3984 ab
687 3929 906 3984 exordio
926 3945 1032 4000 quo
1070 3930 1204 3984 facta
1247 3938 1348 3996 est,
1386 3931 1621 4000 perfecta
1667 3931 1754 3984 illa
1807 3939 1861 3986 et
1905 3931 2057 3987 beata

481 4035 727 4090 semper:
761 4029 899 4074 terra
925 4034 1071 4084 vero,
1089 4019 1380 4090 corporalis
1398 4021 1648 4074 materies
1672 4019 1845 4076 adhuc
1864 4022 2060 4092 imper-

476 4111 643 4174 fecta;
670 4111 791 4180 quia
820 4118 971 4177 ten'a,
1002 4110 1185 4180 inquit,
1216 4118 1321 4163 erat
1347 4109 1608 4164 invisibilis
1635 4118 1682 4163 et
1708 4110 2057 4180 incomposita,

482 4210 530 4255 et
559 4201 772 4257 tenebrae
797 4209 940 4255 erant
967 4217 1118 4269 super
1141 4199 1412 4271 abyssum;
1441 4199 1630 4270 quibus
1654 4200 1831 4255 verbis
1856 4202 2062 4258 videtur

483 4296 856 4351 inlormitatem
902 4294 1200 4365 signiﬁcare
1248 4293 1556 4348 substantiae
1600 4295 1934 4363 corporalis?
1978 4297 2062 4350 An

482 4387 753 4457 utriusque
780 4385 1078 4440 informitas
1124 4384 1205 4439 his
1247 4386 1406 4439 etiam
1452 4384 1835 4454 posterioribus
1885 4386 2061 4442 verbis

483 4478 845 4548 significatur:
877 4475 1175 4546 corporalis
1199 4475 1410 4546 quidem
1439 4466 1506 4530 ἑο
1548 4475 1686 4544 quod
1715 4475 1914 4530 dictum
1943 4485 2060 4541 est,

487 4567 644 4623 Terra
672 4577 779 4622 erat
804 4567 1067 4621 invisibilis
1092 4576 1136 4621 et
1165 4567 1496 4636 incomposita
1526 4582 1544 4620 :
1569 4567 1857 4636 spiritualis
1886 4577 2062 4622 autem

484 4676 548 4715 eo
575 4659 716 4730 quod
744 4659 942 4715 dictum
971 4667 1071 4724 est,
1103 4657 1344 4714 Tenebra:
1368 4668 1509 4713 erant
1537 4676 1686 4730 super
1704 4659 1938 4731 abyssum
1960 4677 1980 4727 ;
2005 4670 2070 4716 ut

482 4753 741 4806 translato
761 4751 925 4806 verbo
951 4751 1287 4805 tenebrosam
1313 4751 1560 4822 abyssum
1584 4751 1936 4821 intelligamus
1964 4767 2062 4806 na-

484 4855 658 4900 turam
680 4841 801 4896 vita:
826 4841 1129 4908 informem,
1159 4842 1257 4896 nisi
1274 4851 1613 4897 convertatur
1631 4843 1695 4896 ad
1718 4840 2060 4932 Creatorem:

390 4990 406 5003 ,
485 4947 591 5002 quo
617 4932 732 4987 solo
757 4931 914 4986 modo
940 4929 1158 4987 formari
1182 4941 1387 5002 potest,
1435 4943 1492 4986 ut
1537 4949 1643 4986 non
1691 4932 1758 4986 sit
1805 4929 2060 5009 abyssus;

485 5035 540 5079 et
560 5024 862 5090 illuminari,
888 5035 944 5080 ut
970 5041 1076 5079 non
1106 5025 1175 5080 sit
1202 5025 1528 5081 tenebrosa?
1572 5025 1639 5079 Et
1681 5025 1947 5096 quomodo
1979 5025 2063 5079 di-

487 5124 630 5171 ctum
659 5125 759 5180 est,
795 5114 1032 5172 Tenebrae
1057 5125 1200 5170 erant
1223 5133 1375 5185 super
1399 5115 1676 5186 abyssum?
1711 5131 1777 5170 an
1806 5116 1929 5186 quia
1957 5113 2062 5170 non

488 5216 605 5262 erat
635 5205 760 5260 lux?
779 5220 896 5276 quae
924 5207 970 5260 si
990 5216 1152 5271 esset,
1181 5207 1360 5276 utique
1379 5215 1701 5274 superesset,
1731 5215 1785 5261 et
1815 5215 2064 5276 tanquam

488 5295 995 5368 superfunderetur:
1021 5295 1160 5366 quod
1192 5306 1316 5350 tunc
1346 5297 1402 5349 fit
1431 5296 1483 5349 in
1513 5303 1753 5350 creatura
1781 5295 2060 5364 spirituali,

461 5382 464 5384 ⁷
490 5405 608 5445 cum
631 5389 952 5445 convertitur
970 5389 1036 5444 ad
1052 5387 1480 5444 incommutabile
1506 5396 1664 5458 atque
1681 5387 2016 5458 incorporale
2043 5388 2064 5417 ¹

487 5482 687 5550 lumen,
710 5479 853 5551 quod
875 5480 1014 5535 Deus
1042 5489 1144 5534 est.
1604 5493 1613 5502 ‘

547 5723 559 5753 ³
588 5720 726 5778 Fditi,
751 5716 1021 5781 ﬁguratum.
1049 5724 1102 5768 At
1123 5724 1228 5768 Mss.
1255 5719 1330 5769 vix
1355 5716 1454 5766 ullo
1478 5722 1701 5781 excepto,
1721 5713 2002 5781 ﬁgurartmt.

546 5785 568 5814 ⁸
591 5785 662 5832 sic
683 5776 995 5845 MssJaliquot
1017 5781 1211 5842 Optima:
1233 5785 1378 5831 notte.
1404 5786 1459 5830 At
1483 5776 1619 5841 editi;
1640 5776 2030 5840 incomparabilc.

1405 352 1493 408 DE
1531 347 1779 407 GENESI
1817 347 1906 404 AD
1941 341 2316 417 LITTERAM,
2354 347 2412 401 S.
2457 348 2819 407 AUGUSTINI

3657 347 3765 405 248

2176 459 2400 518 CAPUT
2439 462 2502 519 ll.
2541 495 2613 506 —
2651 465 2910 532 Quomodo
2930 464 3058 522 dixit
3089 467 3242 537 Deus,
3274 471 3390 528 Fiat
3414 472 3538 545 lux;
3571 493 3644 532 an
3667 493 3766 550 per

2421 569 2722 628 creaturam,
2764 578 2830 616 an
2864 579 2954 634 per
2974 573 3214 618 eternum
3272 565 3505 622 Verbum.

2247 651 2301 706 4.
2343 649 2412 706 Ει
2437 653 2702 722 quomodo
2727 653 2860 710 dixit
2904 656 3044 711 Deus
3064 697 3077 720 ,
3109 655 3228 710 Fiat
3262 658 3390 713 luat?
3415 669 3592 715 utrum
3621 669 3755 716 tem-

2175 741 2462 810 poraliter,
2490 757 2558 796 an
2586 744 2637 797 in
2667 743 2827 800 Verbi
2854 747 3180 801 aeternitate?
3207 748 3274 802 Et
3299 748 3341 801 si
3367 749 3754 819 temporaliter,

2175 834 2355 904 utique
2383 835 2738 902 mutabiliter;
2767 837 3032 907 qmmodo
3055 853 3184 909 ergo
3212 841 3380 909 possit
3406 841 3624 912 intelligi
3650 842 3756 898 hoc

2173 923 2350 980 dicere
2386 926 2547 992 Deus,
2587 927 2686 982 nisi
2732 940 2826 996 per
2880 938 3211 992 creaturam;
3267 930 3382 999 ipse
3425 931 3622 1001 quippe
3669 940 3757 987 est

2173 1016 2660 1073 incommutabilis?
2685 1019 2749 1073 Et
2773 1019 2816 1073 si
2847 1035 2942 1090 per
2964 1028 3261 1075 creaturam
3282 1021 3414 1076 dixit
3442 1023 3603 1090 Deus,
3629 1021 3754 1077 Fiat

2173 1107 2585 1179 lux;quomodo
2619 1118 2703 1165 est
2730 1111 2900 1180 prima
2942 1119 3186 1166 creatura
3228 1110 3339 1178 lux,
3394 1111 3438 1166 si
3482 1121 3596 1166 erat
3641 1112 3753 1182 jam

2154 1209 2433 1269 creatura,
2457 1217 2552 1272 per
2583 1217 2744 1274 quam
2786 1203 2926 1258 Deus
2961 1202 3181 1269 diceret,
3217 1201 3336 1256 Fiat
3362 1203 3490 1258 lux?
3524 1204 3606 1257 An
3643 1219 3753 1258 non

2171 1300 2252 1346 est
2277 1291 2367 1345 lux
2413 1293 2582 1362 prima
2623 1302 2908 1360 creatura;
2954 1294 3075 1365 quia
3115 1293 3225 1363 jam
3261 1293 3458 1349 dictum
3504 1301 3638 1359 erat,
3685 1291 3752 1349 In

2171 1381 2417 1452 principio
2436 1383 2556 1452 fecit
2584 1381 2723 1437 Deus
2743 1384 2920 1438 caelum
2955 1393 3002 1438 et
3035 1393 3256 1448 terram;
3297 1391 3353 1439 et
3400 1393 3608 1454 poterat
3657 1399 3754 1454 per

2168 1471 2439 1527 caelestem
2460 1482 2757 1528 creaturam
2784 1490 2885 1529 vox
2913 1474 3026 1530 ﬁeri
3053 1476 3416 1544 temporaliter
3442 1485 3605 1546 atque
3628 1491 3752 1532 mu—

2169 1562 2418 1630 tabiliter,
2451 1580 2552 1634 qua
2596 1565 2864 1620 diceretur
2885 1606 2900 1633 ,
2933 1564 3054 1619 Fiat
3087 1565 3221 1620 luas?
3243 1565 3394 1633 Quod
3439 1566 3484 1620 si
3531 1566 3604 1622 ita
3644 1575 3750 1633 est,

2167 1656 2457 1725 corporalis
2507 1655 2596 1710 lux
2624 1655 2760 1711 facta
2798 1667 2882 1712 est
2919 1657 3040 1721 ista,
3082 1671 3240 1727 quam
3275 1658 3545 1727 corporeis
3583 1658 3752 1714 oculis

2166 1747 2452 1814 cernimus,
2492 1748 2704 1804 dicente
2753 1749 2862 1805 Deo
2910 1764 3005 1820 per
3049 1757 3345 1804 creaturam
3398 1750 3745 1820 spiritualem,

2165 1851 2322 1906 quam
2354 1839 2492 1893 Deus
2509 1839 2621 1909 jam
2646 1839 2863 1907 fecerat,
2899 1855 3020 1895 cum
3051 1841 3103 1894 in
3148 1840 3406 1910 principio
3448 1840 3575 1895 fecit
3607 1841 3752 1897 Deus

2165 1930 2355 1984 caelum
2382 1938 2437 1984 et
2461 1938 2678 1996 terram,
2732 1929 2854 1984 Fiat
2878 1930 3005 1995 luat;
3040 1944 3106 1984 eo
3143 1929 3302 1984 modo
3345 1943 3450 1999 quo
3487 1945 3583 2000 per
3627 1929 3752 1984 talis

2167 2030 2425 2076 creatura)
2472 2021 2783 2076 interiorem
2826 2028 2884 2076 et
2923 2019 3193 2076 occultum
3243 2028 3446 2074 motum
3495 2019 3750 2074 divinitus

2165 2112 2266 2167 dici
2295 2112 2482 2182 potuit,
2505 2111 2626 2166 Fiat
2649 2113 2757 2167 lux.

2236 2206 2290 2261 5.
2331 2207 2412 2260 Au
2443 2206 2603 2261 etiam
2635 2204 2982 2274 corporaliter
3007 2203 3188 2260 sonuit
3213 2217 3314 2259 vox
3345 2202 3569 2257 dicentis
3606 2203 3704 2256 Dei
3731 2243 3745 2267 ,

2145 2296 2284 2352 Fiat
2305 2297 2430 2362 lux;
2454 2298 2588 2352 sicut
2624 2297 2972 2368 corporaliter
3005 2296 3183 2351 sonuit
3215 2310 3320 2351 vox
3355 2294 3582 2350 dicentis
3615 2294 3744 2362 Dei,

2166 2387 2242 2442 Tu
2263 2405 2314 2443 es
2336 2387 2504 2443 Filius
2523 2405 2661 2442 meus
2688 2389 2896 2442 dilectus
2925 2387 3136 2458 (Matth.
3161 2401 3237 2452 nl,
3265 2387 3358 2456 17)
3397 2404 3410 2441 :
3438 2394 3495 2442 et
3521 2385 3626 2440 hoc
3653 2399 3749 2456 per

2162 2487 2460 2533 creaturam
2491 2479 2846 2548 corporalem,
2879 2493 3036 2548 quam
3069 2478 3269 2533 iecerat
3315 2478 3474 2542 Deus,
3526 2492 3646 2531 cum
3693 2477 3746 2531 in

2163 2572 2420 2642 principio
2449 2570 2575 2626 fecit
2598 2571 2791 2627 caelum
2819 2581 2872 2626 et
2897 2581 3114 2638 terram,
3146 2578 3428 2641 antequam
3456 2570 3606 2625 ﬁeret
3633 2570 3744 2636 lux,

2161 2680 2279 2733 quae
2307 2664 2358 2718 in
2385 2664 2487 2719 hac
2515 2675 2736 2719 sonante
2763 2679 2896 2719 voce
2923 2664 3061 2718 facta
3091 2664 3212 2719 est?
3233 2664 3299 2718 Et
3333 2663 3378 2718 si
3408 2663 3477 2718 ita
3499 2671 3614 2726 εει,
3643 2676 3746 2731 qua

2161 2755 2338 2826 lingua
2363 2757 2542 2812 sonuit
2569 2757 2667 2812 ista
2694 2773 2796 2812 vox
2823 2797 2839 2824 ,
2870 2756 3080 2812 dicente
3111 2756 3241 2821 Deo,
3294 2754 3416 2809 Fiat
3459 2756 3582 2818 lux;
3623 2754 3744 2823 quia

2160 2847 2395 2902 nondum
2433 2853 2548 2902 erat
2595 2847 2890 2918 linguarum
2921 2847 3201 2902 diversitas
3229 2887 3244 2913 ,
3273 2860 3390 2916 quae
3411 2853 3590 2915 postea
3611 2843 3746 2898 facta

2097 2983 2116 2992 -
2161 2950 2242 2995 est
2280 2941 2333 2995 in
2369 2941 2717 2996 aediﬁcatione
2758 2941 2918 2995 turris
2945 2948 3066 3010 post
3097 2939 3351 2993 diluvium
3372 2936 3524 3007 (Gen.
3550 2953 3624 2999 xi,
3655 2935 3747 3002 7)?

2161 3032 2415 3099 Quzenam
2446 3032 2620 3101 lingua
2652 3041 2765 3087 erat
2792 3047 2892 3086 una
2936 3040 2990 3085 et
3028 3031 3139 3084 sola
3162 3071 3177 3096 ,
3220 3045 3322 3100 qua
3363 3029 3504 3099 Deus
3539 3028 3747 3082 loeutus

2161 3134 2264 3190 est,
2287 3123 2410 3178 Fiat
2430 3124 2626 3179 luxiet
2677 3123 2795 3194 quis
2844 3132 2959 3178 erat
2997 3137 3156 3193 quem
3206 3119 3485 3190 oportebat
3537 3118 3744 3183 audire,

2160 3229 2318 3288 atque
2349 3215 2642 3286 intelligere
2662 3257 2678 3282 ,
2707 3215 2772 3269 ad
2808 3231 2964 3285 quem
2995 3229 3095 3268 vox
3137 3211 3438 3281 huiusmodi
3475 3209 3746 3280 proferre-

2163 3307 2389 3363 tur‘iAn
2417 3307 2532 3363 haec
2560 3305 2789 3361 absurda
2813 3305 3146 3376 carnalisque
3184 3303 3434 3374 cogitatio
3467 3309 3549 3357 cst
3581 3308 3745 3370 atque

2162 3399 2393 3468 suspicio
2406 3397 2434 3452 i

2233 3491 2285 3546 6.
2326 3490 2463 3558 Quid
2503 3503 2632 3558 ergo
2672 3487 3052 3543 dicemus?An
3089 3485 3141 3541 id
3185 3484 3324 3556 quod
3357 3483 3666 3554 intelligitur
3691 3481 3745 3536 iu

2163 3596 2295 3638 sono
2323 3579 2485 3646 vocis,
2508 3595 2628 3634 cum
2667 3578 2877 3642 dicitur,
2908 3576 3032 3631 Fiat
3081 3577 3188 3641 lux,
3243 3591 3348 3630 non
3395 3583 3574 3628 autem
3631 3573 3745 3642 ipse

2162 3684 2449 3739 corporeus
2474 3682 2659 3734 sonus,
2684 3668 2785 3723 hoc
2815 3668 2950 3722 bene
2975 3665 3233 3736 accipitur
3257 3679 3375 3720 esse
3405 3679 3506 3718 vox
3527 3663 3662 3718 Dei?
3692 3671 3748 3717 et

2163 3771 2340 3818 utrum
2371 3761 2472 3816 hoc
2492 3761 2662 3832 ipsum
2689 3761 2754 3814 ad
2777 3768 3018 3814 naturam
3045 3759 3307 3828 pertineat
3329 3756 3487 3812 Verbi
3512 3754 3648 3824 eius,
3677 3755 3747 3810 de

2164 3871 2270 3928 quo
2298 3855 2508 3919 dicitur,
2538 3853 2602 3907 In
2632 3853 2882 3923 principio
2905 3860 3011 3906 erat
3047 3849 3280 3914 Verbum,
3312 3858 3359 3902 et
3398 3847 3612 3902 Verbum
3635 3854 3746 3900 erat

2164 3946 2302 4019 apud
2322 3947 2504 4011 Deum,
2534 3955 2578 3998 et
2597 3943 2737 3998 Deus
2763 3952 2870 3998 erat
2907 3940 3166 3997 Verbum?
3209 3940 3339 3995 Cum
3384 3938 3525 3993 enim
3557 3935 3624 3993 de
3653 3936 3746 3989 illo

2164 4036 2374 4102 dicitur,
2425 4034 2608 4088 Omnia
2653 4050 2742 4104 per
2785 4033 2949 4105 ipsum
2985 4033 3118 4103 facta
3146 4039 3262 4084 sunt
3291 4026 3470 4097 (Joan.
3498 4042 3538 4093 ι,
3569 4027 3620 4092 l,
3645 4025 3744 4093 3);

2165 4129 2295 4186 satis
2341 4126 2636 4182 ostenditur
2661 4133 2714 4180 et
2739 4125 2829 4179 lux
2875 4139 2970 4193 per
3014 4123 3185 4191 ipsum
3227 4119 3381 4186 facta,
3435 4133 3556 4172 cum
3613 4115 3748 4170 dixit

2165 4221 2327 4286 Deus,
2353 4217 2471 4272 Fiat
2499 4217 2606 4272 luas.
2633 4215 2784 4283 Quod
2821 4216 2864 4269 si
2912 4216 2983 4269 ita
3024 4221 3125 4276 est,
3165 4220 3421 4266 :eternum
3475 4217 3557 4263 est
3602 4206 3747 4278 quod

2165 4312 2299 4368 dixit
2321 4312 2479 4376 Deus,
2513 4308 2632 4362 Fiat
2668 4308 2797 4371 lux;
2847 4306 2968 4375 quia
3013 4303 3244 4359 Verbum
3298 4301 3391 4355 Dei
3434 4301 3572 4355 Deus
3606 4298 3748 4368 apud

2167 4406 2355 4471 Deum,
2379 4403 2543 4457 Filius
2572 4401 2757 4455 unicus
2778 4399 2890 4463 Dei,
2915 4397 3057 4452 Patri
3077 4405 3372 4451 coaeternus
3399 4403 3480 4449 est
3511 4410 3524 4445 :
3553 4406 3747 4461 quam-

2166 4498 2247 4552 vis
2276 4495 2385 4551 Ι)εο
2406 4495 2509 4549 hoc
2532 4493 2584 4548 in
2610 4501 2811 4546 :eterno
2835 4489 3012 4545 Verbo
3030 4489 3237 4542 dicente
3265 4495 3506 4540 creatura
3535 4492 3746 4551 tempo-

2167 4589 2295 4644 ralis
2325 4589 2459 4642 facta
2482 4587 2569 4640 sit.
2602 4582 2733 4640 Cum
2763 4588 2904 4640 enim
2943 4581 3104 4636 verba
3145 4581 3253 4634 sint
3307 4577 3580 4647 temporis,
3624 4589 3748 4630 cum

2169 4679 2411 4741 dicimus,
2439 4675 2681 4742 Quando,
2711 4683 2766 4729 et
2793 4671 3108 4743 aliquando;
3135 4679 3391 4724 aeternum
3438 4679 3614 4722 tamen
3663 4677 3749 4722 est

2170 4772 2225 4828 in
2249 4771 2424 4825 Verbo
2453 4768 2571 4836 Dei,
2599 4766 2809 4837 quando
2840 4764 2951 4820 ﬁeri
2977 4762 3174 4833 aliquid
3194 4763 3420 4818 debeat:
3449 4770 3504 4816 et
3541 4769 3667 4814 tunc
3693 4759 3751 4813 lit

2170 4861 2380 4932 quando
2404 4860 2517 4915 ﬁeri
2553 4858 2799 4914 debuisse
2822 4857 2872 4911 in
2902 4855 2991 4910 illo
3019 4854 3196 4910 Verbo
3244 4865 3346 4919 est,
3391 4853 3442 4907 in
3487 4867 3592 4921 quo
3637 4866 3746 4905 non

2168 4961 2253 5008 est
2279 4949 2490 5021 quando
2515 4957 2568 5004 et.
2595 4945 2894 5018 aliquando,
2932 4945 3179 5015 quoniam
3230 4953 3394 4997 totum
3441 4941 3567 4996 illud
3614 4940 3745 4996 Ver-

2171 5045 2297 5098 bum
2319 5052 2575 5097 :eternum
2601 5049 2702 5093 est.

2169 5135 2394 5193 CAPUT
2423 5133 2594 5187 lll.—
2612 5130 2747 5196 Quid
2766 5130 2829 5183 sit
2854 5130 2943 5184 tua:
2961 5129 3070 5182 illa.
3091 5127 3249 5183 Cnrve
3273 5144 3372 5181 non
3393 5127 3600 5187 dictum.
3629 5124 3750 5178 Fiat

2277 5228 2457 5281 caelum
2480 5266 2496 5292 ,
2520 5233 2637 5289 etc.,
2660 5223 2822 5288 sicut,
2844 5220 2964 5275 Fiat
2989 5221 3098 5275 lux.
3130 5218 3409 5284 Responsio
3457 5219 3640 5287 prima.

2241 5321 2296 5374 7.
2336 5318 2403 5372 Ει
2423 5315 2544 5386 quid
2571 5323 2652 5369 est
2672 5315 2759 5368 lux
2787 5313 2898 5382 ipsa
2927 5327 3044 5382 quae
3072 5309 3206 5364 facta
3242 5310 3357 5364 est?
3384 5318 3561 5362 utrum
3590 5305 3752 5374 spiri-

2172 5409 2361 5466 rituale
2389 5404 2536 5475 quid,
2569 5419 2635 5457 an
2668 5401 2977 5471 corporale?
3005 5400 3058 5455 Si
3081 5400 3220 5454 enim
3248 5397 3538 5468 Spirituale,
3578 5403 3755 5465 potest

2173 5503 2285 5571 ipsa
2312 5513 2430 5553 esse
2457 5497 2625 5566 prima
2653 5504 2909 5559 creatura,
2931 5493 3040 5562 jam
3067 5490 3170 5546 hoc
3197 5489 3340 5545 dicto
3361 5490 3611 5559 perfecta,
3635 5501 3754 5556 quas

2176 5591 2345 5661 primo
2369 5589 2560 5643 caelum
2583 5585 2844 5657 appellata
2864 5592 2965 5650 est,
2991 5597 3109 5637 cum
3135 5581 3331 5635 dictum
3356 5587 3457 5644 est,
3484 5577 3549 5631 In
3568 5578 3730 5646 princi

2178 5681 2259 5750 pio
2299 5679 2413 5748 fecit
2457 5677 2592 5731 Deus
2628 5674 2808 5730 caelum
2848 5684 2895 5728 et
2941 5683 3168 5726 terram:
3195 5681 3252 5725 ut
3275 5672 3415 5740 quod
3441 5669 3568 5723 dixit
3595 5667 3752 5733 Deus,

2184 5769 2300 5825 Fiat
2322 5768 2412 5825 lux
2426 5786 2445 5837 ;
2465 5777 2511 5824 et
2522 5773 2657 5842 facta
2681 5775 2752 5826 est
2771 5769 2878 5837 tux,
2893 5781 3009 5823 eam
3026 5775 3309 5823 revocante
3323 5763 3389 5820 ad
3405 5777 3464 5820 se
3480 5762 3750 5830 Creatore,
