4056 6476
348 341 452 398 219

344 454 630 514 conversio
655 454 770 524 ejus
790 451 926 506 facta
954 458 1112 519 atque
1130 446 1423 502 illuminata
1452 443 1788 516 intelligatur.

417 550 472 602 8.
518 546 588 600 Et
619 561 716 600 cur
748 545 828 598 ita.
855 542 1055 597 dictum
1092 549 1174 595 est
1195 580 1212 605 ,
1259 535 1327 592 In
1359 536 1607 607 principio
1650 536 1764 606 fecit
1797 533 1936 588 Deus

344 642 528 692 artum
554 647 602 691 et
632 646 849 700 terram;
878 644 1058 689 etnon
1088 631 1284 685 dictum
1311 636 1415 695 est,
1445 627 1502 682 ln
1529 626 1786 697 principio
1807 625 1937 680 dixit

344 732 509 797 Deus,
539 729 661 785 Fiat
687 728 886 784 etelum
911 735 964 780 et
991 734 1160 787 terra;
1206 731 1262 776 et
1306 720 1442 775 facta
1480 727 1604 791 sunt
1646 719 1839 774 cmlum
1882 725 1937 772 et

343 836 488 876 terra
518 839 534 875 :
565 821 705 876 sicut
743 819 812 874 de
848 819 966 872 luce
1001 822 1266 877 narratur,
1292 812 1435 866 Dixit
1473 810 1630 874 Deus,
1654 808 1774 862 Fiat
1807 809 1934 872 lux;

339 925 387 968 et
431 918 568 982 facta
597 921 669 966 est
700 911 827 965 lux?
869 908 1059 965 Utrum
1113 905 1257 976 prius
1304 902 1679 958 universaliter
1719 899 1934 955 nomine

340 1007 465 1061 meti
498 1015 552 1060 et
580 1014 736 1058 terra:
761 997 1318 1070 comprehendendum
1345 1003 1460 1050 erat
1483 1003 1536 1050 et
1555 991 1932 1049 commendan-

340 1098 472 1150 dum
505 1094 647 1166 quod
669 1093 792 1148 fecit
819 1093 995 1157 Deus;
1023 1099 1078 1145 et
1096 1087 1286 1144 deinde
1313 1102 1410 1158 per
1436 1095 1614 1156 partes
1643 1098 1933 1154 exsequen-

341 1187 472 1239 dum
496 1227 510 1248 .
541 1183 811 1255 quomodo
841 1182 995 1246 fecit,
1027 1195 1146 1235 cum
1177 1194 1272 1248 per
1298 1178 1501 1248 singula
1533 1175 1759 1239 dicitur,
1787 1173 1934 1228 Dixit

342 1277 596 1342 Deus;id
631 1285 711 1331 est
731 1315 747 1340 ,
779 1275 900 1345 quia
931 1289 1027 1344 per
1060 1271 1291 1327 Verbum
1320 1285 1474 1326 suum
1500 1268 1651 1335 fecit,
1677 1264 1932 1337 quidquid

340 1371 466 1425 tccit
481 1371 507 1424 ?

340 1459 571 1516 CAPUT
619 1456 994 1514 lV.—Altera
1036 1455 1294 1525 responsio
1330 1453 1399 1506 ad
1435 1452 1743 1522 superiorem
1786 1464 1930 1522 qure-

1023 1547 1257 1601 stionem.

415 1641 474 1696 9.
513 1641 598 1694 An
623 1655 744 1694 cum
770 1639 1000 1709 primum
1033 1636 1192 1692 ﬁebat
1221 1634 1519 1690 informitas
1554 1633 1790 1688 materiae
1816 1632 1928 1688 sive

348 1732 646 1802 spiritna-lis
674 1732 784 1786 sive
808 1730 1098 1799 corporalis
1119 1770 1135 1796 ,
1163 1743 1270 1782 non
1296 1736 1410 1781 erat
1441 1725 1721 1781 dicendum
1738 1715 1928 1790 ,Dixit

339 1822 520 1886 Deus,
549 1821 703 1886 Fiat;
742 1821 862 1890 quia
887 1819 1112 1874 formam
1145 1817 1302 1872 Verbi
1343 1831 1554 1886 semper
1583 1815 1723 1869 Patri
1749 1815 1926 1869 cohae-

344 1915 539 1978 rentis,
567 1927 676 1982 quo
702 1911 1026 1981 sempiterne
1050 1909 1178 1964 dicit
1208 1911 1345 1963 Deus
1369 1907 1566 1971 omnia,
1596 1920 1766 1975 neque
1795 1917 1927 1958 sono

343 2004 492 2058 vocis
528 2017 704 2072 neque
740 2001 1056 2070 cogitatione
1087 2009 1320 2068 tempora
1365 2011 1618 2052 sonorum
1657 1994 1921 2059 volvente,

344 2094 440 2147 sed
467 2101 730 2148 coaeterna
778 2092 879 2146 sibi
924 2093 1038 2145 luce
1066 2107 1096 2145 a
1126 2105 1184 2146 se
1222 2090 1414 2160 genita:
1455 2086 1773 2156 Sapientia),
1817 2101 1925 2140 non

345 2185 587 2238 imitatur
611 2182 960 2252 imperfectio,
989 2199 1110 2237 cum
1135 2181 1411 2237 dissimilis
1433 2180 1500 2234 ab
1526 2194 1591 2234 eo
1610 2178 1755 2248 quod
1781 2193 1928 2233 sum-

341 2289 431 2328 me
481 2289 546 2329 ac
581 2275 827 2344 primitus
863 2282 940 2328 est
963 2311 980 2338 ,
1028 2271 1348 2327 informitate
1384 2269 1609 2340 quadam
1649 2268 1820 2323 tendit
1857 2267 1924 2323 ad

341 2365 602 2429 nihilum;
634 2365 728 2420 sed
774 2374 899 2419 tunc
946 2365 1180 2418 imitatur
1228 2361 1386 2417 Verbi
1431 2360 1672 2426 formam,
1713 2367 1925 2430 semper

340 2467 502 2527 atque
540 2457 1044 2512 incommutabiliter
1089 2455 1230 2511 Patri
1276 2454 1664 2520 coluerentem,
1707 2467 1828 2506 cum
1870 2460 1924 2506 et

347 2548 461 2616 ipsa
488 2562 586 2616 pro
614 2548 694 2601 sui
723 2548 935 2617 generis
977 2545 1324 2601 conversione
1365 2543 1432 2598 ad
1465 2543 1516 2598 id
1540 2542 1680 2612 quod
1711 2556 1834 2596 vere
1861 2555 1925 2596 ac

339 2652 557 2706 semper
584 2645 687 2703 est,
712 2636 763 2692 id
791 2647 873 2692 est
899 2635 963 2691 ad
989 2645 1280 2691 creatorem
1309 2650 1419 2689 suae
1447 2633 1754 2688 substantia:
1771 2632 1925 2697 ,_for-

342 2746 483 2784 mam
525 2732 704 2800 capit,
748 2739 803 2785 ct
847 2730 904 2784 fit
947 2730 1180 2799 perfecta
1219 2736 1498 2783 creatura:
1528 2727 1664 2781 utin
1692 2741 1756 2781 eo
1782 2726 1922 2796 quod

338 2821 615 2891 Scriptura
642 2833 860 2889 narrat,
889 2821 1031 2876 Dixit
1067 2821 1232 2883 Deus,
1262 2819 1415 2882 Fiat,
1445 2819 1799 2888 intelligamus
1829 2817 1922 2872 Dei

339 2913 540 2968 dictum
572 2914 940 2982 incorporeum
983 2913 1034 2967 in
1083 2921 1268 2967 natura
1317 2910 1472 2966 Verbi
1516 2910 1633 2979 ejus
1673 2908 1923 2964 comterni

343 3005 643 3058 revocantis
671 3005 736 3058 ad
766 3020 824 3058 se
853 2989 1302 3073 imperfectionem
1330 3008 1608 3065 creaturae,
1638 3009 1696 3054 ut
1720 3015 1826 3054 non
1857 2992 1926 3052 sit

344 3094 609 3160 informis,
634 3095 725 3149 sed
751 3093 1008 3147 formetur
1032 3093 1318 3148 secandum
1345 3092 1549 3162 singula
1577 3106 1697 3161 quae
1718 3107 1811 3159 per
1837 3105 1924 3144 or—

339 3187 524 3240 dinem
556 3186 889 3255 exsequitur?
919 3185 974 3239 lu
1002 3201 1106 3254 qua
1133 3184 1480 3240 conversione
1509 3193 1563 3238 et
1588 3184 1921 3246 formatione,

343 3276 470 3344 qtn'a
511 3291 608 3344 pro
634 3290 734 3330 suo
758 3275 916 3329 modo
947 3276 1182 3329 imitatur
1224 3275 1388 3328 Deum
1418 3274 1673 3340 Verbum,
1705 3274 1807 3328 hoc
1843 3280 1928 3327 est

340 3368 439 3421 Dei
489 3367 682 3421 Filium
737 3383 946 3435 semper
995 3367 1137 3421 Patri
1185 3365 1561 3430 colncrcntem,
1593 3366 1741 3435 plena
1781 3364 1928 3419 simi-

343 3458 570 3514 litudine
597 3469 654 3514 et
675 3460 904 3514 essentia
930 3459 1062 3528 pari,
1091 3475 1190 3528 qua
1219 3460 1329 3527 ipse
1354 3468 1405 3511 et
1430 3459 1586 3511 Pater
1617 3472 1780 3510 unum
1807 3463 1928 3510 sunt

342 3551 525 3618 (Joan.
551 3567 607 3618 ιι,
631 3550 722 3623 '50)
740 3569 754 3616 ;
773 3567 880 3605 non
903 3561 1076 3606 autem
1100 3551 1334 3605 imitatur
1350 3550 1486 3604 hanc
1506 3548 1661 3604 Verbi
1677 3547 1923 3614 formam,

340 3643 388 3696 si
432 3657 616 3695 aversa
645 3658 673 3695 a
702 3642 988 3708 Creatore,
1034 3641 1274 3696 informis
1314 3650 1367 3696 et
1409 3639 1710 3710 imperfecta
1751 3655 1926 3694 rema-

341 3742 504 3788 neat:
536 3744 813 3804 propterea
844 3735 962 3788 Filii
999 3733 1430 3788 commemoratio
1457 3748 1564 3786 non
1603 3733 1671 3786 ita
1712 3734 1769 3785 tit
1805 3733 1927 3801 quia

341 3822 599 3889 Verbum,
628 3824 721 3878 sed
753 3834 955 3880 tantum
977 3826 994 3856 ³
1021 3825 1142 3894 quia
1174 3824 1486 3894 principium
1511 3833 1614 3890 est,
1638 3839 1760 3895 cum
1792 3823 1928 3878 diei-

340 3925 461 3980 tur,
502 3915 570 3970 ln
612 3918 859 3988 principio
897 3919 1012 3989 fecit
1046 3917 1184 3972 Deus
1221 3918 1402 3972 caelum
1441 3925 1488 3972 et
1516 3926 1736 3980 terram;
1769 3932 1926 3972 exor-

341 4007 490 4060 dium
517 4009 709 4076 quippe
731 4017 986 4063 creaturae
1013 4010 1308 4064 insinuatur
1327 4009 1501 4064 adhuc
1526 4009 1574 4064 in
1607 4009 1929 4064 informitate

341 4098 761 4166 imper-lectionis
788 4117 802 4152 :
833 4099 891 4152 fit
917 4111 1093 4154 autem
1138 4100 1250 4153 Filii
1279 4099 1751 4166 commemoratio,
1789 4099 1927 4170 quod

341 4187 503 4240 etiam
537 4187 771 4244 Verbum
801 4196 902 4249 est.
933 4204 998 4244 eo
1022 4189 1161 4259 quod
1193 4189 1445 4258 scriptum
1477 4197 1584 4257 est,
1604 4187 1746 4242 Dixit
1768 4188 1926 4256 Deus,

345 4276 469 4329 Fiat
483 4294 501 4340 ;
525 4287 580 4331 ut
600 4294 692 4347 per
713 4278 763 4332 id
782 4279 919 4347 quod
946 4278 1258 4348 principium
1281 4288 1381 4344 est,
1406 4278 1636 4333 insinuet
1654 4278 1927 4333 exordium

343 4377 604 4421 creaturae
632 4370 906 4423 cxistentis
941 4369 1009 4423 ab
1049 4370 1136 4424 illo
1161 4369 1334 4423 adhuc
1367 4368 1724 4439 imperfectae;
1757 4385 1851 4439 per
1875 4369 1929 4424 id

341 4472 522 4516 autem
555 4462 695 4532 quod
724 4463 952 4523 Verbum
981 4470 1082 4530 est,
1114 4462 1345 4519 insinuet.
1380 4461 1754 4532 perfectionem
1782 4477 1931 4516 crea-

345 4569 480 4610 tura:
529 4566 788 4611 revocata:
830 4557 898 4610 ad
939 4572 1100 4622 eum,
1147 4564 1205 4610 ut
1253 4556 1565 4610 formaretur
1621 4553 1928 4610 inhrerendo

341 4647 608 4714 Creatori,
637 4657 691 4702 et
716 4664 810 4716 pro
836 4663 932 4702 suo
959 4664 1156 4718 genere
1193 4647 1446 4701 imitando
1473 4646 1696 4700 formam
1726 4646 1927 4714 sempi-

345 4747 498 4792 terne
519 4747 676 4808 atque
702 4740 1198 4794 incomnmtahiliter
1219 4739 1564 4794 inluercntem
1585 4739 1748 4806 Patri,
1772 4753 1803 4792 a
1823 4753 1928 4809 quo

341 4831 522 4884 statim
546 4831 646 4884 hoc
672 4840 754 4884 est
777 4831 917 4900 quod
947 4833 1051 4886 iile.

340 4919 572 4975 CAPUT
609 4921 669 4974 V.
695 4951 763 4961 —-
782 4921 1059 4991 Informem
1085 4938 1190 4975 esse
1216 4929 1493 4974 creaturam
1523 4918 1924 4984 intellectualem,

412 5015 511 5067 nisi
531 5014 826 5084 perficiatur
847 5029 1084 5067 conversa
1102 5015 1169 5066 ad
1189 5014 1410 5066 divinum
1442 5010 1674 5065 Verbum.
1702 5009 1927 5080 Spiritus

412 5114 616 5158 sanctus
643 5121 733 5157 cur
774 5120 926 5174 super
962 5119 1144 5173 aquam
1181 5107 1304 5173 ferri
1347 5103 1508 5155 dictus
1549 5110 1620 5155 est
1661 5110 1926 5170 antequam

415 5184 711 5247 narraretur
736 5195 923 5248 dixisse
942 5192 1126 5260 Deum,
1155 5192 1270 5246 Fiat
1298 5193 1409 5246 lux.

415 5284 500 5337 10.
541 5283 657 5338 Non
720 5284 863 5338 enim
928 5281 1086 5337 habet
1141 5281 1420 5337 informem
1470 5281 1636 5336 vitam
1688 5280 1923 5337 Verbum

341 5373 550 5442 Filius,
600 5376 684 5434 cui
722 5391 826 5430 non
871 5373 1040 5430 solum
1085 5373 1188 5428 hoc
1235 5381 1318 5428 est
1366 5389 1486 5430 esse
1529 5373 1670 5444 quod
1710 5375 1918 5441 vivere,

337 5467 436 5525 sed
479 5466 638 5522 etiam
688 5465 793 5520 hoc
842 5474 921 5521 cst
962 5467 1178 5530 vivere,
1231 5464 1371 5534 quod
1422 5472 1503 5518 est
1551 5464 1818 5534 sapienter
1860 5480 1922 5520 ac

343 5559 499 5613 beate
544 5557 744 5612 vivere.
789 5555 1043 5612 Creatura
1083 5570 1244 5622 vero,
1292 5570 1592 5625 quanquam
1634 5555 1922 5626 spiritualis

334 5660 396 5705 et
420 5650 788 5706 intellectualis
812 5650 895 5705 vel
941 5647 1244 5714 rationalis,
1286 5662 1404 5717 quae
1441 5647 1648 5702 videtur
1685 5663 1804 5705 esse
1846 5649 1918 5704 illi

408 5763 428 5795 ³
444 5768 498 5812 ιιι
517 5763 654 5826 prius
675 5737 838 5826 editis,
859 5763 943 5816 sed
962 5761 1125 5815 etiam.
1149 5769 1201 5813 tn
1221 5769 1350 5825 Mss,
1372 5760 1456 5813 sed
1475 5767 1670 5812 tantum.

1732 328 1934 384 LIBER
1972 328 2246 387 PRIMUS.

3517 343 3627 399 250

2045 440 2219 498 Verbo
2253 445 2592 515 propinquior
2613 487 2629 515 ,
2665 457 2840 518 potest
2881 435 3078 506 habere
3118 451 3395 510 informem
3423 455 3622 512 vitam;

2041 534 2161 602 quia
2189 550 2291 590 non
2320 537 2456 592 sicut
2484 537 2586 594 hoc
2609 547 2692 596 est
2713 539 2763 595 ei
2790 555 2910 596 esse
2935 541 3074 612 quod
3112 542 3291 599 vivere
3312 584 3329 612 ,
3362 545 3434 600 ita
3477 547 3578 600 hoe
3603 547 3619 579 ⁸

2039 624 2217 682 vivere
2253 629 2397 698 quod
2437 631 2703 702 sapienter
2726 647 2789 688 ac
2829 633 2980 690 beate
3019 635 3216 692 vivere.
3250 636 3452 693 Aversa
3479 641 3620 694 enim

2039 730 2069 769 a
2096 717 2366 786 Sapientia
2388 718 2826 789 incommutabili,
2849 723 3010 780 stulte
3033 740 3096 780 ac
3119 725 3312 781 misere
3331 727 3479 794 vivit,
3502 745 3622 798 qua:

2039 806 2332 866 informitas
2359 811 2477 879 ejus
2503 822 2604 868 est.
2645 813 2929 870 Fomtatur
2955 827 3134 872 autem
3160 833 3416 874 conversa
3443 820 3508 875 ad
3539 820 3620 876 in-

2036 902 2409 958 commutabile
2437 905 2616 960 lumen
2660 905 2976 978 Sapientia},
3006 907 3238 965 Verbum
3283 912 3396 966 Dei.
3425 914 3470 966 Α
3513 929 3620 984 quo

2037 995 2180 1050 enim
2209 994 2411 1050 exstitit
2440 1004 2498 1049 ut
2525 996 2594 1050 sit
2623 1006 2908 1068 utcumque
2935 1013 2998 1054 ac
3021 999 3191 1066 vivat,
3221 1000 3287 1055 ad
3315 1001 3460 1058 illum
3487 1017 3617 1058 con-

2035 1087 2257 1152 vertitur
2276 1094 2334 1139 ut
2357 1087 2625 1155 sapienter
2643 1101 2706 1141 ac
2727 1087 2878 1142 beate
2899 1089 3056 1144 vivat.
3081 1089 3400 1160 Principium
3423 1094 3619 1163 quippe

2035 1188 2296 1233 creatum
2341 1177 2715 1233 intellectualis
2757 1189 2841 1234 est
2882 1189 3078 1234 aiterna
3127 1181 3424 1250 Sapientia;
3475 1183 3614 1254 quod

2034 1268 2349 1338 principium
2401 1283 2621 1337 manens
2669 1268 2720 1322 in
2773 1284 2832 1324 se
2885 1269 3414 1338 incommutabiliter,
3468 1273 3617 1328 nullo

2033 1361 2194 1416 modo
2220 1370 2395 1419 cessat
2422 1361 2442 1392 ¹¹
2472 1360 2676 1415 occulta
2703 1360 3048 1430 inspiratione
3075 1363 3368 1417 vocationis
3395 1363 3536 1433 loqui
3563 1363 3614 1419 ei

2032 1460 2290 1506 creatura:
2330 1451 2414 1505 cui
2447 1451 2761 1520 principium
2787 1460 2900 1518 est,
2941 1460 2999 1505 ut
3021 1461 3357 1507 convertatur
3378 1453 3445 1507 ad
3471 1453 3521 1507 id
3547 1468 3613 1508 ex

2031 1559 2136 1612 quo
2156 1551 2257 1612 est,
2289 1542 2431 1612 quod
2457 1543 2610 1598 aliter
2633 1542 2856 1596 formata
2882 1557 2944 1596 ac
2965 1542 3193 1612 perfecta
3221 1558 3340 1598 esse
3365 1558 3470 1597 non
3499 1558 3615 1612 pos-

2031 1634 2120 1688 sit.
2149 1633 2380 1702 Ideoque
2404 1633 2756 1702 interrogatus
2781 1633 2900 1702 quis
2926 1643 3088 1701 esset,
3117 1633 3388 1703 respondit
3415 1652 3428 1688 :
3458 1632 3615 1688 Prin-

2032 1725 2239 1795 cipium,
2267 1724 2384 1793 quia
2411 1733 2456 1777 et
2479 1723 2655 1793 loquor
2683 1723 2818 1777 vobis
2849 1723 3027 1794 (Joan.
3052 1739 3169 1791 vut,
3199 1723 3316 1794 25).

2102 1819 2190 1872 Η.
2237 1815 2387 1882 Quod
2432 1824 2610 1870 autem
2651 1816 2815 1870 Filius
2855 1816 3103 1886 loquitur,
3144 1815 3295 1870 Pater
3345 1815 3604 1884 loquitur,

2029 1906 2151 1976 quia
2207 1906 2365 1962 Patre
2415 1906 2664 1975 loquente
2707 1905 2898 1960 dicitur
2947 1905 3213 1970 Verbum,
3260 1905 3400 1974 quod
3447 1903 3611 1960 Filius

2030 2006 2113 2052 est
2136 2036 2152 2061 ,
2177 2004 2380 2051 aeterno
2405 2011 2585 2060 more,
2609 1995 2655 2050 si
2703 2011 2852 2051 more
2894 1995 3174 2050 dicendum
3211 2005 3295 2049 est
3317 2036 3330 2059 ,
3363 1995 3610 2066 loquente

2030 2089 2140 2143 Deo
2182 2089 2414 2144 Verbum
2449 2097 2771 2143 coccternum
2819 2086 2938 2162 (ιι).
2990 2087 3134 2143 Inest
3173 2088 3313 2142 enim
3357 2087 3468 2142 Deo
3515 2089 3610 2144 be-

2011 2181 2259 2252 nignitas
2305 2196 2544 2247 summa,
2589 2190 2644 2237 et
2682 2190 2865 2236 sancta
2919 2190 2972 2236 et
3019 2182 3190 2256 justo;
3246 2189 3302 2236 et
3347 2181 3560 2250 quidem
3587 2181 3608 2212 ⁸

2011 2290 2138 2347 ηιιοιι
2173 2289 2239 2330 ex
2279 2273 2562 2344 indigentia
2582 2313 2597 2337 ,
2627 2273 2722 2328 sed
2749 2288 2814 2328 ex
2843 2271 3191 2328 beneficentia
3221 2271 3440 2327 veniens
3459 2287 3610 2327 amor

2042 2365 2095 2420 in
2123 2380 2284 2437 opera
2314 2381 2430 2419 sua.
2460 2365 2747 2435 Propterea
2775 2365 3077 2434 priusquam
3103 2364 3440 2430 scriberetur,
3471 2363 3610 2418 Dixit

2027 2454 2168 2510 Deus
2195 2497 2212 2520 ,
2261 2453 2382 2509 Fiat
2428 2455 2518 2509 tua:
2534 2470 2554 2519 ;
2604 2455 2877 2526 praecessit
2929 2454 3205 2524 Scriptura
3259 2454 3486 2520 dicens,
3540 2454 3609 2507 Et

2012 2548 2253 2619 Spiritus
2302 2548 2398 2603 De'i
2433 2547 2836 2619 superferebatur
2872 2564 3026 2616 super
3063 2564 3264 2618 aquam.
3310 2546 3444 2622 Quia
3495 2545 3608 2602 sive

2027 2654 2181 2710 aquae
2206 2639 2423 2694 nomine
2458 2639 2725 2708 appellare
2752 2639 2918 2693 voluit
2939 2647 3102 2692 totam
3142 2637 3470 2708 corporalem
3497 2652 3610 2692 ma-

2029 2735 2212 2786 teriam
2233 2773 2248 2798 ,
2287 2741 2344 2786 ut
2368 2747 2432 2789 eo
2457 2733 2616 2786 modo
2645 2732 2936 2787 insinuaret
2969 2731 3108 2785 unde
3131 2731 3265 2784 facta
3296 2742 3349 2785 et
3383 2729 3609 2788 formata

2026 2825 2135 2878 sint
2183 2823 2358 2878 omnia
2384 2865 2399 2889 ,
2443 2840 2561 2893 qua:
2601 2824 2654 2878 in
2697 2823 2810 2880 suis
2844 2824 3122 2894 generibus
3153 2824 3264 2893 jam
3298 2823 3609 2894 dignoscere

2028 2928 2310 2984 possumus
2335 2954 2351 2981 ,
2397 2914 2668 2984 appellans
2711 2930 2934 2984 aquam,
2979 2917 3099 2984 quia
3139 2929 3205 2968 ex
3247 2913 3460 2968 humida
3511 2929 3609 2970 na-

2029 3016 2142 3061 tura
2182 3007 2424 3062 videmus
2467 3008 2642 3062 omnia
2677 3007 2732 3060 in
2767 3015 2907 3062 terra
2946 3022 3041 3076 per
3078 3007 3286 3077 species
3313 3008 3484 3062 varias
3503 3005 3612 3062 for-

2016 3100 2159 3178 mari
2181 3109 2338 3170 atque
2357 3113 2730 3164 concrescere;
2753 3100 2864 3154 sive
2889 3098 3215 3170 Spiritualem
3243 3099 3406 3153 vitam
3427 3113 3612 3169 quam-

2029 3189 2149 3244 dam
2187 3198 2311 3244 ante
2333 3189 2558 3244 formam
2585 3190 2950 3244 conversionis
2977 3191 3125 3260 quasi
3154 3190 3447 3246 ﬂuitantem
3481 3205 3611 3246 εειιν

2031 3279 2393 3348 perferebatur
2443 3280 2625 3350 utique
2676 3280 2902 3350 Spiritus
2957 3281 3086 3346 Dei;
3138 3281 3259 3351 quia
3309 3280 3614 3352 subjacchat

2029 3371 2234 3426 scilicet
2257 3371 2412 3426 bona:
2439 3371 2693 3426 voluntati
2723 3371 2992 3426 Creatoris
3013 3414 3026 3436 ,
3059 3371 3310 3446 quidquid
3347 3371 3480 3428 illud
3501 3381 3616 3428 erat

2030 3461 2168 3530 quod
2218 3461 2553 3517 formandum
2592 3461 3075 3532 perficiendumque
3115 3463 3456 3518 inchoaverat
3493 3478 3509 3516 :
3557 3471 3616 3517 ut

2030 3552 2238 3607 dicente
2267 3553 2378 3608 Deo
2407 3552 2458 3606 in
2487 3551 2663 3607 Verbo
2703 3567 2822 3617 suo,
2865 3551 2983 3606 Fiat
3025 3553 3146 3616 lux;
3175 3553 3226 3606 in
3258 3552 3393 3606 bona
3422 3552 3615 3606 volun-

2033 3651 2158 3709 tate,
2186 3643 2288 3697 hoc
2309 3651 2392 3698 est
2417 3643 2468 3696 in
2495 3643 2825 3713 beneplacito
2852 3643 2968 3713 ejus
2995 3659 3088 3713 pro
3110 3643 3324 3698 modulo
3348 3644 3428 3698 sui
3453 3658 3616 3714 gene-

2031 3733 2104 3788 ris
2139 3742 2382 3790 maneret
2409 3733 2550 3804 quod
2579 3737 2773 3790 factum
2803 3744 2918 3802 est;
2966 3743 3020 3789 et
3064 3735 3183 3790 ideo
3224 3743 3426 3790 rectum
3469 3743 3550 3790 est
3570 3735 3613 3800 ‘,

2031 3825 2172 3896 quod
2196 3825 2453 3895 placuerit
2486 3825 2629 3890 Deo,
2672 3825 2942 3895 Scriptura
2981 3826 3226 3893 dicente,
3270 3826 3337 3880 Et
3367 3828 3503 3899 facta
3541 3834 3616 3881 est

2017 3916 2151 3992 lux;
2171 3925 2217 3970 et
2243 3916 2364 3980 vidit
2392 3915 2530 3970 Deus
2550 3916 2709 3971 lucem
2733 3917 2852 3986 quia
2896 3917 3026 3971 bona
3047 3925 3140 3971 est.

2032 4006 2257 4063 CAPUT
2288 4005 2461 4062 VL—
2486 4006 2705 4061 Trinitas
2750 4007 3003 4061 insinuata
3036 4024 3146 4061 cum
3188 4008 3240 4062 in
3276 4007 3611 4073 inchoatione,

2246 4156 2248 4158 τ
2423 4108 2531 4152 tum
2552 4099 2604 4152 in
2631 4099 2933 4171 perfectione
2965 4111 3223 4154 creaturaz.

2107 4189 2194 4243 12.
2237 4189 2307 4244 Ut
2348 4189 2794 4259 quemadmodum
2837 4189 2890 4243 in
2934 4189 3048 4258 ipso
3093 4188 3311 4244 exordio
3356 4189 3614 4244 inchoatzc

2032 4292 2308 4346 creaturae,
2341 4296 2458 4351 quae
2487 4281 2609 4335 coeli
2634 4289 2687 4336 et
2711 4289 2867 4336 terra:
2895 4281 3129 4345 nomine,
3161 4289 3373 4350 propter
3399 4279 3448 4333 id
3475 4279 3614 4349 quod

2023 4373 2099 4429 .de
2127 4375 2213 4428 illa
2238 4372 2616 4444 perliciendum
2639 4381 2772 4438 erat,
2803 4381 3214 4428 commemorata
3240 4380 3352 4437 est,
3386 4371 3615 4425 Trinitas

2095 4533 2111 4564 ¹
2137 4531 2255 4581 Editi
2280 4545 2292 4580 :
2318 4527 2435 4590 (mia
2455 4528 2580 4580 sicut
2599 4539 2692 4577 non
2711 4525 2799 4577 hoc
2820 4531 2890 4577 est
2909 4523 2956 4576 ei
2975 4539 3074 4575 esse
3098 4525 3226 4586 quod
3243 4522 3415 4590 viuere,
3437 4522 3506 4574 ita
3527 4535 3616 4573 nec

2029 4591 2118 4658 hoc
2141 4593 2297 4658 vivere
2319 4587 2463 4658 quod,
2491 4597 2586 4639 etc.
2611 4595 2794 4658 Αιβιεβ.
2833 4601 3008 4658 magno
3020 4599 3270 4658 consensu
3288 4587 3468 4658 ferth
3472 4599 3485 4658 ξ
3514 4593 3613 4634 Non

2028 4656 2150 4708 sicut
2167 4656 2255 4705 ltoc
2277 4647 2406 4704 estei
2428 4647 2534 4715 esse
2561 4649 2689 4715 quod
2712 4649 2897 4715 vivere,
2916 4647 2989 4715 ita
3011 4648 3099 4715 hoc
3122 4647 3294 4708 vivere,
3320 4653 3414 4715 etc.
3440 4653 3493 4698 Et
3525 4660 3615 4715 ve-

2029 4707 2130 4767 rius
2160 4732 2210 4766 1n
2241 4707 2738 4778 Augthtinidoctrina,
2761 4712 2840 4778 qui
2854 4707 2907 4778 in
2922 4711 3016 4778 lib.
3041 4711 3103 4760 de
3134 4707 3615 4778 tmmortalitate__at_ti-

2029 4792 2141 4839 mar,
2165 4791 2270 4840 cap.
2293 4770 2343 4837 8',
2366 4789 2417 4840 ιι,
2443 4775 2519 4834 15,
2543 4770 2754 4840 animum
2774 4770 2866 4840 nisi
2891 4773 3018 4840 vivat
3039 4785 3152 4840 esse
3190 4785 3285 4819 non
3307 4770 3612 4840 possedicit;

2029 4833 2242 4905 morque
2263 4833 2366 4905 cap.
2390 4838 2422 4887 9
2448 4833 2514 4905 :_d
2537 4833 2682 4905 Nulla
2705 4848 2805 4893 res,
2843 4835 3015 4897 inquit,
3051 4834 3213 4897 seipse
3247 4833 3398 4883 mret.
3433 4838 3514 4882 ω
3531 4844 3615 4880 au-

2038 4897 2177 4952 ateui
2214 4897 2400 4950 animus
2432 4902 2528 4948 vita
2543 4897 2823 4966 quaedam.)
2911 4955 2953 4966 η

2093 4967 2112 4995 ²
2135 4965 2207 5012 sic
2229 4970 2336 5013 Lov.
2364 4968 2418 5010 At
2441 4969 2540 5008 Am.
2562 4953 2622 5008 'et
2652 4964 2745 5016 Er.,
2770 4955 2988 5009 cessabit.
3023 4965 3128 5006 Mss.
3166 4956 3358 5014 decem,
3382 4953 3612 5004 cessabat.

2027 5022 2329 5075 Colhertinus
2346 5023 2498 5073 codex
2523 5020 2703 5082 aliique
2717 5021 2970 5069 duodecim
2992 5017 3206 5068 melioris
3223 5024 3366 5075 noun,
3390 5021 3611 5066 cessaret.

2027 5091 2080 5135 Et
2101 5091 2648 5150 consequentenom‘nes
2669 5094 2817 5143 [r0110
2843 5089 2946 5150 Mss.
2991 5082 3062 5130 sic
3099 5085 3459 5150 prosequuntur
3491 5089 3504 5125 :
3558 5084 3612 5125 σε

2027 5140 2282 5197 converter}
2298 5154 2376 5196 tur
2411 5144 2476 5194 ad
2509 5143 2561 5194 id
2584 5156 2648 5192 ex
2669 5140 2776 5206 quo
2808 5149 2948 5202 esset,
2981 5140 3118 5205 quod
3144 5140 3365 5190 aliter....
3388 5150 3492 5188 esse
3520 5150 3615 5188 non

1928 5251 1934 5256 .
2027 5216 2196 5272 posset.

2091 5271 2112 5333 ἒ
2133 5277 2165 5318 L
2195 5284 2268 5330 v.,
2286 5267 2514 5333 quidam._
2533 5273 2594 5333 at
2609 5273 2712 5333 Mss.
2737 5278 2888 5328 prope
2910 5278 3102 5333 omnes,
3121 5262 3314 5333 quidem

2088 5332 2111 5364 ἰ
2133 5321 2372 5388 Μεε.ἐέχ,
2412 5335 2457 5378 et
2494 5327 2605 5378 ideo
2641 5321 2942 5378 lectum'est.
2988 5321 3348 5388 vindo'cinensis
3367 5321 3544 5388 codex,
3568 5327 3615 5388 ct

2025 5391 2136 5455 ideo
2159 5393 2342 5443 dictum
2361 5385 2447 5442 est.
2480 5398 2535 5440 At
2551 5390 2716 5439 cazteri
2747 5396 2867 5455 Mss._
2890 5395 2941 5437 et
2965 5388 3080 5455 editi
3111 5388 3201 5455 hic
3221 5393 3273 5455 et
3309 5387 3359 5434 in
3398 5385 3522 5455 libro
3555 5385 3612 5455 ad

2025 5454 2196 5504 Dulcit.
2222 5454 2420 5512 habent,
2445 5456 2628 5516 rectum
2650 5455 2735 5500 est.
2761 5449 2901 5498 Paulo
2925 5456 3032 5516 post
3053 5447 3270 5516 in_edit_is
3287 5445 3472 5516 caput._6
3493 5446 3613 5516 inei-

2025 5518 2206 5578 piebat,
2226 5521 2284 5583 _Et
2306 5506 2738 5583 quemadmodum;
2758 5519 2906 5583 atque
2925 5506 3067 5583 'i_nfr_a
3103 5506 3468 5583 legetiatur,_ita
3495 5514 3542 5557 et
3562 5506 3612 5557 in

2024 5570 2401 5628 conversione...
2421 5573 2691 5625 insinuatur
2720 5570 2737 5623 ξ
2760 5570 2936 5635 quibus
2959 5570 3076 5620 locis
3095 5572 3343 5635 sequimur
3365 5578 3469 5635 διες.

2025 5768 2071 5824 8,
2092 5778 2172 5812 nu.
2199 5763 2230 5812 ‘2
2252 5771 2302 5813 et
2317 5763 2364 5810 5.

2694 5837 2740 5856 ,ι-
