4056 6456
485 319 581 376 εει
1405 313 1494 370 DE
1532 311 1780 372 GENESI
1814 310 1906 368 AD
1941 310 2314 388 LITTERAM,
2353 318 2409 376 S.
2449 320 2817 380 AUGUSTINI

453 438 462 448 '
485 437 786 493 insinuatur
807 431 1078 490 Creatoris
1101 430 1248 506 (nam
1270 430 1480 488 dicente
1503 431 1772 502 Scriptura
1796 470 1814 498 ,
1845 428 1913 485 In
1935 431 2065 502 prin-

483 528 615 600 cipio
646 528 761 599 fecit
790 525 928 582 Deus
955 526 1136 581 emtum
1163 534 1210 581 et
1238 534 1454 590 terram;
1477 524 1818 595 intelligimus
1853 524 2064 581 Patrem

483 621 537 676 in
563 618 657 674 Dei
687 618 919 683 nomine,
947 626 1002 673 et
1021 616 1213 672 Filium
1235 617 1288 671 in
1314 614 1559 689 principii
1579 615 1817 682 nomine,
1841 619 1930 688 qui
1959 633 2064 672 non

481 709 663 778 Patri,
693 708 791 766 sed
818 722 915 780 per
942 707 1176 778 seipsum
1220 715 1412 763 creata:
1459 706 1704 777 primitus
1743 722 1808 764 ac
1847 707 2066 779 potissi-

479 799 629 859 mum
655 801 916 874 spirituali
938 810 1217 866 creaturae,
1247 809 1303 856 et
1337 809 1729 872 consequenter
1753 800 1913 856 etiam
1941 801 2063 856 uni-

479 911 650 954 versae
683 904 942 952 creatura:
969 892 1282 966 principium
1309 901 1431 950 est:
1458 893 1668 950 dicente
1708 903 1886 949 autem
1915 892 2063 950 Scri-

481 999 633 1060 ptura
649 1031 665 1057 ,
689 987 759 1043 Et
791 988 1014 1061 Spiritus
1033 986 1134 1042 Dei
1151 987 1406 1058 ferebatur
1425 1002 1576 1058 super
1598 1002 1808 1058 aquam,
1831 986 2063 1058 comple-

481 1092 589 1138 tam
615 1081 1172 1140 commemorationem
1201 1079 1475 1136 Trinitatis
1500 1080 1893 1152 agnoscimus);
1917 1081 1990 1135 ita
2009 1089 2064 1135 et

479 1173 537 1228 in
561 1173 909 1229 conversione
933 1180 1092 1241 atque
1116 1169 1442 1242 perfectione
1465 1181 1728 1226 creaturae
1746 1213 1762 1238 ,
1787 1179 1857 1239 _ut
1880 1186 2061 1227 rerum

478 1264 685 1334 species
705 1265 1043 1336 digerantur,
1082 1262 1269 1320 eadem
1293 1261 1526 1318 Trinitas
1566 1261 1897 1318 insinuetur:
1928 1262 2060 1319 Ver-

479 1357 606 1413 bum
643 1358 737 1412 Dei
780 1357 1003 1422 scilicet,
1033 1366 1089 1412 et
1127 1354 1291 1412 Verbi
1331 1363 1632 1427 generator,
1675 1369 1800 1411 cum
1843 1355 2055 1422 dicitur,

477 1436 622 1504 Dixit
648 1447 821 1513 Deus;
841 1455 896 1503 et
919 1456 1101 1504 sancta
1129 1448 1359 1516 bonitas,
1376 1448 1429 1502 in
1456 1462 1560 1519 qua
1584 1448 1696 1504 Deo
1716 1447 1888 1518 placet
1906 1448 2063 1520 quid-

475 1540 602 1611 quid
633 1539 682 1595 ei
702 1555 798 1612 pro
817 1556 927 1596 sum
947 1549 1150 1596 naturai
1174 1541 1391 1596 modulo
1411 1539 1700 1611 perfectum
1720 1541 1914 1613 placet,
1937 1556 2060 1598 cum

472 1633 685 1700 dicitur,
726 1632 864 1688 Vidit
883 1632 1024 1689 Deus
1046 1634 1165 1705 quia
1185 1633 1371 1689 bonum
1392 1643 1485 1690 est.

471 1723 700 1782 CAPUT
739 1723 851 1780 Vll.
880 1754 954 1766 —-
994 1724 1218 1796 Spiritus
1243 1724 1342 1780 Dei
1370 1742 1462 1780 cur
1489 1726 1653 1782 dictus
1678 1733 1750 1782 est
1781 1729 2056 1801 superferri

1073 1832 1224 1888 super
1251 1833 1454 1889 aquam.

543 1906 635 1962 l3.
655 1903 761 1962 Sed
779 1919 877 1960 cur
893 1915 1306 1963 commemorata
1326 1908 1472 1977 prius
1491 1909 1730 1978 quamvis
1750 1908 2057 1980 imperfecta

471 2005 734 2062 creatura,
779 2006 960 2066 postea
987 2008 1434 2053 commemoratur
1479 1999 1706 2070 Spiritus
1747 2000 1863 2067 Dei,
1911 2003 2058 2072 prius

471 2090 681 2147 dicente
703 2091 994 2161 Scriptura,
1022 2089 1176 2146 Terra
1195 2101 1360 2146 autem
1385 2103 1493 2147 erat
1513 2091 1774 2149 invisibilis
1799 2103 1847 2148 et
1866 2094 2058 2149 incont-

471 2182 654 2250 posita,
683 2192 729 2236 et
757 2185 970 2236 tenebrae
997 2191 1141 2236 erant
1167 2198 1319 2254 super
1341 2181 1573 2253 abyssum
1595 2183 1646 2250 ις
1677 2199 1739 2240 ac
1762 2184 1952 2241 deinde
1977 2185 2058 2240 in-

467 2272 673 2328 fcrente
694 2312 711 2340 ,
752 2271 820 2326 Et
861 2271 1087 2344 Spiritus
1112 2273 1206 2328 Dei
1232 2275 1636 2346 superferebatur
1660 2293 1813 2349 super
1837 2279 2058 2347 aquam?

468 2364 550 2418 An
578 2365 826 2435 quoniam
854 2381 1052 2436 egenus
1078 2374 1238 2438 atque
1266 2367 1474 2438 indigus
1498 2383 1650 2425 amor
1672 2369 1741 2424 ita
1771 2369 1970 2442 diligit,
1999 2381 2056 2428 ut

470 2455 631 2510 rebus
667 2471 799 2524 quas
837 2455 1035 2527 diligit,
1065 2458 1404 2527 subjiciatur;
1443 2469 1723 2530 propterea
1752 2477 1875 2518 cum
1903 2477 2056 2519 com-

468 2557 855 2604 memoraretur
879 2547 1107 2620 Spiritus
1138 2551 1262 2616 Dei,
1293 2552 1486 2622 inquo
1526 2562 1706 2609 sancta
1745 2555 1861 2625 ejus
1889 2555 2054 2611 benc-

466 2638 697 2693 vclentia
716 2638 1046 2711 ,dilectioque
1073 2641 1403 2713 intelligitur,
1431 2645 1719 2714 superferri
1748 2645 1921 2702 dictus
1949 2656 2051 2716 est,

464 2745 534 2785 nc
571 2728 812 2786 facienda
833 2733 854 2764 '
878 2747 1041 2803 opera
1077 2747 1171 2789 sua
1209 2749 1305 2804 per
1335 2735 1637 2809 indigentiae
1678 2737 2053 2796 necessitatem

462 2821 640 2890 potius
668 2836 824 2891 quam
841 2838 935 2892 per
949 2823 1323 2880 abundantiam
1337 2826 1702 2884 beneficentia:
1716 2829 1856 2885 Deus
1870 2835 2054 2889 aniare

463 2911 774 2980 putaretur?
813 2913 979 2983 Cujus
1016 2915 1092 2969 rei
1130 2931 1336 2972 memor
1377 2917 1667 2991 Apostolus
1711 2919 1950 2980 dicturus
1985 2925 2055 2983 de

462 3001 742 3075 charitate.
769 3019 932 3078 super
949 3007 1278 3066 eminentem
1306 3011 1446 3066 viam
1480 3014 1963 3071 demonstraturum
1993 3032 2053 3074 se

462 3093 540 3152 ait
565 3093 614 3168 (Ι
638 3092 758 3153 Cor.
788 3113 863 3154 xu
882 3140 898 3166 ,
927 3099 1018 3172 51)
1045 3117 1058 3154 :
1081 3109 1138 3156 et
1164 3101 1216 3156 in
1247 3101 1352 3158 alio
1377 3102 1518 3168 loco,
1552 3102 2048 3176 Supereminentem,

457 3186 653 3258 inquit,
674 3189 892 3244 scientia:
915 3190 1210 3246 charitatem
1236 3193 1420 3248 Christi
1442 3194 1653 3266 (Ephes.
1679 3213 1755 3263 ιιι,
1780 3199 1892 3269 l9).
1919 3197 2051 3255 Cum

463 3294 593 3352 ergo
621 3281 700 3337 sic
739 3290 1010 3354 oporteret
1039 3284 1298 3340 insinuari
1329 3283 1585 3356 Spiritum
1613 3288 1740 3355 Dei,
1774 3299 1832 3345 ιιι
1859 3305 2050 3361 super-

460 3367 590 3426 ferri
629 3371 902 3429 diceretur
925 3415 939 3439 ,
967 3375 1300 3430 commodius
1325 3376 1519 3431 factum
1550 3388 1634 3434 est
1661 3388 1718 3434 ut
1744 3383 1893 3451 prius
1919 3383 2050 3438 insi-

449 3471 718 3518 nuarctur
749 3463 946 3534 aliquid
976 3465 1302 3534 inchoatum,
1325 3468 1411 3524 cui
1437 3469 1724 3539 superferri
1744 3473 2046 3542 'diccretur;

459 3568 565 3609 non
595 3556 738 3610 enim
775 3556 899 3614 loco
917 3599 933 3626 ,
957 3558 1049 3614 sed
1079 3560 1257 3614 omnia
1292 3571 1580 3632 superante
1620 3577 1684 3618 ac
1713 3565 2050 3634 prmcellente

459 3646 716 3714 potentia.

458 3736 682 3793 CAPUT
709 3737 928 3794 Vlll.—
945 3740 1041 3795 Dei
1081 3757 1226 3797 amor
1265 3743 1319 3796 in
1356 3753 1612 3799 creaturas
1649 3755 1855 3816 prastat
1897 3748 1968 3803 eis
1995 3758 2050 3804 ut

969 3834 1091 3900 sint,
1119 3843 1167 3888 et
1193 3843 1248 3888 ut
1275 3845 1527 3890 maneant.

529 3922 619 3978 ﬂ.
659 3921 733 3977 lta
781 3925 940 3979 etiam
980 3926 1139 3980 rebus
1181 3943 1249 3982 ex
1296 3928 1383 3982 illa
1413 3929 1750 3988 inchoatione
1799 3933 2048 4004 perfectis

459 4021 616 4084 atque
635 4013 893 4082 formatis,
914 4015 1035 4070 vidit
1062 4015 1195 4071 Deus
1214 4018 1334 4088 quia
1353 4017 1538 4073 bonum
1558 4029 1631 4075 est
1651 4036 1672 4075 :
1691 4021 1887 4091 placuit
1903 4024 2046 4079 enim

459 4103 600 4174 quod
640 4104 836 4160 factum
879 4115 992 4174 est,
1040 4107 1094 4162 in
1140 4123 1204 4163 ea
1251 4107 1577 4180 benignitate
1618 4127 1722 4182 qua
1761 4113 1955 4183 placuit
1990 4123 2049 4170 ut

459 4194 632 4250 fieret.
659 4195 772 4250 Duo
799 4197 996 4268 quippe
1024 4207 1146 4252 sunt
1176 4209 1393 4272 propter
1416 4217 1536 4272 qua:
1561 4211 1705 4257 amat
1732 4205 1872 4260 Deus
1895 4219 2046 4261 crea-

458 4293 628 4340 turam
649 4300 830 4353 suam;
862 4297 920 4344 ut
944 4289 1047 4352 sit.
1077 4298 1214 4345 etut
1241 4301 1470 4346 maneat.
1500 4291 1571 4350 Ut
1598 4305 1738 4351 esset
1758 4309 1885 4366 ergo
1901 4297 2045 4367 quod

456 4385 732 4445 maneret,
765 4377 987 4448 Spiritus
1011 4378 1108 4434 Dei
1131 4384 1536 4455 superferebatur
1560 4399 1715 4455 super
1739 4401 1960 4457 aquam;
1989 4397 2046 4444 ut

456 4474 636 4524 autem
659 4479 918 4536 maneret,
957 4469 1096 4526 Vidit
1118 4471 1256 4527 Deus
1275 4473 1391 4543 quia
1415 4475 1598 4528 bonum
1611 4484 1703 4530 est.
1722 4475 1791 4532 Et
1813 4479 1955 4549 quod
1976 4479 2045 4537 de

454 4558 576 4615 luce
599 4561 799 4617 dictum
823 4571 927 4630 εει,
959 4564 1060 4619 Ιιοε
1083 4563 1152 4619 de
1176 4565 1443 4621 omnibus.
1473 4566 1688 4623 Manent
1714 4573 1856 4625 enim
1893 4587 2043 4642 qua-

452 4650 577 4706 dam
615 4667 964 4724 supergressa
1003 4671 1220 4712 omnem
1268 4658 1611 4728 temporalem
1659 4661 2040 4718 volubilitatem

458 4740 511 4795 in
547 4742 877 4811 amplissima
915 4745 1192 4801 sanctitate
1231 4748 1331 4803 sub
1359 4748 1503 4814 Deo;
1534 4749 1776 4818 quaedam
1802 4767 1929 4807 vero
1952 4767 2042 4810 se-

456 4831 688 4887 cundum
729 4835 811 4889 sui
857 4837 1109 4906 temporis
1145 4837 1366 4904 modos,
1395 4839 1520 4894 dum
1551 4855 1647 4911 per
1674 4841 2040 4900 decessionem

452 4923 953 4996 successionemque
980 4942 1160 4983 rerum
1185 4928 1499 4986 saeculorum
1531 4931 1870 5001 pulchritudo
1906 4950 2040 4990 con-

449 5017 666 5073 texitur.

447 5109 676 5168 CAPUT
715 5110 806 5168 ιιι.
826 5142 904 5154 -
927 5111 1113 5169 Utrum
1135 5116 1190 5170 in
1210 5125 1432 5188 (erupere
1451 5116 1641 5172 dictum
1657 5118 1742 5186 sit,
1764 5118 1885 5175 Fiat
1923 5119 2037 5188 lux,

1013 5223 1080 5263 an
1104 5208 1214 5264 sine
1227 5218 1468 5280 tempore.

519 5299 611 5355 15.
648 5298 803 5367 Quod
826 5299 973 5373 (ergo
1017 5301 1151 5357 dixit
1181 5303 1341 5369 Deus,
1383 5303 1506 5358 Fiat
1547 5305 1674 5372 lux;
1709 5315 1758 5362 et
1791 5306 1930 5376 facta
1963 5317 2039 5363 est

444 5392 554 5457 lux,
591 5393 644 5449 in
693 5392 872 5464 aliquo
911 5394 998 5450 die
1032 5394 1205 5462 dixit,
1243 5411 1312 5450 an
1353 5405 1476 5453 ante
1519 5411 1732 5455 omnem
1775 5398 1952 5455 diem?
1978 5400 2036 5458 Si

445 5485 590 5540 enim
621 5483 795 5541 Verbo
817 5485 920 5542 sibi
957 5495 1226 5544 comtcrno
1247 5488 1400 5557 dixit,
1433 5491 1534 5546 hoc
1561 5492 1741 5564 utique
1769 5493 2035 5566 intempo-

502 5660 520 5691 ι
547 5660 621 5729 sic
638 5667 744 5729 tu.
761 5659 1073 5729 juxta-graec.
1095 5670 1226 5714 Lxx.
1249 5671 1307 5716 Αι
1328 5665 1464 5729 editi,
1486 5672 1533 5720 et
1552 5667 1765 5724 tenebrat
1783 5677 1921 5725 erartt
1951 5685 2035 5726 su-

441 5733 524 5786 ιιοῑ
560 5719 735 5786 faciem
755 5719 931 5786 ᾰὺιιεεςὶἱ

504 5783 526 5816 ³
547 5784 686 5850 utin,
714 5783 945 5838 actem.
971 5794 1097 5851 Mssa,
1118 5786 1358 5852 ﬂtcienda.

3649 335 3762 395 ‘25!

2174 430 2358 488 raliter
2395 432 2526 488 dixit
2571 452 2586 491 :
2622 435 2668 491 si
2714 451 2842 492 vero
2870 436 3231 506 temporaliter
3256 436 3409 508 dixit,
3443 457 3550 499 non
3580 445 3760 506 Verbo

2171 519 2272 577 sibi
2297 534 2584 591 coaeterno,
2613 526 2710 582 sed
2737 543 2833 598 per
2859 529 3091 600 aliquam
3121 531 3255 589 dixit
3281 546 3577 593 creaturam
3617 550 3761 596 tem-

2172 616 2442 684 poralem;
2469 633 2534 673 ac
2557 634 2652 689 per
2670 620 2772 677 hoc
2791 636 2896 677 non
2915 623 3020 679 erit
3044 625 3210 695 prima
3235 639 3478 685 creatura
3497 631 3610 701 lux,
3634 637 3759 705 quia

2165 704 2277 776 jam
2299 715 2416 762 erat
2439 723 2534 777 per
2561 724 2720 780 quam
2756 713 3122 783 temporaliter
3161 716 3465 789 diceretur,
3496 720 3619 777 Fiat
3644 704 3760 780 iter.

2171 796 2342 886 Atque
2359 798 2486 855 illud
2505 810 2628 857 ante
2651 815 2864 858 omnem
2888 803 3032 861 diem
3053 807 3241 865 fecisse
3261 811 3592 884 intelligitur,
3613 817 3763 886 quod

2167 885 2366 942 dictum
2397 898 2508 956 est,
2553 889 2622 946 In
2649 893 2899 964 principio
2926 897 3044 966 fecit
3071 896 3209 953 Deus
3247 901 3428 957 caelum
3451 911 3501 958 et
3527 885 3760 975 terram;

2169 986 2226 1032 ut
2261 979 2384 1035 cadi
2433 982 2650 1038 nomine
2692 984 3021 1057 intelligatur
3048 989 3340 1058 spiritualis
3365 992 3480 1064 jam
3519 994 3658 1052 facta
3699 1007 3760 1053 et

2147 1066 2392 1126 formata
2419 1080 2702 1142 creatura‘,
2733 1084 2984 1147 tanquam
3014 1079 3208 1135 coelum
3245 1081 3367 1138 caeli
3396 1083 3584 1151 hujus,
3609 1087 3758 1158 quod

2166 1159 2222 1216 in
2244 1163 2556 1232 corporibus
2578 1179 2846 1221 summum
2873 1175 2976 1223 est.
3009 1168 3256 1227 Secundo
3277 1173 3418 1228 enim
3447 1173 3534 1232 die
3552 1169 3755 1232 factum

2165 1262 2250 1309 est
2305 1254 2718 1325 firmamentum,
2769 1259 2913 1330 quod
2963 1277 3148 1318 rursus
3196 1265 3390 1320 caelum
3442 1268 3750 1338 appellavit.

2165 1345 2346 1402 Terra:
2374 1356 2552 1404 autem
2591 1351 2809 1407 nomine
2845 1352 3125 1410 invisibilis
3167 1365 3220 1411 et
3264 1357 3656 1429 incompositae,
3686 1376 3754 1417 ac

2166 1437 2446 1492 tenebrosa
2484 1439 2713 1512 abysso,
2747 1443 3079 1514 imperfectio
3118 1450 3412 1518 corporalis
3437 1451 3754 1510 substantiae

2163 1528 2454 1599 signiﬁcata
2480 1540 2594 1600 est,
2642 1535 2784 1591 unde
2813 1539 3120 1608 temporalia
3151 1539 3242 1596 illa
3271 1542 3481 1612 fierent,
3519 1561 3753 1617 quorum

2161 1621 2334 1690 prima
2356 1629 2499 1677 esset
2523 1623 2634 1678 lux.

2235 1710 2324 1766 16.
2363 1711 2641 1781 Quomodo
2677 1724 2855 1772 autem
2899 1734 2996 1789 per
3037 1729 3374 1790 creaturam,
3419 1739 3578 1795 quam
3620 1725 3753 1784 fecit

2162 1809 2288 1856 ante
2317 1810 2552 1874 tempora
2575 1846 2591 1873 ,
2623 1805 2728 1861 dici
2770 1808 2938 1877 potuit
2963 1811 3346 1881 temporaliter,
3377 1812 3502 1869 Fiat
3533 1815 3642 1884 lus,
3669 1817 3752 1872 in-

2160 1894 2345 1951 venire
2368 1895 2585 1953 diﬂicile
2625 1907 2728 1954 est.
2766 1899 2910 1956 Sono
2934 1902 3076 1957 enim
3103 1903 3250 1959 vocis
3273 1920 3380 1960 non
3408 1906 3753 1979 intelligimus

2161 1983 2362 2040 dictum
2389 2003 2403 2038 :
2431 2002 2555 2041 nam
2580 1988 2832 2060 quidquid
2855 1991 2960 2046 tale
2981 1999 3082 2059 est,
3114 2007 3428 2064 corporeum
3453 2006 3554 2052 est.
3577 1997 3660 2052 An
3681 2014 3750 2054 ex

2161 2076 2251 2131 illa
2280 2077 2681 2148 imperfectione
2713 2080 3023 2138 substantiae
3048 2085 3343 2155 corporalis
3368 2087 3487 2143 fecit
3513 2089 3748 2161 aliquam

2161 2180 2344 2222 vocem
2371 2183 2706 2239 corpoream,
2740 2185 2836 2241 per
2860 2189 3020 2244 quam
3050 2187 3284 2244 sonaret,
3308 2176 3430 2233 Fiat
3455 2180 3580 2236 lux?
3605 2182 3750 2254 Ergo

2159 2256 2373 2328 aliquod
2402 2261 2586 2316 vocale
2614 2277 2811 2333 corpus
2839 2275 2962 2320 ante
2987 2265 3164 2322 lucem
3192 2278 3427 2324 creatum
3453 2279 3612 2342 atque
3632 2273 3748 2328 for-

2159 2357 2359 2403 matum
2381 2358 2482 2406 est.
2513 2350 2618 2407 Sed
2645 2353 2692 2408 si
2718 2356 2788 2408 ita
2817 2363 2919 2422 est,
2951 2355 3061 2426 jam
3087 2366 3204 2412 erat
3229 2367 3454 2430 tempus,
3485 2377 3583 2431 per
3604 2365 3748 2434 quod

2161 2454 2265 2494 vox
2311 2451 2572 2510 curreret,
2617 2458 2978 2516 sonorumque
3004 2447 3173 2517 spatia
3219 2449 3322 2505 sibi
3366 2451 3701 2508 succedentia
3727 2456 3745 2486 ί

2160 2535 2514 2604 praeterirent.
2538 2537 2689 2604 Quod
2714 2538 2758 2592 si
2781 2538 2892 2608 jam
2917 2549 3032 2595 erat
3059 2549 3266 2612 tempus
3285 2552 3570 2614 antequam
3595 2546 3747 2603 fieret

2158 2629 2269 2695 lux,
2298 2629 2352 2683 in
2377 2644 2484 2700 quo
2522 2638 2760 2700 tempore
2799 2632 2952 2688 fieret
2995 2648 3096 2690 vox
3123 2651 3244 2705 qua:
3283 2647 3592 2705 resonaret,
3622 2637 3746 2694 Fiat

2158 2719 2290 2786 fux;
2316 2721 2381 2776 ad
2424 2733 2588 2794 quem
2622 2724 2764 2781 diem
2793 2728 3093 2800 pertinebat
3135 2729 3264 2788 illud
3308 2733 3550 2807 tempus?
3595 2733 3749 2792 Unus

2157 2811 2300 2870 enim
2320 2811 2458 2884 dies,
2487 2814 2736 2888 idemque
2767 2821 2968 2889 primus
3000 2822 3090 2878 ille
3114 2826 3377 2880 numerari
3405 2825 3608 2896 incipit,
3637 2843 3747 2898 quo

2158 2907 2292 2963 facta
2316 2918 2400 2964 est
2428 2909 2540 2964 lux.
2569 2911 2652 2966 An
2681 2911 2746 2966 ad
2773 2914 2943 2983 ipsum
2973 2915 3113 2971 diem
3151 2919 3386 2988 pertinet
3424 2928 3589 2976 totum
3618 2934 3746 2991 spa-

2157 3001 2288 3055 tium
2315 3003 2570 3072 temporis
2593 3045 2607 3069 ,
2637 3013 2689 3058 et
2712 3020 2818 3075 quo
2843 3005 3037 3062 factum
3062 3017 3145 3063 est
3173 3011 3582 3081 vocalegcorpus
3605 3053 3621 3077 ,
3649 3026 3748 3082 per

2155 3093 2296 3162 quod
2323 3104 2557 3160 sonaret,
2591 3093 2714 3149 Fiat
2742 3097 2848 3163 lux,
2873 3108 2928 3153 et
2953 3115 3060 3170 quo
3087 3099 3220 3156 facta
3244 3113 3324 3158 est
3351 3103 3462 3175 ipSa
3489 3103 3613 3159 lux?
3637 3104 3745 3161 Sed

2156 3185 2330 3238 omnis
2357 3185 2476 3242 talis
2505 3201 2604 3241 vox
2636 3196 2851 3258 propter
2880 3190 3142 3246 audientis
3166 3195 3496 3263 corporalem
3523 3210 3743 3251 sensum

2155 3289 2184 3327 a
2212 3276 2463 3345 loquente
2493 3277 2786 3347 profertur;
2814 3278 2884 3332 ita
2910 3280 3052 3335 enim
3079 3279 3250 3337 factus
3275 3292 3376 3351 est,
3405 3293 3462 3339 ut
3489 3300 3746 3356 percusso
3805 3288 3812 3293 ’

2155 3383 2282 3424 aere
2309 3370 2502 3425 sentiat
2517 3371 2559 3424 ⁸.
2578 3369 2844 3443 Numquid
2871 3375 3046 3445 itaque
3068 3375 3223 3432 talem
3251 3376 3480 3434 habebat
3503 3380 3744 3436 auditum

2143 3459 2285 3514 illud
2313 3461 2566 3533 quidquid
2590 3476 2705 3520 erat
2724 3466 2986 3522 invisibile
3007 3476 3063 3523 et
3089 3467 3516 3539 incompositum,
3546 3471 3635 3527 cui
3663 3473 3746 3528 sic

2154 3551 2296 3605 Deus
2322 3563 2630 3621 personaret
2647 3570 2710 3611 ac
2733 3555 2954 3624 diceret,
2981 3556 3100 3612 Fiat
3123 3557 3249 3613 lux?
3277 3559 3543 3617 Abscedat
3562 3562 3745 3634 itaque

2154 3639 2269 3695 haec
2287 3641 2356 3697 ab
2374 3643 2554 3698 animo
2576 3645 2857 3715 cogitantis
2882 3646 3203 3703 absurditas.

2227 3733 2314 3787 l7.
2358 3733 2542 3790 Utrum
2570 3751 2699 3807 ergo
2729 3737 3020 3807 spiritualis
3047 3749 3244 3807 motus,
3271 3741 3368 3797 sed
3405 3749 3583 3799 tamen
3605 3750 3743 3799 tem-

2155 3825 2351 3894 poralis
2371 3836 2506 3892 erat,
2529 3841 2636 3898 quo
2655 3827 2856 3884 dictum
2881 3830 3246 3902 intelligimus,
3264 3829 3386 3886 Fiat
3406 3833 3516 3900 tum,
3531 3847 3743 3904 expres-

2152 3931 2246 3972 sus
2261 3917 2329 3971 ab
2347 3927 2550 3974 aeterno
2573 3920 2682 3976 Deo
2704 3935 2799 3990 per
2821 3921 3051 3978 Verbum
3073 3933 3397 3981 coaeternum
3415 3926 3472 3981 in
3492 3937 3741 3983 creatura

2153 4006 2414 4076 spirituali
2439 4049 2453 4072 ,
2493 4025 2652 4080 quam
2692 4011 2806 4082 jam
2854 4012 3087 4081 fecerat,
3129 4029 3251 4071 cum
3291 4015 3492 4073 dictum
3529 4027 3642 4087 est,
3671 4017 3741 4074 lu

2153 4100 2401 4171 principio
2427 4102 2544 4174 fecit
2564 4100 2704 4157 Deus
2724 4103 2905 4159 caelum
2925 4112 2974 4160 et
2997 4114 3203 4175 terram,
3230 4107 3284 4162 id
3310 4117 3394 4164 est
3411 4109 3465 4164 in
3487 4109 3576 4165 illo
3600 4110 3742 4167 coelo

2152 4191 2309 4245 C(Pli?
2335 4208 2404 4246 an
2433 4202 2488 4247 ct
2515 4193 2616 4248 ista
2648 4194 2846 4250 locutio
2870 4209 2977 4251 non
3007 4205 3209 4252 tantum
3237 4199 3354 4255 sine
3379 4201 3556 4272 aliquo
3580 4217 3736 4271 sono,

2150 4283 2247 4338 sed
2272 4283 2430 4340 etiam
2461 4285 2578 4341 sine
2622 4286 2732 4341 ullo
2777 4289 3055 4358 temporali
3086 4300 3232 4345 motu
3262 4292 3553 4363 spiritualis
3581 4310 3740 4351 crea-

2152 4384 2306 4442 turae,
2335 4375 2386 4430 in
2411 4375 2526 4447 ejus
2552 4387 2733 4434 mente
2759 4387 2920 4450 atque
2942 4381 3147 4437 ratione
3168 4383 3268 4438 lixa
3291 4385 3685 4456 quodammodo
3703 4404 3737 4444 a

2151 4465 2328 4522 Verbo
2354 4467 2498 4522 Patri
2525 4479 2826 4536 coaeterno,
2855 4481 2909 4528 ει
2937 4473 3329 4544 quodammodo
3358 4477 3618 4549 impressa
3646 4480 3735 4535 in-

2152 4558 2429 4630 telligitur,
2461 4561 2757 4618 secundum
2786 4579 2945 4634 quam
2973 4576 3296 4636 moveretur,
3325 4578 3380 4624 et
3402 4569 3468 4624 ad
3500 4569 3734 4641 speciem

2148 4660 2556 4708 converteretur
2595 4653 2816 4710 inferior
2851 4656 2936 4711 illa
2966 4657 3246 4714 tenebrosa
3277 4659 3608 4731 imperfectio
3636 4677 3736 4718 na.

2148 4749 2283 4796 tura:
2310 4757 2604 4812 corporeae,
2634 4753 2689 4801 et
2715 4745 2868 4802 fieret
2891 4747 3016 4803 lux?
3041 4749 3148 4804 Sed
3176 4751 3401 4806 multum
3431 4763 3514 4808 cst
3537 4768 3601 4808 ac
3627 4753 3737 4810 dif-

2150 4831 2439 4889 licillimum
2479 4851 2672 4907 capere
2713 4839 2984 4909 quomodo
3011 4840 3238 4910 dicatur,
3265 4843 3375 4898 Deo
3400 4860 3504 4900 non
3534 4854 3734 4916 tempo-

2149 4925 2331 4981 ralitcr
2357 4927 2604 4997 iubente,
2637 4943 2809 5000 neque
2839 4929 2891 4984 id
2919 4933 3281 5002 temporaliter
3303 4934 3551 4991 audiente
3581 4952 3738 4992 crea-

2149 5025 2300 5084 tura,
2343 5035 2461 5090 qua:
2507 5021 2958 5094 contemplatione
3006 5026 3249 5082 veritatis
3287 5029 3467 5083 omnia
3496 5036 3737 5100 tempora

2146 5110 2390 5174 excedit.
2430 5112 2525 5168 sed
2566 5115 2991 5172 intellectualiter
3020 5118 3230 5174 sibimet
3256 5120 3542 5190 impressas
3570 5123 3637 5178 ab
3658 5125 3738 5178 in-

2146 5203 2504 5260 commutabili
2526 5205 2617 5261 Dci
2634 5205 2904 5278 Sapientia
2925 5211 3180 5276 rationes,
3205 5218 3455 5283 tanquam
3483 5214 3733 5285 intelligjo

2145 5293 2281 5350 biles
2305 5295 2619 5365 locutiones,
2653 5297 2708 5354 in
2733 5314 2796 5354 ea
2821 5315 2941 5372 quae
2971 5299 3108 5357 infra
3147 5312 3271 5358 sunt
3305 5307 3728 5375 transmittente,

2149 5383 2264 5440 ﬁeri
2286 5386 2604 5458 temporales
2624 5399 2801 5444 motus
2831 5389 2884 5444 in
2913 5389 3074 5446 rebus
3109 5395 3488 5464 temporalibus
3516 5397 3599 5451 vel
3629 5397 3723 5452 for-

2147 5476 2356 5533 mandis
2371 5477 2454 5533 vel
2471 5477 2928 5538 administrandis.
2951 5481 3007 5538 Si
3032 5495 3208 5540 autem
3233 5485 3338 5552 lux,
3368 5502 3488 5557 qua:
3505 5488 3722 5556 primum

2146 5566 2286 5623 dicta
2314 5576 2396 5624 est
2419 5577 2478 5635 ut
2504 5569 2610 5638 fiat,
2634 5580 2691 5628 et
2713 5572 2845 5628 facta
2871 5583 2972 5641 est,
2992 5576 3150 5630 etiam
3174 5576 3456 5647 primatum
3478 5589 3724 5636 creatura

2210 5683 2223 5747 ξ
2253 5689 2356 5733 Mss.
2381 5681 2623 5747 plerique,
2655 5686 3024 5739 succedentium.
3261 5723 3266 5726 -

2207 5745 2226 5775 ¹
2255 5751 2302 5813 In
2325 5745 2554 5813 vulgatis,
2587 5748 2717 5810 facta
2731 5755 2803 5799 est
2823 5757 2874 5800 ut
2896 5763 3121 5813 percusso
3140 5765 3255 5813 aere
3275 5755 3525 5806 seruiatur.
3542 5755 3635 5807 sed
3657 5769 3719 5808 vo

2147 5805 2248 5856 rius
2271 5808 2320 5856 in
2341 5805 2469 5873 ωδε,
2499 5805 2764 5882 factusest,
2794 5805 2925 5862 ut...'.
2946 5812 3134 5877 sentiat.
3155 5812 3342 5867 scilicet
3370 5805 3578 5870 auditus.
