4074 6356
295 272 398 326 253

300 396 477 442 tenere
494 383 842 455 intelligenda
860 392 962 451 est,
981 382 1090 453 ipsa
1109 391 1189 437 est
1204 381 1570 436 intellectualis
1591 381 1693 435 vita
1713 396 1728 447 ;
1765 396 1884 450 qua:

302 478 398 534 nisi
446 476 512 530 ad
549 477 866 531 Creatorem
907 473 1242 530 illuminanda
1288 481 1718 540 converteretur,
1763 470 1884 525 ﬁui-

305 577 432 625 taret
464 568 788 623 iuformiter.
838 566 971 621 Cum
1010 575 1184 621 autem
1225 579 1481 620 conversa
1509 574 1565 620 et
1592 562 1883 619 illuminata

304 671 398 726 est,
416 660 610 715 factum
629 669 713 714 est
736 659 878 729 quod
901 660 951 713 in
977 656 1153 713 Verbo
1174 657 1266 713 Dei
1288 657 1483 711 dictum
1505 663 1607 721 est,
1633 653 1749 709 Fiat
1770 655 1878 708 lux.

305 751 521 808 CAPUT
551 749 622 806 Χ.
648 780 723 791 —
753 749 1016 817 Quomodo
1038 748 1143 803 dies
1169 765 1298 802 unus
1319 756 1547 819 peractus
1566 746 1682 816 fuit,
1712 746 1812 799 sive
1828 745 1881 798 in

367 845 617 900 creatione
640 843 745 898 sive
784 853 899 913 post
942 842 1237 895 creationem
1276 838 1424 893 lucis.
1471 836 1676 891 Primus
1714 835 1879 907 επριὶ-

368 938 521 991 randi
560 936 743 990 modus
785 929 1424 1003 improbatur.‘Secundus
1466 927 1665 983 dicendi
1703 926 1881 981 modus

367 1027 741 1100 diﬁicultatibus
767 1027 1074 1096 implicatur.
1348 1080 1357 1085 ,

370 1119 455 1174 18.
495 1117 886 1173 Verumtamen
916 1112 1358 1186 quemadmodum
1388 1111 1504 1166 sine
1530 1118 1770 1181 tempore
1795 1107 1877 1162 di-

300 1218 435 1267 ctum
461 1218 578 1277 est,
618 1208 737 1280 quia
763 1208 818 1261 in
847 1206 1074 1262 Verbum
1098 1204 1237 1260 Patri
1266 1211 1586 1258 core-ternum
1612 1216 1715 1255 non
1737 1200 1877 1255 cadit

302 1312 533 1370 tempus;
580 1307 755 1353 utrum
799 1300 873 1352 ita
914 1296 1070 1352 etiam
1114 1295 1230 1351 sine
1278 1303 1513 1363 tempore
1560 1291 1751 1347 factum
1786 1291 1872 1355 sit,

301 1392 573 1462 quisquam
616 1388 839 1445 forsitan
879 1396 1096 1458 qumrat.
1141 1386 1245 1442 Sed
1281 1384 1547 1456 quomodo
1576 1391 1749 1454 potest
1775 1383 1876 1438 hoc

300 1483 536 1552 intelligi,
568 1497 688 1536 cum
719 1479 856 1535 facta
886 1480 1002 1535 luce
1026 1488 1078 1535 et
1102 1479 1268 1533 divisa
1289 1493 1316 1531 a
1341 1476 1592 1541 tenebris,
1616 1484 1669 1531 et
1697 1475 1874 1529 inditis

298 1574 396 1629 diei
433 1572 711 1642 noctisque
748 1570 1017 1627 vocabulis
1040 1611 1055 1635 ,
1095 1569 1235 1624 dicat
1278 1567 1583 1636 Scriptura,
1616 1564 1774 1618 Facta
1803 1573 1875 1619 est

299 1680 531 1734 respera,
571 1672 620 1715 et
650 1664 839 1734 factum
877 1669 949 1714 est
978 1676 1121 1712 mane
1148 1660 1255 1712 dies
1285 1658 1450 1711 unus?
1475 1655 1627 1713 Unde
1666 1654 1875 1709 videtur

298 1756 422 1810 illud
447 1770 585 1825 opus
618 1754 710 1808 Dei
740 1753 937 1807 factum
976 1767 1068 1822 per
1104 1751 1331 1822 spatium
1361 1748 1496 1814 diei,
1529 1764 1633 1817 quo
1662 1754 1873 1817 peracto

294 1848 357 1901 ad
404 1860 685 1917 vesperam
731 1853 942 1898 ventum
986 1851 1099 1907 est,
1143 1840 1282 1911 quod
1323 1848 1404 1893 est
1438 1839 1606 1893 noctis
1644 1837 1869 1891 initium.

295 1939 529 2009 Itemque
568 1945 786 2007 peracto
820 1944 1078 1990 nocturno
1107 1933 1275 2003 spatio
1304 1930 1598 2000 completus
1625 1938 1706 1983 est
1732 1937 1872 1984 totus

294 2031 423 2097 dies,
455 2039 515 2083 ut
537 2043 693 2082 mane
721 2028 871 2083 ﬁeret
896 2028 949 2079 in
974 2025 1201 2079 alterum
1228 2021 1388 2089 diem,
1421 2021 1473 2075 in
1501 2035 1605 2092 quo
1626 2019 1711 2075 die
1733 2020 1870 2073 Dens

293 2122 428 2176 aliud
456 2127 852 2190 consequenter
878 2122 1207 2186 cperaretnr.

359 2214 446 2268 19.
489 2212 604 2266 imo
646 2225 775 2264 vero
809 2208 1034 2279 idipsum
1065 2205 1400 2277 permirabile
1428 2212 1543 2268 est,
1578 2218 1701 2260 cum
1728 2203 1869 2257 Deus

295 2303 439 2359 nullo
483 2300 660 2372 spatio
706 2299 1028 2370 syllabarum
1070 2305 1266 2352 aeterna
1320 2296 1479 2350 Verbi
1523 2295 1603 2349 sui
1663 2294 1869 2349 ratione

292 2395 500 2459 dixerit,
534 2391 658 2447 Fiat
682 2391 809 2456 lux;
834 2406 928 2444 cur
957 2396 1099 2443 tanta
1130 2404 1278 2443 mora
1308 2385 1443 2441 facta
1471 2387 1539 2441 sit
1566 2387 1676 2454 lux,
1697 2384 1870 2442 donec

268 2485 390 2549 diei
422 2484 654 2554 spatium
696 2481 1025 2552 prmteriret,
1065 2488 1118 2534 et
1162 2492 1380 2548 vespera
1412 2477 1582 2531 ﬁeret.
1624 2479 1703 2531 Au
1735 2477 1868 2531 forte

289 2579 390 2631 cito
413 2575 632 2645 quidem
658 2573 746 2627 lux
773 2571 909 2626 facta
928 2580 1035 2633 est,
1064 2569 1154 2623 sed
1179 2584 1324 2623 mora
1342 2567 1515 2622 diurni
1544 2567 1796 2637 temporis
1815 2568 1865 2621 in

290 2684 351 2721 eo
375 2665 619 2722 consumi
650 2663 843 2734 potuit,
871 2677 992 2716 cum
1021 2661 1414 2715 discerneretur
1438 2674 1469 2713 a
1499 2657 1750 2723 tenebris,
1781 2666 1863 2711 at-

290 2774 386 2833 que
413 2768 699 2827 utrumque
736 2755 1020 2809 discretum
1067 2752 1178 2807 suis
1219 2750 1489 2806 vocabulis
1528 2749 1866 2820 signaretur?

290 2851 474 2906 Mirum
504 2850 550 2905 si
578 2858 635 2905 et
663 2848 764 2903 hoc
790 2847 874 2902 vel
905 2855 1044 2901 tanta
1085 2859 1235 2900 mora
1272 2843 1386 2901 ﬁeri
1432 2844 1601 2915 potuit
1644 2858 1674 2898 a
1716 2844 1862 2910 Deo,

289 2950 475 3012 quanta
504 2940 700 2995 dicitur
726 2954 755 2992 a
783 2938 954 2993 nobis.
988 2936 1245 2991 Discretio
1268 2935 1462 3004 quippe
1487 2934 1619 2988 lucis
1641 2942 1694 2988 et
1718 2943 1867 2988 tene-

289 3033 497 3087 brarum
550 3030 605 3086 in
634 3029 751 3100 ipso
780 3028 960 3097 utique
987 3041 1169 3096 Opere,
1202 3040 1321 3081 cum
1353 3024 1441 3077 lux
1470 3023 1641 3088 ﬁeret,
1671 3037 1863 3079 conse-

288 3133 400 3177 cuta
428 3131 512 3179 est
536 3140 550 3175 :
580 3136 687 3176 non
716 3119 856 3176 enim
884 3118 973 3173 lux
1000 3131 1120 3173 esse
1140 3115 1327 3193 potuit,
1351 3113 1452 3169 nisi
1473 3114 1866 3169 diseerneretur

287 3222 315 3261 ³
343 3206 621 3363 ιξὲῗιὲιζεολι
640 3301 816 3349 autem
836 3291 1025 3347 vocavit
1042 3289 1180 3345 Deus
1207 3288 1366 3343 lucem
1390 3288 1540 3355 diem,
1570 3296 1618 3342 et
1640 3288 1865 3343 tenebras

290 3398 500 3453 noctem,
533 3393 725 3456 quanta
755 3397 904 3437 mora
930 3381 1046 3436 ﬁeri
1073 3388 1302 3450 poterat,
1331 3380 1490 3434 etiam
1517 3380 1562 3433 si
1585 3379 1684 3433 hoc
1705 3379 1867 3451 sylla-

290 3481 447 3535 batim
476 3494 575 3549 per
603 3492 791 3532 sonum
819 3475 962 3531 vocis
989 3474 1202 3545 egisset,
1233 3473 1335 3527 nisi
1362 3482 1559 3543 quanta
1586 3480 1641 3527 et
1658 3488 1690 3528 a
1711 3472 1864 3527 nobis

289 3571 495 3633 dicitur,
526 3569 642 3624 Lux
669 3575 887 3622 vocetur
912 3565 1026 3621 dies
1045 3606 1061 3631 ,
1091 3571 1146 3620 et
1173 3563 1405 3618 tenebrae
1431 3571 1687 3618 vocentur
1712 3563 1863 3617 nox?

291 3662 386 3717 nisi
412 3660 553 3715 forte
579 3660 699 3730 quis
725 3658 795 3713 ita
823 3656 1046 3727 desipiat
1067 3696 1083 3722 ,
1126 3663 1182 3709 ut
1207 3654 1330 3724 quia
1356 3668 1517 3724 super
1542 3652 1718 3708 omnia
1745 3669 1863 3708 ma.

290 3768 420 3823 gnus
444 3762 530 3808 est
557 3752 718 3818 Deus,
752 3756 898 3820 putet
922 3764 1015 3802 ore
1045 3747 1134 3802 Dei
1163 3747 1397 3818 prolatas
1415 3784 1433 3813 ,
1460 3745 1701 3815 quamvis
1727 3761 1862 3817 pau-

289 3844 525 3900 cissimas
551 3844 801 3915 syllabas,
827 3856 921 3913 per
941 3848 1107 3895 totum
1127 3839 1231 3893 diei
1252 3839 1478 3908 spatium
1503 3839 1736 3909 potuisse
1756 3840 1865 3895 dis-

290 3935 451 3991 tendi.
484 3936 594 3990 line
623 3933 859 4000 accedit,
889 3932 1009 4002 quia
1036 3929 1213 3986 Verbo
1239 3929 1339 3985 sibi
1366 3939 1663 3998 comterno,
1702 3930 1755 3986 id
1783 3940 1866 3987 est

296 4025 741 4082 incommutabilis
780 4022 1064 4094 Sapientia:
1103 4021 1327 4076 internis
1353 4021 1671 4092 aeternisque
1696 4024 1861 4077 ratio-

291 4119 468 4185 nibus,
497 4134 604 4172 non
632 4116 893 4187 corporali
920 4130 1052 4170 sono
1079 4114 1259 4180 vocis,
1299 4112 1491 4166 vocavit
1529 4112 1669 4169 Deus
1704 4114 1864 4170 lucem

291 4211 449 4275 diem,
480 4216 529 4263 et
571 4205 796 4262 tenebras
820 4214 1034 4261 noctem.
1064 4204 1293 4258 Rursum
1322 4203 1464 4258 enim
1491 4205 1774 4275 quaaritur,
1816 4207 1864 4262 si

288 4302 459 4358 verbis
485 4301 677 4371 quibus
703 4301 901 4353 utimur
926 4298 1149 4365 vocavit,
1175 4312 1278 4368 qua
1295 4296 1469 4368 lingua
1488 4299 1786 4365 vocaverit;
1810 4309 1865 4357 et

290 4394 412 4463 quid
456 4407 594 4463 opus
636 4400 751 4446 erat
794 4390 940 4445 sonis
981 4389 1408 4454 transeuntibus,
1439 4390 1528 4446 ubi
1554 4389 1862 4461 cujusquam
1912 4436 1919 4441 .

292 4501 393 4540 non
421 4493 537 4539 erat
561 4483 856 4552 corporalis
883 4483 1017 4539 ullus
1044 4481 1291 4537 auditus:
1322 4492 1377 4537 et
1402 4497 1509 4537 non
1537 4483 1823 4539 invenitur.

355 4577 445 4632 21.
474 4580 558 4632 An
586 4576 868 4631 dicendum
896 4584 995 4637 est,
1027 4576 1165 4645 quod
1194 4590 1314 4629 eum
1343 4575 1449 4630 cito
1477 4587 1746 4646 peractum
1776 4591 1864 4632 es~

294 4682 371 4725 set
411 4670 516 4724 hoc
560 4684 694 4739 opus
739 4669 865 4735 Dei,
896 4667 1093 4722 tamdiu
1122 4668 1269 4722 stetit
1293 4668 1382 4722 lux
1410 4684 1513 4723 non
1542 4669 1859 4727 succedente

294 4773 458 4827 nocte,
482 4763 654 4818 donec
676 4762 922 4817 diurnum
949 4761 1175 4831 spatium
1199 4770 1567 4831 perageretur;
1588 4770 1644 4819 et
1662 4763 1862 4820 tamdiu

297 4859 481 4912 mansit
527 4870 630 4909 nox
674 4855 776 4909 luci
815 4853 1139 4920 succedens,
1169 4854 1338 4909 donec
1364 4855 1591 4923 spatium
1619 4858 1861 4912 nocturni

295 4950 546 5021 temporis
564 4934 880 5017 prteteriret,
905 4954 959 5001 et
974 4959 1127 5000 mane
1151 4943 1300 5000 ﬁeret
1324 4945 1426 4999 diei
1444 4946 1735 5017 sequentis,
1756 4964 1862 5001 uno

294 5034 565 5109 primoque
612 5034 918 5091 transacto?
957 5035 1062 5091 Sed
1107 5036 1151 5089 si
1194 5035 1294 5091 hoc
1334 5035 1537 5100 dixero,
1580 5052 1769 5092 vereor
1797 5054 1863 5094 ne

293 5131 532 5187 deridcar
554 5130 697 5186 etab
723 5128 786 5184 iis
810 5129 897 5198 qui
923 5127 1217 5183 certissime
1236 5138 1616 5198 cognoverunt,
1638 5137 1693 5184 et
1710 5130 1777 5185 ab
1798 5131 1863 5186 iis

292 5223 375 5293 qui
400 5229 624 5292 possunt
652 5219 899 5275 facillime
922 5219 1197 5274 advertere
1223 5218 1361 5288 quod
1399 5233 1465 5275 eo
1492 5227 1730 5291 tempore
1757 5237 1862 5291 quo

292 5328 391 5369 nox
430 5312 570 5383 apud
608 5326 706 5366 nos
734 5318 814 5365 est
834 5351 851 5376 ,
880 5324 971 5365 eas
1012 5318 1190 5379 partes
1214 5308 1395 5362 mundi
1422 5310 1700 5378 praesentia
1730 5310 1863 5366 lucis

292 5403 545 5471 illustrat,
577 5418 675 5474 per
700 5416 833 5473 quas
871 5400 951 5455 sol
976 5399 1043 5454 ab
1068 5414 1258 5455 occasu
1290 5400 1341 5454 in
1377 5408 1550 5455 ortum
1592 5402 1759 5468 redit;
1800 5420 1862 5459 ac

291 5511 380 5566 per
404 5497 506 5553 hoc
527 5491 784 5550 omnibus
802 5490 984 5561 viginti
1009 5497 1236 5560 quatuor
1264 5488 1409 5543 horis
1431 5503 1533 5544 non
1559 5490 1747 5547 deesse
1769 5508 1863 5562 per

290 5589 555 5645 circuitum
580 5584 703 5658 gyri
733 5582 915 5645 totius,
947 5581 1067 5636 alibi
1095 5580 1257 5644 diem,
1287 5579 1412 5635 alibi
1441 5572 1671 5636 noctem.
1698 5581 1863 5637 Num-

288 5680 525 5752 quidnam
554 5690 693 5746 ergo
733 5673 786 5729 in
823 5681 971 5743 parte
1004 5672 1176 5743 aliqua
1216 5671 1435 5742 posituri
1477 5688 1662 5729 sumus
1693 5674 1855 5730 Deum

1647 266 1845 323 LIBER
1888 266 2159 323 PRIMUS.

3460 288 3564 346 951

1996 379 2083 434 ubi
2102 380 2150 435 ei
2180 397 2399 453 vespera
2429 384 2596 449 ﬁeret,
2626 400 2746 443 cum
2771 389 2839 444 ab
2859 405 2919 447 ea
2941 401 3091 463 parte
3107 394 3157 449 in
3178 395 3333 453 aliam
3357 410 3562 470 partem

1993 470 2080 525 lux
2111 471 2466 529 abscederet?
2497 476 2627 532 Nam
2646 488 2701 535 et
2726 480 2776 535 in
2809 481 2943 537 libro
2958 486 3045 554 qui
3071 488 3364 556 appellatur
3383 492 3565 549 Eccle-

1990 563 2202 631 siastes,
2237 566 2305 619 ita
2330 569 2584 639 scriptum
2616 581 2698 627 est
2724 590 2737 626 :
2774 572 2843 627 Et
2872 576 3033 631 oritur
3055 579 3150 647 sol,
3188 589 3232 635 et
3258 584 3437 639 occidit
3464 593 3559 649 sol,

1988 662 2036 706 et
2077 654 2130 709 in
2174 656 2337 710 locum
2368 676 2516 714 suum
2546 660 2749 718 ducitur
2776 666 2825 730 ις
2857 667 2958 722 hoc
2982 679 3096 735 est,
3139 672 3190 726 in
3227 688 3348 729 eum
3388 676 3560 732 locum

1987 744 2127 835 unde
2155 754 2303 801 ortus
2330 759 2429 803 est.
2461 748 2711 822 Sequitur
2734 756 2873 810 enim
2895 799 2910 824 ,
2950 769 3005 813 et
3044 759 3207 815 dicit:
3238 761 3360 835 Ipse
3392 768 3560 821 oriens

1983 834 2106 889 illuc
2134 838 2269 892 vadit
2293 838 2363 893 ad
2390 851 2645 914 austrum,
2678 855 2725 899 et
2747 850 2921 902 circuit
2945 850 3013 903 ad
3040 854 3324 926 aquilonem
3353 856 3553 927 (Eccle.

1983 941 2024 993 ι,
2054 929 2108 991 5,
2138 926 2215 1000 6).
2247 930 2510 988 Australis
2534 949 2661 1005 ergo
2684 952 2806 1007 pars
2830 955 2948 995 cum
2975 941 3133 999 habet
3155 945 3323 1001 solem
3340 926 3369 1012 ,7
3396 947 3550 1004 nobis

1982 1019 2095 1074 dies
2121 1031 2203 1076 est
2229 1039 2244 1077 :
2274 1038 2393 1078 cum
2422 1036 2600 1081 autem
2625 1028 2690 1084 ad
2716 1032 2977 1100 aquilonis
3002 1045 3203 1104 partem
3230 1037 3547 1094 circumiens

1982 1112 2245 1181 pervenit,
2270 1114 2421 1170 nobis
2444 1132 2549 1171 nox
2569 1128 2681 1185 est;
2712 1136 2817 1175 non
2846 1131 3019 1178 tamen
3048 1125 3096 1178 in
3124 1126 3225 1180 alia
3257 1137 3406 1197 parte
3437 1146 3540 1183 non

1980 1211 2064 1257 est
2101 1203 2213 1259 dies
2233 1246 2248 1271 ,
2292 1205 2380 1261 ubi
2422 1211 2697 1277 praesentia
2726 1213 2851 1268 solis
2880 1223 2998 1270 est:
3029 1217 3128 1272 nisi
3166 1218 3301 1276 forte
3329 1223 3549 1291 poeticis

1981 1293 2246 1364 ﬁgmentis
2291 1314 2385 1353 cor
2426 1300 2783 1359 inclinandum
2824 1315 2941 1374 est,
2992 1318 3050 1362 ut
3084 1311 3363 1366 credamus
3389 1314 3553 1368 solem

1980 1385 2110 1438 mari
2139 1401 2199 1441 se
2243 1387 2589 1461 immergere,
2634 1402 2792 1464 atque
2834 1396 2953 1451 inde
2989 1397 3152 1452 lotum
3184 1415 3248 1455 ex
3274 1402 3377 1457 alia
3403 1414 3552 1472 parte

1978 1490 2133 1531 mane
2170 1493 2406 1550 surgere.
2446 1482 2754 1554 Quanquam
2782 1486 2825 1540 si
2868 1487 2939 1543 ita
2967 1499 3139 1554 esset,
3180 1492 3402 1563 abyssus
3435 1494 3547 1564 ipsa

1977 1567 2259 1634 prresentia
2281 1569 2407 1624 solis
2426 1571 2799 1640 illustraretur,
2828 1586 2983 1647 atque
3002 1578 3069 1632 ibi
3095 1588 3239 1634 esset
3262 1580 3394 1635 dies.
3419 1582 3551 1638 Pos-

1976 1664 2058 1710 set
2084 1657 2225 1710 enim
2253 1667 2307 1712 et
2327 1675 2489 1730 aquas
2515 1661 2832 1731 illuminare,
2860 1667 3068 1735 quando
3094 1668 3160 1721 ab
3187 1670 3265 1723 eis
3293 1686 3396 1725 non
3428 1686 3553 1741 pos-

1976 1755 2057 1799 set
2095 1749 2383 1819 exstingui.
2430 1750 2535 1806 Sed
2579 1752 2679 1807 hoc
2727 1766 3121 1812 monstruosum
3164 1761 3546 1830 estsuSpicari.

1975 1837 2109 1905 Quid
2134 1840 2274 1909 quod
2297 1842 2454 1895 etiam
2476 1843 2553 1896 sol
2585 1844 2818 1900 nondum
2842 1848 2993 1901 erat?

2044 1930 2132 1985 2‘2.
2175 1932 2512 2003 Quapropter
2550 1936 2593 1989 si
2638 1937 2925 2004 spiritualis
2971 1939 3058 1992 lux
3099 1940 3273 2011 primo
3300 1940 3387 1997 die
3417 1940 3549 1998 facta

1974 2028 2083 2083 est,
2116 2023 2498 2092 numquidnam
2538 2025 2763 2092 occidit,
2810 2034 2865 2080 ut
2890 2028 2937 2081 ei
2965 2031 3274 2084 succederet
3305 2031 3448 2085 nox?
3491 2031 3549 2089 Si

1973 2118 2146 2165 autem
2177 2114 2492 2180 corporalis,
2519 2130 2759 2185 quaenam
2791 2117 2874 2170 illa
2905 2118 2988 2171 lux
3016 2129 3117 2184 est,
3139 2136 3294 2190 quam
3320 2131 3436 2189 post
3460 2136 3553 2176 oc-

1971 2216 2149 2256 casum
2174 2204 2301 2257 solis
2327 2205 2507 2260 videre
2542 2223 2643 2260 non
2676 2223 2977 2275 possumus,
3009 2212 3128 2279 quia
3157 2227 3256 2266 nec
3286 2212 3401 2265 luna
3436 2223 3551 2267 erat

1971 2291 2167 2360 adhuc,
2209 2309 2308 2348 nec
2347 2295 2537 2366 aliqua:
2566 2298 2770 2352 stellm?
2796 2299 2900 2353 Aut
2924 2300 2967 2353 si
2994 2315 3204 2372 semper
3234 2303 3281 2354 iu
3310 2316 3370 2355 ea
3403 2312 3549 2370 parte

1970 2381 2091 2438 caeli
2120 2393 2223 2449 est,
2252 2384 2302 2439 in
2327 2401 2429 2454 qua
2455 2388 2553 2450 sol,
2584 2395 2642 2440 ut
2662 2404 2767 2441 non
2793 2390 2860 2443 sit
2884 2391 3011 2444 solis
3038 2390 3145 2455 lux,
3172 2392 3264 2446 sed
3290 2393 3439 2461 quasi
3460 2408 3550 2446 eo-

1971 2490 2083 2529 mes
2112 2475 2248 2540 eius,
2283 2477 2455 2532 eidem
2484 2479 2551 2532 ita
2579 2480 2879 2549 conjuncta,
2925 2492 2980 2535 ut
3022 2482 3250 2535 discerni
3280 2483 3545 2553 dignosci-

1968 2579 2074 2633 que
2100 2580 2202 2619 non
2234 2567 2429 2635 possit,
2456 2567 2522 2621 ad
2552 2569 2792 2624 eamdem
2822 2570 3023 2624 reditur
3048 2571 3409 2626 difﬁcultatem
3434 2574 3545 2627 sol-

1970 2655 2154 2710 venda:
2181 2657 2334 2725 hujus
2360 2658 2666 2728 quaestionis
2692 2677 2705 2713 :
2737 2662 2859 2730 quia
2881 2671 2932 2715 et
2953 2662 3048 2715 ista
3069 2663 3153 2716 lux
3176 2662 3361 2716 eodem
3388 2664 3547 2718 modo

1968 2762 2075 2817 quo
2103 2748 2204 2813 sol,
2236 2758 2482 2819 tanquam
2511 2764 2690 2806 comes
2710 2752 2843 2823 ejus,
2873 2753 2939 2806 ab
2959 2768 3148 2808 occasu
3169 2754 3220 2808 in
3242 2764 3418 2809 ortum
3440 2756 3546 2810 cir-

1967 2838 2207 2893 cumiens
2233 2839 2401 2905 redit;
2445 2848 2498 2895 et
2523 2851 2605 2896 est
2634 2843 2685 2896 in
2711 2843 2812 2896 alia
2838 2852 2988 2914 parte
3011 2845 3225 2909 mundi,
3260 2861 3365 2915 quo
3402 2855 3540 2901 tem-

1969 2943 2098 2997 pore
2121 2944 2241 2998 pars
2272 2929 2370 2984 ista
2394 2931 2445 2983 in
2474 2946 2574 3001 qua
2603 2947 2810 2998 sumus,
2842 2933 3160 2989 tenebrcscit
3186 2936 3208 2967 ³
3238 2935 3289 2989 in
3312 2947 3541 2993 noctem.

1970 3020 2043 3074 Ex
2075 3036 2180 3090 quo
2207 3022 2364 3092 cogit,
2396 3023 2535 3093 quod
2565 3023 2720 3089 absit,
2749 3025 2800 3078 in
2827 3041 2929 3079 una
2962 3035 3111 3096 parte
3136 3026 3356 3082 credere
3380 3027 3543 3082 Deum

1967 3107 2129 3165 fuisse
2150 3151 2166 3176 ,
2209 3126 2365 3181 quam
2396 3123 2598 3182 partem
2624 3115 2713 3169 lux
2742 3115 2840 3170 ista
2866 3115 3172 3184 desereret,
3204 3126 3261 3172 ut
3290 3128 3467 3188 posset
3494 3121 3544 3175 ei

1966 3217 2186 3272 vespera
2216 3203 2349 3259 ﬁeri.
2382 3207 2465 3260 An
2490 3204 2628 3260 forte
2653 3207 2705 3260 in
2734 3223 2796 3261 ea
2824 3218 2972 3278 parte
3011 3208 3185 3263 lucem
3218 3209 3448 3274 fecerat,
3490 3212 3542 3265 in

1966 3308 2066 3361 qua
2096 3291 2331 3349 facturus
2360 3302 2473 3349 erat
2499 3295 2797 3358 hominem;
2827 3298 3015 3353 etideo
3034 3313 3153 3352 cum
3176 3300 3243 3352 ab
3263 3300 3371 3369 ipsa
3396 3302 3545 3371 parte

1967 3383 2054 3437 lux
2082 3383 2415 3440 discessisset
2435 3427 2450 3451 ,
2494 3400 2714 3456 vespera
2743 3386 2875 3441 facta
2906 3388 3120 3454 dicitur,
3150 3390 3308 3443 etiam
3337 3406 3457 3445 cum
3490 3391 3541 3444 in

1966 3472 2067 3524 alia
2100 3482 2247 3540 parte
2274 3473 2363 3527 lux
2392 3474 2478 3528 illa
2509 3484 2670 3540 esset,
2699 3491 2818 3545 qute
2844 3476 2966 3532 inde
2992 3477 3343 3546 discesserat,
3385 3494 3544 3536 mane

1966 3570 2216 3617 exortura
2243 3572 2457 3632 peracto
2483 3564 2745 3619 circuitu?

2075 3650 2301 3709 CAPUT
2330 3651 2422 3708 XI.
2444 3684 2514 3694 —
2534 3653 2612 3709 De
2624 3655 2744 3710 solis
2759 3656 2919 3727 oﬁicio
2947 3672 3074 3710 nova
3099 3656 3362 3727 difﬁcultas
3385 3658 3439 3712 in

2414 3747 2670 3816 superiore
2703 3747 2850 3801 modo
2877 3746 3095 3802 dicendi.

2034 3834 2126 3892 23.
2166 3835 2363 3906 thuid
2405 3851 2533 3907 ergo
2572 3838 2738 3893 factus
2773 3848 2857 3893 est
2876 3840 2957 3894 sol
3001 3840 3053 3894 in
3096 3847 3406 3909 potestatem
3436 3841 3542 3896 diei

1970 3926 2140 3999 (Psal.
2171 3943 2379 3996 cxxxv,
2409 3930 2490 4000 8),
2520 3930 2607 4000 qui
2637 3929 2840 3985 luceret
2866 3946 3026 3999 super
3045 3938 3263 3997 terram,
3282 3932 3325 3986 si
3346 3933 3432 3995 lux
3454 3931 3543 3988 illa

1966 4020 2072 4075 diei
2118 4020 2359 4077 faciendo
2388 4022 2690 4089 suffecerat,
2723 4038 2840 4093 qua!
2868 4023 2983 4078 dies
3016 4024 3174 4078 etiam
3213 4034 3396 4079 vocata
3426 4025 3544 4080 est?

1967 4112 2049 4166 An
2078 4111 2167 4167 illa
2194 4113 2343 4183 prior
2379 4113 2629 4184 regiones
2673 4115 2975 4184 superiores
3004 4130 3032 4168 a
3062 4124 3199 4171 terra
3230 4115 3545 4187 longinquas

1968 4201 2268 4258 illustrabat
2288 4243 2302 4269 ,
2329 4212 2387 4259 ut
2412 4204 2597 4259 sentiri
2627 4220 2731 4259 non
2774 4215 2955 4275 posset
2985 4206 3036 4260 in
3069 4208 3258 4271 terris;
3290 4218 3448 4277 atque
3473 4209 3545 4263 ita

1967 4293 2246 4363 oportebat
2286 4295 2456 4349 solem
2503 4294 2658 4363 ﬁeri,
2706 4310 2803 4365 per
2848 4311 3005 4365 quem
3043 4297 3159 4351 dies
3205 4296 3546 4351 inferioribus

1968 4383 2148 4439 mundi
2178 4384 2415 4454 partibus
2447 4384 2765 4455 appareret?
2793 4385 2972 4440 Potest
2996 4385 3165 4441 ethoc
3184 4385 3306 4450 dici,
3331 4395 3542 4440 auctum

1966 4491 2086 4530 esse
2110 4474 2369 4548 fulgorem
2396 4476 2498 4531 diei
2530 4477 2644 4530 sole
2664 4475 2864 4543 addito,
2893 4485 2950 4531 ut
2971 4492 3065 4545 per
3086 4477 3227 4531 illam
3254 4477 3421 4531 lucem
3444 4479 3545 4531 mi.

1967 4584 2066 4623 nus
2114 4568 2321 4638 fulgens
2358 4568 2473 4623 dies
2515 4584 2672 4638 quam
2720 4583 2860 4623 nunc
2906 4579 3023 4638 est,
3075 4570 3236 4624 fuisse
3273 4570 3542 4628 credatur.

1968 4659 2139 4714 Etiam
2176 4660 2278 4714 hoc
2306 4674 2335 4713 a
2366 4660 2591 4730 quodam
2622 4659 2822 4715 dictum
2857 4662 3001 4727 seio,
3034 4662 3258 4731 primum
3301 4672 3544 4719 naturam

1967 4750 2101 4803 lucis
2131 4750 2398 4804 inductam
2443 4750 2494 4804 in
2539 4764 2700 4820 opere
2735 4751 3006 4805 Creatoris
3027 4794 3042 4818 ,
3070 4767 3189 4807 cum
3218 4753 3413 4808 dictum
3439 4763 3546 4821 est,

1969 4839 2089 4893 Fiat
2119 4840 2224 4905 lux,
2259 4849 2306 4894 et
2325 4845 2460 4912 facta
2487 4850 2556 4895 est
2583 4842 2703 4905 lux;
2730 4850 2912 4911 postea
2934 4858 3061 4898 vero
3083 4858 3201 4897 cum
3228 4843 3296 4899 de
3323 4844 3546 4898 lumina-

1967 4934 2115 4989 ribus
2143 4933 2354 5002 dicitur,
2383 4934 2509 5005 quid
2538 4950 2603 4990 ex
2630 4935 2741 5005 ipsa
2764 4934 2881 4990 luce
2906 4935 3105 4991 factum
3126 4938 3192 4991 sit
3212 4935 3373 4991 fuisse
3391 4950 3544 4990 eom-

1970 5036 2316 5082 memoratum
2339 5069 2353 5092 ,
2385 5026 2572 5083 ordine
2601 5027 2803 5082 dierum
2827 5069 2842 5095 ,
2872 5043 2977 5098 quo
3005 5028 3174 5081 visum
3204 5036 3285 5081 est
3305 5026 3544 5081 Creatori

1969 5128 2156 5175 cuncta
2185 5135 2303 5176 esse
2331 5118 2568 5175 iacienda
2596 5136 2611 5175 :
2640 5135 2757 5189 qua:
2783 5129 2967 5173 natura
2995 5120 3128 5175 lucis
3152 5133 3256 5189 quo
3278 5117 3543 5173 transierit

1971 5208 2103 5263 facta
2128 5225 2346 5280 vespera
2367 5251 2383 5276 ,
2410 5218 2469 5264 ut
2492 5209 2723 5264 vicissim
2754 5223 2859 5264 nox
2898 5217 3265 5278 perageretur,
3314 5221 3413 5261 nec
3453 5206 3544 5261 ille

1970 5299 2130 5366 dixit,
2158 5315 2255 5353 nec
2284 5299 2433 5354 facile
2464 5299 2690 5354 inveniri
2721 5313 2878 5370 posse
2913 5298 3160 5353 arbitror.
3194 5295 3375 5366 Neque
3400 5297 3542 5351 enim

1969 5388 2283 5445 cxsﬁnctam
2305 5404 2425 5444 esse
2451 5388 2773 5445 credendum
2804 5399 2904 5455 est,
2932 5398 2988 5442 ut
3019 5396 3288 5441 nocturute
3311 5388 3542 5443 tenebrat

2033 5502 2047 5531 ¹
2068 5507 2149 5563 his.
2173 5499 2475 5563 colbertinus
2507 5506 2708 5563 tresque
2744 5499 2822 5549 alii
2860 5497 3051 5563 omnia:
3086 5506 3242 5563 notae,
3282 5498 3431 5563 ducit.
3479 5504 3544 5553 Ila

1970 5562 2194 5611 eumdem
2211 5560 2369 5609 locum
2388 5560 2543 5610 refert
2562 5559 2900 5621 ltiéronynms,’
2913 5559 2997 5622 qui
3020 5559 3260 5623 vulgatam
3280 5560 3545 5614 editionem

1967 5625 2043 5673 sui
2068 5624 2295 5685 temporis
2315 5635 2371 5672 se
2393 5630 2612 5671 secutum
2633 5629 2858 5685 testatur.
2994 5638 3007 5657 ε

2032 5686 2051 5715 ¹
2076 5678 2180 5733 Mss:
2203 5692 2498 5744 constanter,
2522 5678 2818 5732 tenebrascit.
