4056 6454
512 431 894 496 succederent;
938 439 994 487 et
1039 444 1225 486 rursus
1269 443 1579 495 accensam,
1629 435 1687 482 ut
1731 441 1886 480 mane
1915 425 2084 490 ﬁeret,

512 532 794 591 antequam
823 520 924 577 hoc
954 521 1082 576 solis
1109 519 1286 576 ofﬁcio
1311 528 1617 590 gereretur;
1647 516 1790 588 quod
1826 532 1857 570 a
1900 526 2090 588 quarto

513 612 601 668 die
629 614 857 684 coepisse
878 613 1013 682 fieri,
1036 613 1220 671 eadem
1246 613 1518 682 Scriptura
1546 619 1787 666 testatur.

509 704 737 761 CAPUT
775 704 890 762 XII.
925 737 997 748 —
1024 707 1141 761 Alia
1180 705 1445 777 difficultas
1487 703 1550 758 de
1586 703 1895 757 successione
1937 701 2089 756 trium

583 797 779 850 dierum
804 805 848 851 et
871 798 1092 850 noctium
1115 804 1230 849 ante
1250 795 1370 850 solis
1399 794 1723 847 creationem.
1756 791 2086 864 Congregatio

582 902 828 956 aquarum
857 886 1104 958 quomodo
1133 890 1288 957 facta.

581 978 672 1032 24.
714 978 864 1045 Quod
888 987 1170 1049 antequam
1199 977 1367 1044 lieret,
1395 992 1500 1048 quo
1526 976 1749 1032 circuitu
1777 976 1876 1031 sibi
1901 985 2086 1046 potue-

511 1067 619 1122 rint
643 1075 757 1122 tres
784 1068 898 1123 dies
923 1077 1209 1137 noctesque
1235 1067 1552 1132 succedere,
1595 1067 1724 1122 lucis
1752 1083 1881 1137 qua:-
1914 1067 2084 1137 primo

511 1160 651 1216 facta
697 1170 779 1216 est
821 1170 1166 1230 permanente
1203 1169 1389 1216 natura
1408 1200 1424 1226 ,
1453 1161 1499 1216 si
1528 1161 1616 1215 lux
1645 1161 1934 1229 corporalis
1959 1169 2082 1214 tunc

507 1253 643 1308 facta
674 1251 1014 1322 intelligenda
1041 1260 1144 1319 est,
1168 1261 1223 1307 et
1243 1252 1478 1306 invenire
1506 1260 1560 1306 et
1583 1251 1847 1320 explicare
1869 1249 2083 1304 difficile

508 1353 606 1399 cst.
635 1343 743 1398 Nisi
771 1342 904 1398 forte
925 1343 1120 1396 molem
1139 1350 1410 1398 terrenam
1432 1350 1483 1396 et
1503 1356 1777 1411 aquosam,
1799 1349 2082 1410 antequam

508 1443 653 1489 esset
695 1435 763 1488 ab
805 1434 1062 1488 alterutro
1098 1442 1384 1503 utrumque
1421 1432 1726 1497 discretum,
1757 1431 1896 1501 quod
1928 1431 2084 1486 tertio

505 1523 593 1578 die
621 1521 815 1577 factum
847 1524 1111 1589 scribitur,
1147 1523 1393 1578 tenebras
1421 1523 1587 1576 Deum
1627 1521 1924 1591 appellasse
1964 1518 2082 1589 quis

502 1613 735 1680 dixerit,
763 1622 981 1684 prepter
1004 1614 1322 1669 crassiorem
1349 1612 1767 1682 corpulentiam,
1800 1625 1956 1680 quam
1987 1611 2079 1665 lux

503 1712 784 1771 penetrare
827 1719 935 1758 non
979 1711 1220 1773 poterat,
1267 1702 1348 1756 vel
1393 1709 1609 1772 prepter
1650 1700 2081 1755 obscurissimam

502 1794 746 1848 umbram
774 1804 934 1849 tanta:
959 1794 1114 1849 molis
1132 1835 1148 1861 ,
1175 1809 1334 1863 quam
1365 1807 1587 1848 necesse
1614 1799 1696 1847 est
1723 1801 1779 1845 ut
1812 1807 1879 1846 ex
1916 1792 2080 1846 altera

501 1893 655 1954 parte
679 1885 873 1941 habeat
899 1902 1113 1955 corpus,
1147 1887 1191 1940 si
1217 1901 1282 1940 ex
1307 1885 1479 1955 aliqua
1504 1894 1655 1956 parte
1684 1884 1772 1937 lux
1801 1883 1974 1938 fuerit.
1997 1882 2081 1938 Ad

502 1992 661 2047 quem
704 1977 879 2032 locum
925 1977 1068 2032 enim
1109 1975 1392 2046 cujuslibet
1428 1973 1667 2046 corporis
1707 1975 1877 2029 moles
1905 1974 2077 2028 lucem

500 2069 786 2138 pervenire
813 2083 918 2124 non
949 2069 1101 2135 sinit,
1141 2069 1195 2122 in
1221 2082 1286 2122 eo
1311 2067 1430 2123 loco
1457 2067 1642 2122 umbra
1671 2076 1755 2122 est
1784 2082 1798 2118 :
1826 2067 2079 2135 quoniam

503 2159 653 2214 locus
679 2173 867 2213 carens
892 2174 952 2213 ea
976 2159 1111 2222 luce,
1141 2173 1243 2228 qua
1271 2159 1644 2225 illustraretur,
1673 2158 1773 2214 nisi
1796 2157 2079 2228 impediret

503 2263 698 2317 corpus
719 2249 1042 2318 oppositum,
1069 2248 1172 2303 hoc
1198 2257 1362 2303 totum
1387 2258 1468 2303 est
1492 2249 1629 2318 quod
1657 2249 1839 2302 umbra
1863 2248 2075 2303 dicitur.

501 2339 632 2406 Quae
659 2340 702 2394 si
727 2354 824 2410 pro
850 2340 989 2396 mole
1015 2341 1252 2410 corporis
1281 2349 1388 2394 tam
1416 2355 1605 2410 magna
1635 2338 1815 2405 fuerit,
1837 2348 1896 2394 ut
1921 2354 2080 2394 occu-

499 2439 591 2499 pet
606 2431 831 2500 spatium
852 2440 1029 2497 terras,
1058 2440 1310 2501 quantum
1333 2447 1396 2485 ex
1423 2432 1586 2486 altera
1607 2439 1756 2501 parte
1775 2431 1888 2485 dies
1915 2445 2077 2486 occu-

498 2527 610 2588 pat,
642 2536 743 2574 nox
776 2530 1018 2575 vocatur.
1049 2521 1232 2592 Neque
1271 2521 1413 2576 enim
1457 2536 1642 2576 omnes
1683 2521 1914 2576 tenebra:
1948 2536 2074 2575 nox.

496 2611 628 2665 Nam
667 2621 720 2667 et
766 2613 819 2667 in
860 2615 1124 2683 speluncis
1162 2615 1352 2685 amplis
1377 2603 1399 2678 ,’
1429 2615 1483 2668 in
1519 2629 1740 2684 quarum
1779 2613 1957 2668 abdita
1982 2614 2076 2668 lux

498 2701 796 2774 irrumpere
837 2721 932 2773 per
957 2705 1255 2775 oppositam
1295 2705 1490 2759 molem
1539 2721 1646 2759 non
1688 2705 1900 2769 sinitur,
1953 2713 2078 2759 sunt

496 2793 679 2863 utique
707 2795 975 2860 tenebrae;
1005 2797 1128 2865 quia
1157 2796 1242 2850 lux
1266 2811 1372 2850 non
1401 2804 1483 2850 est
1509 2796 1614 2862 ibi,
1650 2805 1922 2866 totumque
1948 2809 2074 2865 spa-

495 2885 627 2938 tium
659 2886 785 2940 illud
816 2887 961 2941 locus
987 2896 1069 2944 est
1097 2902 1287 2943 carens
1313 2889 1468 2944 luce:
1494 2903 1593 2943 nec
1619 2897 1792 2942 tamen
1829 2889 1963 2942 tales
1993 2896 2073 2943 te-

497 2975 678 3029 nebrae
700 2986 1022 3046 acceperunt
1047 2979 1361 3032 vocabulum
1388 2979 1558 3033 noctis
1577 3019 1590 3042 ,
1623 2978 1719 3033 sed
1744 2979 1850 3033 illa:
1876 2995 1995 3049 qua:
2021 2979 2074 3034 in

498 3079 617 3119 eam
658 3075 859 3135 partem
905 3076 1061 3122 terrm
1105 3069 1422 3134 succedunt,
1451 3069 1590 3124 unde
1619 3079 1920 3125 removetur
1938 3070 2072 3125 dies.

497 3156 651 3212 Sicut
673 3173 776 3212 non
804 3159 977 3213 omnis
1003 3159 1090 3213 lux
1112 3159 1227 3214 dies
1253 3160 1580 3230 appellatur;
1612 3175 1732 3215 nam
1754 3171 1806 3216 et
1826 3161 1964 3215 luna:
1985 3160 2071 3216 lux

496 3256 600 3315 est,
628 3256 683 3302 et
708 3248 960 3315 siderum,
992 3257 1046 3303 et
1074 3250 1430 3314 lucernarum,
1462 3260 1516 3305 et
1544 3251 1989 3318 coruscationum,
2019 3261 2073 3306 et

495 3355 826 3411 quarumque
854 3356 1031 3396 rerum
1063 3342 1134 3396 ita
1162 3341 1471 3412 fulgentium
1497 3361 1510 3396 :
1540 3343 1632 3398 sed
1663 3344 1752 3397 illa
1781 3344 1866 3397 lux
1894 3344 2075 3414 appel-

494 3432 636 3486 latur
663 3433 796 3499 dies,
824 3434 907 3488 cui
931 3449 1035 3488 nox
1077 3435 1392 3503 prmcedcnti
1422 3435 1796 3505 recedentiquc
1817 3435 2069 3491 succedit.

563 3523 653 3580 25.
695 3524 802 3580 Sed
830 3526 873 3580 si
916 3524 1164 3594 primaria
1192 3526 1283 3581 lux
1313 3525 1401 3580 illa
1433 3526 1663 3596 undique
1691 3534 1846 3581 terra:
1873 3527 2070 3582 molem

493 3616 812 3676 circumfusa
841 3629 1183 3686 contexerat,
1214 3620 1326 3675 sive
1362 3628 1561 3685 staret,
1607 3621 1721 3675 sive
1747 3620 2069 3687 circumiret,

497 3730 601 3768 non
641 3723 756 3768 erat
784 3729 848 3769 ex
875 3730 976 3784 qua
1007 3722 1154 3784 parte
1183 3713 1485 3768 admitteret
1510 3722 1721 3767 noctem
1760 3700 2075 3766 sibi-succe-

492 3805 658 3871 dere;
686 3804 808 3876 quia
836 3819 1098 3874 nusquam
1125 3805 1236 3873 ipsa
1263 3803 1598 3868 discedebat,
1627 3813 1684 3856 ut
1703 3802 1752 3858 ei
1780 3803 1975 3857 faceret
2001 3802 2071 3857 lo-

493 3913 635 3953 cum.
665 3898 746 3952 An
775 3913 838 3952 ex
865 3913 967 3952 una
993 3906 1141 3967 parte
1172 3896 1306 3950 facta
1331 3905 1445 3961 erat
1464 3938 1478 3961 ,
1507 3904 1562 3949 ut
1587 3896 1697 3964 ipsa
1719 3896 2068 3960 circumiens,

492 3991 651 4044 etiam
696 3999 905 4044 noctem
957 4007 1020 4044 ex
1049 3991 1149 4044 alia
1175 3998 1326 4060 parte
1357 3999 1744 4058 consequenter
1792 3989 2072 4044 circumire

495 4082 866 4150 permitteret?
893 4081 1023 4134 (lum
1060 4081 1198 4134 enim
1229 4090 1389 4134 lotam
1423 4089 1615 4135 terram
1642 4079 1813 4135 adhuc
1834 4095 1968 4149 aqua
1996 4088 2072 4135 te-

490 4181 670 4242 geret,
699 4172 832 4226 nihil
864 4171 1184 4241 impediebat
1226 4180 1283 4228 ut
1316 4186 1513 4241 aquosa
1539 4179 1592 4225 et
1615 4171 1831 4240 globosa
1859 4171 1874 4202 ³
1903 4170 2072 4224 moles

492 4280 560 4318 ex
587 4279 688 4326 una
735 4272 882 4333 parte
912 4263 1109 4318 faceret
1157 4263 1297 4317 diem
1326 4263 1456 4316 lucis
1503 4262 1816 4331 praesentia,
1866 4277 1928 4316 ex
1970 4262 2072 4316 alia

492 4364 702 4410 noctem
736 4355 871 4410 lucis
890 4354 1150 4420 absentia,
1175 4369 1291 4423 qua:
1318 4353 1369 4406 in
1400 4368 1517 4409 eam
1540 4361 1742 4422 partem
1765 4351 2074 4406 succederet

490 4461 520 4498 a
544 4454 779 4514 tempore
808 4445 1130 4514 vespertino,
1154 4459 1217 4498 ex
1248 4459 1348 4512 qua
1378 4445 1464 4497 lux
1495 4443 1547 4497 in
1574 4443 1732 4496 aliam
1758 4442 2067 4496 declinaret.

563 4536 653 4591 26.
695 4537 811 4603 Quo
844 4549 971 4604 ergo
994 4544 1327 4605 congregata:
1356 4543 1480 4588 sunt
1507 4549 1679 4604 aqum,
1708 4534 1752 4589 si
1784 4541 1946 4588 lotam
1967 4542 2072 4589 ter-

489 4643 603 4683 ram
618 4643 766 4696 prius
780 4627 1188 4697 occupaverant?
1201 4627 1302 4681 illa:
1314 4627 1518 4682 scilicet
1531 4642 1647 4697 qua:
1658 4627 1907 4682 detractae
1926 4635 2068 4691 sunt,

497 4727 557 4773 nt
579 4728 716 4774 terra
749 4719 1056 4783 nudaretur,
1082 4719 1134 4772 in
1162 4733 1314 4788 quam
1343 4727 1549 4787 partem
1574 4724 1906 4787 congregata:
1924 4715 2071 4771 sunt?

490 4810 546 4865 Si
577 4810 719 4866 enim
749 4819 861 4864 erat
891 4808 1086 4879 aliquid
1113 4809 1310 4862 nudum
1337 4818 1492 4863 terra:
1510 4850 1526 4874 ,
1553 4823 1661 4879 quo
1686 4822 2074 4878 congregaren-

489 4910 612 4966 tur;
640 4901 748 4970 jam
777 4901 1065 4969 apparebat
1087 4899 1254 4966 arida,
1282 4914 1381 4954 nec
1403 4909 1569 4953 totum
1591 4899 1814 4969 abyssus
1838 4912 2070 4966 occupa-

487 4992 598 5046 bat.
636 4990 692 5051 Si
720 5000 898 5045 autem
943 4998 1111 5046 totum
1157 4998 1435 5054 texerant;
1474 4988 1594 5059 quis
1622 4997 1736 5042 erat
1773 4989 1922 5043 locus
1965 5003 2072 5057 quo

488 5084 867 5153 colligerentur
886 5124 902 5149 ,
933 5093 988 5136 ut
1007 5091 1163 5137 terrae
1186 5082 1405 5136 ariditas
1434 5079 1756 5150 appareret?
1783 5077 2073 5148 Numquid-

491 5189 613 5229 nam
640 5175 691 5228 in
713 5174 876 5228 altum
903 5181 1237 5244 congregata:
1260 5181 1417 5237 sunt,
1450 5171 1585 5225 sicut
1614 5169 1673 5224 fit
1694 5184 1814 5225 cum
1844 5167 1910 5222 ad
1936 5185 2070 5223 veno

487 5265 746 5320 tilandum
771 5267 825 5320 in
868 5281 991 5319 area
1018 5265 1212 5320 messis
1243 5265 1367 5318 trita
1394 5262 1715 5331 subrigitur,
1747 5272 1800 5318 et
1819 5271 2071 5330 congesta

488 5359 542 5412 in
573 5373 818 5428 aggerem
865 5357 1031 5412 nudat
1074 5357 1248 5412 locum
1290 5371 1451 5426 quem
1491 5354 1680 5409 diﬂ‘usa
1722 5355 2070 5410 contexerat?

488 5449 620 5519 Quis
649 5448 752 5504 hoc
775 5449 1007 5516 dixerit,
1049 5464 1168 5503 cum
1199 5447 1404 5503 viderat
1447 5461 1825 5516 usquequaque
1855 5461 2070 5514 campos

491 5541 654 5596 maris
680 5541 1011 5612 aequabiliter
1041 5540 1217 5608 fusos,
1248 5541 1335 5612 qui
1362 5540 1522 5595 etiam
1551 5555 1670 5594 cum
1697 5554 1850 5608 aqua:
1876 5537 2069 5592 ﬂuctu-

487 5634 629 5689 mnis
657 5632 872 5705 quidam
894 5633 1040 5689 velut
1063 5641 1273 5690 montes
1309 5633 1620 5710 eriguntur,
1655 5629 1852 5688 sedatis
1882 5642 2067 5685 rursus

551 5749 567 5778 '
593 5754 698 5798 Mss.
724 5747 921 5811 aliquot,
941 5743 996 5808 σι
1007 5747 1146 5799 diosa.

1425 317 1513 372 DE
1551 313 1799 373 GENESI
1835 311 1926 368 AD
1965 309 2334 379 LITTERAM,
2372 313 2430 370 S.
2469 312 2836 372 AUGUSTINI

3663 319 3770 378 250

3535 389 3578 411 α.

2199 427 2596 494 tempestatibus
2619 427 3050 497 complanantur?
3070 427 3135 483 Et
3157 427 3204 484 si
3230 445 3330 501 qua
3356 430 3533 486 littora
3558 431 3767 487 nudan—

2195 525 2280 572 tur
2303 519 2490 587 latius,
2521 536 2626 574 non
2653 529 2827 592 potest
2866 520 2972 576 dici
3013 521 3156 577 nulla
3183 534 3302 578 esse
3347 523 3450 579 alia
3499 533 3761 580 terrarum

2193 610 2366 678 spatia
2385 651 2399 673 ,
2426 627 2531 680 quo
2558 611 2775 666 accedat
2795 612 2846 667 id
2872 611 3011 684 quod
3039 613 3252 669 aliunde
3274 613 3512 682 decedit,
3543 616 3684 672 unde
3710 617 3765 672 in

2192 715 2311 753 eum
2344 701 2516 755 locum
2555 718 2623 757 ex
2654 718 2761 773 quo
2790 714 3112 771 recesserat,
3144 705 3337 760 iterum
3363 707 3599 764 accedat.
3632 709 3766 765 Cum

2191 801 2366 846 autem
2396 802 2556 847 totam
2585 795 2803 849 omnino
2847 804 3042 850 terram
3086 795 3288 851 undosa
3310 805 3495 851 natura
3521 799 3766 868 cooperi-

2191 894 2305 952 ret,
2339 883 2443 955 quo
2470 885 2704 951 cederet,
2734 897 2792 940 ut
2813 887 3034 943 nudaret
3051 887 3251 958 aliquas
3277 889 3485 958 partes?
3513 889 3595 943 An
3621 888 3765 946 forte

2190 977 2360 1032 rarior
2379 995 2513 1048 aqua
2544 979 2688 1034 velut
2715 979 2904 1034 nebula
2933 989 3104 1035 terras
3133 980 3370 1050 tegebat,
3397 997 3516 1052 qua:
3543 997 3767 1054 congre-

2187 1070 2400 1138 gatione
2426 1069 2648 1138 spissata
2692 1079 2804 1136 est,
2848 1079 2906 1124 ut
2941 1085 3004 1124 ex
3048 1069 3228 1125 multis
3254 1084 3346 1125 eas
3387 1071 3661 1140 partibus,
3707 1075 3761 1128 in

2187 1161 2378 1230 quibus
2412 1159 2555 1215 arida
2600 1171 2781 1232 posset
2822 1177 3080 1232 apparere
3103 1202 3118 1225 ,
3154 1161 3416 1216 nudaret?
3453 1162 3763 1234 Quanquam

2186 1261 2241 1306 et
2277 1261 2418 1308 terra
2442 1253 2598 1323 longe
2622 1253 2829 1322 lateque
2857 1251 3171 1319 subsidens,
3219 1253 3390 1322 potuit
3426 1253 3556 1308 alias
3585 1264 3765 1323 partes

2187 1343 2426 1413 prmbere
2455 1359 2712 1400 concavas
2736 1385 2751 1410 ,
2782 1344 2973 1414 quibus
2998 1343 3324 1398 conﬂuentes
3351 1354 3406 1399 et
3447 1356 3761 1401 corruentes

2184 1448 2334 1505 aquae
2359 1435 2735 1504 reciperentur,
2764 1442 2816 1489 et
2835 1443 3114 1506 appareret
3135 1433 3282 1489 arida
3303 1450 3367 1489 ex
3390 1433 3474 1490 bis
3495 1435 3728 1506 partibus
3742 1476 3762 1503 ,

2185 1524 2325 1580 unde
2353 1523 2545 1579 humor
2567 1524 2898 1580 abscederet.
2957 1531 2960 1533 ‘

2255 1615 2347 1668 27.
2387 1615 2503 1670 Non
2527 1624 2608 1670 est
2633 1623 2807 1669 autem
2837 1613 3077 1670 informis
3105 1614 3250 1669 omni
3289 1613 3452 1669 modo
3480 1613 3762 1679 materies,

2185 1707 2275 1763 ubi
2300 1708 2459 1764 etiam
2482 1707 2735 1762 nebulosa
2759 1708 2964 1776 species
2985 1715 3206 1776 apparet
3238 1723 3252 1760 :

2288 1796 2513 1854 CAPUT
2550 1796 2691 1853 XIII.
2708 1796 2942 1866 —Aqua
2983 1806 3033 1850 et
3061 1806 3196 1851 terra
3223 1795 3428 1868 quando
3451 1805 3653 1850 creatae.

2255 1888 2463 1945 Etideo
2508 1890 2672 1961 quaeri
2715 1889 2890 1944 adhuc
2942 1898 3147 1958 potest,
3201 1888 3412 1958 quando
3457 1889 3598 1942 Deus
3632 1888 3765 1943 istas

2182 1982 2497 2054 conspicuas
2532 1997 2788 2052 aquarum
2833 1990 3198 2050 terrarumque
3223 1981 3428 2048 species
3451 1979 3764 2049 qualitates-

2183 2089 2285 2142 que
2312 2074 2603 2138 creaverit;
2646 2073 2698 2126 in
2727 2072 2872 2126 nullo
2897 2072 3037 2127 enim
3082 2086 3174 2126 sex
3217 2070 3421 2125 dierum
3462 2068 3564 2123 hoc
3607 2068 3759 2123 inve—

2182 2164 2547 2233 nitur.ltaque
2583 2165 2629 2218 si
2675 2164 2778 2218 hoc
2825 2170 2948 2217 ante
2976 2176 3187 2216 omnem
3229 2160 3372 2215 diem
3419 2158 3573 2226 fecit,
3621 2158 3764 2213 sicut

2181 2264 2304 2310 ante
2346 2255 2567 2310 istorum
2606 2254 2895 2325 primorum
2939 2253 3147 2307 dierum
3193 2241 3758 2306 commemorationem

2180 2346 2433 2416 scriptum
2457 2353 2561 2412 est,
2592 2343 2660 2398 In
2683 2345 2927 2415 principio
2957 2345 3074 2416 fecit
3104 2341 3238 2396 Deus
3259 2342 3440 2396 caelum
3465 2351 3515 2395 et
3536 2350 3719 2393 terram
3742 2355 3762 2400 ;

2181 2446 2241 2492 ut
2269 2437 2320 2492 in
2351 2444 2506 2491 terrre
2531 2434 2791 2490 vocabqu
2820 2434 3172 2504 intelligamus
3193 2432 3302 2502 jam
3333 2431 3610 2488 formatam
3641 2439 3755 2484 ter-

2181 2543 2364 2584 renam
2389 2527 2619 2598 speciem
2640 2525 2931 2596 superfusis
2947 2525 3097 2595 aquis
3119 2524 3218 2578 ista
3235 2523 3345 2592 jam
3366 2521 3558 2576 visibili
3579 2519 3761 2589 specie

2179 2622 2262 2676 sui
2294 2621 2506 2691 generis
2545 2619 2825 2674 declaratis
2852 2635 2865 2672 :
2895 2626 2954 2672 ut
2983 2619 3033 2671 in
3079 2631 3145 2671 eo
3181 2614 3325 2686 quod
3349 2614 3588 2684 sequitur
3617 2611 3765 2673 Scri-

2179 2719 2333 2781 ptura
2361 2710 2574 2776 dicens,
2619 2707 2776 2763 Terra
2811 2718 2977 2760 autem
3005 2715 3110 2760 erat
3138 2706 3398 2759 invisibilis
3426 2713 3471 2758 et
3499 2704 3760 2774 incompo-

2178 2801 2310 2867 sita,
2353 2816 2399 2854 et
2427 2801 2639 2854 tenebrte
2663 2807 2806 2853 erant
2831 2814 2981 2863 super
3006 2797 3239 2867 abyssum
3264 2811 3282 2850 :
3305 2804 3353 2849 et
3397 2794 3621 2864 Spiritus
3664 2792 3759 2847 Dei

2179 2892 2582 2965 superfcrebatur
2621 2907 2772 2960 super
2799 2907 2990 2958 aquas,
3037 2888 3235 2942 nullam
3283 2887 3561 2956 opinemur
3590 2883 3759 2939 infor-

2180 2983 2417 3038 mitatem
2461 2980 2723 3047 materiae,
2767 2980 2860 3035 sed
2900 2989 3094 3034 terram
3120 2986 3176 3034 et
3211 2993 3401 3048 aquam
3443 2976 3560 3031 sine
3605 2975 3763 3041 luce,

2177 3091 2298 3146 qua:
2333 3074 2568 3130 nondum
2594 3081 2708 3128 erat
2732 3071 2866 3127 facta
2887 3113 2903 3139 ,
2944 3071 3055 3125 suis
3077 3069 3186 3140 jam
3214 3063 3505 3123 notissimis
3530 3066 3755 3137 qualita—

2179 3168 2319 3222 tibus
2341 3155 2582 3221 eonditas
2614 3184 2627 3220 :
2660 3172 2717 3218 ut
2755 3162 2876 3218 ideo
2907 3170 3044 3217 terra
3083 3159 3363 3216 invisibilis
3388 3158 3529 3214 dicta
3558 3157 3758 3212 intelli-

2177 3267 2359 3329 gatur,
2386 3254 2528 3328 quod
2551 3255 2701 3326 aquis
2729 3261 2978 3323 cooperta
3003 3268 3108 3307 non
3125 3259 3304 3322 posset
3331 3249 3522 3315 videri,
3541 3247 3750 3304 etiamsi

2177 3356 2321 3403 esset
2345 3347 2434 3417 qui
2463 3354 2640 3416 posset
2664 3345 2879 3410 videre;
2912 3343 3033 3399 ideo
3057 3357 3186 3396 vero
3222 3339 3566 3408 incomposita
3585 3379 3600 3402 ,
3630 3343 3753 3407 quia

2178 3438 2413 3494 nondum
2437 3452 2466 3491 a
2494 3435 2628 3491 mari
2653 3434 2926 3498 distincta,
2954 3441 3008 3488 et
3035 3431 3207 3486 cincta
3232 3430 3499 3485 littoribus
3517 3470 3531 3494 ,
3569 3437 3623 3482 et
3641 3427 3760 3483 suis

2178 3530 2371 3586 fetibus
2415 3529 2833 3598 animalibusque
2871 3526 3115 3581 decorata
3146 3543 3160 3579 :
3187 3524 3232 3578 si
3285 3538 3413 3594 ergo
3434 3523 3503 3576 ita
3528 3530 3636 3586 est,
3657 3536 3758 3600 cur

2178 3623 2297 3678 istae
2325 3621 2531 3690 species
2549 3662 2565 3683 .
2592 3634 2712 3689 qua:
2736 3617 2917 3688 procul
2944 3615 3104 3670 dubio
3123 3614 3428 3684 corporales
3451 3620 3601 3677 sunt,
3629 3619 3753 3666 ante

2177 3729 2388 3769 omnem
2414 3713 2553 3768 diem
2577 3711 2726 3766 facta:
2755 3709 2914 3765 sunt?
2940 3709 3047 3765 Cur
3067 3723 3171 3763 non
3193 3708 3444 3776 scriptum
3469 3713 3576 3768 est,
3612 3703 3754 3758 Dixit

2179 3805 2339 3871 Deus,
2370 3803 2484 3857 Fiat
2507 3812 2664 3866 terra,
2699 3809 2753 3856 et
2773 3801 2906 3853 facta
2935 3806 3017 3854 est
3040 3806 3212 3862 terra;
3242 3797 3398 3862 item,
3427 3794 3567 3848 Dixit
3591 3793 3752 3857 Deus,

2177 3895 2295 3949 Fiat
2321 3910 2488 3960 aqua;
2531 3903 2586 3948 et
2613 3894 2745 3946 facta
2783 3899 2865 3946 est
2887 3905 3048 3961 aqua;
3087 3889 3172 3944 vel
3201 3896 3483 3956 utrumque
3510 3898 3753 3939 commu-

2177 3988 2342 4052 niter,
2383 3986 2427 4039 si
2455 4000 2558 4038 una
2602 3983 2751 4054 quasi
2772 3983 2886 4052 lege
2915 3981 3016 4036 loci
3046 3980 3209 4034 intimi
3226 3979 3583 4044 continentur,
3612 3975 3758 4032 Dixit

2177 4077 2318 4132 Deus
2339 4119 2352 4140 ,
2383 4075 2498 4128 Fiat
2524 4083 2662 4129 terra
2685 4082 2739 4129 et
2765 4087 2918 4142 aqua,
2946 4083 2998 4126 et
3024 4071 3100 4125 sic
3127 4070 3318 4124 factum
3347 4068 3472 4123 est?

2213 4163 2793 4248 CAPU'IXIV.——Ratio
2821 4181 2909 4218 cur
2934 4164 2985 4216 in
3012 4163 3172 4232 primo
3197 4163 3440 4215 versiculo
3468 4159 3713 4242 Geneseos

2509 4256 2911 4327 subinteliigatur
2935 4253 3145 4307 materia
3167 4252 3418 4322 informis.

2247 4351 2352 4407 Cur
2381 4367 2484 4404 non
2515 4350 2712 4403 dictum
2740 4356 2850 4414 est,
2895 4345 3014 4401 cuin
3042 4345 3144 4399 hoc
3172 4345 3364 4399 factum
3385 4352 3556 4410 esset,
3610 4342 3755 4398 Vidit

2176 4446 2316 4500 Deus
2335 4487 2348 4511 ,
2381 4444 2502 4513 quia
2526 4443 2720 4497 bonum
2745 4441 2863 4495 est?
3305 4506 3328 4528 λ

2246 4537 2338 4592 28.
2380 4537 2503 4590 Ilrcc
2523 4535 2665 4590 enim
2694 4531 3048 4588 consideratio
3085 4529 3252 4586 suasit
3282 4529 3551 4601 (quoniam
3578 4529 3754 4583 mani-

2176 4627 2369 4683 festum
2400 4635 2483 4682 est
2510 4641 2668 4681 omne
2695 4623 2944 4680 mutabile
2974 4638 3040 4678 ex
3078 4613 3604 4692 aliqua'informitate
3646 4621 3754 4674 for-

2176 4721 2347 4785 mari;
2377 4718 2639 4787 simulque
2665 4716 2793 4772 illud
2817 4724 2871 4770 et
2903 4713 3163 4769 catholica
3188 4713 3317 4768 ﬁdes
3344 4711 3670 4783 praescribit,
3700 4719 3758 4765 et

2175 4815 2469 4870 certissima
2494 4812 2628 4867 ratio
2647 4811 2823 4873 docet,
2854 4809 3115 4864 nullarum
3141 4814 3446 4860 naturarum
3473 4805 3755 4860 materiam

2175 4921 2296 4963 esse
2324 4905 2590 4976 potuisse,
2623 4902 2726 4957 nisi
2753 4901 2820 4956 ab
2840 4899 3078 4955 omnium
3108 4911 3285 4953 rerum
3312 4910 3422 4951 non
3444 4896 3613 4950 solum
3644 4894 3755 4950 for-

2179 5006 2441 5053 matarum
2459 5037 2473 5062 ,
2502 4995 2596 5050 sed
2617 4994 2776 5050 etiam
2807 4990 3162 5046 iormabilium
3188 4987 3499 5042 incltoatore
3528 4987 3637 5041 Deo
3670 4995 3757 5040 at-

2175 5105 2280 5160 que
2300 5095 2560 5153 creatore,
2589 5084 2656 5140 de
2681 5099 2781 5152 qua
2798 5083 2958 5139 etiam
2979 5081 3109 5136 dicit
3123 5079 3172 5134 ei
3193 5077 3434 5148 quaedam
3462 5077 3756 5148 Scriptura,

2179 5181 2277 5247 Qui
2322 5178 2484 5252 fecisti
2525 5174 2770 5228 mundum
2803 5190 2864 5227 ea:
2888 5171 3097 5226 materia
3136 5168 3344 5240 informi
3371 5167 3522 5240 [δαρ.
3553 5183 3632 5232 x1,
3666 5166 3758 5243 1‘8}

2176 5275 2314 5328 lianc
2336 5271 2610 5327 materiam
2640 5269 2743 5323 illis
2762 5267 2937 5322 verbis
2957 5309 2971 5335 ,
3000 5264 3191 5337 quibus
3218 5279 3314 5334 pro
3342 5263 3600 5334 Spirituali
3624 5276 3753 5331 pru-

2162 5349 2340 5404 dentia
2391 5348 2714 5404 tardioribus
2757 5353 2920 5405 etiam
2969 5352 3258 5406 lectoribus
3289 5354 3370 5405 vel
3411 5353 3748 5408 auditoribus

2161 5447 2476 5507 congrueret
2500 5438 2540 5503 ί,
2563 5439 2724 5494 fuisse
2746 5451 3244 5506 commemoratam,
3267 5441 3456 5510 quibus
3476 5451 3600 5496 ante
3628 5441 3746 5496 die-

2162 5543 2277 5582 rum
2307 5529 2771 5604 enumerationem
2801 5530 3001 5586 dictum
3051 5541 3165 5600 est,
3217 5529 3284 5586 In
3333 5532 3586 5602 principio
3625 5532 3745 5600 fecit

2163 5619 2299 5674 Deus
2323 5621 2504 5674 coelum
2532 5627 2581 5674 et
2601 5629 2817 5690 terram,
2845 5631 2974 5689 etc.,
3005 5623 3173 5681 donec
3197 5623 3492 5685 diceretur.
3521 5622 3593 5679 Et
3612 5623 3744 5677 dixit

2225 5735 2240 5765 ι
2268 5733 2377 5784 uss.
2404 5733 2584 5793 plures.
2610 5745 2973 5801 congruenter.

3724 5797 3776 5819 ,κε

3742 5817 3790 5867 "'l
