4056 6464
270 377 371 431 257

273 495 441 559 Deus,
489 498 546 547 ut
588 488 1210 565 deincepsformatarum
1261 499 1438 541 rerum
1486 481 1616 538 ordo
1659 493 1848 536 conse-

272 591 545 647 queretur.

271 670 496 726 CAPUT
534 669 652 725 XV.
674 698 745 711 --
771 668 987 725 Materia
1015 668 1236 737 origine,
1259 681 1359 719 non
1384 674 1608 733 tempore
1633 662 1849 731 formam

940 757 1193 827 praecedit.

348 850 439 905 29.
469 850 584 904 Non
613 850 735 919 quia
776 848 1015 903 informis
1037 847 1256 902 materia
1280 846 1515 900 formatis
1533 842 1694 900 rebus
1716 851 1850 897 tem-

272 956 402 1011 pore
424 942 571 1010 prior
590 950 705 1006 est,
736 956 857 994 cum
877 940 945 994 sit
970 948 1251 1007 utrumque
1283 937 1439 991 simul
1478 942 1816 990 concreatum
1836 972 1849 995 ,

269 1040 327 1087 et
351 1033 496 1087 unde
538 1031 733 1086 factum
758 1041 869 1097 est,
910 1040 961 1086 et
990 1029 1132 1101 quod
1173 1029 1370 1084 factum
1398 1036 1498 1082 est.
1530 1026 1679 1081 Sicut
1709 1025 1848 1080 enim

275 1138 380 1178 vox
418 1124 642 1177 materia
666 1131 749 1178 est
773 1123 1051 1177 verborum
1072 1161 1086 1185 ,
1116 1120 1274 1174 verba
1299 1133 1426 1173 vero
1456 1118 1729 1171 formatam
1757 1128 1853 1168 vo-

276 1228 394 1267 cem
423 1212 692 1277 indicant;
721 1227 828 1266 non
858 1218 1032 1265 autem
1063 1209 1154 1280 qui
1192 1208 1457 1278 loquitur,
1488 1206 1634 1275 prius
1662 1203 1855 1259 emittit

276 1303 560 1357 informem
585 1317 800 1369 vocem,
829 1316 983 1372 quam
1011 1300 1180 1370 possit
1205 1307 1384 1369 postea
1412 1297 1677 1366 colligere,
1698 1304 1857 1364 atque

277 1393 331 1446 in
359 1392 522 1447 verba
562 1392 793 1446 formare
824 1409 836 1444 :
868 1392 940 1446 ita
966 1400 1176 1444 creator
1209 1390 1349 1444 Deus
1377 1403 1483 1443 non
1508 1387 1685 1456 priore
1724 1395 1856 1439 tem-

277 1500 411 1555 pore
443 1485 567 1538 fecit
607 1483 884 1537 informem
929 1481 1242 1547 materiam,
1292 1487 1348 1535 et
1385 1495 1505 1534 eam
1552 1486 1732 1548 postea
1764 1490 1858 1545 per

279 1574 524 1629 ordinem
550 1588 876 1643 quarumque
905 1581 1213 1627 naturarum
1231 1612 1245 1637 ,
1276 1572 1425 1640 quasi
1471 1569 1702 1626 secunda
1725 1584 1859 1624 con-

277 1665 606 1720 sideratione
632 1664 906 1729 formavit;
954 1663 1229 1718 formatam
1255 1664 1448 1733 quippe
1467 1662 1666 1717 creavit
1686 1669 1860 1716 mate—

280 1758 438 1812 riam.
464 1757 569 1812 Sed
594 1756 713 1826 quia
735 1756 862 1810 illud
879 1755 1015 1809 unde
1037 1754 1093 1809 fit
1112 1754 1330 1825 aliquid,
1347 1754 1448 1809 etsi
1470 1768 1573 1808 non
1597 1761 1857 1822 tempore,

283 1859 467 1903 tamen
505 1847 729 1916 quadam
756 1847 959 1916 origine
1001 1846 1147 1915 prius
1189 1854 1304 1911 est,
1358 1859 1515 1916 quam
1563 1844 1690 1899 illud
1720 1842 1861 1913 quod

285 1939 413 1996 inde
441 1940 524 2005 fit;
575 1941 745 2009 potuit
769 1938 1003 1994 dividere
1027 1937 1296 2007 Scriptura
1334 1937 1579 2008 loquendi
1609 1937 1860 2007 tempori-

284 2032 422 2098 bus,
469 2032 606 2103 quod
652 2032 790 2087 Deus
834 2031 1057 2087 faciendi
1090 2030 1415 2100 temporibus
1452 2046 1556 2086 non
1582 2029 1778 2085 divisit.
1806 2028 1862 2083 Si

284 2123 429 2177 enim
459 2131 723 2192 quat-ratur
766 2130 941 2175 utrum
983 2137 1170 2176 vocem
1202 2121 1269 2176 de
1306 2121 1481 2176 verbis
1521 2136 1587 2175 an
1624 2121 1693 2175 de
1731 2135 1864 2175 voce

284 2213 451 2267 verba
480 2212 758 2277 faciamus;
783 2227 889 2267 non
910 2211 1062 2268 facile
1082 2211 1359 2281 quisquam
1387 2213 1458 2266 ita
1480 2211 1630 2266 tardo
1654 2211 1865 2281 ingenio

288 2304 582 2371 reperitur,
614 2303 705 2373 qui
732 2318 837 2358 non
874 2304 1050 2375 potius
1071 2304 1232 2358 verba
1259 2302 1375 2358 fieri
1403 2304 1470 2358 de
1490 2318 1618 2358 voce
1646 2317 1866 2373 respon-

288 2393 446 2448 deat:
472 2394 541 2447 ita
564 2394 804 2463 quamvis
831 2403 1112 2464 utrumque
1137 2393 1295 2449 simul
1316 2393 1407 2463 qui
1432 2394 1665 2463 loquitur
1688 2392 1864 2461 faciat,

288 2483 417 2553 quid
466 2484 605 2539 unde
633 2483 821 2553 faciat,
853 2485 1081 2540 naturali
1119 2486 1411 2540 attentione
1452 2486 1581 2541 satis
1625 2492 1864 2556 apparet.

288 2575 680 2644 Quamobrem,
727 2592 846 2630 cum
877 2577 1033 2631 simul
1060 2586 1343 2649 utrumque
1387 2579 1528 2634 Deus
1566 2576 1781 2644 fecerit,
1813 2588 1867 2634 et

286 2665 569 2719 materiam
598 2681 755 2734 quam
798 2666 1072 2733 formavit,
1119 2677 1172 2722 et
1211 2683 1299 2723 res
1327 2670 1383 2723 in
1431 2684 1563 2738 quas
1611 2685 1727 2725 eam
1754 2670 1867 2724 for-

288 2757 486 2825 mavit,
516 2764 571 2811 et
594 2765 876 2828 utrumque
901 2759 967 2813 ab
989 2757 1257 2827 Scriptura
1283 2758 1388 2815 dici
1414 2759 1707 2829 oportuerit
1727 2802 1741 2827 ,
1771 2776 1870 2816 nec

290 2849 451 2902 simul
475 2858 755 2920 utrumque
771 2850 873 2905 dici
905 2854 1163 2920 potuerit;
1188 2852 1335 2922 prius
1359 2852 1485 2907 illud
1506 2852 1646 2907 unde
1670 2852 1870 2924 aliquid

290 2941 490 2997 factum
534 2951 648 3010 est,
679 2959 835 3013 quam
866 2945 992 3001 illud
1034 2947 1173 3016 quod
1220 2947 1342 3003 inde
1380 2947 1576 3003 factum
1607 2957 1725 3015 est,
1766 2950 1871 3005 dici

290 3031 542 3087 debuisse
567 3035 685 3103 quis
713 3035 950 3091 dubitet?
976 3036 1108 3104 Quia
1130 3039 1287 3092 etiam
1309 3054 1428 3092 cum
1457 3039 1682 3095 dicimus
1709 3049 1873 3095 matc-

289 3122 430 3176 riam
458 3130 513 3177 et
541 3123 791 3191 formam,
824 3134 1107 3195 utrumque
1144 3128 1300 3181 simul
1348 3142 1467 3183 esse
1498 3128 1868 3200 intelligimus,

294 3230 399 3271 nec
417 3224 701 3287 utrumque
721 3217 877 3271 simul
904 3232 1185 3287 possumus
1206 3220 1500 3275 enuntiare.
1531 3220 1676 3277 Sicut
1696 3231 1869 3276 autem

295 3306 351 3360 in
380 3306 648 3361 brevitate
677 3308 932 3379 temporis
959 3309 1248 3378 contingit,
1295 3324 1415 3364 cum
1446 3310 1551 3365 duo
1586 3311 1684 3366 ista
1714 3312 1872 3366 verba

294 3396 619 3465 proferimus
636 3439 651 3464 ,
685 3406 741 3451 ut
764 3398 989 3452 alterum
1013 3407 1136 3452 ante
1160 3400 1383 3453 alterum
1413 3400 1776 3469 proferamus:
1803 3402 1873 3456 ita

297 3488 353 3540 in
379 3488 679 3556 prolixitate
699 3490 1016 3543 narrationis
1042 3489 1265 3543 alterum
1296 3490 1443 3559 prius
1468 3506 1623 3559 quam
1653 3491 1874 3545 alterum

295 3580 624 3633 narrandum
663 3582 792 3646 fuit,
837 3581 1076 3651 quamvis
1114 3590 1393 3652 utrumque
1413 3623 1429 3648 ,
1456 3591 1512 3636 ut
1537 3583 1732 3637 dictum
1760 3592 1873 3649 est,

236 3672 253 3681 “
298 3671 458 3725 simul
489 3672 674 3726 fecerit
700 3674 869 3737 Deus;
913 3685 969 3728 ut
992 3674 1132 3744 quod
1158 3674 1269 3728 sola
1300 3674 1505 3745 origine
1534 3675 1679 3745 prius
1702 3684 1783 3731 est
1824 3676 1875 3728 in

300 3760 580 3827 faciendo,
613 3762 770 3817 etiam
804 3771 1041 3832 tempore
1062 3765 1207 3832 prius
1235 3764 1304 3818 sit
1333 3765 1384 3819 in
1416 3765 1681 3820 narrando
1713 3782 1726 3817 :
1757 3766 1877 3835 quia

297 3852 422 3906 dua:
440 3867 529 3908 res
548 3894 563 3919 ,
592 3869 811 3923 quarum
839 3854 994 3907 etiam
1022 3855 1188 3909 altera
1225 3856 1372 3909 nullo
1401 3856 1560 3909 modo
1591 3856 1736 3926 prior
1761 3865 1875 3921 est,

300 3944 568 3998 nominari
618 3945 775 3999 simul
825 3960 929 3999 non
969 3955 1217 4015 possunt;
1264 3956 1461 4017 quanto
1508 3950 1681 4003 minus
1723 3950 1879 4003 simul

299 4035 547 4090 narrari?
572 4035 685 4090 Non
712 4036 890 4107 itaque
930 4036 1277 4093 dubitandum
1319 4048 1403 4095 est
1431 4039 1498 4094 ita
1526 4054 1647 4096 esse
1675 4050 1881 4096 utcum-

302 4144 407 4197 que
432 4128 586 4182 istam
619 4128 897 4184 informem
924 4130 1200 4185 materiam
1229 4146 1393 4200 prope
1422 4132 1570 4197 nihil,
1602 4141 1660 4187 ut
1680 4149 1784 4188 non
1814 4134 1883 4188 sit

303 4217 441 4272 facta
469 4219 569 4272 nisi
592 4233 620 4272 a
650 4220 778 4286 Deo,
802 4228 857 4274 et
874 4219 1034 4274 rebus
1061 4234 1178 4290 qua:
1198 4219 1265 4274 de
1292 4221 1380 4275 illa
1407 4222 1557 4276 facta:
1578 4231 1701 4277 sunt
1725 4224 1881 4278 simul

302 4317 585 4363 concreata
610 4309 698 4363 sit.

374 4397 467 4451 '50.
508 4397 611 4454 Sed
660 4399 703 4453 si
734 4399 1063 4455 credibiliter
1089 4400 1283 4457 dicitur
1322 4416 1441 4457 eam
1469 4404 1752 4473 significari
1781 4406 1883 4460 illis

303 4488 517 4553 verbis,
561 4487 715 4542 Terra
753 4499 921 4544 autent
949 4501 1056 4545 erat
1081 4493 1342 4548 invisibilis
1362 4503 1408 4547 et
1433 4495 1794 4565 incomposita,
1835 4505 1884 4551 et

306 4581 524 4634 tenebrae
550 4589 688 4635 erant
714 4598 866 4651 super
885 4582 1119 4653 abyssum
1143 4599 1162 4637 :
1188 4593 1232 4637 et
1271 4584 1495 4655 Spiritus
1531 4585 1627 4638 Dei
1654 4591 1881 4657 superfe-

304 4673 511 4727 rebatur
529 4689 678 4743 super
699 4690 917 4741 aquam;
944 4684 1001 4729 ut
1024 4685 1246 4744 excepto
1288 4678 1425 4748 quod
1456 4679 1526 4734 ibi
1555 4681 1781 4749 positum
1803 4689 1885 4735 est

303 4764 373 4819 de
402 4763 603 4833 Spiritu
648 4766 775 4831 Dei,
804 4776 997 4821 cmtera
1026 4783 1205 4822 rerum
1237 4770 1450 4839 quidem
1474 4771 1759 4826 visibilium
1785 4787 1882 4827 vo-

304 4852 498 4907 cabula
517 4894 532 4917 ,
555 4854 648 4909 sed
679 4854 745 4909 ad
772 4855 912 4909 illam
936 4855 1344 4922 informitatem,
1374 4868 1431 4913 ut
1457 4859 1773 4915 tardioribus
1799 4877 1885 4930 po-

308 4956 477 5013 terat,
506 4946 873 5002 insinuandam
901 4949 1041 5003 dicta
1070 4949 1449 5020 intelligamus;
1480 4954 1601 5022 quia
1628 4954 1743 5008 haec
1779 4954 1885 5009 duo

306 5039 572 5092 elementa
593 5079 608 5104 ,
640 5037 692 5093 id
718 5048 797 5093 est
821 5048 962 5095 terra
988 5048 1041 5094 et
1066 5055 1199 5109 aqua
1216 5082 1231 5106 ,
1279 5041 1344 5095 ad
1366 5042 1562 5113 aliquid
1588 5043 1884 5101 faciendum

306 5128 641 5198 operantium
691 5129 937 5184 manibus
983 5130 1336 5185 traetabiliora
1379 5143 1502 5188 sunt
1546 5137 1787 5202 ueteris,
1834 5146 1888 5192 et

306 5218 432 5272 ideo
460 5219 836 5288 congruentius
889 5221 1005 5275 istis
1051 5222 1354 5279 nominibus
1400 5224 1489 5278 illa
1523 5225 1889 5283 insinuabatur

306 5307 628 5363 informitas.

305 5399 538 5455 CAPUT
576 5399 716 5456 XVI.
746 5430 820 5443 -η
849 5403 967 5457 Alia
1007 5404 1139 5458 ratio
1173 5405 1459 5476 explicandi
1495 5409 1743 5478 quomodo
1783 5411 1889 5465 dies

382 5500 428 5544 et
453 5507 560 5546 ποετ
584 5494 722 5564 facta
749 5495 899 5564 fuerit
917 5536 931 5561 ,
975 5495 1240 5550 emissione
1261 5497 1451 5552 scilicet
1486 5508 1531 5552 et
1555 5503 1890 5557 contractione

381 5579 509 5636 lucis
527 5625 542 5645 ,
578 5600 680 5637 non
700 5583 957 5655 probatur.

380 5672 435 5727 Si
467 5673 570 5729 hoc
600 5688 727 5744 ergo
768 5676 1116 5744 probabiliter
1143 5678 1363 5747 dicitur,
1422 5696 1526 5735 non
1557 5692 1669 5739 erat
1715 5686 1886 5757 aliqua

308 5764 536 5821 formata
566 5766 768 5834 moles,
792 5783 947 5837 quam
976 5767 1063 5823 lux
1095 5784 1158 5825 ex
1189 5786 1288 5826 una
1313 5782 1465 5842 parte
1492 5774 1786 5843 illustrans,
1822 5794 1885 5833 ex

1584 363 1782 420 LIBER
1824 360 2092 416 PRIMUS.

3423 371 3526 425 253

1957 476 2117 530 altera
2149 474 2344 531 faceret
2374 478 2645 545 tenebras,
2698 477 2837 531 unde
2885 486 3063 548 posset
3087 494 3189 535 nox
3233 482 3319 539 die
3346 485 3523 541 disce-

1956 567 2113 623 dente
2138 571 2439 625 succedere.

2027 655 2114 712 51.
2157 660 2506 715 Emissiouem
2527 677 2656 716 vero
2675 663 3195 734 contractionemque
3224 663 3355 722 lucis
3385 667 3527 722 illius

1958 750 2002 803 si
2035 750 2258 803 velimus
2296 751 2434 805 diem
2465 762 2777 823 noctemque
2824 755 3116 825 intelligere
3138 796 3154 822 ,
3186 772 3283 811 nec
3311 772 3524 813 causam

1957 838 2198 895 videmus
2223 856 2320 896 cur
2350 842 2417 895 ita
2446 844 2615 898 fieret.
2646 843 2763 897 Non
2782 846 2922 897 enim
2947 845 3054 914 jam
3077 855 3229 901 erant
3253 848 3524 914 animalia,

1957 931 2148 999 quibus
2178 932 2291 986 hare
2314 933 2619 987 vicissitudo
2644 935 2926 989 salubriter
2952 937 3309 1002 exhiberetur,
3334 950 3387 994 et
3412 944 3531 1011 quia

1959 1022 2056 1076 ltus
2086 1020 2416 1092 postmodum
2456 1026 2651 1079 exortis
2672 1041 2769 1096 per
2799 1028 3072 1082 circuitum
3100 1030 3227 1086 solis
3263 1032 3530 1088 cernimus

1958 1114 2217 1168 exhiberi.
2250 1112 2359 1169 Nec
2396 1116 2557 1168 ullum
2585 1119 2815 1172 occurrit
2858 1120 3156 1189 exemplum
3180 1163 3195 1188 ,
3241 1138 3347 1192 quo
3375 1123 3530 1178 istam

1960 1205 2296 1259 emissionem
2338 1205 2856 1277 contractioncmque
2899 1209 3031 1264 lucis
3053 1252 3070 1276 ,
3098 1222 3153 1264 ut
3182 1211 3284 1266 dici
3328 1216 3530 1269 noctis-

1960 1309 2063 1363 que
2102 1295 2488 1351 vicissitudines
2514 1295 2732 1361 fiercnt,
2775 1299 3003 1368 probare
3040 1300 3321 1367 possimus.
3351 1300 3530 1358 Jactus

1961 1384 2102 1437 enim
2129 1384 2397 1438 radiorum
2425 1401 2488 1440 ex
2522 1388 2686 1440 oculis
2711 1391 2907 1442 nostris
2926 1430 2939 1455 ,
2972 1389 3241 1458 cujusdam
3264 1393 3391 1447 lucis
3416 1395 3532 1464 qui-

1960 1473 2081 1528 dem
2109 1474 2377 1543 estjactus
2408 1476 2446 1540 ¹;
2478 1485 2531 1529 et
2554 1478 2792 1530 contrahi
2820 1487 3027 1546 potest,
3054 1495 3172 1533 cum
3202 1496 3377 1535 aerem
3399 1524 3414 1549 ,
3444 1484 3532 1552 qui

1963 1572 2043 1617 est
2062 1564 2225 1619 oculis
2250 1566 2443 1619 nostris
2473 1567 2763 1634 proximus,
2795 1567 3089 1633 intuemur;
3118 1578 3167 1622 et
3193 1571 3381 1636 emitti,
3413 1587 3533 1625 cum

1962 1654 2029 1708 ad
2054 1655 2295 1710 eamdem
2343 1658 2708 1713 rectitudinem
2727 1700 2741 1722 ,
2769 1674 2886 1727 qute
2921 1671 3044 1713 sunt
3070 1662 3221 1731 longe
3249 1664 3416 1731 posita
3448 1675 3534 1717 at-

1964 1744 2229 1799 tendimus
2261 1763 2274 1798 :
2304 1760 2403 1801 nec
2440 1761 2567 1799 sane
2609 1762 2729 1801 cum
2757 1750 3084 1802 contrahitur
3105 1790 3119 1815 ,
3168 1751 3386 1805 omnino
3413 1767 3533 1806 cer-

1964 1848 2095 1888 nere
2120 1849 2237 1903 quae
2280 1835 2435 1904 longe
2478 1844 2600 1889 sunt
2624 1837 2847 1899 desinit;
2895 1838 2988 1893 sed
3038 1848 3186 1894 certe
3226 1840 3534 1907 obscurius,

1965 1940 2120 1993 quam
2148 1940 2267 1979 cum
2294 1926 2344 1979 in
2388 1941 2451 1980 ea
2477 1928 2690 1981 obtutus
2714 1929 2989 1982 emittitur.
3022 1931 3128 1985 Sed
3158 1942 3332 1986 tamen
3362 1949 3420 1986 ea
3450 1935 3537 1987 lux

1966 2032 2085 2086 quae
2107 2016 2159 2072 in
2194 2031 2354 2071 sensu
2377 2016 2603 2072 videntis
2632 2027 2710 2071 cst
2732 2058 2748 2083 ,
2800 2029 2904 2072 tam
2945 2021 3132 2090 exigua
3162 2020 3381 2076 docetur
3407 2025 3449 2089 ',
3482 2032 3539 2077 ut

1968 2109 2068 2162 nisi
2097 2108 2408 2178 adjuvemur
2427 2118 2673 2164 extranea
2697 2109 2842 2175 lucc,
2875 2112 3006 2166 nihil
3034 2114 3210 2169 videre
3239 2113 3535 2184 possimus;

1968 2204 2023 2251 et
2057 2198 2304 2266 quoniam
2334 2198 2561 2251 discerni
2586 2199 2651 2253 ab
2675 2214 2736 2253 ea
2765 2215 2869 2253 non
2913 2210 3116 2270 potest,
3159 2219 3263 2273 quo
3292 2206 3541 2274 exemplo

1968 2289 2318 2345 demonstrari
2372 2290 2535 2359 possit
2584 2292 2800 2345 emissio
2842 2293 2892 2345 in
2942 2292 3117 2358 diem,
3168 2304 3222 2348 et
3250 2298 3541 2350 contractio

1969 2381 2103 2437 lueis
2126 2382 2181 2437 in
2220 2391 2428 2437 noctem
2449 2424 2463 2449 ,
2496 2383 2633 2439 sicut
2656 2385 2793 2451 dixi,
2824 2387 3057 2454 reperire
3085 2387 3299 2442 difficile
3323 2399 3423 2442 est.

1970 2472 2196 2529 CAPUT
2233 2473 2549 2528 XVll.—De
2574 2475 2826 2545 spirituati
2848 2481 2958 2532 luce
2988 2478 3270 2550 difﬁcultas,
3295 2480 3545 2554 quamado

2084 2563 2138 2615 in
2168 2579 2225 2615 ea
2249 2564 2312 2617 sit
2337 2579 2539 2632 vespera
2564 2574 2611 2617 et
2635 2582 2779 2619 mane
2797 2607 2810 2630 ,
2839 2569 3109 2638 divisioque
3145 2589 3175 2624 a
3204 2576 3435 2628 tenebris.

2045 2652 2135 2706 '52.
2175 2653 2229 2708 Si
2261 2662 2435 2707 autem
2465 2655 2752 2723 spiritualis
2800 2657 2889 2712 lux
2930 2658 3066 2714 facta
3109 2670 3216 2728 cst,
3250 2678 3369 2718 cum
3414 2665 3546 2720 dixit

1973 2742 2114 2797 Deus
2133 2784 2148 2806 ,
2179 2742 2299 2796 Fiat
2330 2744 2449 2807 tux;
2477 2760 2581 2798 non
2612 2745 2699 2798 illa
2730 2762 2855 2801 vera
2881 2748 3024 2803 Patri
3051 2759 3316 2807 ceteterna
3348 2754 3544 2809 intelli-

1973 2833 2142 2903 genda
2172 2842 2285 2899 est,
2333 2848 2427 2903 per
2448 2849 2603 2903 quam
2632 2834 2765 2889 facta
2795 2847 2921 2891 sunt
2951 2840 3125 2893 omnia
3147 2884 3160 2908 ,
3193 2851 3247 2896 et
3270 2859 3387 2912 qua:
3427 2845 3545 2899 illu-

1973 2922 2141 2976 minat
2160 2938 2372 2977 omnem
2403 2924 2706 2991 hominem;
2734 2927 2829 2981 sed
2877 2928 2963 2981 illa
2989 2928 3056 2984 de
3085 2947 3185 3000 qua
3212 2932 3314 2987 dici
3339 2936 3544 3003 potuit,

1976 3012 2131 3069 Prior
2149 3015 2371 3069 omnium
2384 3025 2548 3069 creata
2561 3025 2631 3071 est
2646 3019 2891 3088 sapientia
2908 3019 3093 3090 (Eccli.
3115 3038 3153 3088 ι,
3172 3022 3247 3097 4).
3260 3025 3392 3080 Cum
3409 3030 3550 3084 enim

1975 3115 2171 3161 aeterna
2200 3106 2287 3161 illa
2312 3116 2367 3162 et
2386 3109 2852 3177 incommutabilis,
2885 3127 3002 3181 quae
3028 3128 3133 3168 non
3165 3124 3247 3169 est
3271 3115 3427 3183 facta,
3455 3120 3551 3175 sed

1975 3199 2150 3268 genita
2181 3197 2550 3268 Sapientia,.in
2582 3202 2879 3269 spiritualcs
2902 3213 3058 3274 atque
3087 3207 3371 3264 rationales
3400 3226 3550 3267 crea-

1980 3299 2123 3344 turas
2144 3331 2158 3353 ,
2186 3290 2323 3343 sicut
2349 3291 2399 3343 in
2423 3291 2627 3345 animas
2652 3301 2860 3346 sanctas
2885 3308 2942 3348 se
2974 3296 3221 3351 transfert
3259 3299 3411 3370 (Sap.
3442 3318 3512 3356 vn
3529 3342 3547 3371 ,

1977 3378 2068 3449 ‘27)
2092 3419 2105 3441 ,
2134 3387 2192 3432 ut
2219 3379 2527 3433 illuminatae
2557 3380 2735 3437 lucere
2762 3384 3001 3451 possint;
3032 3384 3091 3439 fit
3120 3388 3170 3440 in
3201 3389 3279 3442 eis
3309 3391 3553 3458 quaedam

1979 3468 2261 3523 luculenta:
2290 3471 2509 3524 rationis
2547 3470 2787 3539 affectio,
2831 3488 2948 3543 quae
2998 3485 3175 3545 potest
3223 3479 3387 3548 accipi
3419 3479 3554 3535 facta

1982 3561 2101 3627 lux,
2130 3576 2248 3615 cum
2276 3561 2475 3616 diceret
2519 3563 2657 3617 Deus
2680 3605 2694 3627 ,
2727 3562 2847 3617 Fiat
2868 3565 2955 3620 tua:
2984 3581 3001 3619 :
3027 3568 3069 3620 si
3112 3568 3220 3637 jam
3263 3579 3377 3624 erat
3403 3585 3554 3626 crea-

1984 3659 2098 3705 tura
2127 3651 2443 3719 spiritualis,
2475 3668 2594 3721 quae
2633 3655 2849 3709 nomine
2873 3656 2993 3709 coeli
3035 3658 3325 3726 significata
3354 3670 3469 3727 est,
3502 3662 3555 3717 in

1983 3757 2046 3795 eo
2074 3742 2215 3811 quod
2241 3743 2494 3811 scriptum
2516 3752 2596 3797 est
2615 3785 2628 3809 ,
2657 3742 2722 3797 In
2744 3746 2992 3815 principio
3014 3749 3128 3817 fecit
3153 3747 3289 3803 Deus
3310 3751 3487 3804 coelum
3511 3761 3557 3821 et

1983 3844 2200 3899 terram;
2238 3850 2342 3888 non
2373 3849 2688 3905 corporeum
2709 3837 2901 3891 ccelum
2925 3878 2939 3903 ,
2969 3839 3061 3892 sed
3088 3840 3280 3894 cmlum
3310 3842 3558 3912 incorpo-

1985 3942 2131 3981 reum
2173 3927 2293 3982 οωιὶ
2334 3929 2576 3998 corporei
2606 3928 2647 3995 ³,
2678 3928 2781 3983 hoc
2802 3938 2884 3984 est
2904 3971 2918 3995 ,
2956 3946 3117 4001 super
3141 3947 3299 3988 omne
3324 3949 3517 4004 corpus
3539 3979 3555 4002 ,

1985 4033 2090 4072 non
2122 4019 2355 4073 locorum
2385 4019 2667 4088 gradibus,
2697 4021 2789 4075 sed
2820 4030 3020 4076 naturae
3056 4024 3378 4079 sublimitate
3416 4040 3559 4094 pras-

1985 4111 2236 4179 positum.
2281 4110 2396 4177 Quo
2438 4120 2614 4165 autem
2643 4111 2801 4167 modo
2825 4113 2981 4168 simul
3011 4114 3123 4168 fieri
3154 4114 3322 4183 potuit
3341 4124 3393 4169 et
3419 4117 3561 4187 quod

1985 4201 2374 4255 illuminaretur
2399 4243 2413 4268 ,
2463 4211 2515 4256 et
2558 4203 2671 4271 ipsa
2704 4203 3014 4257 illuminatio
3035 4246 3049 4270 ,
3095 4220 3157 4259 ac
3185 4204 3395 4260 diverso
3422 4215 3561 4261 tem-

1985 4306 2115 4361 pore
2154 4291 2415 4345 narranda
2459 4292 2649 4358 fuerit,
2700 4295 2856 4362 paulo
2882 4301 3005 4349 ante
3033 4294 3295 4362 diximus,
3346 4311 3466 4351 cum
3493 4298 3562 4353 de

1986 4382 2205 4435 materia
2232 4392 2595 4437 tractaremus.

2058 4473 2146 4527 55.
2179 4470 2285 4526 Sed
2312 4471 2436 4526 huic
2461 4472 2564 4526 luci
2593 4472 2964 4527 succedentem
2992 4481 3222 4540 noctem,
3256 4484 3314 4529 ut
3340 4490 3561 4545 vespera

1989 4563 2160 4629 fieret,
2190 4578 2294 4632 quo
2323 4572 2475 4632 pacto
2504 4562 2821 4616 intellecturi
2851 4563 3075 4617 sumus?
3102 4565 3143 4617 A
3174 4566 3405 4621 tenebris
3428 4583 3554 4621 vero

1989 4654 2230 4723 qualibus
2253 4653 2367 4706 talis
2398 4652 2483 4705 lux
2512 4652 2673 4706 dividi
2710 4653 2897 4721 potuit,
2925 4652 3134 4709 dicente
3156 4654 3427 4725 Scriptura
3448 4699 3462 4724 ,
3496 4656 3565 4711 Et

1988 4745 2154 4797 divisit
2190 4743 2329 4797 Deus
2368 4744 2499 4797 inter
2541 4744 2700 4797 lucem
2742 4761 2801 4797 ac
2838 4745 3111 4800 tenebras?
3156 4746 3419 4818 Numquid
3453 4749 3563 4819 jam

1988 4841 2140 4889 erant
2163 4842 2470 4903 peccatores
2495 4842 2548 4888 et
2585 4834 2732 4888 stulti
2762 4834 3069 4891 decidentes
3090 4851 3120 4889 a
3150 4836 3346 4892 lumine
3372 4840 3566 4893 verita-

1991 4926 2077 4991 tis,
2106 4925 2245 4981 inter
2268 4939 2400 4994 quos
2424 4926 2548 4980 etin
2570 4925 2755 4979 eadem
2783 4927 2898 4980 luce
2923 4937 3293 4996 permanentes
3309 4928 3567 4984 divideret

1990 5017 2131 5072 Deus
2150 5059 2166 5084 ,
2214 5025 2464 5086 tanquam
2494 5016 2633 5071 inter
2660 5017 2830 5071 lucem
2856 5033 2918 5071 ac
2947 5019 3224 5084 tenebras;
3268 5028 3322 5072 ct
3346 5017 3369 5049 ⁸
3396 5020 3565 5074 lucem

2053 5171 2069 5201 ι
2094 5170 2280 5233 excusi,
2305 5166 2423 5233 lucis
2443 5166 2636 5233 evidens
2652 5172 2722 5219 est
2728 5168 2906 5229 jactus.
2930 5170 3226 5233 Dissentiunt
3246 5176 3352 5233 Mss.
3370 5182 3566 5233 omnes;

1988 5242 2100 5292 pars
2119 5227 2285 5293 habet,
2310 5227 2429 5293 lucis
2449 5230 2642 5291 quidem
2658 5227 2932 5293 estjactus;
2954 5230 3052 5291 alii,
3070 5232 3391 5293 prsetermissa
3410 5227 3567 5282 media

1991 5291 2129 5351 voce,
2154 5292 2274 5343 lucis
2296 5298 2363 5341 est
2372 5291 2551 5352 jactus.

2053 5356 2073 5386 ³
2097 5355 2231 5413 Editi,
2279 5351 2381 5416 tum
2401 5352 2577 5416 eaigua
2599 5351 2802 5403 videtur.
2832 5360 2938 5416 Mss.
2956 5387 2970 5413 ,
2995 5353 3191 5403 docetur
3213 5364 3232 5403 :
3249 5359 3454 5416 postque
3476 5368 3565 5405 se:

1992 5429 2055 5465 ex
2081 5416 2141 5463 iis
2160 5416 2265 5464 loco
2279 5414 2591 5477 adjuvemur,
2616 5416 2812 5477 habent,
2837 5414 3104 5477 adjuvetur.

2055 5479 2076 5510 ³
2098 5484 2149 5540 In
2173 5476 2316 5526 editis
2333 5475 2355 5535 ,⁷
2373 5475 2505 5525 ccelis
2526 5476 2781 5540 corporeis.
2804 5485 2864 5540 At
2894 5475 3007 5540 nulli
3032 5475 3310 5540 dubitamus
3324 5477 3569 5540 veriorem

1994 5551 2104 5589 esse
2126 5539 2248 5587 hanc
2266 5546 2370 5599 Mss.
2398 5551 2546 5599 prope
2566 5536 2781 5599 omnium
2803 5538 3060 5587 lectionem
3074 5574 3087 5595 ,
3112 5536 3197 5587 sed
3220 5536 3389 5588 curtum
3411 5537 3569 5587 incor-

1992 5613 2187 5664 poreum
2219 5596 2573 5664 cwliporporei
2591 5614 2608 5661 ;
2630 5601 3039 5664 ubigAugustinus
3075 5612 3210 5664 more
3248 5612 3336 5648 suo
3364 5599 3422 5648 ad
3452 5600 3571 5649 illud

1992 5659 2111 5711 'Psal.
2137 5676 2273 5719 cxm,
2300 5660 2358 5709 16
2375 5694 2389 5719 ,
2414 5659 2611 5720 alludit,
2636 5659 2946 5712 ('(rlum'ca’li
2968 5660 3184 5712 Domino.
3218 5663 3386 5711 Confer
3409 5674 3569 5723 supra,

1992 5737 2073 5790 nn_.
2103 5724 2160 5790 f5
2180 5730 2231 5790 et
2256 5724 2331 5781 17,
2351 5736 2443 5790 nec
2460 5737 2553 5771 non
2577 5723 2660 5772 lib.
2690 5724 2993 5790 12Conl'ess.,
3017 5736 3152 5785 capp.
3180 5723 3227 5784 2,
3247 5723 3277 5773 8
3302 5730 3351 5774 et
3368 5724 3415 5772 9.
3462 5783 3475 5790 _
3501 5784 3508 5790 _

2055 5787 2075 5817 ι
2099 5785 2235 5833 sicin
2253 5785 2476 5833 omnibus
2496 5792 2600 5833 Mss.
2628 5793 2682 5835 At
2699 5785 2819 5849 apud
2847 5794 2943 5832 Am.
2970 5791 3042 5835 Er.
3073 5783 3123 5835 et
3151 5794 3257 5837 Lov.
3285 5791 3439 5835 amota
3462 5783 3570 5833 hinc
