  <div class='ocr_page' id='page_1' title='image "/cluster/home/n/w/nwhite01/storage/ocr_20150623/34/hvd.32044015706310/135.png"; bbox 0 0 4056 6456; ppageno 0'>
   <div class='ocr_carea' id='block_1_1' title="bbox 518 397 622 455">
    <p class='ocr_par' dir='ltr' id='par_1_1' title="bbox 518 397 622 455">
     <span class='ocr_line' id='line_1_1' title="bbox 518 397 622 455; baseline 0.019 -2"><span class='ocrx_word' id='word_1_1' title='bbox 518 397 622 455; x_wconf 74' lang='grc'><strong>259</strong></span> 
     </span>
    </p>
   </div>
   <div class='ocr_carea' id='block_1_2' title="bbox 519 506 2092 575">
    <p class='ocr_par' dir='ltr' id='par_1_2' title="bbox 519 506 2092 575">
     <span class='ocr_line' id='line_1_2' title="bbox 519 506 2092 575; baseline -0.003 -11"><span class='ocrx_word' id='word_1_2' title='bbox 519 525 717 567; x_wconf 79' lang='lat' dir='ltr'><strong>vocans</strong></span> <span class='ocrx_word' id='word_1_3' title='bbox 739 508 880 568; x_wconf 91' lang='lat' dir='ltr'><strong>diem</strong></span> <span class='ocrx_word' id='word_1_4' title='bbox 903 549 919 575; x_wconf 93' lang='lat'><strong>,</strong></span> <span class='ocrx_word' id='word_1_5' title='bbox 954 523 1018 566; x_wconf 85' lang='lat' dir='ltr'><strong>ac</strong></span> <span class='ocrx_word' id='word_1_6' title='bbox 1046 508 1290 565; x_wconf 89' lang='lat' dir='ltr'><strong>tenebras</strong></span> <span class='ocrx_word' id='word_1_7' title='bbox 1315 517 1544 571; x_wconf 89' lang='lat' dir='ltr'><strong>noctem,</strong></span> <span class='ocrx_word' id='word_1_8' title='bbox 1576 506 1883 562; x_wconf 87' lang='lat' dir='ltr'><strong>ostenderet</strong></span> <span class='ocrx_word' id='word_1_9' title='bbox 1905 521 1963 562; x_wconf 92' lang='lat' dir='ltr'><strong>se</strong></span> <span class='ocrx_word' id='word_1_10' title='bbox 1987 522 2092 560; x_wconf 89' lang='lat' dir='ltr'><strong>non</strong></span> 
     </span>
    </p>
   </div>
   <div class='ocr_carea' id='block_1_3' title="bbox 517 596 2099 673">
    <p class='ocr_par' dir='ltr' id='par_1_3' title="bbox 517 596 2099 673">
     <span class='ocr_line' id='line_1_3' title="bbox 517 596 2099 673; baseline -0.003 -18"><span class='ocrx_word' id='word_1_11' title='bbox 517 610 854 672; x_wconf 80' lang='lat' dir='ltr'><strong>operatorem</strong></span> <span class='ocrx_word' id='word_1_12' title='bbox 896 609 1239 673; x_wconf 81' lang='lat' dir='ltr'><strong>peccatorum</strong></span> <span class='ocrx_word' id='word_1_13' title='bbox 1263 641 1279 666; x_wconf 94' lang='lat'><strong>,</strong></span> <span class='ocrx_word' id='word_1_14' title='bbox 1320 599 1414 653; x_wconf 90' lang='lat' dir='ltr'><strong>sed</strong></span> <span class='ocrx_word' id='word_1_15' title='bbox 1459 598 1816 652; x_wconf 90' lang='lat' dir='ltr'><strong>ordinatorem</strong></span> <span class='ocrx_word' id='word_1_16' title='bbox 1843 596 2099 653; x_wconf 57' lang='lat' dir='ltr'><strong>distribuJ</strong></span> 
     </span>
    </p>
   </div>
   <div class='ocr_carea' id='block_1_4' title="bbox 519 686 2092 759">
    <p class='ocr_par' dir='ltr' id='par_1_4' title="bbox 519 686 2092 759">
     <span class='ocr_line' id='line_1_4' title="bbox 519 686 2092 759; baseline -0.004 -10"><span class='ocrx_word' id='word_1_17' title='bbox 519 693 662 750; x_wconf 85' lang='lat' dir='ltr'><strong>tione</strong></span> <span class='ocrx_word' id='word_1_18' title='bbox 688 692 998 749; x_wconf 89' lang='lat' dir='ltr'><strong>meritorum</strong></span> <span class='ocrx_word' id='word_1_19' title='bbox 1014 689 1041 745; x_wconf 71' lang='grc' dir='ltr'><em>ἳ</em></span> <span class='ocrx_word' id='word_1_20' title='bbox 1067 693 1148 747; x_wconf 86' lang='lat' dir='ltr'><strong>An</strong></span> <span class='ocrx_word' id='word_1_21' title='bbox 1177 691 1262 745; x_wconf 91' lang='lat' dir='ltr'><strong>hic</strong></span> <span class='ocrx_word' id='word_1_22' title='bbox 1287 691 1398 745; x_wconf 91' lang='lat' dir='ltr'><strong>dies</strong></span> <span class='ocrx_word' id='word_1_23' title='bbox 1420 686 1588 744; x_wconf 82' lang='lat' dir='ltr'><strong>totius</strong></span> <span class='ocrx_word' id='word_1_24' title='bbox 1617 689 1870 759; x_wconf 89' lang='lat' dir='ltr'><strong>temporis</strong></span> <span class='ocrx_word' id='word_1_25' title='bbox 1900 703 2092 745; x_wconf 87' lang='lat' dir='ltr'><strong>nomen</strong></span> 
     </span>
    </p>
   </div>
   <div class='ocr_carea' id='block_1_5' title="bbox 515 777 2092 851">
    <p class='ocr_par' dir='ltr' id='par_1_5' title="bbox 515 777 2092 851">
     <span class='ocr_line' id='line_1_5' title="bbox 515 777 2092 851; baseline -0.004 -12"><span class='ocrx_word' id='word_1_26' title='bbox 515 792 601 840; x_wconf 87' lang='lat' dir='ltr'><strong>est</strong></span> <span class='ocrx_word' id='word_1_27' title='bbox 617 825 634 851; x_wconf 90' lang='lat'><strong>,</strong></span> <span class='ocrx_word' id='word_1_28' title='bbox 656 782 918 846; x_wconf 76' lang='lat' dir='ltr'><strong>etomnia</strong></span> <span class='ocrx_word' id='word_1_29' title='bbox 957 781 1222 836; x_wconf 77' lang='lat' dir='ltr'><strong>volumina</strong></span> <span class='ocrx_word' id='word_1_30' title='bbox 1248 779 1564 836; x_wconf 66' lang='lat' dir='ltr'><strong>steculorum</strong></span> <span class='ocrx_word' id='word_1_31' title='bbox 1593 778 1695 834; x_wconf 91' lang='lat' dir='ltr'><strong>hoc</strong></span> <span class='ocrx_word' id='word_1_32' title='bbox 1721 779 1981 834; x_wconf 89' lang='lat' dir='ltr'><strong>vocabulo</strong></span> <span class='ocrx_word' id='word_1_33' title='bbox 2009 777 2092 832; x_wconf 91' lang='lat' dir='ltr'><strong>in-</strong></span> 
     </span>
    </p>
   </div>
   <div class='ocr_carea' id='block_1_6' title="bbox 517 868 2095 944">
    <p class='ocr_par' dir='ltr' id='par_1_6' title="bbox 517 868 2095 944">
     <span class='ocr_line' id='line_1_6' title="bbox 517 868 2095 944; baseline -0.003 -16"><span class='ocrx_word' id='word_1_34' title='bbox 517 873 719 939; x_wconf 87' lang='lat' dir='ltr'><strong>cludit;</strong></span> <span class='ocrx_word' id='word_1_35' title='bbox 753 873 978 944; x_wconf 90' lang='lat' dir='ltr'><strong>ideoque</strong></span> <span class='ocrx_word' id='word_1_36' title='bbox 1004 887 1108 927; x_wconf 90' lang='lat' dir='ltr'><strong>non</strong></span> <span class='ocrx_word' id='word_1_37' title='bbox 1127 869 1299 926; x_wconf 91' lang='lat' dir='ltr'><strong>dictus</strong></span> <span class='ocrx_word' id='word_1_38' title='bbox 1323 879 1405 926; x_wconf 91' lang='lat' dir='ltr'><strong>est</strong></span> <span class='ocrx_word' id='word_1_39' title='bbox 1429 869 1652 940; x_wconf 90' lang='lat' dir='ltr'><strong>primus,</strong></span> <span class='ocrx_word' id='word_1_40' title='bbox 1675 869 1768 925; x_wconf 91' lang='lat' dir='ltr'><strong>sed</strong></span> <span class='ocrx_word' id='word_1_41' title='bbox 1791 885 1926 924; x_wconf 93' lang='lat' dir='ltr'><strong>unus</strong></span> <span class='ocrx_word' id='word_1_42' title='bbox 1944 868 2095 925; x_wconf 75' lang='lat' dir='ltr'><strong>dies?</strong></span> 
     </span>
    </p>
   </div>
   <div class='ocr_carea' id='block_1_7' title="bbox 515 962 2097 1038">
    <p class='ocr_par' dir='ltr' id='par_1_7' title="bbox 515 962 2097 1038">
     <span class='ocr_line' id='line_1_7' title="bbox 515 962 2097 1038; baseline -0.003 -19"><span class='ocrx_word' id='word_1_43' title='bbox 515 964 587 1020; x_wconf 84' lang='lat' dir='ltr'><strong>Et</strong></span> <span class='ocrx_word' id='word_1_44' title='bbox 609 967 749 1038; x_wconf 78' lang='lat' dir='ltr'><strong>facta</strong></span> <span class='ocrx_word' id='word_1_45' title='bbox 772 973 846 1020; x_wconf 84' lang='lat' dir='ltr'><strong>est</strong></span> <span class='ocrx_word' id='word_1_46' title='bbox 871 965 1012 1020; x_wconf 90' lang='lat' dir='ltr'><strong>enim</strong></span> <span class='ocrx_word' id='word_1_47' title='bbox 1038 979 1241 1033; x_wconf 79' lang='lat' dir='ltr'><strong>uespera</strong></span> <span class='ocrx_word' id='word_1_48' title='bbox 1258 1004 1274 1030; x_wconf 95' lang='lat'><strong>,</strong></span> <span class='ocrx_word' id='word_1_49' title='bbox 1297 971 1343 1017; x_wconf 90' lang='lat' dir='ltr'><strong>et</strong></span> <span class='ocrx_word' id='word_1_50' title='bbox 1370 965 1560 1035; x_wconf 83' lang='lat' dir='ltr'><strong>factum</strong></span> <span class='ocrx_word' id='word_1_51' title='bbox 1590 971 1662 1017; x_wconf 85' lang='lat' dir='ltr'><strong>est</strong></span> <span class='ocrx_word' id='word_1_52' title='bbox 1681 1003 1696 1028; x_wconf 91' lang='lat'><strong>,</strong></span> <span class='ocrx_word' id='word_1_53' title='bbox 1727 962 1930 1032; x_wconf 89' lang='lat' dir='ltr'><strong>inquit,</strong></span> <span class='ocrx_word' id='word_1_54' title='bbox 1951 977 2097 1016; x_wconf 86' lang='lat' dir='ltr'><strong>mane</strong></span> 
     </span>
    </p>
   </div>
   <div class='ocr_carea' id='block_1_8' title="bbox 515 1053 2094 1126">
    <p class='ocr_par' dir='ltr' id='par_1_8' title="bbox 515 1053 2094 1126">
     <span class='ocr_line' id='line_1_8' title="bbox 515 1053 2094 1126; baseline 0 -17"><span class='ocrx_word' id='word_1_55' title='bbox 515 1057 622 1111; x_wconf 87' lang='lat' dir='ltr'><strong>dies</strong></span> <span class='ocrx_word' id='word_1_56' title='bbox 647 1073 778 1111; x_wconf 87' lang='lat' dir='ltr'><strong>unus</strong></span> <span class='ocrx_word' id='word_1_57' title='bbox 807 1071 826 1111; x_wconf 89' lang='lat'><strong><em>:</em></strong></span> <span class='ocrx_word' id='word_1_58' title='bbox 851 1064 910 1111; x_wconf 92' lang='lat' dir='ltr'><strong>ut</strong></span> <span class='ocrx_word' id='word_1_59' title='bbox 932 1069 1026 1126; x_wconf 89' lang='lat' dir='ltr'><strong>per</strong></span> <span class='ocrx_word' id='word_1_60' title='bbox 1050 1054 1151 1110; x_wconf 92' lang='lat' dir='ltr'><strong>hoc</strong></span> <span class='ocrx_word' id='word_1_61' title='bbox 1174 1053 1314 1125; x_wconf 91' lang='lat' dir='ltr'><strong>quod</strong></span> <span class='ocrx_word' id='word_1_62' title='bbox 1344 1053 1482 1109; x_wconf 89' lang='lat' dir='ltr'><strong>facta</strong></span> <span class='ocrx_word' id='word_1_63' title='bbox 1507 1063 1591 1110; x_wconf 91' lang='lat' dir='ltr'><strong>est</strong></span> <span class='ocrx_word' id='word_1_64' title='bbox 1615 1068 1834 1124; x_wconf 89' lang='lat' dir='ltr'><strong>vespera</strong></span> <span class='ocrx_word' id='word_1_65' title='bbox 1855 1096 1871 1122; x_wconf 91' lang='lat'><strong>,</strong></span> <span class='ocrx_word' id='word_1_66' title='bbox 1891 1069 2094 1126; x_wconf 83' lang='lat' dir='ltr'><strong>pecca-</strong></span> 
     </span>
    </p>
   </div>
   <div class='ocr_carea' id='block_1_9' title="bbox 513 1146 2091 1218">
    <p class='ocr_par' dir='ltr' id='par_1_9' title="bbox 513 1146 2091 1218">
     <span class='ocr_line' id='line_1_9' title="bbox 513 1146 2091 1218; baseline 0.001 -17"><span class='ocrx_word' id='word_1_67' title='bbox 513 1157 623 1203; x_wconf 90' lang='lat' dir='ltr'><strong>tum</strong></span> <span class='ocrx_word' id='word_1_68' title='bbox 648 1148 917 1203; x_wconf 83' lang='lat' dir='ltr'><strong>rationalis</strong></span> <span class='ocrx_word' id='word_1_69' title='bbox 936 1155 1196 1203; x_wconf 75' lang='lat' dir='ltr'><strong>creatura:</strong></span> <span class='ocrx_word' id='word_1_70' title='bbox 1215 1163 1230 1213; x_wconf 94' lang='lat'><strong>;</strong></span> <span class='ocrx_word' id='word_1_71' title='bbox 1257 1147 1395 1218; x_wconf 90' lang='lat' dir='ltr'><strong>quod</strong></span> <span class='ocrx_word' id='word_1_72' title='bbox 1417 1155 1592 1202; x_wconf 90' lang='lat' dir='ltr'><strong>autem</strong></span> <span class='ocrx_word' id='word_1_73' title='bbox 1608 1146 1805 1202; x_wconf 87' lang='lat' dir='ltr'><strong>factum</strong></span> <span class='ocrx_word' id='word_1_74' title='bbox 1819 1156 1902 1203; x_wconf 89' lang='lat' dir='ltr'><strong>est</strong></span> <span class='ocrx_word' id='word_1_75' title='bbox 1915 1162 2091 1214; x_wconf 88' lang='lat' dir='ltr'><strong>mane,</strong></span> 
     </span>
    </p>
   </div>
   <div class='ocr_carea' id='block_1_10' title="bbox 515 1237 1735 1308">
    <p class='ocr_par' dir='ltr' id='par_1_10' title="bbox 515 1237 1735 1308">
     <span class='ocr_line' id='line_1_10' title="bbox 515 1237 1735 1308; baseline -0.001 -16"><span class='ocrx_word' id='word_1_76' title='bbox 515 1239 791 1293; x_wconf 83' lang='lat' dir='ltr'><strong>renovatio</strong></span> <span class='ocrx_word' id='word_1_77' title='bbox 819 1238 933 1307; x_wconf 84' lang='lat' dir='ltr'><strong>ejus</strong></span> <span class='ocrx_word' id='word_1_78' title='bbox 955 1237 1250 1308; x_wconf 87' lang='lat' dir='ltr'><strong>signiﬁcata</strong></span> <span class='ocrx_word' id='word_1_79' title='bbox 1277 1237 1536 1293; x_wconf 89' lang='lat' dir='ltr'><strong>videatur.</strong></span> <span class='ocrx_word' id='word_1_80' title='bbox 1729 1241 1735 1246; x_wconf 84' lang='grc'><strong>“</strong></span> 
     </span>
    </p>
   </div>
   <div class='ocr_carea' id='block_1_11' title="bbox 588 1328 2091 1402">
    <p class='ocr_par' dir='ltr' id='par_1_11' title="bbox 588 1328 2091 1402">
     <span class='ocr_line' id='line_1_11' title="bbox 588 1328 2091 1402; baseline 0 -18"><span class='ocrx_word' id='word_1_81' title='bbox 588 1329 677 1384; x_wconf 68' lang='grc'><strong>34.</strong></span> <span class='ocrx_word' id='word_1_82' title='bbox 708 1329 814 1384; x_wconf 89' lang='lat' dir='ltr'><strong>Sed</strong></span> <span class='ocrx_word' id='word_1_83' title='bbox 844 1329 959 1384; x_wconf 69' lang='lat' dir='ltr'><strong>haec</strong></span> <span class='ocrx_word' id='word_1_84' title='bbox 999 1328 1267 1400; x_wconf 62' lang='lat' dir='ltr'><strong>allegoria:</strong></span> <span class='ocrx_word' id='word_1_85' title='bbox 1309 1330 1631 1400; x_wconf 70' lang='lat' dir='ltr'><strong>prophetiae</strong></span> <span class='ocrx_word' id='word_1_86' title='bbox 1662 1329 1950 1402; x_wconf 88' lang='lat' dir='ltr'><strong>disputatio</strong></span> <span class='ocrx_word' id='word_1_87' title='bbox 1991 1337 2091 1395; x_wconf 91' lang='lat' dir='ltr'><strong>est,</strong></span> 
     </span>
    </p>
   </div>
   <div class='ocr_carea' id='block_1_12' title="bbox 516 1417 2094 1490">
    <p class='ocr_par' dir='ltr' id='par_1_12' title="bbox 516 1417 2094 1490">
     <span class='ocr_line' id='line_1_12' title="bbox 516 1417 2094 1490; baseline 0.003 -19"><span class='ocrx_word' id='word_1_88' title='bbox 516 1433 673 1487; x_wconf 89' lang='lat' dir='ltr'><strong>quam</strong></span> <span class='ocrx_word' id='word_1_89' title='bbox 702 1432 807 1472; x_wconf 90' lang='lat' dir='ltr'><strong>non</strong></span> <span class='ocrx_word' id='word_1_90' title='bbox 837 1417 939 1472; x_wconf 92' lang='lat' dir='ltr'><strong>isto</strong></span> <span class='ocrx_word' id='word_1_91' title='bbox 956 1433 1202 1475; x_wconf 87' lang='lat' dir='ltr'><strong>sermone</strong></span> <span class='ocrx_word' id='word_1_92' title='bbox 1225 1422 1578 1490; x_wconf 85' lang='lat' dir='ltr'><strong>suscepimus.</strong></span> <span class='ocrx_word' id='word_1_93' title='bbox 1611 1421 1935 1476; x_wconf 88' lang='lat' dir='ltr'><strong>instituimus</strong></span> <span class='ocrx_word' id='word_1_94' title='bbox 1953 1421 2094 1476; x_wconf 92' lang='lat' dir='ltr'><strong>enim</strong></span> 
     </span>
    </p>
   </div>
   <div class='ocr_carea' id='block_1_13' title="bbox 514 1498 2095 1582">
    <p class='ocr_par' dir='ltr' id='par_1_13' title="bbox 514 1498 2095 1582">
     <span class='ocr_line' id='line_1_13' title="bbox 514 1498 2095 1582; baseline 0.004 -21"><span class='ocrx_word' id='word_1_95' title='bbox 514 1508 582 1561; x_wconf 92' lang='lat' dir='ltr'><strong>de</strong></span> <span class='ocrx_word' id='word_1_96' title='bbox 603 1506 887 1577; x_wconf 90' lang='lat' dir='ltr'><strong>Scripturis</strong></span> <span class='ocrx_word' id='word_1_97' title='bbox 903 1525 1044 1564; x_wconf 90' lang='lat' dir='ltr'><strong>nunc</strong></span> <span class='ocrx_word' id='word_1_98' title='bbox 1064 1498 1208 1581; x_wconf 84' lang='lat' dir='ltr'><strong>loqui</strong></span> <span class='ocrx_word' id='word_1_99' title='bbox 1225 1511 1511 1566; x_wconf 87' lang='lat' dir='ltr'><strong>secundum</strong></span> <span class='ocrx_word' id='word_1_100' title='bbox 1530 1513 1900 1582; x_wconf 83' lang='lat' dir='ltr'><strong>proprietatem</strong></span> <span class='ocrx_word' id='word_1_101' title='bbox 1918 1527 2095 1567; x_wconf 89' lang='lat' dir='ltr'><strong>rerum</strong></span> 
     </span>
    </p>
   </div>
   <div class='ocr_carea' id='block_1_14' title="bbox 513 1600 2095 1674">
    <p class='ocr_par' dir='ltr' id='par_1_14' title="bbox 513 1600 2095 1674">
     <span class='ocr_line' id='line_1_14' title="bbox 513 1600 2095 1674; baseline 0.005 -24"><span class='ocrx_word' id='word_1_102' title='bbox 513 1605 804 1666; x_wconf 87' lang='lat' dir='ltr'><strong>gestarum,</strong></span> <span class='ocrx_word' id='word_1_103' title='bbox 832 1613 938 1654; x_wconf 93' lang='lat' dir='ltr'><strong>non</strong></span> <span class='ocrx_word' id='word_1_104' title='bbox 963 1600 1252 1657; x_wconf 89' lang='lat' dir='ltr'><strong>secundum</strong></span> <span class='ocrx_word' id='word_1_105' title='bbox 1277 1603 1554 1671; x_wconf 68' lang='lat' dir='ltr'><strong>aenigmata</strong></span> <span class='ocrx_word' id='word_1_106' title='bbox 1577 1601 1863 1672; x_wconf 87' lang='lat' dir='ltr'><strong>ﬁgurarum</strong></span> <span class='ocrx_word' id='word_1_107' title='bbox 1890 1602 1929 1655; x_wconf 90' lang='grc'><strong>¹.</strong></span> <span class='ocrx_word' id='word_1_108' title='bbox 1953 1602 2095 1674; x_wconf 89' lang='lat' dir='ltr'><strong>Ergo</strong></span> 
     </span>
    </p>
   </div>
   <div class='ocr_carea' id='block_1_15' title="bbox 513 1688 2092 1764">
    <p class='ocr_par' dir='ltr' id='par_1_15' title="bbox 513 1688 2092 1764">
     <span class='ocr_line' id='line_1_15' title="bbox 513 1688 2092 1764; baseline 0.004 -21"><span class='ocrx_word' id='word_1_109' title='bbox 513 1688 581 1744; x_wconf 90' lang='lat' dir='ltr'><strong>ad</strong></span> <span class='ocrx_word' id='word_1_110' title='bbox 633 1690 894 1745; x_wconf 87' lang='lat' dir='ltr'><strong>rationem</strong></span> <span class='ocrx_word' id='word_1_111' title='bbox 945 1690 1200 1746; x_wconf 88' lang='lat' dir='ltr'><strong>factarum</strong></span> <span class='ocrx_word' id='word_1_112' title='bbox 1258 1691 1699 1764; x_wconf 89' lang='lat' dir='ltr'><strong>conditarumque</strong></span> <span class='ocrx_word' id='word_1_113' title='bbox 1751 1703 2092 1762; x_wconf 88' lang='lat' dir='ltr'><strong>naturarum,</strong></span> 
     </span>
    </p>
   </div>
   <div class='ocr_carea' id='block_1_16' title="bbox 513 1780 2096 1856">
    <p class='ocr_par' dir='ltr' id='par_1_16' title="bbox 513 1780 2096 1856">
     <span class='ocr_line' id='line_1_16' title="bbox 513 1780 2096 1856; baseline 0.006 -25"><span class='ocrx_word' id='word_1_114' title='bbox 513 1780 783 1848; x_wconf 89' lang='lat' dir='ltr'><strong>quomodo</strong></span> <span class='ocrx_word' id='word_1_115' title='bbox 819 1781 1116 1838; x_wconf 84' lang='lat' dir='ltr'><strong>invenimus</strong></span> <span class='ocrx_word' id='word_1_116' title='bbox 1153 1798 1425 1852; x_wconf 80' lang='lat' dir='ltr'><strong>vesperam</strong></span> <span class='ocrx_word' id='word_1_117' title='bbox 1453 1793 1506 1838; x_wconf 94' lang='lat' dir='ltr'><strong>et</strong></span> <span class='ocrx_word' id='word_1_118' title='bbox 1535 1799 1691 1838; x_wconf 88' lang='lat' dir='ltr'><strong>mane</strong></span> <span class='ocrx_word' id='word_1_119' title='bbox 1718 1785 1770 1839; x_wconf 91' lang='lat' dir='ltr'><strong>in</strong></span> <span class='ocrx_word' id='word_1_120' title='bbox 1800 1784 1916 1840; x_wconf 90' lang='lat' dir='ltr'><strong>luce</strong></span> <span class='ocrx_word' id='word_1_121' title='bbox 1942 1785 2096 1856; x_wconf 87' lang='lat' dir='ltr'><strong>spiri-</strong></span> 
     </span>
    </p>
   </div>
   <div class='ocr_carea' id='block_1_17' title="bbox 515 1868 2095 1941">
    <p class='ocr_par' dir='ltr' id='par_1_17' title="bbox 515 1868 2095 1941">
     <span class='ocr_line' id='line_1_17' title="bbox 515 1868 2095 1941; baseline 0.005 -20"><span class='ocrx_word' id='word_1_122' title='bbox 515 1868 690 1923; x_wconf 76' lang='lat' dir='ltr'><strong>tuali?</strong></span> <span class='ocrx_word' id='word_1_123' title='bbox 732 1870 814 1924; x_wconf 89' lang='lat' dir='ltr'><strong>An</strong></span> <span class='ocrx_word' id='word_1_124' title='bbox 845 1870 1035 1924; x_wconf 89' lang='lat' dir='ltr'><strong>divisio</strong></span> <span class='ocrx_word' id='word_1_125' title='bbox 1061 1871 1273 1941; x_wconf 89' lang='lat' dir='ltr'><strong>quidem</strong></span> <span class='ocrx_word' id='word_1_126' title='bbox 1306 1873 1439 1926; x_wconf 92' lang='lat' dir='ltr'><strong>lucis</strong></span> <span class='ocrx_word' id='word_1_127' title='bbox 1469 1888 1498 1925; x_wconf 91' lang='lat' dir='ltr'><strong>a</strong></span> <span class='ocrx_word' id='word_1_128' title='bbox 1530 1873 1764 1928; x_wconf 87' lang='lat' dir='ltr'><strong>tenebris</strong></span> <span class='ocrx_word' id='word_1_129' title='bbox 1784 1916 1799 1940; x_wconf 89' lang='lat'><strong>,</strong></span> <span class='ocrx_word' id='word_1_130' title='bbox 1829 1874 2095 1930; x_wconf 90' lang='lat' dir='ltr'><strong>distinctio</strong></span> 
     </span>
    </p>
   </div>
   <div class='ocr_carea' id='block_1_18' title="bbox 516 1958 2094 2033">
    <p class='ocr_par' dir='ltr' id='par_1_18' title="bbox 516 1958 2094 2033">
     <span class='ocr_line' id='line_1_18' title="bbox 516 1958 2094 2033; baseline 0.007 -23"><span class='ocrx_word' id='word_1_131' title='bbox 516 1965 599 2011; x_wconf 87' lang='lat' dir='ltr'><strong>est</strong></span> <span class='ocrx_word' id='word_1_132' title='bbox 623 1958 733 2029; x_wconf 88' lang='lat' dir='ltr'><strong>jam</strong></span> <span class='ocrx_word' id='word_1_133' title='bbox 762 1958 839 2013; x_wconf 90' lang='lat' dir='ltr'><strong>rei</strong></span> <span class='ocrx_word' id='word_1_134' title='bbox 867 1959 1104 2015; x_wconf 75' lang='lat' dir='ltr'><strong>formata:</strong></span> <span class='ocrx_word' id='word_1_135' title='bbox 1131 1961 1198 2016; x_wconf 87' lang='lat' dir='ltr'><strong>ab</strong></span> <span class='ocrx_word' id='word_1_136' title='bbox 1226 1961 1436 2016; x_wconf 77' lang='lat' dir='ltr'><strong>informi</strong></span> <span class='ocrx_word' id='word_1_137' title='bbox 1461 1979 1475 2028; x_wconf 91' lang='lat'><strong>;</strong></span> <span class='ocrx_word' id='word_1_138' title='bbox 1522 1965 1807 2033; x_wconf 85' lang='lat' dir='ltr'><strong>appellatio</strong></span> <span class='ocrx_word' id='word_1_139' title='bbox 1835 1979 1962 2020; x_wconf 91' lang='lat' dir='ltr'><strong>vero</strong></span> <span class='ocrx_word' id='word_1_140' title='bbox 1990 1966 2094 2020; x_wconf 89' lang='lat' dir='ltr'><strong>diei</strong></span> 
     </span>
    </p>
   </div>
   <div class='ocr_carea' id='block_1_19' title="bbox 516 2049 2096 2126">
    <p class='ocr_par' dir='ltr' id='par_1_19' title="bbox 516 2049 2096 2126">
     <span class='ocr_line' id='line_1_19' title="bbox 516 2049 2096 2126; baseline 0.005 -23"><span class='ocrx_word' id='word_1_141' title='bbox 516 2057 571 2103; x_wconf 93' lang='lat' dir='ltr'><strong>et</strong></span> <span class='ocrx_word' id='word_1_142' title='bbox 599 2050 790 2116; x_wconf 90' lang='lat' dir='ltr'><strong>noctis,</strong></span> <span class='ocrx_word' id='word_1_143' title='bbox 819 2049 1104 2105; x_wconf 85' lang='lat' dir='ltr'><strong>insinuatio</strong></span> <span class='ocrx_word' id='word_1_144' title='bbox 1128 2051 1510 2108; x_wconf 87' lang='lat' dir='ltr'><strong>distributionis</strong></span> <span class='ocrx_word' id='word_1_145' title='bbox 1533 2055 1553 2085; x_wconf 84' lang='grc'>¹</span> <span class='ocrx_word' id='word_1_146' title='bbox 1576 2065 1678 2121; x_wconf 91' lang='lat' dir='ltr'><strong>est,</strong></span> <span class='ocrx_word' id='word_1_147' title='bbox 1711 2069 1813 2125; x_wconf 89' lang='lat' dir='ltr'><strong>qua</strong></span> <span class='ocrx_word' id='word_1_148' title='bbox 1835 2055 2096 2126; x_wconf 90' lang='lat' dir='ltr'><strong>significe-</strong></span> 
     </span>
    </p>
   </div>
   <div class='ocr_carea' id='block_1_20' title="bbox 520 2140 2094 2215">
    <p class='ocr_par' dir='ltr' id='par_1_20' title="bbox 520 2140 2094 2215">
     <span class='ocr_line' id='line_1_20' title="bbox 520 2140 2094 2215; baseline 0.005 -23"><span class='ocrx_word' id='word_1_149' title='bbox 520 2148 609 2192; x_wconf 92' lang='lat' dir='ltr'><strong>tur</strong></span> <span class='ocrx_word' id='word_1_150' title='bbox 649 2140 781 2194; x_wconf 85' lang='lat' dir='ltr'><strong>nihil</strong></span> <span class='ocrx_word' id='word_1_151' title='bbox 814 2140 979 2196; x_wconf 90' lang='lat' dir='ltr'><strong>Deum</strong></span> <span class='ocrx_word' id='word_1_152' title='bbox 1008 2140 1362 2197; x_wconf 88' lang='lat' dir='ltr'><strong>inordinatum</strong></span> <span class='ocrx_word' id='word_1_153' title='bbox 1391 2143 1712 2214; x_wconf 84' lang='lat' dir='ltr'><strong>relinquere,</strong></span> <span class='ocrx_word' id='word_1_154' title='bbox 1740 2156 1898 2215; x_wconf 88' lang='lat' dir='ltr'><strong>atque</strong></span> <span class='ocrx_word' id='word_1_155' title='bbox 1928 2145 2094 2215; x_wconf 86' lang='lat' dir='ltr'><strong>ipsam</strong></span> 
     </span>
    </p>
   </div>
   <div class='ocr_carea' id='block_1_21' title="bbox 519 2227 2095 2306">
    <p class='ocr_par' dir='ltr' id='par_1_21' title="bbox 519 2227 2095 2306">
     <span class='ocr_line' id='line_1_21' title="bbox 519 2227 2095 2306; baseline 0.006 -24"><span class='ocrx_word' id='word_1_156' title='bbox 519 2227 933 2296; x_wconf 90' lang='lat' dir='ltr'><strong>informitatem,</strong></span> <span class='ocrx_word' id='word_1_157' title='bbox 980 2246 1074 2298; x_wconf 89' lang='lat' dir='ltr'><strong>per</strong></span> <span class='ocrx_word' id='word_1_158' title='bbox 1119 2247 1276 2301; x_wconf 91' lang='lat' dir='ltr'><strong>quam</strong></span> <span class='ocrx_word' id='word_1_159' title='bbox 1320 2248 1408 2287; x_wconf 90' lang='lat' dir='ltr'><strong>res</strong></span> <span class='ocrx_word' id='word_1_160' title='bbox 1435 2233 1502 2288; x_wconf 91' lang='lat' dir='ltr'><strong>de</strong></span> <span class='ocrx_word' id='word_1_161' title='bbox 1547 2237 1725 2304; x_wconf 86' lang='lat' dir='ltr'><strong>specie</strong></span> <span class='ocrx_word' id='word_1_162' title='bbox 1767 2235 1821 2289; x_wconf 94' lang='lat' dir='ltr'><strong>in</strong></span> <span class='ocrx_word' id='word_1_163' title='bbox 1862 2236 2095 2306; x_wconf 87' lang='lat' dir='ltr'><strong>speciem</strong></span> 
     </span>
    </p>
   </div>
   <div class='ocr_carea' id='block_1_22' title="bbox 514 2320 2094 2391">
    <p class='ocr_par' dir='ltr' id='par_1_22' title="bbox 514 2320 2094 2391">
     <span class='ocr_line' id='line_1_22' title="bbox 514 2320 2094 2391; baseline 0.006 -17"><span class='ocrx_word' id='word_1_164' title='bbox 514 2321 679 2375; x_wconf 89' lang='lat' dir='ltr'><strong>modo</strong></span> <span class='ocrx_word' id='word_1_165' title='bbox 725 2320 954 2391; x_wconf 90' lang='lat' dir='ltr'><strong>quodam</strong></span> <span class='ocrx_word' id='word_1_166' title='bbox 996 2323 1318 2379; x_wconf 86' lang='lat' dir='ltr'><strong>transeundo</strong></span> <span class='ocrx_word' id='word_1_167' title='bbox 1363 2334 1670 2390; x_wconf 89' lang='lat' dir='ltr'><strong>mutantur,</strong></span> <span class='ocrx_word' id='word_1_168' title='bbox 1715 2342 1820 2381; x_wconf 89' lang='lat' dir='ltr'><strong>non</strong></span> <span class='ocrx_word' id='word_1_169' title='bbox 1849 2342 1968 2382; x_wconf 89' lang='lat' dir='ltr'><strong>esse</strong></span> <span class='ocrx_word' id='word_1_170' title='bbox 2009 2328 2094 2383; x_wconf 89' lang='lat' dir='ltr'><strong>in-</strong></span> 
     </span>
    </p>
   </div>
   <div class='ocr_carea' id='block_1_23' title="bbox 514 2412 2092 2488">
    <p class='ocr_par' dir='ltr' id='par_1_23' title="bbox 514 2412 2092 2488">
     <span class='ocr_line' id='line_1_23' title="bbox 514 2412 2092 2488; baseline 0.006 -22"><span class='ocrx_word' id='word_1_171' title='bbox 514 2412 859 2482; x_wconf 89' lang='lat' dir='ltr'><strong>dispositam;</strong></span> <span class='ocrx_word' id='word_1_172' title='bbox 905 2428 1076 2484; x_wconf 90' lang='lat' dir='ltr'><strong>neque</strong></span> <span class='ocrx_word' id='word_1_173' title='bbox 1119 2415 1356 2471; x_wconf 86' lang='lat' dir='ltr'><strong>defectus</strong></span> <span class='ocrx_word' id='word_1_174' title='bbox 1397 2417 1773 2488; x_wconf 80' lang='lat' dir='ltr'><strong>profectusque</strong></span> <span class='ocrx_word' id='word_1_175' title='bbox 1813 2430 2092 2487; x_wconf 71' lang='lat' dir='ltr'><strong>creatum,</strong></span> 
     </span>
    </p>
   </div>
   <div class='ocr_carea' id='block_1_24' title="bbox 517 2503 2096 2578">
    <p class='ocr_par' dir='ltr' id='par_1_24' title="bbox 517 2503 2096 2578">
     <span class='ocr_line' id='line_1_24' title="bbox 517 2503 2096 2578; baseline 0.007 -23"><span class='ocrx_word' id='word_1_176' title='bbox 517 2503 709 2571; x_wconf 87' lang='lat' dir='ltr'><strong>quibus</strong></span> <span class='ocrx_word' id='word_1_177' title='bbox 746 2503 959 2559; x_wconf 90' lang='lat' dir='ltr'><strong>sibimet</strong></span> <span class='ocrx_word' id='word_1_178' title='bbox 1000 2506 1312 2576; x_wconf 88' lang='lat' dir='ltr'><strong>temporalia</strong></span> <span class='ocrx_word' id='word_1_179' title='bbox 1342 2523 1568 2578; x_wconf 73' lang='lat' dir='ltr'><strong>qumque</strong></span> <span class='ocrx_word' id='word_1_180' title='bbox 1604 2509 1932 2576; x_wconf 90' lang='lat' dir='ltr'><strong>succedunt,</strong></span> <span class='ocrx_word' id='word_1_181' title='bbox 1980 2511 2096 2566; x_wconf 89' lang='lat' dir='ltr'><strong>sine</strong></span> 
     </span>
    </p>
   </div>
   <div class='ocr_carea' id='block_1_25' title="bbox 512 2595 2096 2663">
    <p class='ocr_par' dir='ltr' id='par_1_25' title="bbox 512 2595 2096 2663">
     <span class='ocr_line' id='line_1_25' title="bbox 512 2595 2096 2663; baseline 0.006 -16"><span class='ocrx_word' id='word_1_182' title='bbox 512 2595 881 2663; x_wconf 80' lang='lat' dir='ltr'><strong>supplemento</strong></span> <span class='ocrx_word' id='word_1_183' title='bbox 897 2610 1019 2651; x_wconf 91' lang='lat' dir='ltr'><strong>esse</strong></span> <span class='ocrx_word' id='word_1_184' title='bbox 1038 2595 1249 2653; x_wconf 89' lang='lat' dir='ltr'><strong>decoris</strong></span> <span class='ocrx_word' id='word_1_185' title='bbox 1274 2599 1545 2654; x_wconf 81' lang='lat' dir='ltr'><strong>universi?</strong></span> <span class='ocrx_word' id='word_1_186' title='bbox 1566 2599 1681 2655; x_wconf 93' lang='lat' dir='ltr'><strong>Nox</strong></span> <span class='ocrx_word' id='word_1_187' title='bbox 1701 2601 1842 2657; x_wconf 88' lang='lat' dir='ltr'><strong>enim</strong></span> <span class='ocrx_word' id='word_1_188' title='bbox 1868 2599 2096 2657; x_wconf 76' lang='lat' dir='ltr'><strong>odinatae</strong></span> 
     </span>
    </p>
   </div>
   <div class='ocr_carea' id='block_1_26' title="bbox 511 2685 916 2740">
    <p class='ocr_par' dir='ltr' id='par_1_26' title="bbox 511 2685 916 2740">
     <span class='ocr_line' id='line_1_26' title="bbox 511 2685 916 2740; baseline 0 -2"><span class='ocrx_word' id='word_1_189' title='bbox 511 2694 635 2739; x_wconf 91' lang='lat' dir='ltr'><strong>sunt</strong></span> <span class='ocrx_word' id='word_1_190' title='bbox 662 2685 916 2740; x_wconf 71' lang='lat' dir='ltr'><strong>tenebrae.</strong></span> 
     </span>
    </p>
   </div>
   <div class='ocr_carea' id='block_1_27' title="bbox 581 2775 2094 2846">
    <p class='ocr_par' dir='ltr' id='par_1_27' title="bbox 581 2775 2094 2846">
     <span class='ocr_line' id='line_1_27' title="bbox 581 2775 2094 2846; baseline 0.006 -17"><span class='ocrx_word' id='word_1_191' title='bbox 581 2775 669 2830; x_wconf 78' lang='lat'><strong>35.</strong></span> <span class='ocrx_word' id='word_1_192' title='bbox 718 2776 1006 2845; x_wconf 82' lang='lat' dir='ltr'><strong>Propterea</strong></span> <span class='ocrx_word' id='word_1_193' title='bbox 1039 2792 1166 2832; x_wconf 88' lang='lat' dir='ltr'><strong>vero</strong></span> <span class='ocrx_word' id='word_1_194' title='bbox 1194 2792 1317 2833; x_wconf 91' lang='lat' dir='ltr'><strong>cum</strong></span> <span class='ocrx_word' id='word_1_195' title='bbox 1361 2777 1495 2834; x_wconf 89' lang='lat' dir='ltr'><strong>facta</strong></span> <span class='ocrx_word' id='word_1_196' title='bbox 1539 2789 1687 2836; x_wconf 91' lang='lat' dir='ltr'><strong>esset</strong></span> <span class='ocrx_word' id='word_1_197' title='bbox 1725 2780 1849 2846; x_wconf 84' lang='lat' dir='ltr'><strong>lux,</strong></span> <span class='ocrx_word' id='word_1_198' title='bbox 1896 2781 2094 2838; x_wconf 92' lang='lat' dir='ltr'><strong>dictum</strong></span> 
     </span>
    </p>
   </div>
   <div class='ocr_carea' id='block_1_28' title="bbox 511 2865 2098 2942">
    <p class='ocr_par' dir='ltr' id='par_1_28' title="bbox 511 2865 2098 2942">
     <span class='ocr_line' id='line_1_28' title="bbox 511 2865 2098 2942; baseline 0.006 -22"><span class='ocrx_word' id='word_1_199' title='bbox 511 2875 609 2928; x_wconf 84' lang='lat' dir='ltr'><strong>est,</strong></span> <span class='ocrx_word' id='word_1_200' title='bbox 655 2865 788 2919; x_wconf 84' lang='lat' dir='ltr'><strong>Vidit</strong></span> <span class='ocrx_word' id='word_1_201' title='bbox 818 2865 955 2921; x_wconf 86' lang='lat' dir='ltr'><strong>Deus</strong></span> <span class='ocrx_word' id='word_1_202' title='bbox 978 2868 1156 2932; x_wconf 85' lang='lat' dir='ltr'><strong>lucem,</strong></span> <span class='ocrx_word' id='word_1_203' title='bbox 1198 2869 1315 2939; x_wconf 91' lang='lat' dir='ltr'><strong>quia</strong></span> <span class='ocrx_word' id='word_1_204' title='bbox 1339 2868 1470 2923; x_wconf 88' lang='lat' dir='ltr'><strong>bona</strong></span> <span class='ocrx_word' id='word_1_205' title='bbox 1495 2879 1602 2937; x_wconf 85' lang='lat' dir='ltr'><strong>est;</strong></span> <span class='ocrx_word' id='word_1_206' title='bbox 1630 2885 1749 2926; x_wconf 92' lang='lat' dir='ltr'><strong>cum</strong></span> <span class='ocrx_word' id='word_1_207' title='bbox 1781 2870 1882 2928; x_wconf 91' lang='lat' dir='ltr'><strong>hoc</strong></span> <span class='ocrx_word' id='word_1_208' title='bbox 1918 2883 2098 2942; x_wconf 86' lang='lat' dir='ltr'><strong>posset</strong></span> 
     </span>
    </p>
   </div>
   <div class='ocr_carea' id='block_1_29' title="bbox 513 2955 2098 3033">
    <p class='ocr_par' dir='ltr' id='par_1_29' title="bbox 513 2955 2098 3033">
     <span class='ocr_line' id='line_1_29' title="bbox 513 2955 2098 3033; baseline 0.008 -27"><span class='ocrx_word' id='word_1_209' title='bbox 513 2965 634 3024; x_wconf 89' lang='lat' dir='ltr'><strong>post</strong></span> <span class='ocrx_word' id='word_1_210' title='bbox 660 2955 837 3008; x_wconf 88' lang='lat' dir='ltr'><strong>omnia</strong></span> <span class='ocrx_word' id='word_1_211' title='bbox 863 2956 1101 3025; x_wconf 87' lang='lat' dir='ltr'><strong>ejusdem</strong></span> <span class='ocrx_word' id='word_1_212' title='bbox 1128 2957 1234 3012; x_wconf 85' lang='lat' dir='ltr'><strong>diei</strong></span> <span class='ocrx_word' id='word_1_213' title='bbox 1259 2957 1459 3024; x_wconf 86' lang='lat' dir='ltr'><strong>dicere,</strong></span> <span class='ocrx_word' id='word_1_214' title='bbox 1493 2958 1544 3013; x_wconf 92' lang='lat' dir='ltr'><strong>id</strong></span> <span class='ocrx_word' id='word_1_215' title='bbox 1571 2969 1672 3028; x_wconf 76' lang='lat' dir='ltr'><strong>est,</strong></span> <span class='ocrx_word' id='word_1_216' title='bbox 1705 2968 1763 3016; x_wconf 91' lang='lat' dir='ltr'><strong>ut</strong></span> <span class='ocrx_word' id='word_1_217' title='bbox 1789 2977 1909 3017; x_wconf 88' lang='lat' dir='ltr'><strong>cum</strong></span> <span class='ocrx_word' id='word_1_218' title='bbox 1930 2965 2098 3033; x_wconf 87' lang='lat' dir='ltr'><strong>expli-</strong></span> 
     </span>
    </p>
   </div>
   <div class='ocr_carea' id='block_1_30' title="bbox 509 3033 2096 3121">
    <p class='ocr_par' dir='ltr' id='par_1_30' title="bbox 509 3033 2096 3121">
     <span class='ocr_line' id='line_1_30' title="bbox 509 3033 2096 3121; baseline 0.006 -24"><span class='ocrx_word' id='word_1_219' title='bbox 509 3053 688 3098; x_wconf 87' lang='lat' dir='ltr'><strong>casset</strong></span> <span class='ocrx_word' id='word_1_220' title='bbox 712 3043 734 3076; x_wconf 82' lang='grc'><strong><em>⁸</em></strong></span> <span class='ocrx_word' id='word_1_221' title='bbox 757 3086 773 3112; x_wconf 83' lang='grc'><em>,</em></span> <span class='ocrx_word' id='word_1_222' title='bbox 805 3044 949 3100; x_wconf 75' lang='lat' dir='ltr'><strong>Dixit</strong></span> <span class='ocrx_word' id='word_1_223' title='bbox 984 3045 1123 3100; x_wconf 89' lang='lat' dir='ltr'><strong>Deus</strong></span> <span class='ocrx_word' id='word_1_224' title='bbox 1146 3087 1161 3114; x_wconf 92' lang='lat'><strong>,</strong></span> <span class='ocrx_word' id='word_1_225' title='bbox 1199 3033 1319 3101; x_wconf 67' lang='lat' dir='ltr'><strong>Fiat</strong></span> <span class='ocrx_word' id='word_1_226' title='bbox 1348 3047 1472 3113; x_wconf 71' lang='lat' dir='ltr'><strong>lux;</strong></span> <span class='ocrx_word' id='word_1_227' title='bbox 1502 3059 1548 3102; x_wconf 91' lang='lat' dir='ltr'><strong>et</strong></span> <span class='ocrx_word' id='word_1_228' title='bbox 1587 3053 1722 3121; x_wconf 76' lang='lat' dir='ltr'><strong>facta</strong></span> <span class='ocrx_word' id='word_1_229' title='bbox 1747 3061 1819 3105; x_wconf 86' lang='lat' dir='ltr'><strong>est</strong></span> <span class='ocrx_word' id='word_1_230' title='bbox 1857 3051 1981 3118; x_wconf 72' lang='lat' dir='ltr'><strong>lux;</strong></span> <span class='ocrx_word' id='word_1_231' title='bbox 2027 3051 2096 3106; x_wconf 90' lang='lat' dir='ltr'><strong>Et</strong></span> 
     </span>
    </p>
   </div>
   <div class='ocr_carea' id='block_1_31' title="bbox 509 3134 2096 3205">
    <p class='ocr_par' dir='ltr' id='par_1_31' title="bbox 509 3134 2096 3205">
     <span class='ocr_line' id='line_1_31' title="bbox 509 3134 2096 3205; baseline 0.007 -17"><span class='ocrx_word' id='word_1_232' title='bbox 509 3135 678 3189; x_wconf 77' lang='lat' dir='ltr'><strong>divisit</strong></span> <span class='ocrx_word' id='word_1_233' title='bbox 721 3134 861 3191; x_wconf 86' lang='lat' dir='ltr'><strong>Deus</strong></span> <span class='ocrx_word' id='word_1_234' title='bbox 905 3137 1036 3191; x_wconf 88' lang='lat' dir='ltr'><strong>inter</strong></span> <span class='ocrx_word' id='word_1_235' title='bbox 1071 3138 1234 3192; x_wconf 86' lang='lat' dir='ltr'><strong>lucem</strong></span> <span class='ocrx_word' id='word_1_236' title='bbox 1259 3147 1305 3192; x_wconf 91' lang='lat' dir='ltr'><strong>et</strong></span> <span class='ocrx_word' id='word_1_237' title='bbox 1335 3141 1602 3205; x_wconf 75' lang='lat' dir='ltr'><strong>tenebras;</strong></span> <span class='ocrx_word' id='word_1_238' title='bbox 1643 3139 1712 3196; x_wconf 85' lang='lat' dir='ltr'><strong>Et</strong></span> <span class='ocrx_word' id='word_1_239' title='bbox 1738 3145 1929 3198; x_wconf 80' lang='lat' dir='ltr'><strong>vocavit</strong></span> <span class='ocrx_word' id='word_1_240' title='bbox 1956 3143 2096 3200; x_wconf 90' lang='lat' dir='ltr'><strong>Deus</strong></span> 
     </span>
    </p>
   </div>
   <div class='ocr_carea' id='block_1_32' title="bbox 510 3225 2092 3304">
    <p class='ocr_par' dir='ltr' id='par_1_32' title="bbox 510 3225 2092 3304">
     <span class='ocr_line' id='line_1_32' title="bbox 510 3225 2092 3304; baseline 0.008 -25"><span class='ocrx_word' id='word_1_241' title='bbox 510 3225 670 3280; x_wconf 84' lang='lat' dir='ltr'><strong>lucem</strong></span> <span class='ocrx_word' id='word_1_242' title='bbox 696 3225 827 3280; x_wconf 88' lang='lat' dir='ltr'><strong>diem</strong></span> <span class='ocrx_word' id='word_1_243' title='bbox 846 3268 861 3293; x_wconf 96' lang='lat'><strong>,</strong></span> <span class='ocrx_word' id='word_1_244' title='bbox 895 3237 943 3282; x_wconf 86' lang='lat' dir='ltr'><strong>et</strong></span> <span class='ocrx_word' id='word_1_245' title='bbox 974 3228 1200 3284; x_wconf 82' lang='lat' dir='ltr'><strong>tenebras</strong></span> <span class='ocrx_word' id='word_1_246' title='bbox 1225 3230 1415 3284; x_wconf 81' lang='lat' dir='ltr'><strong>vocavit</strong></span> <span class='ocrx_word' id='word_1_247' title='bbox 1445 3241 1676 3298; x_wconf 83' lang='lat' dir='ltr'><strong>nectent;</strong></span> <span class='ocrx_word' id='word_1_248' title='bbox 1720 3244 1844 3290; x_wconf 90' lang='lat' dir='ltr'><strong>tunc</strong></span> <span class='ocrx_word' id='word_1_249' title='bbox 1870 3235 2092 3304; x_wconf 87' lang='lat' dir='ltr'><strong>diceret,</strong></span> 
     </span>
    </p>
   </div>
   <div class='ocr_carea' id='block_1_33' title="bbox 509 3316 2092 3399">
    <p class='ocr_par' dir='ltr' id='par_1_33' title="bbox 509 3316 2092 3399">
     <span class='ocr_line' id='line_1_33' title="bbox 509 3316 2092 3399; baseline 0.008 -27"><span class='ocrx_word' id='word_1_250' title='bbox 509 3316 578 3372; x_wconf 85' lang='lat' dir='ltr'><strong>Et</strong></span> <span class='ocrx_word' id='word_1_251' title='bbox 603 3319 722 3372; x_wconf 76' lang='lat' dir='ltr'><strong>uidit</strong></span> <span class='ocrx_word' id='word_1_252' title='bbox 744 3318 880 3375; x_wconf 86' lang='lat' dir='ltr'><strong>Deus</strong></span> <span class='ocrx_word' id='word_1_253' title='bbox 905 3322 1021 3392; x_wconf 84' lang='lat' dir='ltr'><strong>quia</strong></span> <span class='ocrx_word' id='word_1_254' title='bbox 1047 3322 1230 3376; x_wconf 86' lang='lat' dir='ltr'><strong>bonum</strong></span> <span class='ocrx_word' id='word_1_255' title='bbox 1258 3333 1366 3389; x_wconf 86' lang='lat' dir='ltr'><strong>est;</strong></span> <span class='ocrx_word' id='word_1_256' title='bbox 1403 3334 1457 3380; x_wconf 92' lang='lat' dir='ltr'><strong>et</strong></span> <span class='ocrx_word' id='word_1_257' title='bbox 1482 3325 1736 3398; x_wconf 88' lang='lat' dir='ltr'><strong>deinceps</strong></span> <span class='ocrx_word' id='word_1_258' title='bbox 1759 3338 2092 3399; x_wconf 87' lang='lat' dir='ltr'><strong>annecteret,</strong></span> 
     </span>
    </p>
   </div>
   <div class='ocr_carea' id='block_1_34' title="bbox 508 3409 2096 3488">
    <p class='ocr_par' dir='ltr' id='par_1_34' title="bbox 508 3409 2096 3488">
     <span class='ocr_line' id='line_1_34' title="bbox 508 3409 2096 3488; baseline 0.009 -26"><span class='ocrx_word' id='word_1_259' title='bbox 508 3409 577 3462; x_wconf 79' lang='lat' dir='ltr'><strong>Et</strong></span> <span class='ocrx_word' id='word_1_260' title='bbox 608 3410 745 3480; x_wconf 77' lang='lat' dir='ltr'><strong>facta</strong></span> <span class='ocrx_word' id='word_1_261' title='bbox 766 3421 838 3466; x_wconf 90' lang='lat' dir='ltr'><strong>est</strong></span> <span class='ocrx_word' id='word_1_262' title='bbox 863 3428 1067 3482; x_wconf 86' lang='lat' dir='ltr'><strong>vespera</strong></span> <span class='ocrx_word' id='word_1_263' title='bbox 1085 3453 1103 3480; x_wconf 94' lang='lat'><strong>,</strong></span> <span class='ocrx_word' id='word_1_264' title='bbox 1131 3423 1178 3468; x_wconf 88' lang='lat' dir='ltr'><strong>et</strong></span> <span class='ocrx_word' id='word_1_265' title='bbox 1203 3418 1394 3488; x_wconf 75' lang='lat' dir='ltr'><strong>factum</strong></span> <span class='ocrx_word' id='word_1_266' title='bbox 1416 3427 1488 3472; x_wconf 89' lang='lat' dir='ltr'><strong>est</strong></span> <span class='ocrx_word' id='word_1_267' title='bbox 1509 3435 1695 3487; x_wconf 73' lang='lat' dir='ltr'><strong>inane;</strong></span> <span class='ocrx_word' id='word_1_268' title='bbox 1740 3422 1876 3476; x_wconf 89' lang='lat' dir='ltr'><strong>sicut</strong></span> <span class='ocrx_word' id='word_1_269' title='bbox 1902 3423 1955 3476; x_wconf 87' lang='lat' dir='ltr'><strong>in</strong></span> <span class='ocrx_word' id='word_1_270' title='bbox 1979 3422 2096 3478; x_wconf 87' lang='lat' dir='ltr'><strong>aliis</strong></span> 
     </span>
    </p>
   </div>
   <div class='ocr_carea' id='block_1_35' title="bbox 508 3501 2096 3586">
    <p class='ocr_par' dir='ltr' id='par_1_35' title="bbox 508 3501 2096 3586">
     <span class='ocr_line' id='line_1_35' title="bbox 508 3501 2096 3586; baseline 0.01 -32"><span class='ocrx_word' id='word_1_271' title='bbox 508 3501 759 3570; x_wconf 89' lang='lat' dir='ltr'><strong>operibus</strong></span> <span class='ocrx_word' id='word_1_272' title='bbox 799 3501 960 3570; x_wconf 80' lang='lat' dir='ltr'><strong>facit,</strong></span> <span class='ocrx_word' id='word_1_273' title='bbox 1008 3505 1202 3574; x_wconf 88' lang='lat' dir='ltr'><strong>quibus</strong></span> <span class='ocrx_word' id='word_1_274' title='bbox 1243 3508 1500 3562; x_wconf 87' lang='lat' dir='ltr'><strong>voeabula</strong></span> <span class='ocrx_word' id='word_1_275' title='bbox 1540 3510 1782 3581; x_wconf 91' lang='lat' dir='ltr'><strong>imponit.</strong></span> <span class='ocrx_word' id='word_1_276' title='bbox 1831 3513 1929 3569; x_wconf 91' lang='lat' dir='ltr'><strong>llic</strong></span> <span class='ocrx_word' id='word_1_277' title='bbox 1967 3529 2096 3586; x_wconf 91' lang='lat' dir='ltr'><strong>ergo</strong></span> 
     </span>
    </p>
   </div>
   <div class='ocr_carea' id='block_1_36' title="bbox 507 3596 2097 3670">
    <p class='ocr_par' dir='ltr' id='par_1_36' title="bbox 507 3596 2097 3670">
     <span class='ocr_line' id='line_1_36' title="bbox 507 3596 2097 3670; baseline 0.009 -25"><span class='ocrx_word' id='word_1_278' title='bbox 507 3601 786 3662; x_wconf 87' lang='lat' dir='ltr'><strong>propterea</strong></span> <span class='ocrx_word' id='word_1_279' title='bbox 809 3609 913 3649; x_wconf 92' lang='lat' dir='ltr'><strong>non</strong></span> <span class='ocrx_word' id='word_1_280' title='bbox 936 3597 1008 3650; x_wconf 88' lang='lat' dir='ltr'><strong>ita</strong></span> <span class='ocrx_word' id='word_1_281' title='bbox 1037 3596 1178 3665; x_wconf 90' lang='lat' dir='ltr'><strong>fecit,</strong></span> <span class='ocrx_word' id='word_1_282' title='bbox 1220 3599 1470 3670; x_wconf 88' lang='lat' dir='ltr'><strong>quoniam</strong></span> <span class='ocrx_word' id='word_1_283' title='bbox 1503 3618 1532 3656; x_wconf 90' lang='lat' dir='ltr'><strong>a</strong></span> <span class='ocrx_word' id='word_1_284' title='bbox 1567 3601 1794 3658; x_wconf 87' lang='lat' dir='ltr'><strong>formata</strong></span> <span class='ocrx_word' id='word_1_285' title='bbox 1818 3621 1876 3660; x_wconf 90' lang='lat' dir='ltr'><strong>re</strong></span> <span class='ocrx_word' id='word_1_286' title='bbox 1905 3605 1969 3660; x_wconf 89' lang='lat' dir='ltr'><strong>ad</strong></span> <span class='ocrx_word' id='word_1_287' title='bbox 1996 3607 2097 3661; x_wconf 90' lang='lat' dir='ltr'><strong>hoc</strong></span> 
     </span>
    </p>
   </div>
   <div class='ocr_carea' id='block_1_37' title="bbox 508 3681 2092 3765">
    <p class='ocr_par' dir='ltr' id='par_1_37' title="bbox 508 3681 2092 3765">
     <span class='ocr_line' id='line_1_37' title="bbox 508 3681 2092 3765; baseline 0.011 -29"><span class='ocrx_word' id='word_1_288' title='bbox 508 3681 754 3738; x_wconf 88' lang='lat' dir='ltr'><strong>distincta</strong></span> <span class='ocrx_word' id='word_1_289' title='bbox 784 3693 867 3739; x_wconf 92' lang='lat' dir='ltr'><strong>est</strong></span> <span class='ocrx_word' id='word_1_290' title='bbox 894 3686 982 3740; x_wconf 92' lang='lat' dir='ltr'><strong>illa</strong></span> <span class='ocrx_word' id='word_1_291' title='bbox 1009 3687 1305 3746; x_wconf 89' lang='lat' dir='ltr'><strong>informitas</strong></span> <span class='ocrx_word' id='word_1_292' title='bbox 1327 3732 1343 3759; x_wconf 89' lang='lat'><strong>,</strong></span> <span class='ocrx_word' id='word_1_293' title='bbox 1388 3700 1446 3746; x_wconf 93' lang='lat' dir='ltr'><strong>ut</strong></span> <span class='ocrx_word' id='word_1_294' title='bbox 1475 3709 1580 3747; x_wconf 90' lang='lat' dir='ltr'><strong>non</strong></span> <span class='ocrx_word' id='word_1_295' title='bbox 1615 3693 1667 3748; x_wconf 91' lang='lat' dir='ltr'><strong>in</strong></span> <span class='ocrx_word' id='word_1_296' title='bbox 1691 3709 1754 3749; x_wconf 91' lang='lat' dir='ltr'><strong>ea</strong></span> <span class='ocrx_word' id='word_1_297' title='bbox 1783 3694 1904 3752; x_wconf 85' lang='lat' dir='ltr'><strong>finis</strong></span> <span class='ocrx_word' id='word_1_298' title='bbox 1931 3707 2092 3765; x_wconf 89' lang='lat' dir='ltr'><strong>esset,</strong></span> 
     </span>
    </p>
   </div>
   <div class='ocr_carea' id='block_1_38' title="bbox 511 3772 2097 3854">
    <p class='ocr_par' dir='ltr' id='par_1_38' title="bbox 511 3772 2097 3854">
     <span class='ocr_line' id='line_1_38' title="bbox 511 3772 2097 3854; baseline 0.011 -28"><span class='ocrx_word' id='word_1_299' title='bbox 511 3772 609 3827; x_wconf 89' lang='lat' dir='ltr'><strong>sed</strong></span> <span class='ocrx_word' id='word_1_300' title='bbox 645 3775 820 3830; x_wconf 89' lang='lat' dir='ltr'><strong>adhuc</strong></span> <span class='ocrx_word' id='word_1_301' title='bbox 865 3775 1142 3833; x_wconf 86' lang='lat' dir='ltr'><strong>formanda</strong></span> <span class='ocrx_word' id='word_1_302' title='bbox 1181 3790 1408 3836; x_wconf 88' lang='lat' dir='ltr'><strong>restaret</strong></span> <span class='ocrx_word' id='word_1_303' title='bbox 1447 3799 1544 3854; x_wconf 92' lang='lat' dir='ltr'><strong>per</strong></span> <span class='ocrx_word' id='word_1_304' title='bbox 1578 3795 1848 3842; x_wconf 90' lang='lat' dir='ltr'><strong>creaturas</strong></span> <span class='ocrx_word' id='word_1_305' title='bbox 1877 3797 2097 3844; x_wconf 64' lang='lat' dir='ltr'><strong>caeteras</strong></span> 
     </span>
    </p>
   </div>
   <div class='ocr_carea' id='block_1_39' title="bbox 508 3863 2097 3946">
    <p class='ocr_par' dir='ltr' id='par_1_39' title="bbox 508 3863 2097 3946">
     <span class='ocr_line' id='line_1_39' title="bbox 508 3863 2097 3946; baseline 0.012 -29"><span class='ocrx_word' id='word_1_306' title='bbox 508 3863 616 3934; x_wconf 84' lang='lat' dir='ltr'><strong>jam</strong></span> <span class='ocrx_word' id='word_1_307' title='bbox 645 3868 967 3936; x_wconf 89' lang='lat' dir='ltr'><strong>corporales.</strong></span> <span class='ocrx_word' id='word_1_308' title='bbox 998 3869 1175 3942; x_wconf 80' lang='lat' dir='ltr'><strong>Itaque</strong></span> <span class='ocrx_word' id='word_1_309' title='bbox 1203 3872 1246 3926; x_wconf 89' lang='lat' dir='ltr'><strong>si</strong></span> <span class='ocrx_word' id='word_1_310' title='bbox 1277 3884 1618 3946; x_wconf 86' lang='lat' dir='ltr'><strong>posteaquam</strong></span> <span class='ocrx_word' id='word_1_311' title='bbox 1644 3877 1886 3934; x_wconf 88' lang='lat' dir='ltr'><strong>distincta</strong></span> <span class='ocrx_word' id='word_1_312' title='bbox 1917 3889 2097 3936; x_wconf 87' lang='lat' dir='ltr'><strong>essent</strong></span> 
     </span>
    </p>
   </div>
   <div class='ocr_carea' id='block_1_40' title="bbox 512 3955 2096 4038">
    <p class='ocr_par' dir='ltr' id='par_1_40' title="bbox 512 3955 2096 4038">
     <span class='ocr_line' id='line_1_40' title="bbox 512 3955 2096 4038; baseline 0.013 -29"><span class='ocrx_word' id='word_1_313' title='bbox 512 3955 599 4009; x_wconf 90' lang='lat' dir='ltr'><strong>illa</strong></span> <span class='ocrx_word' id='word_1_314' title='bbox 619 3955 878 4014; x_wconf 90' lang='lat' dir='ltr'><strong>divisione</strong></span> <span class='ocrx_word' id='word_1_315' title='bbox 898 3970 952 4014; x_wconf 93' lang='lat' dir='ltr'><strong>ct</strong></span> <span class='ocrx_word' id='word_1_316' title='bbox 975 3963 1263 4031; x_wconf 85' lang='lat' dir='ltr'><strong>vocabulis,</strong></span> <span class='ocrx_word' id='word_1_317' title='bbox 1314 3974 1440 4021; x_wconf 90' lang='lat' dir='ltr'><strong>tunc</strong></span> <span class='ocrx_word' id='word_1_318' title='bbox 1465 3968 1752 4038; x_wconf 81' lang='lat' dir='ltr'><strong>diceretur,</strong></span> <span class='ocrx_word' id='word_1_319' title='bbox 1796 3970 1930 4027; x_wconf 85' lang='lat' dir='ltr'><strong>Vidit</strong></span> <span class='ocrx_word' id='word_1_320' title='bbox 1955 3972 2096 4029; x_wconf 89' lang='lat' dir='ltr'><strong>Deus</strong></span> 
     </span>
    </p>
   </div>
   <div class='ocr_carea' id='block_1_41' title="bbox 512 4047 2092 4136">
    <p class='ocr_par' dir='ltr' id='par_1_41' title="bbox 512 4047 2092 4136">
     <span class='ocr_line' id='line_1_41' title="bbox 512 4047 2092 4136; baseline 0.016 -38"><span class='ocrx_word' id='word_1_321' title='bbox 512 4047 631 4117; x_wconf 83' lang='lat' dir='ltr'><strong>quia</strong></span> <span class='ocrx_word' id='word_1_322' title='bbox 672 4049 856 4102; x_wconf 87' lang='lat' dir='ltr'><strong>bonum</strong></span> <span class='ocrx_word' id='word_1_323' title='bbox 893 4062 1005 4120; x_wconf 85' lang='lat' dir='ltr'><strong>est;</strong></span> <span class='ocrx_word' id='word_1_324' title='bbox 1044 4052 1159 4110; x_wconf 60' lang='lat' dir='ltr'><strong>hac</strong></span> <span class='ocrx_word' id='word_1_325' title='bbox 1206 4055 1341 4112; x_wconf 89' lang='lat' dir='ltr'><strong>facta</strong></span> <span class='ocrx_word' id='word_1_326' title='bbox 1387 4061 1754 4132; x_wconf 79' lang='lat' dir='ltr'><strong>acciperemus</strong></span> <span class='ocrx_word' id='word_1_327' title='bbox 1786 4065 2092 4136; x_wconf 88' lang='lat' dir='ltr'><strong>signiﬁcari,</strong></span> 
     </span>
    </p>
   </div>
   <div class='ocr_carea' id='block_1_42' title="bbox 511 4138 2095 4226">
    <p class='ocr_par' dir='ltr' id='par_1_42' title="bbox 511 4138 2095 4226">
     <span class='ocr_line' id='line_1_42' title="bbox 511 4138 2095 4226; baseline 0.016 -36"><span class='ocrx_word' id='word_1_328' title='bbox 511 4138 703 4206; x_wconf 89' lang='lat' dir='ltr'><strong>quibus</strong></span> <span class='ocrx_word' id='word_1_329' title='bbox 724 4140 834 4209; x_wconf 89' lang='lat' dir='ltr'><strong>jam</strong></span> <span class='ocrx_word' id='word_1_330' title='bbox 864 4142 916 4197; x_wconf 92' lang='lat' dir='ltr'><strong>in</strong></span> <span class='ocrx_word' id='word_1_331' title='bbox 946 4159 1043 4199; x_wconf 91' lang='lat' dir='ltr'><strong>suo</strong></span> <span class='ocrx_word' id='word_1_332' title='bbox 1061 4141 1257 4215; x_wconf 85' lang='lat' dir='ltr'><strong>genere</strong></span> <span class='ocrx_word' id='word_1_333' title='bbox 1277 4149 1406 4203; x_wconf 90' lang='lat' dir='ltr'><strong>nihil</strong></span> <span class='ocrx_word' id='word_1_334' title='bbox 1432 4161 1574 4208; x_wconf 89' lang='lat' dir='ltr'><strong>esset</strong></span> <span class='ocrx_word' id='word_1_335' title='bbox 1600 4153 1920 4210; x_wconf 87' lang='lat' dir='ltr'><strong>addendum.</strong></span> <span class='ocrx_word' id='word_1_336' title='bbox 1962 4158 2095 4226; x_wconf 87' lang='lat' dir='ltr'><strong>Quia</strong></span> 
     </span>
    </p>
   </div>
   <div class='ocr_carea' id='block_1_43' title="bbox 511 4231 2088 4320">
    <p class='ocr_par' dir='ltr' id='par_1_43' title="bbox 511 4231 2088 4320">
     <span class='ocr_line' id='line_1_43' title="bbox 511 4231 2088 4320; baseline 0.013 -37"><span class='ocrx_word' id='word_1_337' title='bbox 511 4245 641 4284; x_wconf 85' lang='lat' dir='ltr'><strong>vero</strong></span> <span class='ocrx_word' id='word_1_338' title='bbox 661 4231 834 4287; x_wconf 91' lang='lat' dir='ltr'><strong>lucem</strong></span> <span class='ocrx_word' id='word_1_339' title='bbox 863 4235 1028 4289; x_wconf 89' lang='lat' dir='ltr'><strong>solam</strong></span> <span class='ocrx_word' id='word_1_340' title='bbox 1059 4236 1132 4292; x_wconf 85' lang='lat' dir='ltr'><strong>ita</strong></span> <span class='ocrx_word' id='word_1_341' title='bbox 1162 4238 1488 4309; x_wconf 86' lang='lat' dir='ltr'><strong>perfecerat;</strong></span> <span class='ocrx_word' id='word_1_342' title='bbox 1542 4241 1677 4298; x_wconf 79' lang='lat' dir='ltr'><strong>Vidit</strong></span> <span class='ocrx_word' id='word_1_343' title='bbox 1707 4245 1866 4313; x_wconf 87' lang='lat' dir='ltr'><strong>Deus,</strong></span> <span class='ocrx_word' id='word_1_344' title='bbox 1897 4248 2088 4320; x_wconf 89' lang='lat' dir='ltr'><strong>inquit,</strong></span> 
     </span>
    </p>
   </div>
   <div class='ocr_carea' id='block_1_44' title="bbox 514 4323 2096 4398">
    <p class='ocr_par' dir='ltr' id='par_1_44' title="bbox 514 4323 2096 4398">
     <span class='ocr_line' id='line_1_44' title="bbox 514 4323 2096 4398; baseline 0.013 -22"><span class='ocrx_word' id='word_1_345' title='bbox 514 4323 691 4389; x_wconf 80' lang='lat' dir='ltr'><strong>lucem,</strong></span> <span class='ocrx_word' id='word_1_346' title='bbox 720 4326 840 4398; x_wconf 85' lang='lat' dir='ltr'><strong>quia</strong></span> <span class='ocrx_word' id='word_1_347' title='bbox 867 4325 996 4381; x_wconf 86' lang='lat' dir='ltr'><strong>bona</strong></span> <span class='ocrx_word' id='word_1_348' title='bbox 1026 4340 1118 4398; x_wconf 89' lang='lat' dir='ltr'><strong>est,</strong></span> <span class='ocrx_word' id='word_1_349' title='bbox 1142 4340 1195 4386; x_wconf 91' lang='lat' dir='ltr'><strong>et</strong></span> <span class='ocrx_word' id='word_1_350' title='bbox 1215 4331 1472 4389; x_wconf 87' lang='lat' dir='ltr'><strong>divisione</strong></span> <span class='ocrx_word' id='word_1_351' title='bbox 1492 4349 1555 4390; x_wconf 91' lang='lat' dir='ltr'><strong>ac</strong></span> <span class='ocrx_word' id='word_1_352' title='bbox 1575 4337 1876 4394; x_wconf 91' lang='lat' dir='ltr'><strong>nominibus</strong></span> <span class='ocrx_word' id='word_1_353' title='bbox 1895 4339 2096 4396; x_wconf 87' lang='lat' dir='ltr'><strong>discre-</strong></span> 
     </span>
    </p>
   </div>
   <div class='ocr_carea' id='block_1_45' title="bbox 511 4416 2093 4500">
    <p class='ocr_par' dir='ltr' id='par_1_45' title="bbox 511 4416 2093 4500">
     <span class='ocr_line' id='line_1_45' title="bbox 511 4416 2093 4500; baseline 0.011 -32"><span class='ocrx_word' id='word_1_354' title='bbox 511 4418 639 4469; x_wconf 89' lang='lat' dir='ltr'><strong>vita</strong></span> <span class='ocrx_word' id='word_1_355' title='bbox 667 4416 919 4472; x_wconf 90' lang='lat' dir='ltr'><strong>tenebris.</strong></span> <span class='ocrx_word' id='word_1_356' title='bbox 948 4421 1128 4490; x_wconf 81' lang='lat' dir='ltr'><strong>Neque</strong></span> <span class='ocrx_word' id='word_1_357' title='bbox 1157 4432 1281 4478; x_wconf 91' lang='lat' dir='ltr'><strong>tunc</strong></span> <span class='ocrx_word' id='word_1_358' title='bbox 1311 4424 1474 4490; x_wconf 88' lang='lat' dir='ltr'><strong>dixit,</strong></span> <span class='ocrx_word' id='word_1_359' title='bbox 1525 4425 1664 4482; x_wconf 81' lang='lat' dir='ltr'><strong>Vidit</strong></span> <span class='ocrx_word' id='word_1_360' title='bbox 1688 4427 1828 4484; x_wconf 87' lang='lat' dir='ltr'><strong>Deus</strong></span> <span class='ocrx_word' id='word_1_361' title='bbox 1857 4432 1973 4500; x_wconf 88' lang='lat' dir='ltr'><strong>quia</strong></span> <span class='ocrx_word' id='word_1_362' title='bbox 2003 4432 2093 4486; x_wconf 91' lang='lat' dir='ltr'><strong>bo-</strong></span> 
     </span>
    </p>
   </div>
   <div class='ocr_carea' id='block_1_46' title="bbox 513 4509 2091 4589">
    <p class='ocr_par' dir='ltr' id='par_1_46' title="bbox 513 4509 2091 4589">
     <span class='ocr_line' id='line_1_46' title="bbox 513 4509 2091 4589; baseline 0.012 -30"><span class='ocrx_word' id='word_1_363' title='bbox 513 4522 638 4561; x_wconf 85' lang='lat' dir='ltr'><strong>num</strong></span> <span class='ocrx_word' id='word_1_364' title='bbox 661 4518 778 4575; x_wconf 83' lang='lat' dir='ltr'><strong>est;</strong></span> <span class='ocrx_word' id='word_1_365' title='bbox 816 4509 882 4564; x_wconf 88' lang='lat' dir='ltr'><strong>ad</strong></span> <span class='ocrx_word' id='word_1_366' title='bbox 913 4509 1014 4565; x_wconf 91' lang='lat' dir='ltr'><strong>hoc</strong></span> <span class='ocrx_word' id='word_1_367' title='bbox 1060 4513 1200 4566; x_wconf 88' lang='lat' dir='ltr'><strong>enim</strong></span> <span class='ocrx_word' id='word_1_368' title='bbox 1246 4524 1362 4569; x_wconf 90' lang='lat' dir='ltr'><strong>erat</strong></span> <span class='ocrx_word' id='word_1_369' title='bbox 1404 4515 1699 4573; x_wconf 90' lang='lat' dir='ltr'><strong>informitas</strong></span> <span class='ocrx_word' id='word_1_370' title='bbox 1725 4519 1812 4574; x_wconf 88' lang='lat' dir='ltr'><strong>illa</strong></span> <span class='ocrx_word' id='word_1_371' title='bbox 1841 4521 2091 4589; x_wconf 84' lang='lat' dir='ltr'><strong>discreta,</strong></span> 
     </span>
    </p>
   </div>
   <div class='ocr_carea' id='block_1_47' title="bbox 517 4597 2095 4682">
    <p class='ocr_par' dir='ltr' id='par_1_47' title="bbox 517 4597 2095 4682">
     <span class='ocr_line' id='line_1_47' title="bbox 517 4597 2095 4682; baseline 0.01 -31"><span class='ocrx_word' id='word_1_372' title='bbox 517 4605 578 4652; x_wconf 90' lang='lat' dir='ltr'><strong>ut</strong></span> <span class='ocrx_word' id='word_1_373' title='bbox 597 4597 768 4655; x_wconf 88' lang='lat' dir='ltr'><strong>adhuc</strong></span> <span class='ocrx_word' id='word_1_374' title='bbox 797 4598 919 4655; x_wconf 89' lang='lat' dir='ltr'><strong>inde</strong></span> <span class='ocrx_word' id='word_1_375' title='bbox 945 4602 1044 4655; x_wconf 91' lang='lat' dir='ltr'><strong>alia</strong></span> <span class='ocrx_word' id='word_1_376' title='bbox 1075 4601 1449 4662; x_wconf 78' lang='lat' dir='ltr'><strong>formarentur.</strong></span> <span class='ocrx_word' id='word_1_377' title='bbox 1474 4607 1712 4680; x_wconf 84' lang='lat' dir='ltr'><strong>Namque</strong></span> <span class='ocrx_word' id='word_1_378' title='bbox 1733 4609 1829 4664; x_wconf 88' lang='lat' dir='ltr'><strong>ista</strong></span> <span class='ocrx_word' id='word_1_379' title='bbox 1850 4626 1955 4666; x_wconf 84' lang='lat' dir='ltr'><strong>nox</strong></span> <span class='ocrx_word' id='word_1_380' title='bbox 1976 4627 2095 4682; x_wconf 63' lang='lat' dir='ltr'><strong>quae</strong></span> 
     </span>
    </p>
   </div>
   <div class='ocr_carea' id='block_1_48' title="bbox 513 4688 2098 4778">
    <p class='ocr_par' dir='ltr' id='par_1_48' title="bbox 513 4688 2098 4778">
     <span class='ocr_line' id='line_1_48' title="bbox 513 4688 2098 4778; baseline 0.011 -37"><span class='ocrx_word' id='word_1_381' title='bbox 513 4688 670 4743; x_wconf 79' lang='lat' dir='ltr'><strong>nobis</strong></span> <span class='ocrx_word' id='word_1_382' title='bbox 694 4690 970 4746; x_wconf 88' lang='lat' dir='ltr'><strong>notissima</strong></span> <span class='ocrx_word' id='word_1_383' title='bbox 999 4701 1081 4748; x_wconf 91' lang='lat' dir='ltr'><strong>est</strong></span> <span class='ocrx_word' id='word_1_384' title='bbox 1100 4692 1248 4764; x_wconf 85' lang='lat' dir='ltr'><strong>(facit</strong></span> <span class='ocrx_word' id='word_1_385' title='bbox 1275 4697 1415 4751; x_wconf 91' lang='lat' dir='ltr'><strong>enim</strong></span> <span class='ocrx_word' id='word_1_386' title='bbox 1447 4713 1563 4752; x_wconf 88' lang='lat' dir='ltr'><strong>eam</strong></span> <span class='ocrx_word' id='word_1_387' title='bbox 1593 4714 1754 4771; x_wconf 89' lang='lat' dir='ltr'><strong>super</strong></span> <span class='ocrx_word' id='word_1_388' title='bbox 1779 4711 1949 4757; x_wconf 88' lang='lat' dir='ltr'><strong>terras</strong></span> <span class='ocrx_word' id='word_1_389' title='bbox 1967 4704 2098 4778; x_wconf 85' lang='lat' dir='ltr'><strong>solis</strong></span> 
     </span>
    </p>
   </div>
   <div class='ocr_carea' id='block_1_49' title="bbox 514 4779 2096 4858">
    <p class='ocr_par' dir='ltr' id='par_1_49' title="bbox 514 4779 2096 4858">
     <span class='ocr_line' id='line_1_49' title="bbox 514 4779 2096 4858; baseline 0.011 -25"><span class='ocrx_word' id='word_1_390' title='bbox 514 4779 826 4854; x_wconf 89' lang='lat' dir='ltr'><strong>circuitus),</strong></span> <span class='ocrx_word' id='word_1_391' title='bbox 868 4784 1081 4854; x_wconf 88' lang='lat' dir='ltr'><strong>quando</strong></span> <span class='ocrx_word' id='word_1_392' title='bbox 1116 4802 1214 4858; x_wconf 87' lang='lat' dir='ltr'><strong>per</strong></span> <span class='ocrx_word' id='word_1_393' title='bbox 1242 4788 1580 4846; x_wconf 89' lang='lat' dir='ltr'><strong>luminarium</strong></span> <span class='ocrx_word' id='word_1_394' title='bbox 1609 4792 2038 4851; x_wconf 88' lang='lat' dir='ltr'><strong>distributionem</strong></span> <span class='ocrx_word' id='word_1_395' title='bbox 2063 4811 2096 4850; x_wconf 85' lang='lat' dir='ltr'><strong>a</strong></span> 
     </span>
    </p>
   </div>
   <div class='ocr_carea' id='block_1_50' title="bbox 505 4872 2097 4950">
    <p class='ocr_par' dir='ltr' id='par_1_50' title="bbox 505 4872 2097 4950">
     <span class='ocr_line' id='line_1_50' title="bbox 505 4872 2097 4950; baseline 0.011 -23"><span class='ocrx_word' id='word_1_396' title='bbox 505 4873 592 4929; x_wconf 90' lang='lat' dir='ltr'><strong>die</strong></span> <span class='ocrx_word' id='word_1_397' title='bbox 629 4872 915 4943; x_wconf 90' lang='lat' dir='ltr'><strong>dividitur,</strong></span> <span class='ocrx_word' id='word_1_398' title='bbox 963 4887 1081 4947; x_wconf 93' lang='lat' dir='ltr'><strong>post</strong></span> <span class='ocrx_word' id='word_1_399' title='bbox 1125 4881 1294 4950; x_wconf 89' lang='lat' dir='ltr'><strong>ipsam</strong></span> <span class='ocrx_word' id='word_1_400' title='bbox 1337 4881 1652 4940; x_wconf 82' lang='lat' dir='ltr'><strong>divisionem</strong></span> <span class='ocrx_word' id='word_1_401' title='bbox 1697 4885 1802 4944; x_wconf 87' lang='lat' dir='ltr'><strong>diei</strong></span> <span class='ocrx_word' id='word_1_402' title='bbox 1830 4895 1884 4943; x_wconf 90' lang='lat' dir='ltr'><strong>et</strong></span> <span class='ocrx_word' id='word_1_403' title='bbox 1925 4889 2097 4945; x_wconf 88' lang='lat' dir='ltr'><strong>noctis</strong></span> 
     </span>
    </p>
   </div>
   <div class='ocr_carea' id='block_1_51' title="bbox 505 4965 2097 5045">
    <p class='ocr_par' dir='ltr' id='par_1_51' title="bbox 505 4965 2097 5045">
     <span class='ocr_line' id='line_1_51' title="bbox 505 4965 2097 5045; baseline 0.013 -27"><span class='ocrx_word' id='word_1_404' title='bbox 505 4965 609 5020; x_wconf 88' lang='lat' dir='ltr'><strong>dici</strong></span> <span class='ocrx_word' id='word_1_405' title='bbox 623 4974 737 5034; x_wconf 90' lang='lat' dir='ltr'><strong>tur,</strong></span> <span class='ocrx_word' id='word_1_406' title='bbox 787 4965 922 5022; x_wconf 81' lang='lat' dir='ltr'><strong>Vidit</strong></span> <span class='ocrx_word' id='word_1_407' title='bbox 954 4969 1092 5026; x_wconf 86' lang='lat' dir='ltr'><strong>Deus</strong></span> <span class='ocrx_word' id='word_1_408' title='bbox 1125 4973 1246 5045; x_wconf 88' lang='lat' dir='ltr'><strong>quia</strong></span> <span class='ocrx_word' id='word_1_409' title='bbox 1287 4974 1475 5029; x_wconf 87' lang='lat' dir='ltr'><strong>bonum</strong></span> <span class='ocrx_word' id='word_1_410' title='bbox 1507 4986 1598 5032; x_wconf 87' lang='lat' dir='ltr'><strong>est.</strong></span> <span class='ocrx_word' id='word_1_411' title='bbox 1645 4977 1763 5034; x_wconf 92' lang='lat' dir='ltr'><strong>Non</strong></span> <span class='ocrx_word' id='word_1_412' title='bbox 1799 4979 1942 5036; x_wconf 89' lang='lat' dir='ltr'><strong>enim</strong></span> <span class='ocrx_word' id='word_1_413' title='bbox 1982 4981 2097 5038; x_wconf 63' lang='lat' dir='ltr'><strong>haec</strong></span> 
     </span>
    </p>
   </div>
   <div class='ocr_carea' id='block_1_52' title="bbox 505 5056 2095 5133">
    <p class='ocr_par' dir='ltr' id='par_1_52' title="bbox 505 5056 2095 5133">
     <span class='ocr_line' id='line_1_52' title="bbox 505 5056 2095 5133; baseline 0.012 -24"><span class='ocrx_word' id='word_1_414' title='bbox 505 5071 611 5110; x_wconf 83' lang='lat' dir='ltr'><strong>nox</strong></span> <span class='ocrx_word' id='word_1_415' title='bbox 633 5056 890 5115; x_wconf 83' lang='lat' dir='ltr'><strong>informis</strong></span> <span class='ocrx_word' id='word_1_416' title='bbox 918 5061 1093 5133; x_wconf 89' lang='lat' dir='ltr'><strong>aliqua</strong></span> <span class='ocrx_word' id='word_1_417' title='bbox 1131 5064 1425 5121; x_wconf 85' lang='lat' dir='ltr'><strong>substantia</strong></span> <span class='ocrx_word' id='word_1_418' title='bbox 1452 5077 1566 5122; x_wconf 90' lang='lat' dir='ltr'><strong>erat</strong></span> <span class='ocrx_word' id='word_1_419' title='bbox 1587 5109 1601 5133; x_wconf 94' lang='lat'><strong>,</strong></span> <span class='ocrx_word' id='word_1_420' title='bbox 1631 5069 1771 5124; x_wconf 93' lang='lat' dir='ltr'><strong>unde</strong></span> <span class='ocrx_word' id='word_1_421' title='bbox 1796 5070 1972 5128; x_wconf 88' lang='lat' dir='ltr'><strong>adhuc</strong></span> <span class='ocrx_word' id='word_1_422' title='bbox 1995 5074 2095 5129; x_wconf 89' lang='lat' dir='ltr'><strong>alia</strong></span> 
     </span>
    </p>
   </div>
   <div class='ocr_carea' id='block_1_53' title="bbox 508 5147 2096 5230">
    <p class='ocr_par' dir='ltr' id='par_1_53' title="bbox 508 5147 2096 5230">
     <span class='ocr_line' id='line_1_53' title="bbox 508 5147 2096 5230; baseline 0.014 -32"><span class='ocrx_word' id='word_1_423' title='bbox 508 5147 908 5214; x_wconf 81' lang='lat' dir='ltr'><strong>formarentur.</strong></span> <span class='ocrx_word' id='word_1_424' title='bbox 961 5153 1054 5208; x_wconf 90' lang='lat' dir='ltr'><strong>sed</strong></span> <span class='ocrx_word' id='word_1_425' title='bbox 1085 5156 1314 5226; x_wconf 88' lang='lat' dir='ltr'><strong>spatium</strong></span> <span class='ocrx_word' id='word_1_426' title='bbox 1343 5156 1441 5212; x_wconf 92' lang='lat' dir='ltr'><strong>loci</strong></span> <span class='ocrx_word' id='word_1_427' title='bbox 1467 5158 1679 5228; x_wconf 88' lang='lat' dir='ltr'><strong>plenum</strong></span> <span class='ocrx_word' id='word_1_428' title='bbox 1717 5175 1876 5230; x_wconf 89' lang='lat' dir='ltr'><strong>aere,</strong></span> <span class='ocrx_word' id='word_1_429' title='bbox 1905 5179 2096 5220; x_wconf 88' lang='lat' dir='ltr'><strong>carens</strong></span> 
     </span>
    </p>
   </div>
   <div class='ocr_carea' id='block_1_54' title="bbox 509 5237 2095 5322">
    <p class='ocr_par' dir='ltr' id='par_1_54' title="bbox 509 5237 2095 5322">
     <span class='ocr_line' id='line_1_54' title="bbox 509 5237 2095 5322; baseline 0.014 -31"><span class='ocrx_word' id='word_1_430' title='bbox 509 5237 714 5322; x_wconf 86' lang='lat' dir='ltr'><strong>lumine</strong></span> <span class='ocrx_word' id='word_1_431' title='bbox 740 5239 969 5309; x_wconf 92' lang='lat' dir='ltr'><strong>diurno;</strong></span> <span class='ocrx_word' id='word_1_432' title='bbox 1010 5247 1095 5300; x_wconf 91' lang='lat' dir='ltr'><strong>cui</strong></span> <span class='ocrx_word' id='word_1_433' title='bbox 1121 5247 1304 5318; x_wconf 90' lang='lat' dir='ltr'><strong>utique</strong></span> <span class='ocrx_word' id='word_1_434' title='bbox 1330 5250 1472 5304; x_wconf 90' lang='lat' dir='ltr'><strong>nocti</strong></span> <span class='ocrx_word' id='word_1_435' title='bbox 1496 5249 1606 5320; x_wconf 89' lang='lat' dir='ltr'><strong>jam</strong></span> <span class='ocrx_word' id='word_1_436' title='bbox 1635 5252 1766 5308; x_wconf 89' lang='lat' dir='ltr'><strong>nihil</strong></span> <span class='ocrx_word' id='word_1_437' title='bbox 1793 5253 2095 5314; x_wconf 91' lang='lat' dir='ltr'><strong>addendum</strong></span> 
     </span>
    </p>
   </div>
   <div class='ocr_carea' id='block_1_55' title="bbox 512 5367 2100 5455">
    <p class='ocr_par' dir='ltr' id='par_1_55' title="bbox 512 5367 2100 5455">
     <span class='ocr_line' id='line_1_55' title="bbox 512 5367 2100 5455; baseline 0 0"><span class='ocrx_word' id='word_1_438' title='bbox 512 5367 940 5455; x_wconf 52' lang='lat' dir='ltr'><strong>illi?!</strong></span> <span class='ocrx_word' id='word_1_439' title='bbox 961 5381 1026 5455; x_wconf 58' lang='lat' dir='ltr'><strong>Et:</strong></span> <span class='ocrx_word' id='word_1_440' title='bbox 1039 5377 1575 5455; x_wconf 29' lang='grc' dir='ltr'><strong>λὲιξεθειιξιυερωξίωθ</strong></span> <span class='ocrx_word' id='word_1_441' title='bbox 1605 5396 1720 5455; x_wconf 63' lang='lat' dir='ltr'><strong>ante</strong></span> <span class='ocrx_word' id='word_1_442' title='bbox 1739 5402 1924 5455; x_wconf 62' lang='lat' dir='ltr'><strong>vacem.</strong></span> <span class='ocrx_word' id='word_1_443' title='bbox 1945 5401 2100 5447; x_wconf 65' lang='lat' dir='ltr'><strong>ouem</strong></span> 
     </span>
    </p>
   </div>
   <div class='ocr_carea' id='block_1_56' title="bbox 513 5433 2097 5518">
    <p class='ocr_par' dir='ltr' id='par_1_56' title="bbox 513 5433 2097 5518">
     <span class='ocr_line' id='line_1_56' title="bbox 513 5433 2097 5518; baseline 0.008 0"><span class='ocrx_word' id='word_1_444' title='bbox 513 5433 1071 5518; x_wconf 59' lang='lat' dir='ltr'><strong>Sff:&quot;£.-I;|’?1“39_‘.‘£P‘iél</strong></span> <span class='ocrx_word' id='word_1_445' title='bbox 1089 5441 1139 5490; x_wconf 66' lang='lat' dir='ltr'><strong>in</strong></span> <span class='ocrx_word' id='word_1_446' title='bbox 1155 5433 2097 5518; x_wconf 52' lang='lat' dir='ltr'><strong>ﬁeéel&#39;aemf</strong></span> 
     </span>
    </p>
   </div>
   <div class='ocr_carea' id='block_1_57' title="bbox 513 5498 2098 5600">
    <p class='ocr_par' dir='ltr' id='par_1_57' title="bbox 513 5498 2098 5600">
     <span class='ocr_line' id='line_1_57' title="bbox 513 5498 2098 5600; baseline 0.009 -58"><span class='ocrx_word' id='word_1_447' title='bbox 513 5499 715 5600; x_wconf 52' lang='lat' dir='ltr'><strong>proauo</strong></span> <span class='ocrx_word' id='word_1_448' title='bbox 739 5498 788 5544; x_wconf 87' lang='lat' dir='ltr'><strong>in</strong></span> <span class='ocrx_word' id='word_1_449' title='bbox 810 5498 976 5570; x_wconf 72' lang='lat' dir='ltr'><strong>multis</strong></span> <span class='ocrx_word' id='word_1_450' title='bbox 1006 5505 1136 5563; x_wconf 63' lang='lat' dir='ltr'><strong>Mss,</strong></span> <span class='ocrx_word' id='word_1_451' title='bbox 1173 5498 1540 5572; x_wconf 60' lang='lat' dir='ltr'><strong>distributum,-</strong></span> <span class='ocrx_word' id='word_1_452' title='bbox 1577 5498 2098 5580; x_wconf 59' lang='lat' dir='ltr'><strong>ai&quot;ih&quot;éiﬁ§&#39;,&quot;&amp;§,7,§l</strong></span> 
     </span>
     <span class='ocr_line' id='line_1_58' title="bbox 547 5559 1073 5600; baseline 0 0"><span class='ocrx_word' id='word_1_453' title='bbox 547 5559 758 5600; x_wconf 65' lang='lat' dir='ltr'><strong>ahenum</strong></span> <span class='ocrx_word' id='word_1_454' title='bbox 780 5566 1073 5600; x_wconf 22' lang='lat' dir='ltr'><strong>nini-uarum-</strong></span> 
     </span>
    </p>
   </div>
   <div class='ocr_carea' id='block_1_58' title="bbox 547 5559 1075 5611">
    <p class='ocr_par' dir='ltr' id='par_1_58' title="bbox 547 5559 1075 5611">
     <span class='ocr_line' id='line_1_59' title="bbox 547 5559 1075 5611; baseline 0.013 -6"><span class='ocrx_word' id='word_1_455' title='bbox 547 5559 758 5608; x_wconf 62' lang='lat' dir='ltr'><strong>alienum</strong></span> <span class='ocrx_word' id='word_1_456' title='bbox 780 5559 1075 5611; x_wconf 87' lang='lat' dir='ltr'><strong>meritorum.</strong></span> 
     </span>
    </p>
   </div>
   <div class='ocr_carea' id='block_1_59' title="bbox 578 5619 1270 5686">
    <p class='ocr_par' dir='ltr' id='par_1_59' title="bbox 578 5619 1270 5686">
     <span class='ocr_line' id='line_1_60' title="bbox 578 5619 1270 5686; baseline 0.016 -18"><span class='ocrx_word' id='word_1_457' title='bbox 578 5619 593 5686; x_wconf 63' lang='grc' dir='ltr'><strong>ξ</strong></span> <span class='ocrx_word' id='word_1_458' title='bbox 628 5626 731 5670; x_wconf 79' lang='lat' dir='ltr'><strong>Mss.</strong></span> <span class='ocrx_word' id='word_1_459' title='bbox 755 5629 964 5683; x_wconf 87' lang='lat' dir='ltr'><strong>septem,</strong></span> <span class='ocrx_word' id='word_1_460' title='bbox 981 5623 1270 5686; x_wconf 58' lang='lat' dir='ltr'><strong>futurarum.</strong></span> 
     </span>
    </p>
   </div>
   <div class='ocr_carea' id='block_1_60' title="bbox 489 5685 1218 5748">
    <p class='ocr_par' dir='ltr' id='par_1_60' title="bbox 489 5685 1218 5748">
     <span class='ocr_line' id='line_1_61' title="bbox 489 5685 1218 5748; baseline 0.015 -16"><span class='ocrx_word' id='word_1_461' title='bbox 489 5691 493 5696; x_wconf 87' lang='grc'><strong>·</strong></span> <span class='ocrx_word' id='word_1_462' title='bbox 575 5685 596 5748; x_wconf 65' lang='grc' dir='ltr'><strong>ξ</strong></span> <span class='ocrx_word' id='word_1_463' title='bbox 628 5691 735 5736; x_wconf 75' lang='lat' dir='ltr'><strong>Mss.</strong></span> <span class='ocrx_word' id='word_1_464' title='bbox 757 5699 869 5748; x_wconf 84' lang='lat' dir='ltr'><strong>sex,</strong></span> <span class='ocrx_word' id='word_1_465' title='bbox 888 5685 1218 5742; x_wconf 79' lang='lat' dir='ltr'><strong>distinctionis.</strong></span> 
     </span>
    </p>
   </div>
   <div class='ocr_carea' id='block_1_61' title="bbox 576 5745 2098 5834">
    <p class='ocr_par' dir='ltr' id='par_1_61' title="bbox 576 5745 2098 5834">
     <span class='ocr_line' id='line_1_62' title="bbox 576 5745 2098 5834; baseline 0.022 -46"><span class='ocrx_word' id='word_1_466' title='bbox 576 5745 1017 5834; x_wconf 46' lang='lat'><strong>3-,-</strong></span> <span class='ocrx_word' id='word_1_467' title='bbox 1176 5751 1350 5808; x_wconf 72' lang='lat' dir='ltr'><strong>ca&#39;lutu</strong></span> <span class='ocrx_word' id='word_1_468' title='bbox 1386 5757 1682 5824; x_wconf 67' lang='lat' dir='ltr'><strong>explicassrt.</strong></span> <span class='ocrx_word' id='word_1_469' title='bbox 1719 5765 1963 5822; x_wconf 81' lang='lat' dir='ltr'><strong>nedundat</strong></span> <span class='ocrx_word' id='word_1_470' title='bbox 1985 5786 2098 5834; x_wconf 79' lang='lat' dir='ltr'><strong>vox,</strong></span> 
     </span>
    </p>
   </div>
   <div class='ocr_carea' id='block_1_62' title="bbox 514 5807 1142 5876">
    <p class='ocr_par' dir='ltr' id='par_1_62' title="bbox 514 5807 1142 5876">
     <span class='ocr_line' id='line_1_63' title="bbox 514 5807 1142 5876; baseline 0.013 -21"><span class='ocrx_word' id='word_1_471' title='bbox 514 5807 685 5859; x_wconf 71' lang='lat' dir='ltr'><strong>calum</strong></span> <span class='ocrx_word' id='word_1_472' title='bbox 701 5822 718 5870; x_wconf 87' lang='lat'><strong>;</strong></span> <span class='ocrx_word' id='word_1_473' title='bbox 736 5807 974 5876; x_wconf 60' lang='lat' dir='ltr'><strong>abestque</strong></span> <span class='ocrx_word' id='word_1_474' title='bbox 993 5825 1019 5861; x_wconf 92' lang='lat' dir='ltr'><strong>a</strong></span> <span class='ocrx_word' id='word_1_475' title='bbox 1040 5820 1142 5863; x_wconf 59' lang='lat' dir='ltr'><strong>ius.</strong></span> 
     </span>
    </p>
   </div>
   <div class='ocr_carea' id='block_1_63' title="bbox 1436 390 2837 464">
    <p class='ocr_par' dir='ltr' id='par_1_63' title="bbox 1436 390 2837 464">
     <span class='ocr_line' id='line_1_64' title="bbox 1436 390 2837 464; baseline -0.003 -14"><span class='ocrx_word' id='word_1_476' title='bbox 1436 392 1524 451; x_wconf 85' lang='lat' dir='ltr'><strong>DE</strong></span> <span class='ocrx_word' id='word_1_477' title='bbox 1546 390 1792 453; x_wconf 82' lang='lat' dir='ltr'><strong>GENESI</strong></span> <span class='ocrx_word' id='word_1_478' title='bbox 1831 395 1923 448; x_wconf 81' lang='lat' dir='ltr'><strong>Al)</strong></span> <span class='ocrx_word' id='word_1_479' title='bbox 1961 392 2331 455; x_wconf 72' lang='lat' dir='ltr'><strong>LlTTERAM,</strong></span> <span class='ocrx_word' id='word_1_480' title='bbox 2371 390 2429 448; x_wconf 84' lang='lat' dir='ltr'><strong>S.</strong></span> <span class='ocrx_word' id='word_1_481' title='bbox 2468 391 2837 464; x_wconf 64' lang='lat' dir='ltr'><strong>AUGUSTlNl</strong></span> 
     </span>
    </p>
   </div>
   <div class='ocr_carea' id='block_1_64' title="bbox 3675 400 3772 457">
    <p class='ocr_par' dir='ltr' id='par_1_64' title="bbox 3675 400 3772 457">
     <span class='ocr_line' id='line_1_65' title="bbox 3675 400 3772 457; baseline 0.031 -3"><span class='ocrx_word' id='word_1_482' title='bbox 3675 400 3772 457; x_wconf 67' lang='lat' dir='ltr'><strong>26f</strong></span> 
     </span>
    </p>
   </div>
   <div class='ocr_carea' id='block_1_65' title="bbox 2203 505 3858 578">
    <p class='ocr_par' dir='ltr' id='par_1_65' title="bbox 2203 505 3858 578">
     <span class='ocr_line' id='line_1_66' title="bbox 2203 505 3858 578; baseline 0.005 -19"><span class='ocrx_word' id='word_1_483' title='bbox 2203 514 2346 560; x_wconf 89' lang='lat' dir='ltr'><strong>esset</strong></span> <span class='ocrx_word' id='word_1_484' title='bbox 2373 505 2428 560; x_wconf 89' lang='lat' dir='ltr'><strong>in</strong></span> <span class='ocrx_word' id='word_1_485' title='bbox 2454 520 2650 576; x_wconf 82' lang='lat' dir='ltr'><strong>genere</strong></span> <span class='ocrx_word' id='word_1_486' title='bbox 2671 519 2801 571; x_wconf 87' lang='lat' dir='ltr'><strong>suo,</strong></span> <span class='ocrx_word' id='word_1_487' title='bbox 2847 519 2952 576; x_wconf 88' lang='lat' dir='ltr'><strong>quo</strong></span> <span class='ocrx_word' id='word_1_488' title='bbox 2974 513 3116 561; x_wconf 87' lang='lat' dir='ltr'><strong>esset</strong></span> <span class='ocrx_word' id='word_1_489' title='bbox 3143 508 3433 578; x_wconf 85' lang='lat' dir='ltr'><strong>speciosior</strong></span> <span class='ocrx_word' id='word_1_490' title='bbox 3455 512 3570 569; x_wconf 85' lang='lat' dir='ltr'><strong>sive</strong></span> <span class='ocrx_word' id='word_1_491' title='bbox 3593 511 3773 569; x_wconf 55' lang='lat' dir='ltr'><strong>distiu.</strong></span> <span class='ocrx_word' id='word_1_492' title='bbox 3855 559 3858 562; x_wconf 94' lang='lat'><strong>.</strong></span> 
     </span>
    </p>
   </div>
   <div class='ocr_carea' id='block_1_66' title="bbox 2200 595 3853 674">
    <p class='ocr_par' dir='ltr' id='par_1_66' title="bbox 2200 595 3853 674">
     <span class='ocr_line' id='line_1_67' title="bbox 2200 595 3853 674; baseline 0.007 -26"><span class='ocrx_word' id='word_1_493' title='bbox 2200 595 2358 649; x_wconf 85' lang='lat' dir='ltr'><strong>etior.</strong></span> <span class='ocrx_word' id='word_1_494' title='bbox 2413 595 2640 666; x_wconf 80' lang='lat' dir='ltr'><strong>VeSpcra</strong></span> <span class='ocrx_word' id='word_1_495' title='bbox 2668 605 2847 650; x_wconf 88' lang='lat' dir='ltr'><strong>autem</strong></span> <span class='ocrx_word' id='word_1_496' title='bbox 2873 597 2925 650; x_wconf 88' lang='lat' dir='ltr'><strong>in</strong></span> <span class='ocrx_word' id='word_1_497' title='bbox 2955 605 3066 651; x_wconf 90' lang='lat' dir='ltr'><strong>toto</strong></span> <span class='ocrx_word' id='word_1_498' title='bbox 3092 597 3192 654; x_wconf 71' lang='lat' dir='ltr'><strong>illo</strong></span> <span class='ocrx_word' id='word_1_499' title='bbox 3228 599 3407 656; x_wconf 80' lang='lat' dir='ltr'><strong>triduo</strong></span> <span class='ocrx_word' id='word_1_500' title='bbox 3427 642 3446 668; x_wconf 92' lang='lat'><strong>,</strong></span> <span class='ocrx_word' id='word_1_501' title='bbox 3491 611 3773 674; x_wconf 76' lang='lat' dir='ltr'><strong>antequam</strong></span> <span class='ocrx_word' id='word_1_502' title='bbox 3851 609 3853 611; x_wconf 78' lang='grc'><strong>’</strong></span> 
     </span>
    </p>
   </div>
   <div class='ocr_carea' id='block_1_67' title="bbox 2199 682 3781 759">
    <p class='ocr_par' dir='ltr' id='par_1_67' title="bbox 2199 682 3781 759">
     <span class='ocr_line' id='line_1_68' title="bbox 2199 682 3781 759; baseline 0.007 -21"><span class='ocrx_word' id='word_1_503' title='bbox 2199 682 2389 739; x_wconf 84' lang='lat' dir='ltr'><strong>flerent</strong></span> <span class='ocrx_word' id='word_1_504' title='bbox 2419 685 2732 750; x_wconf 87' lang='lat' dir='ltr'><strong>luminaria,</strong></span> <span class='ocrx_word' id='word_1_505' title='bbox 2779 686 3128 740; x_wconf 91' lang='lat' dir='ltr'><strong>consummati</strong></span> <span class='ocrx_word' id='word_1_506' title='bbox 3169 690 3349 759; x_wconf 89' lang='lat' dir='ltr'><strong>operis</strong></span> <span class='ocrx_word' id='word_1_507' title='bbox 3372 693 3631 748; x_wconf 85' lang='lat' dir='ltr'><strong>terminus</strong></span> <span class='ocrx_word' id='word_1_508' title='bbox 3670 701 3781 748; x_wconf 75' lang='lat' dir='ltr'><strong>non</strong></span> 
     </span>
    </p>
   </div>
   <div class='ocr_carea' id='block_1_68' title="bbox 2199 774 3778 855">
    <p class='ocr_par' dir='ltr' id='par_1_68' title="bbox 2199 774 3778 855">
     <span class='ocr_line' id='line_1_69' title="bbox 2199 774 3778 855; baseline 0.008 -27"><span class='ocrx_word' id='word_1_509' title='bbox 2199 774 2430 831; x_wconf 90' lang='lat' dir='ltr'><strong>absurde</strong></span> <span class='ocrx_word' id='word_1_510' title='bbox 2471 774 2694 830; x_wconf 85' lang='lat' dir='ltr'><strong>fortasse</strong></span> <span class='ocrx_word' id='word_1_511' title='bbox 2733 775 3078 848; x_wconf 84' lang='lat' dir='ltr'><strong>intelligitur;</strong></span> <span class='ocrx_word' id='word_1_512' title='bbox 3126 793 3282 834; x_wconf 86' lang='lat' dir='ltr'><strong>mane</strong></span> <span class='ocrx_word' id='word_1_513' title='bbox 3324 796 3490 852; x_wconf 90' lang='lat' dir='ltr'><strong>vero,</strong></span> <span class='ocrx_word' id='word_1_514' title='bbox 3529 791 3778 855; x_wconf 75' lang='lat' dir='ltr'><strong>tanquam</strong></span> 
     </span>
    </p>
   </div>
   <div class='ocr_carea' id='block_1_69' title="bbox 2199 863 3098 936">
    <p class='ocr_par' dir='ltr' id='par_1_69' title="bbox 2199 863 3098 936">
     <span class='ocr_line' id='line_1_70' title="bbox 2199 863 3098 936; baseline 0.006 -19"><span class='ocrx_word' id='word_1_515' title='bbox 2199 863 2387 920; x_wconf 76' lang='lat' dir='ltr'><strong>futura:</strong></span> <span class='ocrx_word' id='word_1_516' title='bbox 2415 866 2736 935; x_wconf 83' lang='lat' dir='ltr'><strong>operationis</strong></span> <span class='ocrx_word' id='word_1_517' title='bbox 2766 867 3098 936; x_wconf 87' lang='lat' dir='ltr'><strong>signiﬁcatio.</strong></span> 
     </span>
    </p>
   </div>
   <div class='ocr_carea' id='block_1_70' title="bbox 2351 951 3626 1031">
    <p class='ocr_par' dir='ltr' id='par_1_70' title="bbox 2351 951 3626 1031">
     <span class='ocr_line' id='line_1_71' title="bbox 2351 951 3626 1031; baseline 0.007 -23"><span class='ocrx_word' id='word_1_518' title='bbox 2351 951 2576 1012; x_wconf 83' lang='lat' dir='ltr'><strong>CAPUT</strong></span> <span class='ocrx_word' id='word_1_519' title='bbox 2601 954 2787 1011; x_wconf 78' lang='lat' dir='ltr'><strong>XVIII.</strong></span> <span class='ocrx_word' id='word_1_520' title='bbox 2814 985 2888 996; x_wconf 92' lang='lat'>—</span> <span class='ocrx_word' id='word_1_521' title='bbox 2915 954 3178 1022; x_wconf 83' lang='lat' dir='ltr'><strong>Quomodo</strong></span> <span class='ocrx_word' id='word_1_522' title='bbox 3205 959 3342 1015; x_wconf 90' lang='lat' dir='ltr'><strong>Deus</strong></span> <span class='ocrx_word' id='word_1_523' title='bbox 3369 973 3626 1031; x_wconf 86' lang='lat' dir='ltr'><strong>operatur.</strong></span> 
     </span>
    </p>
   </div>
   <div class='ocr_carea' id='block_1_71' title="bbox 2271 1045 3778 1122">
    <p class='ocr_par' dir='ltr' id='par_1_71' title="bbox 2271 1045 3778 1122">
     <span class='ocr_line' id='line_1_72' title="bbox 2271 1045 3778 1122; baseline 0.007 -22"><span class='ocrx_word' id='word_1_524' title='bbox 2271 1045 2359 1101; x_wconf 76' lang='lat'><strong>36.</strong></span> <span class='ocrx_word' id='word_1_525' title='bbox 2391 1045 2494 1101; x_wconf 90' lang='lat' dir='ltr'><strong>Sed</strong></span> <span class='ocrx_word' id='word_1_526' title='bbox 2515 1055 2638 1102; x_wconf 89' lang='lat' dir='ltr'><strong>ante</strong></span> <span class='ocrx_word' id='word_1_527' title='bbox 2665 1047 2841 1101; x_wconf 90' lang='lat' dir='ltr'><strong>omnia</strong></span> <span class='ocrx_word' id='word_1_528' title='bbox 2864 1047 3279 1114; x_wconf 83' lang='lat' dir='ltr'><strong>meminerimus,</strong></span> <span class='ocrx_word' id='word_1_529' title='bbox 3310 1051 3452 1106; x_wconf 91' lang='lat' dir='ltr'><strong>unde</strong></span> <span class='ocrx_word' id='word_1_530' title='bbox 3475 1053 3583 1122; x_wconf 92' lang='lat' dir='ltr'><strong>jam</strong></span> <span class='ocrx_word' id='word_1_531' title='bbox 3607 1054 3778 1111; x_wconf 81' lang='lat' dir='ltr'><strong>multa</strong></span> 
     </span>
    </p>
   </div>
   <div class='ocr_carea' id='block_1_72' title="bbox 2198 1135 3772 1210">
    <p class='ocr_par' dir='ltr' id='par_1_72' title="bbox 2198 1135 3772 1210">
     <span class='ocr_line' id='line_1_73' title="bbox 2198 1135 3772 1210; baseline 0.005 -18"><span class='ocrx_word' id='word_1_532' title='bbox 2198 1135 2462 1202; x_wconf 80' lang='lat' dir='ltr'><strong>diximus,</strong></span> <span class='ocrx_word' id='word_1_533' title='bbox 2494 1153 2600 1192; x_wconf 90' lang='lat' dir='ltr'><strong>non</strong></span> <span class='ocrx_word' id='word_1_534' title='bbox 2637 1139 3012 1208; x_wconf 88' lang='lat' dir='ltr'><strong>temporalibus</strong></span> <span class='ocrx_word' id='word_1_535' title='bbox 3036 1142 3185 1210; x_wconf 92' lang='lat' dir='ltr'><strong>quasi</strong></span> <span class='ocrx_word' id='word_1_536' title='bbox 3228 1143 3388 1196; x_wconf 89' lang='lat' dir='ltr'><strong>animi</strong></span> <span class='ocrx_word' id='word_1_537' title='bbox 3415 1147 3496 1198; x_wconf 90' lang='lat' dir='ltr'><strong>sui</strong></span> <span class='ocrx_word' id='word_1_538' title='bbox 3530 1154 3621 1199; x_wconf 91' lang='lat' dir='ltr'><strong>aut</strong></span> <span class='ocrx_word' id='word_1_539' title='bbox 3644 1160 3772 1200; x_wconf 78' lang='lat' dir='ltr'><strong>cor-</strong></span> 
     </span>
    </p>
   </div>
   <div class='ocr_carea' id='block_1_73' title="bbox 2199 1227 3773 1304">
    <p class='ocr_par' dir='ltr' id='par_1_73' title="bbox 2199 1227 3773 1304">
     <span class='ocr_line' id='line_1_74' title="bbox 2199 1227 3773 1304; baseline 0.005 -23"><span class='ocrx_word' id='word_1_540' title='bbox 2199 1227 2344 1298; x_wconf 88' lang='lat' dir='ltr'><strong>poris</strong></span> <span class='ocrx_word' id='word_1_541' title='bbox 2385 1229 2614 1284; x_wconf 90' lang='lat' dir='ltr'><strong>motibus</strong></span> <span class='ocrx_word' id='word_1_542' title='bbox 2651 1230 2862 1298; x_wconf 84' lang='lat' dir='ltr'><strong>Operari</strong></span> <span class='ocrx_word' id='word_1_543' title='bbox 2904 1230 3068 1285; x_wconf 91' lang='lat' dir='ltr'><strong>Deum</strong></span> <span class='ocrx_word' id='word_1_544' title='bbox 3092 1270 3108 1295; x_wconf 90' lang='lat'><strong>,</strong></span> <span class='ocrx_word' id='word_1_545' title='bbox 3149 1231 3285 1286; x_wconf 93' lang='lat' dir='ltr'><strong>sicut</strong></span> <span class='ocrx_word' id='word_1_546' title='bbox 3317 1243 3566 1304; x_wconf 85' lang='lat' dir='ltr'><strong>Operatur</strong></span> <span class='ocrx_word' id='word_1_547' title='bbox 3609 1234 3773 1291; x_wconf 91' lang='lat' dir='ltr'><strong>homo</strong></span> 
     </span>
    </p>
   </div>
   <div class='ocr_carea' id='block_1_74' title="bbox 2199 1318 3783 1390">
    <p class='ocr_par' dir='ltr' id='par_1_74' title="bbox 2199 1318 3783 1390">
     <span class='ocr_line' id='line_1_75' title="bbox 2199 1318 3783 1390; baseline 0.006 -20"><span class='ocrx_word' id='word_1_548' title='bbox 2199 1318 2280 1371; x_wconf 86' lang='lat' dir='ltr'><strong>vel</strong></span> <span class='ocrx_word' id='word_1_549' title='bbox 2309 1319 2524 1388; x_wconf 88' lang='lat' dir='ltr'><strong>angelus</strong></span> <span class='ocrx_word' id='word_1_550' title='bbox 2548 1333 2562 1382; x_wconf 91' lang='lat'><strong>;</strong></span> <span class='ocrx_word' id='word_1_551' title='bbox 2614 1318 2711 1372; x_wconf 87' lang='lat' dir='ltr'><strong>sed</strong></span> <span class='ocrx_word' id='word_1_552' title='bbox 2739 1320 2955 1374; x_wconf 68' lang='lat' dir='ltr'><strong>aeternis</strong></span> <span class='ocrx_word' id='word_1_553' title='bbox 2995 1329 3151 1390; x_wconf 89' lang='lat' dir='ltr'><strong>atque</strong></span> <span class='ocrx_word' id='word_1_554' title='bbox 3177 1321 3695 1380; x_wconf 87' lang='lat' dir='ltr'><strong>incommutabilibus</strong></span> <span class='ocrx_word' id='word_1_555' title='bbox 3723 1333 3783 1380; x_wconf 87' lang='lat' dir='ltr'><strong>et</strong></span> 
     </span>
    </p>
   </div>
   <div class='ocr_carea' id='block_1_75' title="bbox 2198 1406 3780 1485">
    <p class='ocr_par' dir='ltr' id='par_1_75' title="bbox 2198 1406 3780 1485">
     <span class='ocr_line' id='line_1_76' title="bbox 2198 1406 3780 1485; baseline 0.005 -23"><span class='ocrx_word' id='word_1_556' title='bbox 2198 1406 2472 1462; x_wconf 89' lang='lat' dir='ltr'><strong>stabilihus</strong></span> <span class='ocrx_word' id='word_1_557' title='bbox 2499 1408 2792 1463; x_wconf 89' lang='lat' dir='ltr'><strong>rationibus</strong></span> <span class='ocrx_word' id='word_1_558' title='bbox 2816 1410 3063 1463; x_wconf 59' lang='lat' dir='ltr'><strong>consterni</strong></span> <span class='ocrx_word' id='word_1_559' title='bbox 3092 1411 3192 1464; x_wconf 89' lang='lat' dir='ltr'><strong>sibi</strong></span> <span class='ocrx_word' id='word_1_560' title='bbox 3220 1410 3379 1467; x_wconf 74' lang='lat' dir='ltr'><strong>Verbi</strong></span> <span class='ocrx_word' id='word_1_561' title='bbox 3413 1413 3492 1467; x_wconf 91' lang='lat' dir='ltr'><strong>sui</strong></span> <span class='ocrx_word' id='word_1_562' title='bbox 3517 1455 3532 1479; x_wconf 92' lang='lat'><strong>,</strong></span> <span class='ocrx_word' id='word_1_563' title='bbox 3560 1424 3614 1469; x_wconf 90' lang='lat' dir='ltr'><strong>et</strong></span> <span class='ocrx_word' id='word_1_564' title='bbox 3643 1430 3780 1485; x_wconf 81' lang='lat' dir='ltr'><strong>quo-</strong></span> 
     </span>
    </p>
   </div>
   <div class='ocr_carea' id='block_1_76' title="bbox 2198 1496 3780 1569">
    <p class='ocr_par' dir='ltr' id='par_1_76' title="bbox 2198 1496 3780 1569">
     <span class='ocr_line' id='line_1_77' title="bbox 2198 1496 3780 1569; baseline 0.006 -19"><span class='ocrx_word' id='word_1_565' title='bbox 2198 1496 2353 1563; x_wconf 91' lang='lat' dir='ltr'><strong>dam,</strong></span> <span class='ocrx_word' id='word_1_566' title='bbox 2399 1505 2454 1550; x_wconf 92' lang='lat' dir='ltr'><strong>ut</strong></span> <span class='ocrx_word' id='word_1_567' title='bbox 2479 1497 2550 1551; x_wconf 87' lang='lat' dir='ltr'><strong>ita</strong></span> <span class='ocrx_word' id='word_1_568' title='bbox 2575 1496 2799 1552; x_wconf 81' lang='lat' dir='ltr'><strong>dixerim</strong></span> <span class='ocrx_word' id='word_1_569' title='bbox 2824 1539 2841 1564; x_wconf 95' lang='lat'><strong>,</strong></span> <span class='ocrx_word' id='word_1_570' title='bbox 2891 1499 3003 1553; x_wconf 91' lang='lat' dir='ltr'><strong>fotu</strong></span> <span class='ocrx_word' id='word_1_571' title='bbox 3033 1500 3050 1531; x_wconf 87' lang='grc'>¹</span> <span class='ocrx_word' id='word_1_572' title='bbox 3079 1499 3275 1569; x_wconf 88' lang='lat' dir='ltr'><strong>pariter</strong></span> <span class='ocrx_word' id='word_1_573' title='bbox 3315 1504 3565 1558; x_wconf 58' lang='lat' dir='ltr'><strong>coaeterni</strong></span> <span class='ocrx_word' id='word_1_574' title='bbox 3610 1506 3780 1560; x_wconf 88' lang='lat' dir='ltr'><strong>sancti</strong></span> 
     </span>
    </p>
   </div>
   <div class='ocr_carea' id='block_1_77' title="bbox 2197 1587 3782 1663">
    <p class='ocr_par' dir='ltr' id='par_1_77' title="bbox 2197 1587 3782 1663">
     <span class='ocr_line' id='line_1_78' title="bbox 2197 1587 3782 1663; baseline 0.004 -19"><span class='ocrx_word' id='word_1_575' title='bbox 2197 1587 2426 1661; x_wconf 90' lang='lat' dir='ltr'><strong>Spiritus</strong></span> <span class='ocrx_word' id='word_1_576' title='bbox 2466 1589 2569 1643; x_wconf 89' lang='lat' dir='ltr'><strong>sui.</strong></span> <span class='ocrx_word' id='word_1_577' title='bbox 2617 1589 2748 1644; x_wconf 90' lang='lat' dir='ltr'><strong>Nam</strong></span> <span class='ocrx_word' id='word_1_578' title='bbox 2779 1601 2834 1644; x_wconf 89' lang='lat' dir='ltr'><strong>et</strong></span> <span class='ocrx_word' id='word_1_579' title='bbox 2863 1590 2988 1644; x_wconf 92' lang='lat' dir='ltr'><strong>illud</strong></span> <span class='ocrx_word' id='word_1_580' title='bbox 3015 1591 3155 1660; x_wconf 83' lang='lat' dir='ltr'><strong>quod</strong></span> <span class='ocrx_word' id='word_1_581' title='bbox 3185 1608 3278 1662; x_wconf 89' lang='lat' dir='ltr'><strong>per</strong></span> <span class='ocrx_word' id='word_1_582' title='bbox 3301 1609 3526 1663; x_wconf 64' lang='lat' dir='ltr'><strong>graecam</strong></span> <span class='ocrx_word' id='word_1_583' title='bbox 3555 1603 3610 1650; x_wconf 91' lang='lat' dir='ltr'><strong>et</strong></span> <span class='ocrx_word' id='word_1_584' title='bbox 3657 1596 3782 1650; x_wconf 86' lang='lat' dir='ltr'><strong>lati-</strong></span> 
     </span>
    </p>
   </div>
   <div class='ocr_carea' id='block_1_78' title="bbox 2199 1678 3781 1754">
    <p class='ocr_par' dir='ltr' id='par_1_78' title="bbox 2199 1678 3781 1754">
     <span class='ocr_line' id='line_1_79' title="bbox 2199 1678 3781 1754; baseline 0.003 -22"><span class='ocrx_word' id='word_1_585' title='bbox 2199 1694 2321 1733; x_wconf 91' lang='lat' dir='ltr'><strong>nam</strong></span> <span class='ocrx_word' id='word_1_586' title='bbox 2354 1679 2584 1748; x_wconf 89' lang='lat' dir='ltr'><strong>linguam</strong></span> <span class='ocrx_word' id='word_1_587' title='bbox 2613 1678 2811 1732; x_wconf 91' lang='lat' dir='ltr'><strong>dictum</strong></span> <span class='ocrx_word' id='word_1_588' title='bbox 2839 1689 2919 1734; x_wconf 90' lang='lat' dir='ltr'><strong>est</strong></span> <span class='ocrx_word' id='word_1_589' title='bbox 2943 1679 3008 1733; x_wconf 92' lang='lat' dir='ltr'><strong>de</strong></span> <span class='ocrx_word' id='word_1_590' title='bbox 3035 1679 3234 1750; x_wconf 89' lang='lat' dir='ltr'><strong>Spiritu</strong></span> <span class='ocrx_word' id='word_1_591' title='bbox 3272 1682 3399 1748; x_wconf 90' lang='lat' dir='ltr'><strong>Dei,</strong></span> <span class='ocrx_word' id='word_1_592' title='bbox 3428 1683 3568 1754; x_wconf 89' lang='lat' dir='ltr'><strong>quod</strong></span> <span class='ocrx_word' id='word_1_593' title='bbox 3601 1701 3781 1753; x_wconf 84' lang='lat' dir='ltr'><strong>super-</strong></span> 
     </span>
    </p>
   </div>
   <div class='ocr_carea' id='block_1_79' title="bbox 2198 1771 3782 1843">
    <p class='ocr_par' dir='ltr' id='par_1_79' title="bbox 2198 1771 3782 1843">
     <span class='ocr_line' id='line_1_80' title="bbox 2198 1771 3782 1843; baseline 0.003 -20"><span class='ocrx_word' id='word_1_594' title='bbox 2198 1771 2452 1842; x_wconf 76' lang='lat' dir='ltr'><strong>ferebatur</strong></span> <span class='ocrx_word' id='word_1_595' title='bbox 2472 1786 2624 1842; x_wconf 83' lang='lat' dir='ltr'><strong>super</strong></span> <span class='ocrx_word' id='word_1_596' title='bbox 2660 1785 2816 1840; x_wconf 86' lang='lat' dir='ltr'><strong>aquas</strong></span> <span class='ocrx_word' id='word_1_597' title='bbox 2837 1811 2851 1835; x_wconf 96' lang='lat'><strong>,</strong></span> <span class='ocrx_word' id='word_1_598' title='bbox 2898 1771 3190 1825; x_wconf 87' lang='lat' dir='ltr'><strong>secundum</strong></span> <span class='ocrx_word' id='word_1_599' title='bbox 3225 1785 3362 1843; x_wconf 73' lang='lat' dir='ltr'><strong>syra:</strong></span> <span class='ocrx_word' id='word_1_600' title='bbox 3391 1773 3581 1843; x_wconf 75' lang='lat' dir='ltr'><strong>linguae</strong></span> <span class='ocrx_word' id='word_1_601' title='bbox 3617 1775 3782 1830; x_wconf 83' lang='lat' dir='ltr'><strong>intel-</strong></span> 
     </span>
    </p>
   </div>
   <div class='ocr_carea' id='block_1_80' title="bbox 2198 1858 3778 1934">
    <p class='ocr_par' dir='ltr' id='par_1_80' title="bbox 2198 1858 3778 1934">
     <span class='ocr_line' id='line_1_81' title="bbox 2198 1858 3778 1934; baseline 0.003 -21"><span class='ocrx_word' id='word_1_602' title='bbox 2198 1859 2392 1913; x_wconf 90' lang='lat' dir='ltr'><strong>lectum</strong></span> <span class='ocrx_word' id='word_1_603' title='bbox 2415 1897 2432 1925; x_wconf 95' lang='lat'><strong>,</strong></span> <span class='ocrx_word' id='word_1_604' title='bbox 2464 1874 2582 1928; x_wconf 63' lang='lat' dir='ltr'><strong>quae</strong></span> <span class='ocrx_word' id='word_1_605' title='bbox 2608 1858 2780 1914; x_wconf 91' lang='lat' dir='ltr'><strong>vicina</strong></span> <span class='ocrx_word' id='word_1_606' title='bbox 2805 1867 2888 1913; x_wconf 92' lang='lat' dir='ltr'><strong>est</strong></span> <span class='ocrx_word' id='word_1_607' title='bbox 2914 1859 3161 1927; x_wconf 70' lang='lat' dir='ltr'><strong>ltebrreze,</strong></span> <span class='ocrx_word' id='word_1_608' title='bbox 3193 1861 3337 1932; x_wconf 82' lang='lat' dir='ltr'><strong>(nam</strong></span> <span class='ocrx_word' id='word_1_609' title='bbox 3366 1861 3468 1917; x_wconf 89' lang='lat' dir='ltr'><strong>hoc</strong></span> <span class='ocrx_word' id='word_1_610' title='bbox 3490 1879 3521 1917; x_wconf 89' lang='lat' dir='ltr'><strong>a</strong></span> <span class='ocrx_word' id='word_1_611' title='bbox 3545 1864 3778 1934; x_wconf 89' lang='lat' dir='ltr'><strong>quodam</strong></span> 
     </span>
    </p>
   </div>
   <div class='ocr_carea' id='block_1_81' title="bbox 2199 1949 3783 2027">
    <p class='ocr_par' dir='ltr' id='par_1_81' title="bbox 2199 1949 3783 2027">
     <span class='ocr_line' id='line_1_82' title="bbox 2199 1949 3783 2027; baseline 0.003 -23"><span class='ocrx_word' id='word_1_612' title='bbox 2199 1949 2355 2005; x_wconf 90' lang='lat' dir='ltr'><strong>docto</strong></span> <span class='ocrx_word' id='word_1_613' title='bbox 2379 1949 2668 2006; x_wconf 86' lang='lat' dir='ltr'><strong>christiano</strong></span> <span class='ocrx_word' id='word_1_614' title='bbox 2694 1965 2819 2023; x_wconf 86' lang='lat' dir='ltr'><strong>syro</strong></span> <span class='ocrx_word' id='word_1_615' title='bbox 2841 1949 3009 2006; x_wconf 86' lang='lat' dir='ltr'><strong>fertur</strong></span> <span class='ocrx_word' id='word_1_616' title='bbox 3027 1953 3346 2024; x_wconf 83' lang='lat' dir='ltr'><strong>expositum)</strong></span> <span class='ocrx_word' id='word_1_617' title='bbox 3373 1969 3477 2009; x_wconf 91' lang='lat' dir='ltr'><strong>non</strong></span> <span class='ocrx_word' id='word_1_618' title='bbox 3498 1960 3783 2027; x_wconf 76' lang='lat' dir='ltr'><strong>superfere-</strong></span> 
     </span>
    </p>
   </div>
   <div class='ocr_carea' id='block_1_82' title="bbox 2199 2040 3782 2112">
    <p class='ocr_par' dir='ltr' id='par_1_82' title="bbox 2199 2040 3782 2112">
     <span class='ocr_line' id='line_1_83' title="bbox 2199 2040 3782 2112; baseline 0.001 -16"><span class='ocrx_word' id='word_1_619' title='bbox 2199 2041 2368 2106; x_wconf 85' lang='lat' dir='ltr'><strong>batur,</strong></span> <span class='ocrx_word' id='word_1_620' title='bbox 2395 2040 2489 2096; x_wconf 90' lang='lat' dir='ltr'><strong>sed</strong></span> <span class='ocrx_word' id='word_1_621' title='bbox 2515 2041 2710 2112; x_wconf 78' lang='lat' dir='ltr'><strong>fovebat</strong></span> <span class='ocrx_word' id='word_1_622' title='bbox 2729 2041 2905 2112; x_wconf 90' lang='lat' dir='ltr'><strong>potius</strong></span> <span class='ocrx_word' id='word_1_623' title='bbox 2929 2041 3144 2112; x_wconf 87' lang='lat' dir='ltr'><strong>intelligi</strong></span> <span class='ocrx_word' id='word_1_624' title='bbox 3165 2043 3490 2111; x_wconf 85' lang='lat' dir='ltr'><strong>perhibetur.</strong></span> <span class='ocrx_word' id='word_1_625' title='bbox 3514 2043 3623 2100; x_wconf 90' lang='lat' dir='ltr'><strong>Nec</strong></span> <span class='ocrx_word' id='word_1_626' title='bbox 3639 2045 3782 2100; x_wconf 87' lang='lat' dir='ltr'><strong>sicut</strong></span> 
     </span>
    </p>
   </div>
   <div class='ocr_carea' id='block_1_83' title="bbox 2197 2132 3776 2206">
    <p class='ocr_par' dir='ltr' id='par_1_83' title="bbox 2197 2132 3776 2206">
     <span class='ocr_line' id='line_1_84' title="bbox 2197 2132 3776 2206; baseline 0.003 -19"><span class='ocrx_word' id='word_1_627' title='bbox 2197 2132 2445 2188; x_wconf 91' lang='lat' dir='ltr'><strong>foventur</strong></span> <span class='ocrx_word' id='word_1_628' title='bbox 2480 2140 2716 2186; x_wconf 90' lang='lat' dir='ltr'><strong>tumores</strong></span> <span class='ocrx_word' id='word_1_629' title='bbox 2757 2141 2848 2186; x_wconf 89' lang='lat' dir='ltr'><strong>aut</strong></span> <span class='ocrx_word' id='word_1_630' title='bbox 2887 2133 3105 2188; x_wconf 87' lang='lat' dir='ltr'><strong>vulnera</strong></span> <span class='ocrx_word' id='word_1_631' title='bbox 3146 2133 3200 2188; x_wconf 90' lang='lat' dir='ltr'><strong>in</strong></span> <span class='ocrx_word' id='word_1_632' title='bbox 3238 2148 3463 2205; x_wconf 89' lang='lat' dir='ltr'><strong>corpore</strong></span> <span class='ocrx_word' id='word_1_633' title='bbox 3509 2138 3660 2206; x_wconf 87' lang='lat' dir='ltr'><strong>aquis</strong></span> <span class='ocrx_word' id='word_1_634' title='bbox 3689 2139 3776 2192; x_wconf 86' lang='lat' dir='ltr'><strong>vel</strong></span> 
     </span>
    </p>
   </div>
   <div class='ocr_carea' id='block_1_84' title="bbox 2196 2220 3781 2293">
    <p class='ocr_par' dir='ltr' id='par_1_84' title="bbox 2196 2220 3781 2293">
     <span class='ocr_line' id='line_1_85' title="bbox 2196 2220 3781 2293; baseline 0.004 -18"><span class='ocrx_word' id='word_1_635' title='bbox 2196 2220 2403 2292; x_wconf 86' lang='lat' dir='ltr'><strong>frigidis</strong></span> <span class='ocrx_word' id='word_1_636' title='bbox 2428 2220 2512 2275; x_wconf 90' lang='lat' dir='ltr'><strong>vel</strong></span> <span class='ocrx_word' id='word_1_637' title='bbox 2538 2221 2719 2276; x_wconf 87' lang='lat' dir='ltr'><strong>calore</strong></span> <span class='ocrx_word' id='word_1_638' title='bbox 2747 2235 2981 2292; x_wconf 85' lang='lat' dir='ltr'><strong>congruo</strong></span> <span class='ocrx_word' id='word_1_639' title='bbox 3014 2222 3320 2293; x_wconf 85' lang='lat' dir='ltr'><strong>temperatis</strong></span> <span class='ocrx_word' id='word_1_640' title='bbox 3344 2241 3359 2290; x_wconf 94' lang='lat'><strong>;</strong></span> <span class='ocrx_word' id='word_1_641' title='bbox 3397 2225 3492 2280; x_wconf 89' lang='lat' dir='ltr'><strong>sed</strong></span> <span class='ocrx_word' id='word_1_642' title='bbox 3520 2226 3656 2281; x_wconf 87' lang='lat' dir='ltr'><strong>sicut</strong></span> <span class='ocrx_word' id='word_1_643' title='bbox 3679 2242 3781 2282; x_wconf 90' lang='lat' dir='ltr'><strong>ova</strong></span> 
     </span>
    </p>
   </div>
   <div class='ocr_carea' id='block_1_85' title="bbox 2199 2310 3784 2387">
    <p class='ocr_par' dir='ltr' id='par_1_85' title="bbox 2199 2310 3784 2387">
     <span class='ocr_line' id='line_1_86' title="bbox 2199 2310 3784 2387; baseline 0.005 -22"><span class='ocrx_word' id='word_1_644' title='bbox 2199 2310 2448 2366; x_wconf 90' lang='lat' dir='ltr'><strong>foventur</strong></span> <span class='ocrx_word' id='word_1_645' title='bbox 2483 2310 2552 2364; x_wconf 90' lang='lat' dir='ltr'><strong>ab</strong></span> <span class='ocrx_word' id='word_1_646' title='bbox 2589 2311 2838 2379; x_wconf 87' lang='lat' dir='ltr'><strong>alitibus,</strong></span> <span class='ocrx_word' id='word_1_647' title='bbox 2870 2311 2959 2366; x_wconf 92' lang='lat' dir='ltr'><strong>ubi</strong></span> <span class='ocrx_word' id='word_1_648' title='bbox 2999 2312 3144 2367; x_wconf 90' lang='lat' dir='ltr'><strong>calor</strong></span> <span class='ocrx_word' id='word_1_649' title='bbox 3167 2313 3258 2368; x_wconf 89' lang='lat' dir='ltr'><strong>ille</strong></span> <span class='ocrx_word' id='word_1_650' title='bbox 3290 2315 3519 2369; x_wconf 89' lang='lat' dir='ltr'><strong>materni</strong></span> <span class='ocrx_word' id='word_1_651' title='bbox 3542 2318 3784 2387; x_wconf 88' lang='lat' dir='ltr'><strong>corporis</strong></span> 
     </span>
    </p>
   </div>
   <div class='ocr_carea' id='block_1_86' title="bbox 2199 2399 3778 2472">
    <p class='ocr_par' dir='ltr' id='par_1_86' title="bbox 2199 2399 3778 2472">
     <span class='ocr_line' id='line_1_87' title="bbox 2199 2399 3778 2472; baseline 0.004 -16"><span class='ocrx_word' id='word_1_652' title='bbox 2199 2401 2365 2456; x_wconf 87' lang='lat' dir='ltr'><strong>etiam</strong></span> <span class='ocrx_word' id='word_1_653' title='bbox 2401 2399 2696 2456; x_wconf 89' lang='lat' dir='ltr'><strong>formandis</strong></span> <span class='ocrx_word' id='word_1_654' title='bbox 2736 2402 2894 2472; x_wconf 88' lang='lat' dir='ltr'><strong>pullis</strong></span> <span class='ocrx_word' id='word_1_655' title='bbox 2931 2401 3324 2472; x_wconf 85' lang='lat' dir='ltr'><strong>quodammodo</strong></span> <span class='ocrx_word' id='word_1_656' title='bbox 3355 2403 3778 2472; x_wconf 86' lang='lat' dir='ltr'><strong>adminiculatur,</strong></span> 
     </span>
    </p>
   </div>
   <div class='ocr_carea' id='block_1_87' title="bbox 2199 2493 3773 2565">
    <p class='ocr_par' dir='ltr' id='par_1_87' title="bbox 2199 2493 3773 2565">
     <span class='ocr_line' id='line_1_88' title="bbox 2199 2493 3773 2565; baseline 0.004 -17"><span class='ocrx_word' id='word_1_657' title='bbox 2199 2509 2295 2565; x_wconf 90' lang='lat' dir='ltr'><strong>per</strong></span> <span class='ocrx_word' id='word_1_658' title='bbox 2317 2493 2598 2564; x_wconf 90' lang='lat' dir='ltr'><strong>quemdam</strong></span> <span class='ocrx_word' id='word_1_659' title='bbox 2622 2494 2676 2548; x_wconf 93' lang='lat' dir='ltr'><strong>in</strong></span> <span class='ocrx_word' id='word_1_660' title='bbox 2702 2509 2799 2548; x_wconf 91' lang='lat' dir='ltr'><strong>suo</strong></span> <span class='ocrx_word' id='word_1_661' title='bbox 2815 2509 3007 2565; x_wconf 90' lang='lat' dir='ltr'><strong>genere</strong></span> <span class='ocrx_word' id='word_1_662' title='bbox 3032 2494 3330 2551; x_wconf 90' lang='lat' dir='ltr'><strong>dilectionis</strong></span> <span class='ocrx_word' id='word_1_663' title='bbox 3357 2497 3625 2554; x_wconf 78' lang='lat' dir='ltr'><strong>ail‘eCtum.</strong></span> <span class='ocrx_word' id='word_1_664' title='bbox 3652 2499 3773 2555; x_wconf 79' lang='lat' dir='ltr'><strong>Non</strong></span> 
     </span>
    </p>
   </div>
   <div class='ocr_carea' id='block_1_88' title="bbox 2200 2583 3783 2656">
    <p class='ocr_par' dir='ltr' id='par_1_88' title="bbox 2200 2583 3783 2656">
     <span class='ocr_line' id='line_1_89' title="bbox 2200 2583 3783 2656; baseline 0.003 -16"><span class='ocrx_word' id='word_1_665' title='bbox 2200 2585 2379 2655; x_wconf 87' lang='lat' dir='ltr'><strong>itaque</strong></span> <span class='ocrx_word' id='word_1_666' title='bbox 2407 2598 2504 2655; x_wconf 91' lang='lat' dir='ltr'><strong>per</strong></span> <span class='ocrx_word' id='word_1_667' title='bbox 2549 2583 2792 2655; x_wconf 89' lang='lat' dir='ltr'><strong>singulos</strong></span> <span class='ocrx_word' id='word_1_668' title='bbox 2834 2585 2951 2640; x_wconf 86' lang='lat' dir='ltr'><strong>dies</strong></span> <span class='ocrx_word' id='word_1_669' title='bbox 2980 2586 3202 2640; x_wconf 86' lang='lat' dir='ltr'><strong>istorum</strong></span> <span class='ocrx_word' id='word_1_670' title='bbox 3235 2601 3455 2656; x_wconf 90' lang='lat' dir='ltr'><strong>operum</strong></span> <span class='ocrx_word' id='word_1_671' title='bbox 3483 2587 3783 2645; x_wconf 84' lang='lat' dir='ltr'><strong>divinorum</strong></span> 
     </span>
    </p>
   </div>
   <div class='ocr_carea' id='block_1_89' title="bbox 2199 2676 3780 2751">
    <p class='ocr_par' dir='ltr' id='par_1_89' title="bbox 2199 2676 3780 2751">
     <span class='ocr_line' id='line_1_90' title="bbox 2199 2676 3780 2751; baseline 0.003 -21"><span class='ocrx_word' id='word_1_672' title='bbox 2199 2685 2451 2744; x_wconf 87' lang='lat' dir='ltr'><strong>tanquam</strong></span> <span class='ocrx_word' id='word_1_673' title='bbox 2491 2676 2815 2747; x_wconf 89' lang='lat' dir='ltr'><strong>temporales</strong></span> <span class='ocrx_word' id='word_1_674' title='bbox 2840 2691 3000 2732; x_wconf 85' lang='lat' dir='ltr'><strong>voces</strong></span> <span class='ocrx_word' id='word_1_675' title='bbox 3029 2677 3123 2732; x_wconf 92' lang='lat' dir='ltr'><strong>Dei</strong></span> <span class='ocrx_word' id='word_1_676' title='bbox 3147 2679 3436 2734; x_wconf 90' lang='lat' dir='ltr'><strong>carnaliter</strong></span> <span class='ocrx_word' id='word_1_677' title='bbox 3462 2680 3780 2751; x_wconf 89' lang='lat' dir='ltr'><strong>cogitemus.</strong></span> 
     </span>
    </p>
   </div>
   <div class='ocr_carea' id='block_1_90' title="bbox 2197 2769 3781 2840">
    <p class='ocr_par' dir='ltr' id='par_1_90' title="bbox 2197 2769 3781 2840">
     <span class='ocr_line' id='line_1_91' title="bbox 2197 2769 3781 2840; baseline 0.003 -16"><span class='ocrx_word' id='word_1_678' title='bbox 2197 2769 2313 2824; x_wconf 91' lang='lat' dir='ltr'><strong>Non</strong></span> <span class='ocrx_word' id='word_1_679' title='bbox 2343 2769 2485 2825; x_wconf 90' lang='lat' dir='ltr'><strong>enim</strong></span> <span class='ocrx_word' id='word_1_680' title='bbox 2509 2769 2576 2824; x_wconf 87' lang='lat' dir='ltr'><strong>ad</strong></span> <span class='ocrx_word' id='word_1_681' title='bbox 2605 2769 2708 2824; x_wconf 92' lang='lat' dir='ltr'><strong>hoc</strong></span> <span class='ocrx_word' id='word_1_682' title='bbox 2727 2769 2840 2839; x_wconf 89' lang='lat' dir='ltr'><strong>ipsa</strong></span> <span class='ocrx_word' id='word_1_683' title='bbox 2861 2769 2952 2824; x_wconf 91' lang='lat' dir='ltr'><strong>Dei</strong></span> <span class='ocrx_word' id='word_1_684' title='bbox 2974 2769 3237 2840; x_wconf 88' lang='lat' dir='ltr'><strong>Sapientia</strong></span> <span class='ocrx_word' id='word_1_685' title='bbox 3265 2772 3444 2827; x_wconf 89' lang='lat' dir='ltr'><strong>noslra</strong></span> <span class='ocrx_word' id='word_1_686' title='bbox 3470 2771 3781 2828; x_wconf 87' lang='lat' dir='ltr'><strong>inﬁrmitate</strong></span> 
     </span>
    </p>
   </div>
   <div class='ocr_carea' id='block_1_91' title="bbox 2198 2859 3783 2932">
    <p class='ocr_par' dir='ltr' id='par_1_91' title="bbox 2198 2859 3783 2932">
     <span class='ocr_line' id='line_1_92' title="bbox 2198 2859 3783 2932; baseline 0.004 -17"><span class='ocrx_word' id='word_1_687' title='bbox 2198 2869 2446 2931; x_wconf 90' lang='lat' dir='ltr'><strong>suscepta</strong></span> <span class='ocrx_word' id='word_1_688' title='bbox 2483 2860 2632 2916; x_wconf 89' lang='lat' dir='ltr'><strong>venit</strong></span> <span class='ocrx_word' id='word_1_689' title='bbox 2667 2859 2735 2914; x_wconf 86' lang='lat' dir='ltr'><strong>ad</strong></span> <span class='ocrx_word' id='word_1_690' title='bbox 2761 2860 3084 2932; x_wconf 85' lang='lat' dir='ltr'><strong>colligendos</strong></span> <span class='ocrx_word' id='word_1_691' title='bbox 3111 2861 3207 2916; x_wconf 90' lang='lat' dir='ltr'><strong>sub</strong></span> <span class='ocrx_word' id='word_1_692' title='bbox 3232 2861 3342 2917; x_wconf 91' lang='lat' dir='ltr'><strong>alas</strong></span> <span class='ocrx_word' id='word_1_693' title='bbox 3367 2877 3492 2918; x_wconf 87' lang='lat' dir='ltr'><strong>suas</strong></span> <span class='ocrx_word' id='word_1_694' title='bbox 3528 2863 3667 2918; x_wconf 85' lang='lat' dir='ltr'><strong>filios</strong></span> <span class='ocrx_word' id='word_1_695' title='bbox 3689 2863 3783 2920; x_wconf 79' lang='lat' dir='ltr'><strong>Je-</strong></span> 
     </span>
    </p>
   </div>
   <div class='ocr_carea' id='block_1_92' title="bbox 2199 2952 3780 3027">
    <p class='ocr_par' dir='ltr' id='par_1_92' title="bbox 2199 2952 3780 3027">
     <span class='ocr_line' id='line_1_93' title="bbox 2199 2952 3780 3027; baseline 0.003 -19"><span class='ocrx_word' id='word_1_696' title='bbox 2199 2954 2429 3008; x_wconf 76' lang='lat' dir='ltr'><strong>rusalem</strong></span> <span class='ocrx_word' id='word_1_697' title='bbox 2454 2993 2470 3019; x_wconf 92' lang='lat'><strong>,</strong></span> <span class='ocrx_word' id='word_1_698' title='bbox 2497 2952 2942 3024; x_wconf 89' lang='lat' dir='ltr'><strong>quemadmodum</strong></span> <span class='ocrx_word' id='word_1_699' title='bbox 2985 2953 3178 3024; x_wconf 88' lang='lat' dir='ltr'><strong>gallina</strong></span> <span class='ocrx_word' id='word_1_700' title='bbox 3202 2953 3375 3025; x_wconf 89' lang='lat' dir='ltr'><strong>pullos</strong></span> <span class='ocrx_word' id='word_1_701' title='bbox 3403 2968 3530 3010; x_wconf 85' lang='lat' dir='ltr'><strong>suos</strong></span> <span class='ocrx_word' id='word_1_702' title='bbox 3565 2953 3780 3027; x_wconf 76' lang='lat' dir='ltr'><strong>(Matth.</strong></span> 
     </span>
    </p>
   </div>
   <div class='ocr_carea' id='block_1_93' title="bbox 2201 3043 3783 3114">
    <p class='ocr_par' dir='ltr' id='par_1_93' title="bbox 2201 3043 3783 3114">
     <span class='ocr_line' id='line_1_94' title="bbox 2201 3043 3783 3114; baseline 0.001 -16"><span class='ocrx_word' id='word_1_703' title='bbox 2201 3059 2374 3111; x_wconf 82' lang='lat' dir='ltr'><strong>xxut,</strong></span> <span class='ocrx_word' id='word_1_704' title='bbox 2401 3044 2495 3114; x_wconf 77' lang='lat'><strong>37)</strong></span> <span class='ocrx_word' id='word_1_705' title='bbox 2533 3053 2590 3098; x_wconf 91' lang='lat' dir='ltr'><strong>ut</strong></span> <span class='ocrx_word' id='word_1_706' title='bbox 2626 3058 2839 3114; x_wconf 90' lang='lat' dir='ltr'><strong>semper</strong></span> <span class='ocrx_word' id='word_1_707' title='bbox 2876 3043 3083 3113; x_wconf 89' lang='lat' dir='ltr'><strong>parvuli</strong></span> <span class='ocrx_word' id='word_1_708' title='bbox 3111 3044 3317 3110; x_wconf 90' lang='lat' dir='ltr'><strong>simus;</strong></span> <span class='ocrx_word' id='word_1_709' title='bbox 3368 3043 3466 3100; x_wconf 87' lang='lat' dir='ltr'><strong>sed</strong></span> <span class='ocrx_word' id='word_1_710' title='bbox 3494 3053 3553 3099; x_wconf 93' lang='lat' dir='ltr'><strong>ut</strong></span> <span class='ocrx_word' id='word_1_711' title='bbox 3579 3045 3783 3100; x_wconf 90' lang='lat' dir='ltr'><strong>malitia</strong></span> 
     </span>
    </p>
   </div>
   <div class='ocr_carea' id='block_1_94' title="bbox 2200 3133 3780 3212">
    <p class='ocr_par' dir='ltr' id='par_1_94' title="bbox 2200 3133 3780 3212">
     <span class='ocr_line' id='line_1_95' title="bbox 2200 3133 3780 3212; baseline 0.002 -23"><span class='ocrx_word' id='word_1_712' title='bbox 2200 3133 2445 3199; x_wconf 88' lang='lat' dir='ltr'><strong>infantes,</strong></span> <span class='ocrx_word' id='word_1_713' title='bbox 2475 3143 2652 3190; x_wconf 90' lang='lat' dir='ltr'><strong>mente</strong></span> <span class='ocrx_word' id='word_1_714' title='bbox 2673 3135 2821 3205; x_wconf 91' lang='lat' dir='ltr'><strong>pueri</strong></span> <span class='ocrx_word' id='word_1_715' title='bbox 2843 3149 2962 3191; x_wconf 77' lang='lat' dir='ltr'><strong>esse</strong></span> <span class='ocrx_word' id='word_1_716' title='bbox 2988 3134 3293 3191; x_wconf 85' lang='lat' dir='ltr'><strong>desinamus</strong></span> <span class='ocrx_word' id='word_1_717' title='bbox 3315 3137 3360 3206; x_wconf 91' lang='grc' dir='ltr'>(Ι</span> <span class='ocrx_word' id='word_1_718' title='bbox 3382 3135 3502 3191; x_wconf 85' lang='lat' dir='ltr'><strong>Cor.</strong></span> <span class='ocrx_word' id='word_1_719' title='bbox 3527 3152 3641 3202; x_wconf 74' lang='lat' dir='ltr'><strong>xxv,</strong></span> <span class='ocrx_word' id='word_1_720' title='bbox 3659 3136 3780 3212; x_wconf 75' lang='lat'><strong>20).</strong></span> 
     </span>
    </p>
   </div>
   <div class='ocr_carea' id='block_1_95' title="bbox 2269 3227 3785 3298">
    <p class='ocr_par' dir='ltr' id='par_1_95' title="bbox 2269 3227 3785 3298">
     <span class='ocr_line' id='line_1_96' title="bbox 2269 3227 3785 3298; baseline 0.005 -18"><span class='ocrx_word' id='word_1_721' title='bbox 2269 3228 2358 3281; x_wconf 82' lang='lat'><strong>57.</strong></span> <span class='ocrx_word' id='word_1_722' title='bbox 2392 3227 2461 3281; x_wconf 89' lang='lat' dir='ltr'><strong>Et</strong></span> <span class='ocrx_word' id='word_1_723' title='bbox 2486 3230 2540 3281; x_wconf 91' lang='lat' dir='ltr'><strong>in</strong></span> <span class='ocrx_word' id='word_1_724' title='bbox 2569 3227 2731 3282; x_wconf 92' lang='lat' dir='ltr'><strong>rebus</strong></span> <span class='ocrx_word' id='word_1_725' title='bbox 2760 3227 3002 3282; x_wconf 89' lang='lat' dir='ltr'><strong>obscuris</strong></span> <span class='ocrx_word' id='word_1_726' title='bbox 3032 3236 3190 3298; x_wconf 90' lang='lat' dir='ltr'><strong>atque</strong></span> <span class='ocrx_word' id='word_1_727' title='bbox 3217 3244 3248 3282; x_wconf 90' lang='lat' dir='ltr'><strong>a</strong></span> <span class='ocrx_word' id='word_1_728' title='bbox 3273 3229 3472 3285; x_wconf 87' lang='lat' dir='ltr'><strong>nostris</strong></span> <span class='ocrx_word' id='word_1_729' title='bbox 3498 3230 3671 3286; x_wconf 91' lang='lat' dir='ltr'><strong>oculis</strong></span> <span class='ocrx_word' id='word_1_730' title='bbox 3698 3246 3785 3287; x_wconf 77' lang='lat' dir='ltr'><strong>re-</strong></span> 
     </span>
    </p>
   </div>
   <div class='ocr_carea' id='block_1_96' title="bbox 2165 3317 3782 3393">
    <p class='ocr_par' dir='ltr' id='par_1_96' title="bbox 2165 3317 3782 3393">
     <span class='ocr_line' id='line_1_97' title="bbox 2165 3317 3782 3393; baseline 0.004 -21"><span class='ocrx_word' id='word_1_731' title='bbox 2165 3384 2172 3389; x_wconf 83' lang='lat'>_</span> <span class='ocrx_word' id='word_1_732' title='bbox 2198 3317 2524 3384; x_wconf 89' lang='lat' dir='ltr'><strong>motissimis,</strong></span> <span class='ocrx_word' id='word_1_733' title='bbox 2549 3317 2594 3372; x_wconf 91' lang='lat' dir='ltr'><strong>si</strong></span> <span class='ocrx_word' id='word_1_734' title='bbox 2615 3332 2716 3388; x_wconf 90' lang='lat' dir='ltr'><strong>qua</strong></span> <span class='ocrx_word' id='word_1_735' title='bbox 2737 3317 2860 3373; x_wconf 89' lang='lat' dir='ltr'><strong>inde</strong></span> <span class='ocrx_word' id='word_1_736' title='bbox 2883 3319 3076 3390; x_wconf 85' lang='lat' dir='ltr'><strong>scripta</strong></span> <span class='ocrx_word' id='word_1_737' title='bbox 3093 3319 3251 3374; x_wconf 91' lang='lat' dir='ltr'><strong>etiam</strong></span> <span class='ocrx_word' id='word_1_738' title='bbox 3275 3319 3451 3376; x_wconf 88' lang='lat' dir='ltr'><strong>divina</strong></span> <span class='ocrx_word' id='word_1_739' title='bbox 3471 3321 3782 3393; x_wconf 90' lang='lat' dir='ltr'><strong>legerimus,</strong></span> 
     </span>
    </p>
   </div>
   <div class='ocr_carea' id='block_1_97' title="bbox 2199 3408 3785 3484">
    <p class='ocr_par' dir='ltr' id='par_1_97' title="bbox 2199 3408 3785 3484">
     <span class='ocr_line' id='line_1_98' title="bbox 2199 3408 3785 3484; baseline 0.004 -22"><span class='ocrx_word' id='word_1_740' title='bbox 2199 3423 2320 3478; x_wconf 76' lang='lat' dir='ltr'><strong>qua:</strong></span> <span class='ocrx_word' id='word_1_741' title='bbox 2341 3409 2707 3478; x_wconf 86' lang='lat' dir='ltr'><strong>possintsalva</strong></span> <span class='ocrx_word' id='word_1_742' title='bbox 2733 3408 2835 3464; x_wconf 89' lang='lat' dir='ltr'><strong>ﬁde</strong></span> <span class='ocrx_word' id='word_1_743' title='bbox 2862 3425 2962 3480; x_wconf 90' lang='lat' dir='ltr'><strong>qua</strong></span> <span class='ocrx_word' id='word_1_744' title='bbox 2993 3410 3296 3478; x_wconf 90' lang='lat' dir='ltr'><strong>imbuimur,</strong></span> <span class='ocrx_word' id='word_1_745' title='bbox 3325 3413 3455 3468; x_wconf 90' lang='lat' dir='ltr'><strong>alias</strong></span> <span class='ocrx_word' id='word_1_746' title='bbox 3476 3423 3634 3484; x_wconf 90' lang='lat' dir='ltr'><strong>atque</strong></span> <span class='ocrx_word' id='word_1_747' title='bbox 3648 3414 3785 3468; x_wconf 88' lang='lat' dir='ltr'><strong>alias</strong></span> 
     </span>
    </p>
   </div>
   <div class='ocr_carea' id='block_1_98' title="bbox 2199 3499 3786 3575">
    <p class='ocr_par' dir='ltr' id='par_1_98' title="bbox 2199 3499 3786 3575">
     <span class='ocr_line' id='line_1_99' title="bbox 2199 3499 3786 3575; baseline 0.006 -25"><span class='ocrx_word' id='word_1_748' title='bbox 2199 3513 2392 3568; x_wconf 88' lang='lat' dir='ltr'><strong>parere</strong></span> <span class='ocrx_word' id='word_1_749' title='bbox 2421 3499 2752 3565; x_wconf 88' lang='lat' dir='ltr'><strong>sententias;</strong></span> <span class='ocrx_word' id='word_1_750' title='bbox 2796 3499 2849 3554; x_wconf 91' lang='lat' dir='ltr'><strong>in</strong></span> <span class='ocrx_word' id='word_1_751' title='bbox 2879 3500 3075 3555; x_wconf 90' lang='lat' dir='ltr'><strong>nullam</strong></span> <span class='ocrx_word' id='word_1_752' title='bbox 3096 3517 3277 3556; x_wconf 90' lang='lat' dir='ltr'><strong>carum</strong></span> <span class='ocrx_word' id='word_1_753' title='bbox 3299 3517 3398 3558; x_wconf 90' lang='lat' dir='ltr'><strong>nos</strong></span> <span class='ocrx_word' id='word_1_754' title='bbox 3423 3504 3681 3575; x_wconf 69' lang='lat' dir='ltr'><strong>praacipiti</strong></span> <span class='ocrx_word' id='word_1_755' title='bbox 3705 3505 3786 3558; x_wconf 87' lang='lat' dir='ltr'><strong>af-</strong></span> 
     </span>
    </p>
   </div>
   <div class='ocr_carea' id='block_1_99' title="bbox 2200 3589 3786 3665">
    <p class='ocr_par' dir='ltr' id='par_1_99' title="bbox 2200 3589 3786 3665">
     <span class='ocr_line' id='line_1_100' title="bbox 2200 3589 3786 3665; baseline 0.004 -23"><span class='ocrx_word' id='word_1_756' title='bbox 2200 3589 2506 3645; x_wconf 78' lang='lat' dir='ltr'><strong>ﬁrmatione</strong></span> <span class='ocrx_word' id='word_1_757' title='bbox 2556 3593 2631 3644; x_wconf 86' lang='lat' dir='ltr'><strong>ita</strong></span> <span class='ocrx_word' id='word_1_758' title='bbox 2676 3589 3057 3660; x_wconf 85' lang='lat' dir='ltr'><strong>projiciamus,</strong></span> <span class='ocrx_word' id='word_1_759' title='bbox 3110 3600 3168 3646; x_wconf 94' lang='lat' dir='ltr'><strong>ut</strong></span> <span class='ocrx_word' id='word_1_760' title='bbox 3208 3592 3255 3646; x_wconf 90' lang='lat' dir='ltr'><strong>si</strong></span> <span class='ocrx_word' id='word_1_761' title='bbox 3299 3592 3436 3648; x_wconf 91' lang='lat' dir='ltr'><strong>forte</strong></span> <span class='ocrx_word' id='word_1_762' title='bbox 3481 3593 3786 3665; x_wconf 89' lang='lat' dir='ltr'><strong>diligentius</strong></span> 
     </span>
    </p>
   </div>
   <div class='ocr_carea' id='block_1_100' title="bbox 2199 3680 3794 3752">
    <p class='ocr_par' dir='ltr' id='par_1_100' title="bbox 2199 3680 3794 3752">
     <span class='ocr_line' id='line_1_101' title="bbox 2199 3680 3794 3752; baseline 0.005 -17"><span class='ocrx_word' id='word_1_763' title='bbox 2199 3680 2435 3736; x_wconf 72' lang='lat' dir='ltr'><strong>discussa</strong></span> <span class='ocrx_word' id='word_1_764' title='bbox 2463 3683 2658 3737; x_wconf 88' lang='lat' dir='ltr'><strong>veritas</strong></span> <span class='ocrx_word' id='word_1_765' title='bbox 2681 3697 2798 3737; x_wconf 88' lang='lat' dir='ltr'><strong>eam</strong></span> <span class='ocrx_word' id='word_1_766' title='bbox 2821 3693 2965 3739; x_wconf 89' lang='lat' dir='ltr'><strong>recte</strong></span> <span class='ocrx_word' id='word_1_767' title='bbox 2989 3682 3403 3752; x_wconf 87' lang='lat' dir='ltr'><strong>labefactaverit,</strong></span> <span class='ocrx_word' id='word_1_768' title='bbox 3432 3701 3742 3743; x_wconf 90' lang='lat' dir='ltr'><strong>corruamus</strong></span> <span class='ocrx_word' id='word_1_769' title='bbox 3766 3702 3794 3743; x_wconf 72' lang='grc' dir='ltr'><em>τ</em></span> 
     </span>
    </p>
   </div>
   <div class='ocr_carea' id='block_1_101' title="bbox 2198 3773 3785 3849">
    <p class='ocr_par' dir='ltr' id='par_1_101' title="bbox 2198 3773 3785 3849">
     <span class='ocr_line' id='line_1_102' title="bbox 2198 3773 3785 3849; baseline 0.003 -21"><span class='ocrx_word' id='word_1_770' title='bbox 2198 3787 2305 3828; x_wconf 86' lang='lat' dir='ltr'><strong>non</strong></span> <span class='ocrx_word' id='word_1_771' title='bbox 2334 3788 2431 3843; x_wconf 90' lang='lat' dir='ltr'><strong>pro</strong></span> <span class='ocrx_word' id='word_1_772' title='bbox 2455 3775 2715 3828; x_wconf 88' lang='lat' dir='ltr'><strong>sententia</strong></span> <span class='ocrx_word' id='word_1_773' title='bbox 2749 3773 3044 3829; x_wconf 87' lang='lat' dir='ltr'><strong>divinarum</strong></span> <span class='ocrx_word' id='word_1_774' title='bbox 3079 3773 3473 3845; x_wconf 84' lang='lat' dir='ltr'><strong>Scripturarum</strong></span> <span class='ocrx_word' id='word_1_775' title='bbox 3498 3819 3513 3845; x_wconf 92' lang='lat'><strong>,</strong></span> <span class='ocrx_word' id='word_1_776' title='bbox 3559 3778 3652 3834; x_wconf 90' lang='lat' dir='ltr'><strong>sed</strong></span> <span class='ocrx_word' id='word_1_777' title='bbox 3685 3795 3785 3849; x_wconf 91' lang='lat' dir='ltr'><strong>pro</strong></span> 
     </span>
    </p>
   </div>
   <div class='ocr_carea' id='block_1_102' title="bbox 2199 3865 3785 3940">
    <p class='ocr_par' dir='ltr' id='par_1_102' title="bbox 2199 3865 3785 3940">
     <span class='ocr_line' id='line_1_103' title="bbox 2199 3865 3785 3940; baseline 0.003 -21"><span class='ocrx_word' id='word_1_778' title='bbox 2199 3873 2382 3919; x_wconf 87' lang='lat' dir='ltr'><strong>nostra</strong></span> <span class='ocrx_word' id='word_1_779' title='bbox 2409 3865 2480 3918; x_wconf 89' lang='lat' dir='ltr'><strong>ita</strong></span> <span class='ocrx_word' id='word_1_780' title='bbox 2510 3865 2824 3920; x_wconf 90' lang='lat' dir='ltr'><strong>dimicantes</strong></span> <span class='ocrx_word' id='word_1_781' title='bbox 2843 3906 2858 3931; x_wconf 92' lang='lat'><strong>,</strong></span> <span class='ocrx_word' id='word_1_782' title='bbox 2904 3873 2964 3920; x_wconf 94' lang='lat' dir='ltr'><strong>ut</strong></span> <span class='ocrx_word' id='word_1_783' title='bbox 2991 3880 3108 3920; x_wconf 89' lang='lat' dir='ltr'><strong>eam</strong></span> <span class='ocrx_word' id='word_1_784' title='bbox 3138 3867 3362 3923; x_wconf 90' lang='lat' dir='ltr'><strong>velimus</strong></span> <span class='ocrx_word' id='word_1_785' title='bbox 3389 3869 3785 3940; x_wconf 86' lang='lat' dir='ltr'><strong>Scripturarum</strong></span> 
     </span>
    </p>
   </div>
   <div class='ocr_carea' id='block_1_103' title="bbox 2199 3958 3786 4030">
    <p class='ocr_par' dir='ltr' id='par_1_103' title="bbox 2199 3958 3786 4030">
     <span class='ocr_line' id='line_1_104' title="bbox 2199 3958 3786 4030; baseline 0.003 -20"><span class='ocrx_word' id='word_1_786' title='bbox 2199 3969 2322 4010; x_wconf 87' lang='lat' dir='ltr'><strong>esse</strong></span> <span class='ocrx_word' id='word_1_787' title='bbox 2341 3996 2357 4022; x_wconf 96' lang='lat'><strong>,</strong></span> <span class='ocrx_word' id='word_1_788' title='bbox 2387 3970 2507 4025; x_wconf 78' lang='lat' dir='ltr'><strong>qua:</strong></span> <span class='ocrx_word' id='word_1_789' title='bbox 2547 3964 2728 4010; x_wconf 89' lang='lat' dir='ltr'><strong>nostra</strong></span> <span class='ocrx_word' id='word_1_790' title='bbox 2751 3965 2870 4022; x_wconf 92' lang='lat' dir='ltr'><strong>est;</strong></span> <span class='ocrx_word' id='word_1_791' title='bbox 2895 3971 3014 4010; x_wconf 89' lang='lat' dir='ltr'><strong>cum</strong></span> <span class='ocrx_word' id='word_1_792' title='bbox 3045 3958 3220 4026; x_wconf 90' lang='lat' dir='ltr'><strong>potius</strong></span> <span class='ocrx_word' id='word_1_793' title='bbox 3247 3973 3364 4012; x_wconf 90' lang='lat' dir='ltr'><strong>eam</strong></span> <span class='ocrx_word' id='word_1_794' title='bbox 3395 3975 3514 4029; x_wconf 73' lang='lat' dir='ltr'><strong>qua:</strong></span> <span class='ocrx_word' id='word_1_795' title='bbox 3541 3959 3786 4030; x_wconf 84' lang='lat' dir='ltr'><strong>Scriptu-</strong></span> 
     </span>
    </p>
   </div>
   <div class='ocr_carea' id='block_1_104' title="bbox 2198 4048 3427 4114">
    <p class='ocr_par' dir='ltr' id='par_1_104' title="bbox 2198 4048 3427 4114">
     <span class='ocr_line' id='line_1_105' title="bbox 2198 4048 3427 4114; baseline 0.002 -13"><span class='ocrx_word' id='word_1_796' title='bbox 2198 4059 2378 4101; x_wconf 87' lang='lat' dir='ltr'><strong>rarum</strong></span> <span class='ocrx_word' id='word_1_797' title='bbox 2405 4055 2487 4101; x_wconf 88' lang='lat' dir='ltr'><strong>est</strong></span> <span class='ocrx_word' id='word_1_798' title='bbox 2505 4087 2520 4114; x_wconf 96' lang='lat'><strong>,</strong></span> <span class='ocrx_word' id='word_1_799' title='bbox 2549 4056 2784 4102; x_wconf 90' lang='lat' dir='ltr'><strong>nostram</strong></span> <span class='ocrx_word' id='word_1_800' title='bbox 2813 4062 2933 4103; x_wconf 91' lang='lat' dir='ltr'><strong>esse</strong></span> <span class='ocrx_word' id='word_1_801' title='bbox 2958 4049 3093 4103; x_wconf 90' lang='lat' dir='ltr'><strong>velle</strong></span> <span class='ocrx_word' id='word_1_802' title='bbox 3118 4048 3427 4104; x_wconf 90' lang='lat' dir='ltr'><strong>debeamus.</strong></span> 
     </span>
    </p>
   </div>
   <div class='ocr_carea' id='block_1_105' title="bbox 2255 4139 3716 4213">
    <p class='ocr_par' dir='ltr' id='par_1_105' title="bbox 2255 4139 3716 4213">
     <span class='ocr_line' id='line_1_106' title="bbox 2255 4139 3716 4213; baseline 0.002 -17"><span class='ocrx_word' id='word_1_803' title='bbox 2255 4139 2482 4197; x_wconf 84' lang='lat' dir='ltr'><strong>CAPUT</strong></span> <span class='ocrx_word' id='word_1_804' title='bbox 2512 4139 2656 4196; x_wconf 81' lang='lat' dir='ltr'><strong>XIX.</strong></span> <span class='ocrx_word' id='word_1_805' title='bbox 2685 4171 2759 4181; x_wconf 97' lang='lat'><strong>—</strong></span> <span class='ocrx_word' id='word_1_806' title='bbox 2784 4139 2852 4195; x_wconf 84' lang='lat' dir='ltr'><strong>In</strong></span> <span class='ocrx_word' id='word_1_807' title='bbox 2881 4140 3102 4196; x_wconf 84' lang='lat' dir='ltr'><strong>obscuris</strong></span> <span class='ocrx_word' id='word_1_808' title='bbox 3131 4140 3412 4213; x_wconf 79' lang='lat' dir='ltr'><strong>Scriptura:</strong></span> <span class='ocrx_word' id='word_1_809' title='bbox 3438 4144 3559 4198; x_wconf 87' lang='lat' dir='ltr'><strong>locis</strong></span> <span class='ocrx_word' id='word_1_810' title='bbox 3586 4143 3716 4198; x_wconf 79' lang='lat' dir='ltr'><strong>nihil</strong></span> 
     </span>
    </p>
   </div>
   <div class='ocr_carea' id='block_1_106' title="bbox 2726 4233 3279 4287">
    <p class='ocr_par' dir='ltr' id='par_1_106' title="bbox 2726 4233 3279 4287">
     <span class='ocr_line' id='line_1_107' title="bbox 2726 4233 3279 4287; baseline 0.004 -3"><span class='ocrx_word' id='word_1_811' title='bbox 2726 4240 2908 4286; x_wconf 87' lang='lat' dir='ltr'><strong>temere</strong></span> <span class='ocrx_word' id='word_1_812' title='bbox 2935 4233 3279 4287; x_wconf 85' lang='lat' dir='ltr'><strong>asserendum.</strong></span> 
     </span>
    </p>
   </div>
   <div class='ocr_carea' id='block_1_107' title="bbox 2270 4321 3790 4394">
    <p class='ocr_par' dir='ltr' id='par_1_107' title="bbox 2270 4321 3790 4394">
     <span class='ocr_line' id='line_1_108' title="bbox 2270 4321 3790 4394; baseline 0.003 -18"><span class='ocrx_word' id='word_1_813' title='bbox 2270 4321 2360 4376; x_wconf 77' lang='lat'><strong>38.</strong></span> <span class='ocrx_word' id='word_1_814' title='bbox 2390 4321 2654 4376; x_wconf 89' lang='lat' dir='ltr'><strong>Ponamus</strong></span> <span class='ocrx_word' id='word_1_815' title='bbox 2674 4323 2816 4377; x_wconf 89' lang='lat' dir='ltr'><strong>enim</strong></span> <span class='ocrx_word' id='word_1_816' title='bbox 2848 4323 2900 4376; x_wconf 89' lang='lat' dir='ltr'><strong>in</strong></span> <span class='ocrx_word' id='word_1_817' title='bbox 2933 4338 2999 4377; x_wconf 90' lang='lat' dir='ltr'><strong>eo</strong></span> <span class='ocrx_word' id='word_1_818' title='bbox 3026 4323 3166 4394; x_wconf 91' lang='lat' dir='ltr'><strong>quod</strong></span> <span class='ocrx_word' id='word_1_819' title='bbox 3197 4323 3450 4394; x_wconf 88' lang='lat' dir='ltr'><strong>scriptum</strong></span> <span class='ocrx_word' id='word_1_820' title='bbox 3477 4335 3559 4380; x_wconf 90' lang='lat' dir='ltr'><strong>est</strong></span> <span class='ocrx_word' id='word_1_821' title='bbox 3581 4366 3596 4392; x_wconf 91' lang='lat'><strong>,</strong></span> <span class='ocrx_word' id='word_1_822' title='bbox 3641 4323 3790 4380; x_wconf 75' lang='lat' dir='ltr'><strong>Dixit</strong></span> 
     </span>
    </p>
   </div>
   <div class='ocr_carea' id='block_1_108' title="bbox 2201 4410 3787 4483">
    <p class='ocr_par' dir='ltr' id='par_1_108' title="bbox 2201 4410 3787 4483">
     <span class='ocr_line' id='line_1_109' title="bbox 2201 4410 3787 4483; baseline 0.004 -19"><span class='ocrx_word' id='word_1_823' title='bbox 2201 4410 2357 4478; x_wconf 89' lang='lat' dir='ltr'><strong>Deus,</strong></span> <span class='ocrx_word' id='word_1_824' title='bbox 2386 4411 2512 4466; x_wconf 82' lang='lat' dir='ltr'><strong>Fiat</strong></span> <span class='ocrx_word' id='word_1_825' title='bbox 2539 4412 2665 4479; x_wconf 71' lang='lat' dir='ltr'><strong>lux;</strong></span> <span class='ocrx_word' id='word_1_826' title='bbox 2688 4421 2734 4467; x_wconf 93' lang='lat' dir='ltr'><strong>et</strong></span> <span class='ocrx_word' id='word_1_827' title='bbox 2757 4413 2892 4483; x_wconf 83' lang='lat' dir='ltr'><strong>facta</strong></span> <span class='ocrx_word' id='word_1_828' title='bbox 2915 4423 2983 4466; x_wconf 86' lang='lat' dir='ltr'><strong>est</strong></span> <span class='ocrx_word' id='word_1_829' title='bbox 3009 4414 3139 4480; x_wconf 71' lang='lat' dir='ltr'><strong>lux,-</strong></span> <span class='ocrx_word' id='word_1_830' title='bbox 3168 4414 3328 4469; x_wconf 91' lang='lat' dir='ltr'><strong>alium</strong></span> <span class='ocrx_word' id='word_1_831' title='bbox 3349 4417 3580 4471; x_wconf 90' lang='lat' dir='ltr'><strong>sensisse</strong></span> <span class='ocrx_word' id='word_1_832' title='bbox 3610 4415 3787 4472; x_wconf 87' lang='lat' dir='ltr'><strong>lucem</strong></span> 
     </span>
    </p>
   </div>
   <div class='ocr_carea' id='block_1_109' title="bbox 2199 4503 3790 4578">
    <p class='ocr_par' dir='ltr' id='par_1_109' title="bbox 2199 4503 3790 4578">
     <span class='ocr_line' id='line_1_110' title="bbox 2199 4503 3790 4578; baseline 0.003 -20"><span class='ocrx_word' id='word_1_833' title='bbox 2199 4505 2533 4574; x_wconf 89' lang='lat' dir='ltr'><strong>corporalem</strong></span> <span class='ocrx_word' id='word_1_834' title='bbox 2565 4503 2781 4572; x_wconf 88' lang='lat' dir='ltr'><strong>factam,</strong></span> <span class='ocrx_word' id='word_1_835' title='bbox 2811 4513 2867 4561; x_wconf 89' lang='lat' dir='ltr'><strong>et</strong></span> <span class='ocrx_word' id='word_1_836' title='bbox 2890 4505 3050 4560; x_wconf 90' lang='lat' dir='ltr'><strong>alium</strong></span> <span class='ocrx_word' id='word_1_837' title='bbox 3081 4505 3431 4576; x_wconf 90' lang='lat' dir='ltr'><strong>spiritualem.</strong></span> <span class='ocrx_word' id='word_1_838' title='bbox 3459 4508 3594 4563; x_wconf 86' lang='lat' dir='ltr'><strong>Esse</strong></span> <span class='ocrx_word' id='word_1_839' title='bbox 3623 4509 3790 4578; x_wconf 36' lang='lat' dir='ltr'><strong>spiris</strong></span> 
     </span>
    </p>
   </div>
   <div class='ocr_carea' id='block_1_110' title="bbox 2201 4597 3789 4669">
    <p class='ocr_par' dir='ltr' id='par_1_110' title="bbox 2201 4597 3789 4669">
     <span class='ocr_line' id='line_1_111' title="bbox 2201 4597 3789 4669; baseline 0.003 -19"><span class='ocrx_word' id='word_1_840' title='bbox 2201 4598 2397 4652; x_wconf 90' lang='lat' dir='ltr'><strong>tualem</strong></span> <span class='ocrx_word' id='word_1_841' title='bbox 2428 4597 2601 4652; x_wconf 89' lang='lat' dir='ltr'><strong>lucem</strong></span> <span class='ocrx_word' id='word_1_842' title='bbox 2625 4598 2677 4652; x_wconf 92' lang='lat' dir='ltr'><strong>in</strong></span> <span class='ocrx_word' id='word_1_843' title='bbox 2706 4607 2948 4653; x_wconf 88' lang='lat' dir='ltr'><strong>creatura</strong></span> <span class='ocrx_word' id='word_1_844' title='bbox 2974 4598 3232 4669; x_wconf 89' lang='lat' dir='ltr'><strong>spirituali</strong></span> <span class='ocrx_word' id='word_1_845' title='bbox 3251 4639 3268 4666; x_wconf 94' lang='lat'><strong>,</strong></span> <span class='ocrx_word' id='word_1_846' title='bbox 3299 4600 3430 4656; x_wconf 85' lang='lat' dir='ltr'><strong>fides</strong></span> <span class='ocrx_word' id='word_1_847' title='bbox 3465 4609 3644 4655; x_wconf 87' lang='lat' dir='ltr'><strong>nostra</strong></span> <span class='ocrx_word' id='word_1_848' title='bbox 3674 4617 3789 4655; x_wconf 87' lang='lat' dir='ltr'><strong>non</strong></span> 
     </span>
    </p>
   </div>
   <div class='ocr_carea' id='block_1_111' title="bbox 2200 4686 3785 4761">
    <p class='ocr_par' dir='ltr' id='par_1_111' title="bbox 2200 4686 3785 4761">
     <span class='ocr_line' id='line_1_112' title="bbox 2200 4686 3785 4761; baseline 0.004 -19"><span class='ocrx_word' id='word_1_849' title='bbox 2200 4686 2406 4743; x_wconf 87' lang='lat' dir='ltr'><strong>dubitat</strong></span> <span class='ocrx_word' id='word_1_850' title='bbox 2431 4688 2456 4721; x_wconf 79' lang='grc'><strong><em>⁸</em></strong></span> <span class='ocrx_word' id='word_1_851' title='bbox 2487 4705 2501 4742; x_wconf 87' lang='lat'><strong>:</strong></span> <span class='ocrx_word' id='word_1_852' title='bbox 2533 4703 2654 4744; x_wconf 89' lang='lat' dir='ltr'><strong>esse</strong></span> <span class='ocrx_word' id='word_1_853' title='bbox 2676 4697 2852 4744; x_wconf 88' lang='lat' dir='ltr'><strong>autem</strong></span> <span class='ocrx_word' id='word_1_854' title='bbox 2893 4691 3067 4746; x_wconf 92' lang='lat' dir='ltr'><strong>lucem</strong></span> <span class='ocrx_word' id='word_1_855' title='bbox 3105 4691 3439 4760; x_wconf 81' lang='lat' dir='ltr'><strong>corporalem</strong></span> <span class='ocrx_word' id='word_1_856' title='bbox 3479 4693 3785 4761; x_wconf 61' lang='lat' dir='ltr'><strong>caelestem,</strong></span> 
     </span>
    </p>
   </div>
   <div class='ocr_carea' id='block_1_112' title="bbox 2201 4781 3788 4851">
    <p class='ocr_par' dir='ltr' id='par_1_112' title="bbox 2201 4781 3788 4851">
     <span class='ocr_line' id='line_1_113' title="bbox 2201 4781 3788 4851; baseline 0.005 -17"><span class='ocrx_word' id='word_1_857' title='bbox 2201 4789 2293 4835; x_wconf 90' lang='lat' dir='ltr'><strong>aut</strong></span> <span class='ocrx_word' id='word_1_858' title='bbox 2320 4781 2479 4835; x_wconf 90' lang='lat' dir='ltr'><strong>etiam</strong></span> <span class='ocrx_word' id='word_1_859' title='bbox 2505 4795 2664 4851; x_wconf 89' lang='lat' dir='ltr'><strong>supra</strong></span> <span class='ocrx_word' id='word_1_860' title='bbox 2695 4782 2888 4837; x_wconf 75' lang='lat' dir='ltr'><strong>coelum</strong></span> <span class='ocrx_word' id='word_1_861' title='bbox 2913 4824 2928 4849; x_wconf 93' lang='lat'><strong>,</strong></span> <span class='ocrx_word' id='word_1_862' title='bbox 2971 4783 3055 4838; x_wconf 89' lang='lat' dir='ltr'><strong>vel</strong></span> <span class='ocrx_word' id='word_1_863' title='bbox 3079 4792 3204 4839; x_wconf 91' lang='lat' dir='ltr'><strong>aute</strong></span> <span class='ocrx_word' id='word_1_864' title='bbox 3229 4784 3422 4841; x_wconf 79' lang='lat' dir='ltr'><strong>cmlum</strong></span> <span class='ocrx_word' id='word_1_865' title='bbox 3446 4827 3461 4851; x_wconf 93' lang='lat'><strong>,</strong></span> <span class='ocrx_word' id='word_1_866' title='bbox 3489 4786 3572 4840; x_wconf 91' lang='lat' dir='ltr'><strong>cui</strong></span> <span class='ocrx_word' id='word_1_867' title='bbox 3597 4801 3788 4842; x_wconf 74' lang='lat' dir='ltr'><strong>succe-</strong></span> 
     </span>
    </p>
   </div>
   <div class='ocr_carea' id='block_1_113' title="bbox 2201 4868 3786 4942">
    <p class='ocr_par' dir='ltr' id='par_1_113' title="bbox 2201 4868 3786 4942">
     <span class='ocr_line' id='line_1_114' title="bbox 2201 4868 3786 4942; baseline 0.004 -17"><span class='ocrx_word' id='word_1_868' title='bbox 2201 4870 2331 4927; x_wconf 86' lang='lat' dir='ltr'><strong>dere</strong></span> <span class='ocrx_word' id='word_1_869' title='bbox 2359 4887 2463 4927; x_wconf 87' lang='lat' dir='ltr'><strong>nox</strong></span> <span class='ocrx_word' id='word_1_870' title='bbox 2489 4868 2740 4942; x_wconf 76' lang='lat' dir='ltr'><strong>patuerit,</strong></span> <span class='ocrx_word' id='word_1_871' title='bbox 2762 4872 2961 4927; x_wconf 89' lang='lat' dir='ltr'><strong>tamdiu</strong></span> <span class='ocrx_word' id='word_1_872' title='bbox 2981 4888 3083 4928; x_wconf 87' lang='lat' dir='ltr'><strong>non</strong></span> <span class='ocrx_word' id='word_1_873' title='bbox 3099 4871 3190 4929; x_wconf 86' lang='lat' dir='ltr'><strong>est</strong></span> <span class='ocrx_word' id='word_1_874' title='bbox 3206 4884 3390 4930; x_wconf 85' lang='lat' dir='ltr'><strong>contra</strong></span> <span class='ocrx_word' id='word_1_875' title='bbox 3411 4876 3590 4942; x_wconf 87' lang='lat' dir='ltr'><strong>fidem,</strong></span> <span class='ocrx_word' id='word_1_876' title='bbox 3611 4877 3786 4933; x_wconf 78' lang='lat' dir='ltr'><strong>donec</strong></span> 
     </span>
    </p>
   </div>
   <div class='ocr_carea' id='block_1_114' title="bbox 2202 4965 3784 5036">
    <p class='ocr_par' dir='ltr' id='par_1_114' title="bbox 2202 4965 3784 5036">
     <span class='ocr_line' id='line_1_115' title="bbox 2202 4965 3784 5036; baseline 0.004 -18"><span class='ocrx_word' id='word_1_877' title='bbox 2202 4966 2426 5020; x_wconf 84' lang='lat' dir='ltr'><strong>veritate</strong></span> <span class='ocrx_word' id='word_1_878' title='bbox 2454 4966 2751 5020; x_wconf 87' lang='lat' dir='ltr'><strong>certissima</strong></span> <span class='ocrx_word' id='word_1_879' title='bbox 2781 4965 3072 5020; x_wconf 88' lang='lat' dir='ltr'><strong>refellatur.</strong></span> <span class='ocrx_word' id='word_1_880' title='bbox 3118 4965 3268 5032; x_wconf 88' lang='lat' dir='ltr'><strong>Quod</strong></span> <span class='ocrx_word' id='word_1_881' title='bbox 3304 4968 3348 5024; x_wconf 90' lang='lat' dir='ltr'><strong>si</strong></span> <span class='ocrx_word' id='word_1_882' title='bbox 3380 4966 3575 5024; x_wconf 87' lang='lat' dir='ltr'><strong>factum</strong></span> <span class='ocrx_word' id='word_1_883' title='bbox 3603 4970 3784 5036; x_wconf 88' lang='lat' dir='ltr'><strong>fuerit,</strong></span> 
     </span>
    </p>
   </div>
   <div class='ocr_carea' id='block_1_115' title="bbox 2205 5056 3783 5128">
    <p class='ocr_par' dir='ltr' id='par_1_115' title="bbox 2205 5056 3783 5128">
     <span class='ocr_line' id='line_1_116' title="bbox 2205 5056 3783 5128; baseline 0.001 -17"><span class='ocrx_word' id='word_1_884' title='bbox 2205 5073 2310 5111; x_wconf 87' lang='lat' dir='ltr'><strong>non</strong></span> <span class='ocrx_word' id='word_1_885' title='bbox 2341 5056 2443 5112; x_wconf 91' lang='lat' dir='ltr'><strong>hoc</strong></span> <span class='ocrx_word' id='word_1_886' title='bbox 2482 5057 2712 5112; x_wconf 84' lang='lat' dir='ltr'><strong>habebat</strong></span> <span class='ocrx_word' id='word_1_887' title='bbox 2755 5057 2932 5110; x_wconf 87' lang='lat' dir='ltr'><strong>divina</strong></span> <span class='ocrx_word' id='word_1_888' title='bbox 2963 5056 3233 5128; x_wconf 90' lang='lat' dir='ltr'><strong>Scriptura</strong></span> <span class='ocrx_word' id='word_1_889' title='bbox 3259 5100 3274 5126; x_wconf 93' lang='lat'><strong>,</strong></span> <span class='ocrx_word' id='word_1_890' title='bbox 3301 5059 3396 5114; x_wconf 89' lang='lat' dir='ltr'><strong>sed</strong></span> <span class='ocrx_word' id='word_1_891' title='bbox 3421 5058 3523 5114; x_wconf 90' lang='lat' dir='ltr'><strong>hoc</strong></span> <span class='ocrx_word' id='word_1_892' title='bbox 3547 5069 3783 5114; x_wconf 71' lang='lat' dir='ltr'><strong>senserat</strong></span> 
     </span>
    </p>
   </div>
   <div class='ocr_carea' id='block_1_116' title="bbox 2205 5146 3790 5217">
    <p class='ocr_par' dir='ltr' id='par_1_116' title="bbox 2205 5146 3790 5217">
     <span class='ocr_line' id='line_1_117' title="bbox 2205 5146 3790 5217; baseline 0.003 -17"><span class='ocrx_word' id='word_1_893' title='bbox 2205 5148 2434 5202; x_wconf 90' lang='lat' dir='ltr'><strong>humana</strong></span> <span class='ocrx_word' id='word_1_894' title='bbox 2477 5146 2791 5217; x_wconf 83' lang='lat' dir='ltr'><strong>ignorantia.</strong></span> <span class='ocrx_word' id='word_1_895' title='bbox 2839 5147 2896 5204; x_wconf 85' lang='lat' dir='ltr'><strong>Si</strong></span> <span class='ocrx_word' id='word_1_896' title='bbox 2926 5157 3101 5204; x_wconf 91' lang='lat' dir='ltr'><strong>autem</strong></span> <span class='ocrx_word' id='word_1_897' title='bbox 3130 5149 3233 5204; x_wconf 88' lang='lat' dir='ltr'><strong>hoc</strong></span> <span class='ocrx_word' id='word_1_898' title='bbox 3269 5166 3450 5205; x_wconf 88' lang='lat' dir='ltr'><strong>verum</strong></span> <span class='ocrx_word' id='word_1_899' title='bbox 3483 5166 3604 5207; x_wconf 86' lang='lat' dir='ltr'><strong>esse</strong></span> <span class='ocrx_word' id='word_1_900' title='bbox 3641 5160 3790 5207; x_wconf 85' lang='lat' dir='ltr'><strong>certa</strong></span> 
     </span>
    </p>
   </div>
   <div class='ocr_carea' id='block_1_117' title="bbox 2204 5239 3791 5304">
    <p class='ocr_par' dir='ltr' id='par_1_117' title="bbox 2204 5239 3791 5304">
     <span class='ocr_line' id='line_1_118' title="bbox 2204 5239 3791 5304; baseline 0.003 -11"><span class='ocrx_word' id='word_1_901' title='bbox 2204 5239 2344 5293; x_wconf 88' lang='lat' dir='ltr'><strong>ratio</strong></span> <span class='ocrx_word' id='word_1_902' title='bbox 2369 5239 2834 5304; x_wconf 88' lang='lat' dir='ltr'><strong>demonstraverit,</strong></span> <span class='ocrx_word' id='word_1_903' title='bbox 2877 5239 3052 5296; x_wconf 88' lang='lat' dir='ltr'><strong>adhuc</strong></span> <span class='ocrx_word' id='word_1_904' title='bbox 3073 5241 3332 5295; x_wconf 91' lang='lat' dir='ltr'><strong>incertum</strong></span> <span class='ocrx_word' id='word_1_905' title='bbox 3357 5241 3457 5296; x_wconf 93' lang='lat' dir='ltr'><strong>erit</strong></span> <span class='ocrx_word' id='word_1_906' title='bbox 3483 5251 3657 5296; x_wconf 86' lang='lat' dir='ltr'><strong>utrum</strong></span> <span class='ocrx_word' id='word_1_907' title='bbox 3683 5243 3791 5298; x_wconf 91' lang='lat' dir='ltr'><strong>hoc</strong></span> 
     </span>
    </p>
   </div>
   <div class='ocr_carea' id='block_1_118' title="bbox 2205 5329 3792 5404">
    <p class='ocr_par' dir='ltr' id='par_1_118' title="bbox 2205 5329 3792 5404">
     <span class='ocr_line' id='line_1_119' title="bbox 2205 5329 3792 5404; baseline 0.004 -18"><span class='ocrx_word' id='word_1_908' title='bbox 2205 5331 2258 5386; x_wconf 92' lang='lat' dir='ltr'><strong>in</strong></span> <span class='ocrx_word' id='word_1_909' title='bbox 2302 5331 2406 5386; x_wconf 91' lang='lat' dir='ltr'><strong>illis</strong></span> <span class='ocrx_word' id='word_1_910' title='bbox 2449 5329 2622 5386; x_wconf 85' lang='lat' dir='ltr'><strong>verbis</strong></span> <span class='ocrx_word' id='word_1_911' title='bbox 2657 5339 2964 5387; x_wconf 88' lang='lat' dir='ltr'><strong>sanctorum</strong></span> <span class='ocrx_word' id='word_1_912' title='bbox 3005 5331 3287 5388; x_wconf 90' lang='lat' dir='ltr'><strong>Librorum</strong></span> <span class='ocrx_word' id='word_1_913' title='bbox 3332 5333 3561 5404; x_wconf 90' lang='lat' dir='ltr'><strong>scriptor</strong></span> <span class='ocrx_word' id='word_1_914' title='bbox 3600 5334 3792 5392; x_wconf 82' lang='lat' dir='ltr'><strong>sentiri</strong></span> 
     </span>
    </p>
   </div>
   <div class='ocr_carea' id='block_1_119' title="bbox 2269 5461 3792 5530">
    <p class='ocr_par' dir='ltr' id='par_1_119' title="bbox 2269 5461 3792 5530">
     <span class='ocr_line' id='line_1_120' title="bbox 2269 5461 3792 5530; baseline 0.004 -18"><span class='ocrx_word' id='word_1_915' title='bbox 2269 5465 2287 5497; x_wconf 75' lang='grc' dir='ltr'>ί</span> <span class='ocrx_word' id='word_1_916' title='bbox 2311 5463 2452 5530; x_wconf 81' lang='lat' dir='ltr'><strong>Editi,</strong></span> <span class='ocrx_word' id='word_1_917' title='bbox 2474 5461 2609 5527; x_wconf 81' lang='lat' dir='ltr'><strong>ﬂatu.</strong></span> <span class='ocrx_word' id='word_1_918' title='bbox 2635 5469 2694 5530; x_wconf 78' lang='lat' dir='ltr'><strong>A_t_</strong></span> <span class='ocrx_word' id='word_1_919' title='bbox 2719 5471 2826 5516; x_wconf 75' lang='lat' dir='ltr'><strong>Mss.</strong></span> <span class='ocrx_word' id='word_1_920' title='bbox 2856 5464 3076 5518; x_wconf 87' lang='lat' dir='ltr'><strong>melioris</strong></span> <span class='ocrx_word' id='word_1_921' title='bbox 3094 5474 3224 5518; x_wconf 70' lang='lat' dir='ltr'><strong>notas</strong></span> <span class='ocrx_word' id='word_1_922' title='bbox 3255 5466 3373 5530; x_wconf 84' lang='lat' dir='ltr'><strong>fotu.</strong></span> <span class='ocrx_word' id='word_1_923' title='bbox 3409 5467 3695 5530; x_wconf 68' lang='lat' dir='ltr'><strong>Condamus</strong></span> <span class='ocrx_word' id='word_1_924' title='bbox 3730 5467 3792 5518; x_wconf 81' lang='lat' dir='ltr'><strong>ad</strong></span> 
     </span>
    </p>
   </div>
   <div class='ocr_carea' id='block_1_120' title="bbox 2206 5523 3795 5593">
    <p class='ocr_par' dir='ltr' id='par_1_120' title="bbox 2206 5523 3795 5593">
     <span class='ocr_line' id='line_1_121' title="bbox 2206 5523 3795 5593; baseline 0.006 -18"><span class='ocrx_word' id='word_1_925' title='bbox 2206 5523 2335 5576; x_wconf 84' lang='lat' dir='ltr'><strong>illam</strong></span> <span class='ocrx_word' id='word_1_926' title='bbox 2351 5523 2698 5593; x_wconf 77' lang='lat' dir='ltr'><strong>interpretandi</strong></span> <span class='ocrx_word' id='word_1_927' title='bbox 2715 5529 2950 5593; x_wconf 77' lang='lat' dir='ltr'><strong>rationem</strong></span> <span class='ocrx_word' id='word_1_928' title='bbox 2965 5531 3062 5593; x_wconf 68' lang='lat' dir='ltr'><strong>syri</strong></span> <span class='ocrx_word' id='word_1_929' title='bbox 3081 5523 3346 5593; x_wconf 76' lang='lat' dir='ltr'><strong>cujusdam,</strong></span> <span class='ocrx_word' id='word_1_930' title='bbox 3367 5542 3512 5593; x_wconf 79' lang='lat' dir='ltr'><strong>quam</strong></span> <span class='ocrx_word' id='word_1_931' title='bbox 3532 5529 3612 5579; x_wconf 83' lang='lat' dir='ltr'><strong>hic</strong></span> <span class='ocrx_word' id='word_1_932' title='bbox 3631 5529 3795 5584; x_wconf 75' lang='lat' dir='ltr'><strong>laudat</strong></span> 
     </span>
    </p>
   </div>
   <div class='ocr_carea' id='block_1_121' title="bbox 2206 5589 3606 5663">
    <p class='ocr_par' dir='ltr' id='par_1_121' title="bbox 2206 5589 3606 5663">
     <span class='ocr_line' id='line_1_122' title="bbox 2206 5589 3606 5663; baseline 0.001 -26"><span class='ocrx_word' id='word_1_933' title='bbox 2206 5589 2512 5663; x_wconf 66' lang='lat' dir='ltr'><strong>augustiuus,</strong></span> <span class='ocrx_word' id='word_1_934' title='bbox 2538 5589 2892 5663; x_wconf 58' lang='lat' dir='ltr'><strong>postbasilium</strong></span> <span class='ocrx_word' id='word_1_935' title='bbox 2908 5592 2960 5640; x_wconf 88' lang='lat' dir='ltr'><strong>in</strong></span> <span class='ocrx_word' id='word_1_936' title='bbox 2980 5589 3174 5663; x_wconf 76' lang='lat' dir='ltr'><strong>liomiiia</strong></span> <span class='ocrx_word' id='word_1_937' title='bbox 3197 5591 3227 5640; x_wconf 78' lang='grc'>2</span> <span class='ocrx_word' id='word_1_938' title='bbox 3247 5593 3297 5640; x_wconf 89' lang='lat' dir='ltr'><strong>in</strong></span> <span class='ocrx_word' id='word_1_939' title='bbox 3319 5589 3521 5663; x_wconf 64' lang='lat' dir='ltr'><strong>flexam.</strong></span> <span class='ocrx_word' id='word_1_940' title='bbox 3596 5653 3606 5663; x_wconf 83' lang='lat'>_</span> 
     </span>
    </p>
   </div>
   <div class='ocr_carea' id='block_1_122' title="bbox 2269 5650 3796 5712">
    <p class='ocr_par' dir='ltr' id='par_1_122' title="bbox 2269 5650 3796 5712">
     <span class='ocr_line' id='line_1_123' title="bbox 2269 5650 3796 5712; baseline 0.003 -14"><span class='ocrx_word' id='word_1_941' title='bbox 2269 5650 2382 5712; x_wconf 54' lang='lat' dir='ltr'><strong>{sic</strong></span> <span class='ocrx_word' id='word_1_942' title='bbox 2397 5650 2457 5699; x_wconf 92' lang='lat' dir='ltr'><strong>ad</strong></span> <span class='ocrx_word' id='word_1_943' title='bbox 2472 5651 2688 5712; x_wconf 85' lang='lat' dir='ltr'><strong>melioris</strong></span> <span class='ocrx_word' id='word_1_944' title='bbox 2709 5659 2835 5701; x_wconf 73' lang='lat' dir='ltr'><strong>notae</strong></span> <span class='ocrx_word' id='word_1_945' title='bbox 2856 5660 2962 5704; x_wconf 75' lang='lat' dir='ltr'><strong>Mss.</strong></span> <span class='ocrx_word' id='word_1_946' title='bbox 2984 5655 3316 5712; x_wconf 81' lang='lat' dir='ltr'><strong>emendamus,</strong></span> <span class='ocrx_word' id='word_1_947' title='bbox 3333 5665 3445 5702; x_wconf 75' lang='lat' dir='ltr'><strong>(mm</strong></span> <span class='ocrx_word' id='word_1_948' title='bbox 3465 5653 3514 5702; x_wconf 88' lang='lat' dir='ltr'><strong>in</strong></span> <span class='ocrx_word' id='word_1_949' title='bbox 3534 5653 3670 5712; x_wconf 85' lang='lat' dir='ltr'><strong>prius</strong></span> <span class='ocrx_word' id='word_1_950' title='bbox 3691 5653 3796 5702; x_wconf 49' lang='lat' dir='ltr'><strong>edi:</strong></span> 
     </span>
    </p>
   </div>
   <div class='ocr_carea' id='block_1_123' title="bbox 2207 5710 3795 5778">
    <p class='ocr_par' dir='ltr' id='par_1_123' title="bbox 2207 5710 3795 5778">
     <span class='ocr_line' id='line_1_124' title="bbox 2207 5710 3795 5778; baseline 0.001 -16"><span class='ocrx_word' id='word_1_951' title='bbox 2207 5712 2275 5778; x_wconf 88' lang='lat' dir='ltr'><strong>ti_s_</strong></span> <span class='ocrx_word' id='word_1_952' title='bbox 2290 5710 2544 5778; x_wconf 77' lang='lat' dir='ltr'><strong>legeretur</strong></span> <span class='ocrx_word' id='word_1_953' title='bbox 2571 5711 2678 5778; x_wconf 52' lang='lat' dir='ltr'><strong>:_~:li</strong></span> <span class='ocrx_word' id='word_1_954' title='bbox 2696 5725 2762 5762; x_wconf 73' lang='lat' dir='ltr'><strong>mi</strong></span> <span class='ocrx_word' id='word_1_955' title='bbox 2787 5715 2988 5778; x_wconf 66' lang='lat' dir='ltr'><strong>sensisse</strong></span> <span class='ocrx_word' id='word_1_956' title='bbox 3019 5715 3174 5778; x_wconf 77' lang='lat' dir='ltr'><strong>lucem</strong></span> <span class='ocrx_word' id='word_1_957' title='bbox 3201 5710 3502 5778; x_wconf 73' lang='lat' dir='ltr'><strong>corporalem</strong></span> <span class='ocrx_word' id='word_1_958' title='bbox 3525 5710 3720 5778; x_wconf 70' lang='lat' dir='ltr'><strong>factum,</strong></span> <span class='ocrx_word' id='word_1_959' title='bbox 3746 5721 3795 5764; x_wconf 77' lang='lat' dir='ltr'><strong>et</strong></span> 
     </span>
    </p>
   </div>
   <div class='ocr_carea' id='block_1_124' title="bbox 2208 5773 3794 5843">
    <p class='ocr_par' dir='ltr' id='par_1_124' title="bbox 2208 5773 3794 5843">
     <span class='ocr_line' id='line_1_125' title="bbox 2208 5773 3794 5843; baseline 0.003 -21"><span class='ocrx_word' id='word_1_960' title='bbox 2208 5773 2365 5824; x_wconf 65' lang='lat' dir='ltr'><strong>alium&#39;</strong></span> <span class='ocrx_word' id='word_1_961' title='bbox 2387 5773 2684 5843; x_wconf 71' lang='lat' dir='ltr'><strong>spiritualmn</strong></span> <span class='ocrx_word' id='word_1_962' title='bbox 2707 5788 2807 5823; x_wconf 71' lang='lat' dir='ltr'><strong>esse</strong></span> <span class='ocrx_word' id='word_1_963' title='bbox 2837 5775 2992 5828; x_wconf 82' lang='lat' dir='ltr'><strong>lucem</strong></span> <span class='ocrx_word' id='word_1_964' title='bbox 3025 5775 3075 5827; x_wconf 85' lang='lat' dir='ltr'><strong>in</strong></span> <span class='ocrx_word' id='word_1_965' title='bbox 3109 5773 3331 5828; x_wconf 68' lang='lat' dir='ltr'><strong>creatura</strong></span> <span class='ocrx_word' id='word_1_966' title='bbox 3369 5773 3609 5842; x_wconf 78' lang='lat' dir='ltr'><strong>spirituali</strong></span> <span class='ocrx_word' id='word_1_967' title='bbox 3622 5814 3636 5838; x_wconf 90' lang='lat'><strong>,</strong></span> <span class='ocrx_word' id='word_1_968' title='bbox 3663 5777 3794 5841; x_wconf 72' lang='lat' dir='ltr'><strong>quod</strong></span> 
     </span>
    </p>
   </div>
   <div class='ocr_carea' id='block_1_125' title="bbox 2208 5838 2830 5893">
    <p class='ocr_par' dir='ltr' id='par_1_125' title="bbox 2208 5838 2830 5893">
     <span class='ocr_line' id='line_1_126' title="bbox 2208 5838 2830 5893; baseline 0.005 -9"><span class='ocrx_word' id='word_1_969' title='bbox 2208 5846 2369 5888; x_wconf 77' lang='lat' dir='ltr'><strong>nostra</strong></span> <span class='ocrx_word' id='word_1_970' title='bbox 2387 5838 2512 5893; x_wconf 75' lang='lat' dir='ltr'><strong>ﬁdes</strong></span> <span class='ocrx_word' id='word_1_971' title='bbox 2534 5850 2625 5888; x_wconf 78' lang='lat' dir='ltr'><strong>non</strong></span> <span class='ocrx_word' id='word_1_972' title='bbox 2650 5840 2830 5888; x_wconf 41' lang='lat' dir='ltr'><strong>dullttul</strong></span> 
     </span>
    </p>
   </div>
  </div>
