4056 6510
245 400 340 457 26!

248 509 507 576 voluerit,
536 499 606 563 an
630 506 774 562 aliud
795 501 991 574 aliquid
1021 516 1125 556 non
1170 513 1346 555 minus
1368 513 1572 554 verum.
1599 498 1749 564 Quod
1779 499 1824 552 si

247 613 443 657 uetera
464 599 736 655 contextio
764 593 1026 651 sermonis
1046 607 1151 647 non
1178 591 1279 645 hoc
1302 604 1422 645 eum
1450 580 1677 644 voluisse
1701 602 1826 657 pro-

246 692 471 755 baverit,
500 705 607 744 non
626 688 746 742 ideo
770 684 961 740 falsum
984 683 1086 738 erit
1109 680 1269 745 aliud,
1300 679 1442 751 quod
1470 680 1581 749 ipse
1606 677 1821 745 intelligi

243 782 450 846 voluit;
479 779 577 835 sed
602 789 655 833 et
680 792 881 839 verum,
918 783 971 829 et
995 772 1137 843 quod
1159 772 1339 826 utilius
1366 777 1732 841 cognoscatur.
1771 767 1826 822 Si

248 879 424 924 autem
453 866 724 924 contextio
750 864 1038 933 Scriptum
1067 861 1168 916 hoc
1192 860 1423 915 voluisse
1447 858 1664 928 intelligi
1694 856 1828 911 seri-

246 969 459 1029 ptorem
500 972 610 1011 non
656 952 1061 1025 repugnaverit,
1106 950 1281 1005 adhuc
1329 949 1549 1004 restabit
1591 960 1830 1017 quaerere

246 1059 429 1102 utrum
456 1054 511 1101 et
537 1044 679 1099 aliud
700 1058 806 1098 non
830 1040 1077 1112 potuerit.
1110 1039 1263 1107 Quod
1286 1038 1332 1094 si
1359 1046 1414 1093 et
1433 1037 1572 1092 aliud
1595 1035 1830 1106 potuisse

249 1136 615 1193 invenerimus
638 1176 656 1201 ,
700 1135 962 1189 incertum
997 1131 1099 1185 erit
1125 1128 1374 1199 quidnam
1400 1142 1584 1183 eorum
1618 1127 1704 1181 ille
1730 1139 1828 1179 vo-

241 1228 410 1286 tuerit
443 1244 459 1282 :
486 1236 542 1282 et
571 1235 857 1295 utrumque
890 1222 1076 1279 sentiri
1106 1220 1341 1276 voluisse
1362 1259 1378 1286 ,
1424 1234 1530 1273 non
1578 1218 1833 1272 inconve-

244 1323 465 1373 nienter
502 1315 772 1382 creditur.
820 1313 865 1369 si
894 1312 1102 1382 utrique
1121 1309 1399 1367 sententiae
1436 1317 1580 1364 certa
1607 1308 1834 1363 circum-

245 1410 450 1464 etantia
476 1408 813 1480 suﬂ‘ragatur.

320 1500 413 1556 '59.
458 1500 775 1567 Plerumque
813 1496 956 1553 enim
1005 1492 1197 1551 accidit
1232 1500 1290 1547 ut
1321 1490 1517 1561 aliquid
1558 1490 1626 1546 de
1663 1497 1829 1554 terra,

252 1590 321 1646 de
349 1590 513 1655 ccelo,
542 1588 610 1644 de
633 1587 840 1643 czeteris
860 1584 1041 1640 mundi
1069 1582 1228 1654 hujus
1253 1582 1561 1646 elementis,
1594 1580 1659 1635 de
1686 1585 1834 1634 motu

252 1690 306 1737 et
346 1678 702 1735 conversione
743 1677 826 1732 vel
862 1677 1022 1731 etiam
1050 1672 1413 1744 magnitudine
1443 1681 1497 1726 et
1539 1669 1834 1726 intervallis

254 1773 493 1828 siderum
520 1812 537 1837 ,
581 1770 648 1825 de
676 1768 839 1825 certis
862 1766 1151 1823 defectibus
1176 1765 1303 1820 solis
1327 1779 1389 1818 ac
1425 1762 1594 1828 lunae,
1633 1762 1702 1817 de
1727 1761 1834 1816 cir-

253 1862 489 1916 cuitibus
508 1875 769 1914 annorum
784 1867 838 1913 et
857 1866 1176 1927 temporum,
1205 1856 1272 1909 de
1293 1853 1490 1909 naturis
1505 1853 1832 1920 animalium,

256 1952 509 2006 fruticum
533 1991 551 2017 ,
581 1949 811 2019 lapidum
838 1987 853 2014 ,
881 1956 1042 2017 atque
1072 1943 1371 2015 hujusmodi
1400 1942 1605 1998 cmleris
1627 1983 1642 2008 ,
1675 1942 1835 1996 etiam

258 2056 368 2097 non
396 2041 727 2096 cbristianus
746 2038 817 2093 ita
844 2038 1051 2093 noverit
1070 2077 1084 2100 ,
1112 2043 1170 2090 ut
1192 2035 1483 2091 certissima
1512 2032 1720 2088 ratione
1749 2031 1835 2087 vel

257 2133 588 2203 experientia
634 2139 828 2187 teneat.
864 2128 1044 2199 Turpe
1077 2135 1160 2182 est
1182 2136 1356 2182 autem
1388 2124 1546 2179 nimis
1574 2134 1627 2179 et
1649 2123 1836 2195 perni-

254 2224 462 2279 ciosum
491 2237 555 2277 ac
590 2221 818 2275 maxime
838 2218 1159 2284 cavendum,
1188 2224 1247 2270 ut
1267 2214 1612 2269 christianum
1639 2213 1708 2268 de
1751 2212 1838 2267 his

261 2314 425 2369 rebus
449 2311 601 2383 quasi
621 2309 911 2366 secundum
932 2307 1249 2363 cbristianas
1263 2304 1490 2360 Litteras
1512 2303 1836 2373 loquentem,

262 2407 335 2460 ita
362 2404 594 2459 delirare
615 2401 838 2473 quilibet
862 2399 1088 2455 infidelis
1112 2397 1323 2463 audiat,
1363 2404 1421 2450 ut
1444 2435 1458 2457 ,
1490 2392 1839 2464 quemadmo-

262 2496 390 2550 dum
417 2495 643 2561 dicitur,
674 2501 787 2547 toto
811 2492 949 2548 caelo
975 2504 1154 2546 errare
1181 2487 1533 2558 conspiciens,
1564 2486 1729 2542 risum
1758 2494 1839 2541 te-

258 2602 388 2642 nere
414 2587 501 2640 vix
532 2586 716 2655 possit.
766 2584 836 2639 Et
865 2598 969 2639 non
996 2591 1102 2636 tam
1128 2582 1405 2635 molestum
1429 2588 1531 2646 est,
1576 2578 1716 2649 quod
1754 2593 1843 2633 cr-

258 2692 387 2733 rans
414 2677 574 2732 homo
593 2676 883 2742 deridetur,
926 2674 1021 2729 sed
1045 2672 1183 2743 quod
1213 2678 1454 2726 auctores
1480 2670 1645 2725 nostri
1671 2670 1739 2724 ab
1763 2669 1842 2724 eis

261 2769 354 2838 qui
380 2767 513 2823 foris
538 2775 680 2834 sunt,
708 2767 830 2821 talia
859 2767 1088 2820 sensisse
1104 2763 1409 2827 creduntur,
1436 2772 1629 2818 etcum
1649 2775 1843 2831 magno

262 2873 452 2913 eorum
480 2858 643 2913 exitio
667 2856 736 2911 de
772 2870 995 2926 quorum
1022 2854 1191 2909 salute
1219 2854 1507 2923 satagimus
1527 2892 1542 2918 ,
1588 2860 1839 2921 tanquam

263 2947 465 3003 indocti
493 2946 954 3017 reprehenduntur
983 2954 1140 3015 atque
1165 2952 1510 3013 respuuntur.
1539 2941 1672 2997 Cum
1699 2941 1840 2997 enim

263 3053 587 3109 quemquam
611 3038 679 3093 de
718 3051 942 3092 numero
980 3035 1404 3091 Christianorum
1430 3034 1482 3089 in
1507 3048 1569 3089 ea
1599 3048 1659 3087 re
1685 3046 1843 3103 quam

267 3130 473 3200 optime
512 3138 750 3193 norunt,
801 3143 983 3184 errare
1025 3126 1508 3197 deprehenderint,
1559 3135 1614 3180 et
1652 3142 1841 3178 vanam

265 3224 588 3276 sententiam
609 3235 757 3275 suam
773 3218 840 3274 de
866 3218 1061 3273 nostris
1080 3218 1251 3272 Libris
1264 3230 1535 3282 asserere;
1560 3232 1666 3286 quo
1692 3224 1843 3284 pacto

262 3311 371 3367 illis
384 3310 559 3366 Libris
573 3310 824 3366 credituri
839 3318 984 3377 sunt,
1005 3309 1073 3365 de
1087 3310 1469 3364 resurrectione
1489 3318 1818 3363 mortuorum
1829 3349 1843 3375 ,

266 3413 326 3457 et
353 3403 422 3458 de
444 3417 539 3473 spe
576 3403 697 3457 vitae
731 3410 945 3457 aeternae
967 3442 983 3467 ,
1026 3416 1294 3472 regnoque
1322 3401 1604 3467 caelorum,
1636 3402 1846 3470 quando

266 3493 337 3548 de
366 3492 452 3547 his
474 3493 639 3547 rebus
657 3507 789 3562 quas
810 3493 921 3561 jam
945 3492 1195 3563 experiri,
1224 3492 1307 3546 vel
1334 3491 1637 3546 indubitatis
1661 3507 1852 3546 nume-

266 3585 349 3638 ris
390 3584 673 3653 percipere
719 3592 1039 3653 potuerunt,
1090 3582 1347 3637 fallaciter
1388 3584 1686 3651 putaverint
1730 3597 1849 3637 esse

269 3674 642 3744 conscriptos?
669 3674 802 3741 Quid
823 3674 962 3728 enim
982 3673 1237 3729 molestiae
1253 3673 1587 3743 tristitiaeque
1610 3672 1851 3743 ingerent

274 3764 633 3833 prudentibus
660 3763 909 3819 fratribus
936 3763 1199 3818 temerarii
1232 3772 1638 3832 praesumptores
1661 3804 1675 3827 ,
1722 3764 1851 3818 satis

275 3854 385 3908 dici
408 3869 515 3908 non
543 3863 737 3925 potest,
765 3869 885 3909 cum
912 3854 957 3907 si
980 3850 1192 3924 quando
1216 3852 1282 3907 de
1307 3867 1464 3922 prava
1498 3864 1551 3907 et
1581 3852 1707 3907 falsa
1733 3855 1850 3922 opi-

270 3946 438 4001 nione
478 3962 573 4000 sua
610 3946 968 4016 reprehendi,
1018 3954 1073 3999 et
1108 3943 1347 3999 convinci
1376 3946 1634 4014 coeperint
1676 3945 1742 4000 ab
1772 3945 1853 4001 eis

266 4034 366 4105 qui
394 4044 698 4091 nostrorum
741 4036 1020 4092 Librorum
1069 4036 1381 4090 auctoritate
1426 4052 1531 4091 non
1580 4044 1848 4102 tenentur,

266 4126 341 4181 ad
370 4126 757 4183 defendendum
787 4128 841 4183 id
865 4128 1005 4199 quod
1027 4127 1294 4184 levissima
1310 4128 1607 4185 temeritate
1630 4138 1684 4185 et
1701 4145 1857 4201 aper—

272 4218 484 4274 tissima
527 4218 756 4275 falsitate
805 4220 1088 4286 dixerunt,
1133 4220 1349 4277 eosdem
1397 4221 1584 4276 Libros
1620 4232 1851 4291 sanctos,

275 4308 427 4366 unde
450 4308 502 4365 id
527 4310 770 4380 probent,
798 4312 1036 4382 proferre
1055 4321 1330 4377 conantur,
1358 4312 1441 4367 vel
1471 4313 1629 4367 etiam
1654 4328 1858 4369 memo-

272 4397 413 4453 riter
434 4439 451 4466 ,
477 4415 595 4469 quae
619 4400 683 4455 ad
710 4401 1069 4457 testimonium
1100 4402 1279 4457 valere
1306 4402 1650 4471 arbitrantur,
1690 4405 1853 4459 multa

273 4487 404 4543 inde
442 4490 601 4545 verba
626 4491 989 4560 pronuntiant,
1021 4506 1126 4545 non
1156 4490 1512 4561 intelligentes
1540 4507 1711 4563 neque
1736 4509 1855 4564 qua:
1886 4477 1895 4487 ’

275 4577 599 4648 loquuntur,
629 4580 898 4651 neque'de
926 4581 1115 4652 quibus
1140 4579 1407 4635 affirmant
1432 4582 1475 4653 (l
1501 4580 1639 4636 Tim.
1669 4597 1709 4650 ι,
1739 4582 1817 4656 7).

272 4685 507 4744 CAPUT
546 4687 664 4743 XX.
691 4719 766 4731 —
808 4689 1038 4746 Genesim
1074 4708 1166 4747 cur
1199 4693 1859 4764 interpretetur_sententias

370 4778 549 4843 varias
564 4780 867 4851 proferendo
887 4823 903 4849 ,
932 4798 1034 4836 non
1064 4782 1291 4851 aliquam
1318 4799 1474 4837 unam
1498 4784 1783 4838 asserenda.

348 4870 440 4924 ιο.
470 4870 553 4925 Ad
589 4869 694 4925 hoc
719 4872 861 4926 enim
892 4873 1331 4929 considerandum
1361 4885 1416 4930 et
1449 4875 1855 4945 observandum,

276 4958 473 5014 librum
499 4961 516 4993 ³
544 4958 817 5016 ϐθηωθοε
844 4962 1219 5032 multipliciter,
1251 4973 1505 5035 quantum
1530 4964 1699 5036 potui,
1726 4983 1860 5021 enu-

278 5049 480 5117 cleari,
526 5050 827 5121 protuiique
870 5053 1163 5108 sententias
1198 5053 1265 5109 de
1291 5053 1468 5109 verbis
1504 5054 1570 5109 ad
1599 5056 1858 5110 exercita-

280 5139 479 5193 tionem
508 5150 747 5195 nostram
778 5139 1006 5197 obscure
1036 5142 1259 5212 positis;
1306 5158 1411 5198 non
1457 5143 1653 5215 aliquid
1696 5161 1858 5200 unum

280 5237 485 5285 temere
503 5229 778 5285 affirmans
799 5246 921 5287 cum
948 5230 1255 5302 praajudieio
1279 5233 1496 5289 alterius
1516 5237 1860 5305 expositionis

279 5315 509 5374 fortasse
536 5317 812 5389 melioris,
859 5314 919 5376 ut.
957 5336 1054 5392 pro
1085 5336 1181 5377 suo
1210 5323 1423 5379 modulo
1449 5326 1605 5396 eligat
1638 5327 1860 5398 quisque

282 5406 425 5475 quod
445 5424 641 5479 capere
664 5411 835 5480 possit
865 5428 879 5466 :
910 5412 998 5467 ubi
1019 5422 1194 5468 autem
1224 5413 1515 5486 intelligere
1540 5431 1646 5471 non
1667 5426 1857 5486 potest,

280 5497 574 5570 Scriptum
604 5502 700 5557 Dei
726 5501 817 5558 det
841 5502 1132 5574 honorem,
1177 5504 1277 5560 sibi
1306 5506 1567 5564 timorem.
1608 5509 1713 5566 Sed
1740 5526 1860 5567 cum

338 5701 356 5730 ι
380 5704 431 5746 ω
450 5704 522 5757 8.,
544 5695 691 5762 libri;
710 5701 875 5750 caeteri
901 5702 1034 5762 editi,
1061 5700 1251 5765 librum,
1274 5704 1549 5755 concinntus

1543 384 1739 440 LIBER
1778 382 2041 439 PRIMUS.

3398 388 3501 446 269.

1939 504 2041 548 tam
2075 494 2249 548 multis
2270 494 2495 548 exitibus
2516 496 2671 549 verba
2688 496 2969 566 Scripturae
2995 513 3111 568 qua:
3134 503 3498 571 tractavimus,

1935 591 2262 652 cxponantur
2284 624 2299 649 ,
2344 584 2623 641 cohibeant
2650 600 2707 640 se
2742 587 2952 642 tandem
2988 590 3077 659 qui
3102 591 3291 647 litteris
3332 593 3498 649 inﬂati

1934 674 2271 727 scecularibus
2312 672 2426 729 hmo
2464 676 2534 729 ita
2579 677 2743 745 posita
2767 718 2781 741 ,
2815 686 2871 731 ut
2899 681 3072 733 omnia
3104 682 3187 749 pia
3216 683 3372 737 corda
3403 700 3473 739 nn

1935 763 2112 829 triant,
2135 763 2278 817 velut
2303 763 2599 834 imperitum
2621 774 2776 834 atque
2798 767 3094 837 impolitum
3114 769 3307 840 aliquid
3327 775 3506 842 exagi-

1936 858 2083 917 tant;
2116 854 2231 907 sine
2267 855 2453 922 pennis
2483 854 2533 909 in
2565 864 2706 910 terra
2733 866 3000 926 reptantes
3023 900 3037 923 ,
3070 869 3123 913 et
3151 861 3323 916 volatu
3352 879 3477 917 rana

1944 958 2062 997 rum
2090 945 2107 975 ¹
2153 944 2326 996 avium
2373 943 2523 998 nidos
2574 945 2871 1002 irridentes.
2930 948 3280 1005 Periculosius
3327 962 3503 1007 autem

1935 1045 2114 1091 errant
2155 1035 2365 1106 quidam
2402 1036 2594 1090 infirmi
2634 1035 2857 1107 fratres,
2889 1040 2977 1109 qui
3005 1054 3124 1095 cum
3156 1042 3289 1098 istos
3313 1043 3504 1113 impios

1936 1127 2003 1182 de
2026 1127 2317 1184 caelestium
2347 1142 2629 1199 corporum
2661 1131 2926 1197 numeris,
2970 1133 3052 1186 vel
3085 1132 3151 1188 de
3188 1134 3507 1204 quibuslibet

1937 1216 2321 1271 elementorum
2350 1218 2528 1271 mundi
2556 1217 2713 1288 hujus
2751 1222 3129 1289 qurestionibus
3165 1224 3426 1279 subtiliter
3450 1236 3503 1280 et

1936 1308 2151 1377 copiose
2193 1308 2459 1364 disserere
2499 1311 2757 1379 audiunt,
2797 1324 3154 1380 evanescunt;
3200 1326 3252 1371 et
3280 1332 3372 1371 eos
3408 1319 3505 1372 sibi

1936 1412 2056 1452 cum
2082 1399 2311 1468 suspirio
2338 1411 2706 1469 praeponentes
2725 1443 2741 1468 ,
2786 1409 2844 1457 et
2871 1419 3090 1473 magnos
3122 1414 3386 1475 putantes,
3418 1412 3509 1461 sa-‘

1938 1487 2245 1543 luberrima:
2286 1488 2494 1558 pietatis
2523 1490 2710 1545 Libros
2734 1507 2854 1546 cum
2882 1493 3090 1549 fastidio
3133 1505 3376 1566 repetunt
3456 1512 3509 1555 et

1937 1591 2074 1646 quos
2112 1576 2337 1632 dulciter
2365 1578 2577 1635 haurire
2621 1579 2879 1635 deberent
2905 1624 2919 1647 ,
2956 1583 3040 1636 vix
3069 1584 3331 1652 patienter
3355 1588 3484 1640 attin

1937 1675 2101 1736 gunt;
2143 1682 2173 1721 a
2202 1668 2396 1738 segetis
2440 1670 2723 1738 asperitate
2751 1670 3117 1738 abhorrentes,
3163 1682 3217 1728 et
3240 1674 3505 1743 spinarum

1938 1760 2159 1817 ﬂoribus
2207 1761 2488 1818 inhiantes.
2544 1761 2657 1817 Non
2701 1764 2841 1818 enim
2890 1772 3077 1818 vacant
3127 1765 3306 1820 videre
3352 1782 3509 1835 quam

1939 1852 2115 1908 suavis
2142 1861 2224 1909 est
2249 1856 2502 1910 Dominus
2533 1853 2701 1926 (Psal.
2730 1871 2932 1921 xxnu,
2962 1856 3057 1925 9),
3089 1873 3188 1913 nec
3213 1859 3264 1912 in
3294 1860 3512 1914 sabbato

1940 1945 2204 2011 esuriunt;
2252 1954 2409 2016 atque
2434 1945 2554 2000 ideo
2576 1946 2708 2015 pigri
2736 1954 2893 2013 sunt,
2942 1955 3207 2016 potestate
3233 1964 3262 2001 a
3292 1949 3514 2002 Domino

1941 2035 2141 2089 sabbati
2168 2046 2402 2104 accepta,
2436 2036 2631 2091 vellere
2657 2038 2849 2105 spicas,
2881 2046 2940 2092 et
2961 2039 3156 2093 tamdiu
3180 2039 3377 2093 versari
3401 2054 3511 2093 ma-

1942 2126 2097 2179 nibus
2119 2166 2135 2193 ,
2179 2128 2538 2196 contritasque
2582 2142 2834 2199 purgare,
2887 2128 3058 2186 donec
3090 2130 3158 2186 ad
3184 2146 3360 2186 escam
3388 2146 3513 2202 per-

1940 2218 2155 2271 veniant
2182 2218 2393 2284 (Matth.
2422 2234 2521 2282 xu,
2558 2220 2632 2292 f).

1942 2309 2165 2365 CAPUT
2182 2309 2397 2365 XXI.—
2410 2310 2534 2375 Qui:
2548 2314 2740 2381 fructus
2757 2313 3040 2381 hujusmodi
3068 2314 3509 2385 interpretationis,

2351 2417 2451 2472 qua
2486 2402 2614 2455 nihil
2642 2412 2823 2456 temere
2845 2406 3101 2457 asseritur.

2013 2493 2102 2547 4i.
2129 2492 2276 2547 Dicet
2301 2493 2490 2563 aliquis
2522 2510 2536 2547 :
2565 2492 2701 2561 Quid
2725 2502 2779 2548 tu
2810 2502 2951 2549 tanta
2976 2498 3157 2551 tritura
3186 2498 3515 2560 dissertatio-

1943 2584 2027 2638 nis
2052 2584 2227 2653 hujus,
2254 2584 2377 2654 quid
2417 2599 2699 2654 granorum
2745 2585 2976 2640 exuisti?
3013 2588 3137 2656 quid
3179 2589 3514 2644 eventilasti?

1943 2674 2050 2729 Cur
2064 2673 2440 2744 propemedum
2471 2673 2525 2728 in
2542 2674 2918 2743 qumstionihus
2939 2675 3288 2732 adhuclatent
3302 2680 3476 2733 omnia
3494 2681 3517 2733 ?

1946 2765 2165 2820 Affirma
2213 2766 2411 2834 aliquid
2466 2779 2650 2821 eorum
2702 2781 2820 2835 qua:
2878 2768 3040 2821 multa
3089 2783 3247 2838 posse
3302 2770 3517 2840 intelligi

1944 2856 2238 2926 disputasti.
2263 2854 2359 2911 Cui
2388 2855 2687 2925 respondeo
2709 2897 2724 2920 ,
2758 2856 2823 2910 ad
2854 2872 2974 2911 eum
3015 2859 3184 2927 ipsum
3214 2874 3301 2915 me
3342 2860 3516 2914 cibum

1944 2947 2175 3002 suaviter
2202 2948 2506 3016 pervenisse
2522 2988 2539 3011 ,
2571 2963 2675 3018 quo
2699 2947 2857 3003 didici
2884 2964 2987 3004 non
3013 2950 3216 3005 haerere
3240 2952 3437 3007 homini
3465 2954 3519 3007 in

1944 3039 2318 3111 respondendo
2357 3040 2645 3095 secundum
2690 3040 2843 3095 fidem
2869 3081 2883 3105 ,
2922 3041 3060 3111 quod
3096 3043 3520 3112 respondendum

1947 3142 2028 3184 est
2055 3130 2355 3185 hominibus
2374 3131 2462 3199 qui
2483 3130 2790 3185 calumniari
2817 3130 2989 3186 Libris
3013 3141 3207 3187 nostra:
3234 3134 3420 3188 salutis
3445 3134 3522 3188 af~

1946 3218 2177 3286 fectant;
2207 3232 2262 3275 ut
2284 3222 2534 3292 quidquid
2576 3222 2672 3291 ipsi
2712 3222 2780 3277 de
2809 3231 2994 3278 natura
3031 3239 3207 3279 rerum
3247 3227 3523 3282 veracibus

1946 3311 2282 3366 documentis
2304 3312 2668 3367 demonstrare
2694 3312 2997 3382 potuerint,
3039 3314 3381 3368 ostendamus
3421 3332 3521 3369 no-

1948 3403 2074 3457 stris
2102 3402 2315 3457 Litteris
2361 3417 2463 3456 non
2506 3417 2623 3457 esse
2664 3404 3008 3458 contrarium.
3043 3405 3303 3475 Quidquid
3350 3415 3524 3461 autem

1949 3492 2015 3547 de
2045 3492 2365 3562 quibuslibet
2403 3494 2512 3547 suis
2550 3493 2908 3548 voluminibus
2943 3494 3024 3549 his
3052 3496 3247 3551 nostris
3271 3498 3483 3553 Litteris
3504 3536 3523 3565 ,

1950 3582 2002 3637 id
2024 3591 2104 3637 est
2127 3583 2400 3637 catholicae
2427 3582 2545 3637 fidei
2575 3584 2895 3638 contrarium
2929 3586 3284 3654 protulerint,
3314 3599 3401 3642 aut
3424 3590 3525 3643 ali-

1950 3690 2051 3740 qua
2093 3672 2252 3727 etiam
2292 3671 2540 3728 facultate
2567 3674 2946 3740 ostendamus,
2995 3682 3082 3728 aut
3130 3676 3273 3730 nulla
3316 3678 3525 3732 dubita-

1954 3762 2096 3816 tione
2116 3762 2393 3817 credamus
2418 3778 2535 3818 esse
2556 3762 2899 3819 falsissimum
2922 3781 2935 3818 :
2964 3774 3121 3835 atque
3152 3766 3220 3820 ita
3248 3776 3525 3825 teneamus

1953 3853 2292 3909 Mediatorem
2322 3864 2588 3920 nostrum,
2623 3856 2674 3908 in
2700 3870 2805 3924 quo
2834 3866 2958 3909 sunt
2977 3871 3162 3910 omnes
3188 3857 3419 3912 thesauri
3446 3876 3548 3914 saw

1954 3944 2163 4013 pientis:
2198 3954 2354 4014 atque
2390 3944 2623 3998 scientia:
2650 3943 2947 3999 absconditi
2973 3944 3188 4015 (Coloss.
3234 3962 3304 4011 tt,
3349 3948 3401 4018 ‘5)
3422 3990 3434 4011 ,
3469 3955 3525 4003 ut

1954 4049 2128 4104 neque
2154 4033 2299 4088 falsa:
2328 4034 2672 4103 philoSOpbite
2710 4033 3028 4103 loquacitate
3065 4037 3398 4102 seducamur,
3432 4054 3525 4094 nec

1954 4140 2057 4193 que
2094 4124 2237 4178 falsa:
2276 4125 2545 4194 religionis
2569 4126 2943 4193 superstitione
2971 4134 3281 4182 terreamur.
3309 4129 3376 4183 Et
3407 4145 3526 4185 cum

1955 4215 2162 4269 divinos
2190 4215 2375 4270 Libros
2406 4215 2628 4285 legimus
2663 4216 2716 4269 in
2748 4224 2890 4269 tanta
2921 4216 3253 4273 multitudine
3280 4234 3523 4275 verorum

1956 4306 2316 4360 intellectuum
2334 4348 2347 4369 ,
2374 4307 2462 4377 qui
2486 4306 2552 4361 de
2580 4306 2761 4377 paucis
2782 4307 2960 4363 verbis
2985 4314 3264 4376 eruuntur,
3308 4319 3363 4364 et
3391 4314 3526 4366 sani-

1956 4406 2064 4452 tate
2088 4398 2360 4453 cathoiica:
2387 4398 2507 4453 fidei
2535 4400 2858 4465 muniuntur,
2893 4399 2946 4453 id
2975 4398 3306 4468 potissimum
3331 4402 3532 4471 deliga.

1957 4502 2105 4555 mus,
2135 4488 2277 4557 quod
2310 4498 2514 4543 certum
2534 4489 2836 4559 apparuerit
2858 4504 2977 4543 eum
3007 4490 3237 4545 sensisse
3265 4506 3421 4561 quem
3450 4493 3535 4546 le-

1955 4580 2165 4649 gimus;
2197 4581 2241 4634 si
2266 4588 2442 4635 autem
2467 4582 2565 4635 hoc
2586 4581 2739 4647 latet,
2774 4581 2827 4636 id
2848 4590 2992 4636 certe
3014 4581 3155 4653 quod
3184 4583 3538 4640 circumstan-

1961 4671 2030 4724 tia
2072 4670 2356 4739 Scripturae
2385 4685 2488 4723 non
2517 4670 2768 4739 impedit,
2794 4679 2846 4724 et
2873 4686 2992 4725 cum
3018 4688 3148 4727 sana
3177 4673 3280 4730 fide
3306 4691 3537 4731 concor-

1960 4763 2086 4817 dat:
2118 4764 2161 4816 si
2185 4773 2360 4816 autcm
2395 4772 2450 4817 et
2476 4762 2762 4831 Scriptura:
2789 4764 3186 4821 circumstantia
3224 4771 3537 4836 pertractari

1958 4867 2023 4909 ac
2061 4852 2249 4907 discuti
2293 4867 2397 4907 non
2435 4861 2637 4921 potest,
2680 4853 2869 4909 saltem
2915 4853 2966 4908 id
3007 4855 3178 4910 solum
3220 4866 3360 4927 quod
3404 4858 3536 4914 fides

1958 4956 2086 4997 sana
2111 4942 2424 5012 praescribit.
2448 4942 2602 4997 Aliud
2626 4951 2709 4998 est
2727 4945 2868 4998 enim
2890 4945 3016 5014 quid
3044 4946 3374 5015 potissimum
3405 4948 3536 5002 scri-

1960 5042 2081 5103 ptor
2119 5034 2345 5089 senserit
2388 5049 2494 5088 non
2538 5033 2881 5105 dignoscere,
2915 5036 3057 5091 aliud
3093 5047 3268 5093 autem
3298 5054 3326 5092 a
3353 5040 3535 5109 regula

1963 5125 2170 5195 pictatis
2196 5140 2396 5180 errare.
2424 5126 2480 5181 Si
2519 5133 2800 5197 utrumque
2842 5128 3054 5193 vitetur,
3097 5128 3326 5199 perfecte
3351 5143 3411 5184 se
3438 5130 3540 5183 bao

1962 5217 2054 5272 bet
2077 5216 2279 5273 fructus
2312 5218 2533 5287 legentis
2559 5236 2573 5274 :
2595 5218 2639 5271 si
2668 5234 2796 5273 vero
2820 5228 3100 5289 utrumque
3127 5220 3278 5275 vitari
3304 5236 3412 5277 non
3444 5236 3545 5292 po.-

1964 5318 2103 5376 test,
2138 5311 2295 5365 etiam
2341 5311 2385 5364 si
2442 5312 2686 5366 voluntas
2720 5313 2991 5382 scriptoris
3031 5313 3229 5369 incerta
3274 5314 3345 5369 sit
3391 5328 3543 5369 sam»

1964 5401 2089 5457 fidei
2116 5416 2403 5472 congruam
2448 5418 2554 5456 non
2584 5402 2768 5458 inutile
2804 5411 2886 5459 est
2920 5404 3124 5461 eruisse
3150 5404 3172 5437 ⁸
3198 5405 3516 5460 sententiam

2033 5572 2047 5603 ί
2077 5570 2214 5629 i.ov.,
2231 5569 2571 5635 vehiturarum.
2588 5570 2644 5621 Et
2660 5560 2766 5623 alite
2785 5572 3026 5625 ediuones
3041 5576 3093 5622 et
3106 5552 3276 5634 magna
3292 5584 3364 5635 pa.
3379 5584 3402 5619 s
3422 5570 3546 5623 Mss:

1966 5633 2163 5692 habent,
2190 5633 2347 5681 volatu
2372 5644 2617 5683 ranarum.

2026 5694 2048 5728 ³
2071 5695 2149 5745 Sic
2176 5694 2290 5745 Mss.
2312 5693 2375 5745 At
2398 5696 2540 5757 editi,
2566 5702 2791 5746 tenuisse.
