4056 6458
518 393 624 450 283

524 481 3734 514 ΜῊ

1451 384 1538 438 DE
1577 379 1823 440 GENESI
1868 377 1958 432 AD
2000 376 2368 443 LITTERAM,
2413 375 2471 430 S.
2513 373 2874 431 AUGUSTINI

3692 376 3797 440 964

1437 542 1917 652 LIBER
1993 539 2177 646 SE
2195 537 2645 692 cum)
2670 538 2843 644 US
2863 678 2872 688 ,ἱ

581 747 649 789 ne
673 750 734 787 eo
755 735 883 787 quod
904 735 1132 797 scriptum
1156 739 1230 782 est
1246 743 1348 792 cap.
1376 729 1420 788 l,
1447 741 1570 778 vers.
1595 725 1660 775 ϐε
1686 731 1741 798 Et
1757 724 1882 798 dixit
1911 720 2185 798 Deus,
2205 719 2696 798 ﬁrmamen‘lumnetc.
2712 731 2923 798 Lusque
2950 717 3010 768 ad
3033 731 3160 768 vers.
3191 718 3250 768 t9
3277 732 3289 767 :
3314 725 3370 768 Et
3392 720 3574 782 factum
3593 727 3666 771 est
3696 734 3798 772 ves-

1526 801 1660 852 pere,
1681 796 1776 837 etc.
1801 779 2103 836 b‘onnullain
2126 779 2221 831 ﬁne
2245 783 2410 831 contra
2430 779 2778 829 Genethliacos.

1947 877 2368 909 ..---οο.---.

521 1010 748 1068 CAPUT
769 1004 1051 1066 PRIMUM.
1071 1033 1142 1044 -—
1165 1001 1565 1058 Firmamentum
1592 999 1645 1052 in
1667 997 1828 1050 medio
1857 1005 2104 1063 aquarum

596 1101 734 1172 quid.
796 1101 964 1169 Aquas
1019 1110 1174 1165 supra
1222 1091 1469 1146 sidereum
1514 1088 1694 1143 caelum
1743 1102 1848 1140 esse
1890 1082 2104 1150 quidam

598 1201 797 1264 negant.

599 1286 651 1338 1.
682 1281 748 1336 Et
777 1280 903 1334 dixit
928 1277 1098 1342 Deus,
1131 1275 1251 1330 Fiat
1274 1276 1642 1347 ﬁrmamentum
1673 1272 1726 1325 in
1759 1270 1924 1324 medio
1951 1283 2108 1338 aqua-

527 1392 676 1440 rum,
700 1382 746 1428 et
770 1373 835 1427 sit
855 1370 1081 1424 dividens
1117 1370 1244 1423 inter
1269 1383 1452 1436 aquam
1489 1375 1533 1420 et
1572 1380 1754 1435 aquam
1799 1378 1818 1416 :
1861 1369 1906 1414 et
1941 1361 2012 1414 sic
2037 1366 2107 1412 est

530 1470 736 1530 factum.
784 1463 850 1517 Et
891 1463 1011 1533 fecit
1053 1460 1189 1514 Deus
1233 1461 1633 1529 ﬁrmamentum,
1677 1463 1724 1508 et
1763 1453 1929 1506 diuisit
1969 1449 2108 1503 Deus

529 1561 658 1613 inter
672 1571 856 1626 aquam
867 1569 978 1625 quin
1001 1561 1104 1607 erat
1129 1552 1265 1622 infra
1293 1551 1684 1619 ﬁrmamentum,
1703 1554 1750 1598 et
1774 1544 1903 1597 inter
1925 1555 2109 1612 aquam

527 1666 640 1720 qua
663 1658 770 1706 erat
789 1663 940 1718 super
964 1647 1354 1715 ﬁrmamentum.
1374 1641 1441 1694 Et
1459 1639 1647 1694 vocavit
1666 1636 1802 1690 Deus
1823 1637 2110 1704 ﬁrmamen-

530 1754 636 1797 tum
661 1741 861 1796 caelum.
890 1738 955 1793 Et
980 1738 1101 1791 vidit
1127 1733 1267 1789 Deus
1309 1733 1426 1804 quia
1454 1732 1637 1786 bonum
1667 1737 1760 1782 est.
1789 1727 1856 1781 Et
1886 1727 2019 1796 facta
2039 1732 2110 1777 est

529 1849 768 1905 vespera,
795 1840 843 1886 et
882 1833 1074 1902 factum
1115 1836 1187 1881 est
1225 1841 1370 1878 mane
1414 1823 1519 1876 dies
1546 1819 1812 1875 secundus.
1847 1817 1922 1871 De
1947 1814 2110 1870 verbo

535 1926 630 1982 Dei
659 1939 763 1995 quo
787 1922 956 1987 dixit,
984 1919 1104 1974 Fiat
1133 1919 1536 1988 ﬁrmamentum,
1564 1923 1692 1979 etc.,
1721 1920 1776 1966 et
1803 1910 1871 1965 de
1917 1908 2110 1978 placito

532 2001 683 2086 ejus,
726 2027 833 2083 quo
871 2010 1004 2065 vidit
1048 2009 1169 2080 quia
1214 2007 1412 2061 bonum
1453 2013 1570 2069 est,
1599 2012 1653 2058 et
1687 2001 1753 2056 de
1793 2013 2014 2069 vespera
2055 2007 2110 2052 et

533 2123 711 2173 mane,
740 2120 843 2160 non
866 2117 998 2173 opus
1027 2110 1109 2156 est
1127 2101 1212 2153 hic
1234 2099 1424 2153 iterum
1447 2095 1796 2163 similiterque
1812 2091 2108 2154 disserere;

535 2206 693 2268 atque
716 2197 788 2250 ita
813 2195 1063 2263 deinceps
1085 2191 1518 2262 quotiescumque
1545 2187 1641 2242 ista
1664 2191 1992 2255 repetuntur,
2022 2197 2112 2237 se-

535 2287 765 2343 cundum
805 2285 1131 2354 superiorem
1178 2280 1570 2350 inquisitionem
1613 2277 1824 2332 interim
1866 2273 2113 2330 conside-

536 2381 702 2438 randa
730 2395 849 2436 esse
874 2378 1240 2434 admonemus.
1270 2373 1456 2429 Utrum
1479 2379 1656 2426 autem
1683 2384 1822 2424 nunc
1851 2367 1977 2422 illud
2005 2380 2115 2422 cte—

536 2477 648 2530 lum
675 2475 798 2547 ﬂat,
839 2470 980 2542 quod
1013 2468 1222 2524 excedit
1258 2465 1396 2521 aeris
1433 2464 1612 2518 omnia
1649 2461 1812 2531 spatia
1835 2501 1850 2526 ,
1893 2459 2114 2528 ejusque

540 2578 753 2619 omnem
795 2559 1160 2623 altitudinem,
1202 2553 1291 2610 ubi
1334 2553 1492 2608 etiam
1533 2551 1811 2606 luminaria
1841 2549 2114 2618 stellzeqne

537 2653 928 2710 constituuntur
952 2657 1140 2719 quarto
1171 2646 1286 2709 die;
1313 2660 1381 2698 an
1424 2643 1537 2712 ipse
1575 2656 1666 2697 aer
1693 2648 1912 2696 vocetur
1938 2641 2115 2693 tinua-

537 2752 770 2799 mentum
787 2782 801 2806 ,
831 2739 998 2810 quaeri
1021 2737 1208 2792 merito
1236 2742 1428 2804 potest.

607 2833 662 2888 2.
693 2831 1005 2902 Multi'enim
1035 2836 1280 2883 asserunt
1319 2828 1537 2881 istarum
1577 2836 1832 2891 aquarum
1874 2830 2115 2876 naturam

539 2937 699 2992 super
725 2920 988 2976 sidereum
1012 2918 1206 2974 caelum
1235 2930 1353 2970 esse
1384 2929 1487 2968 non
1527 2927 1682 2982 posse
1701 2953 1716 2976 ,
1745 2911 1882 2981 quod
1919 2912 1996 2964 sic
2026 2911 2120 2963 ha-

540 3012 701 3068 bcant
727 3009 1027 3066 ordinatum
1074 3007 1279 3078 pondus
1307 3021 1461 3060 suum
1483 3046 1497 3066 ,
1529 3013 1587 3057 ut
1624 3003 1706 3058 vel
1735 3017 1894 3072 super
1922 3011 2116 3056 terram

542 3107 747 3160 ﬂuitent
764 3145 779 3172 ,
805 3104 890 3158 vel
917 3103 968 3158 in
997 3117 1120 3157 aere
1147 3101 1302 3154 terris
1329 3099 1569 3169 proximo
1596 3095 1916 3166 vaporaliter
1940 3094 2119 3150 feran-

542 3205 648 3249 tur.
683 3192 866 3264 Neque
892 3193 1167 3262 quisquam
1203 3189 1332 3245 istos
1355 3187 1510 3242 debet
1546 3187 1618 3240 ita
1647 3185 1888 3240 refellere
1907 3223 1924 3250 ,
1955 3193 2012 3238 ut
2033 3183 2117 3238 di-

541 3295 628 3342 cat
643 3284 930 3341 secundum
951 3281 1383 3352 omnipoteutiam
1405 3279 1520 3344 Dei,
1541 3279 1622 3333 cui
1642 3286 1828 3332 cuncta
1853 3277 2119 3346 possibilia

543 3385 698 3444 sunt,
726 3383 973 3446 oportere
1001 3389 1099 3429 nos
1118 3370 1337 3427 credere
1357 3410 1373 3437 ,
1405 3384 1567 3440 aquas
1595 3369 1752 3424 etiam
1782 3378 1884 3422 tam
1905 3383 2116 3438 graves,

541 3482 700 3538 quam
730 3466 972 3521 novimus
1008 3471 1168 3533 atque
1211 3461 1502 3527 sentimus,
1544 3460 1747 3516 caelesti
1785 3460 2022 3529 corpori,
2067 3460 2119 3514 in

542 3573 648 3628 quo
676 3565 798 3611 sunt
828 3555 1001 3611 sidera
1025 3596 1040 3620 ,
1073 3551 1396 3623 superfusas.
1429 3551 1580 3608 Nunc
1611 3553 1751 3608 enim
1779 3552 2122 3622 quemadmo-

542 3648 672 3702 dum
701 3647 842 3702 Deus
865 3645 1147 3700 instituerit
1175 3650 1390 3699 naturas
1415 3659 1592 3699 rerum
1611 3686 1624 3712 ,
1657 3644 1946 3699 secundum
1975 3641 2121 3699 Scri-

545 3747 727 3808 pturas
751 3738 866 3806 ejus
892 3750 990 3790 nos
1015 3735 1262 3790 convenit
1285 3750 1554 3805 quaerere;
1583 3750 1686 3789 non
1716 3735 1840 3804 quid
1861 3733 1913 3789 in
1941 3734 2020 3788 eis
2040 3736 2123 3790 vel

545 3843 611 3882 ex
637 3828 714 3882 eis
739 3827 804 3881 ad
833 3827 1141 3881 miraculum
1172 3827 1418 3895 potentia:
1464 3842 1572 3880 suae
1597 3827 1726 3882 velit
1765 3827 1992 3896 operari.
2020 3827 2124 3882 Ne-

545 3935 651 3990 que
679 3919 819 3974 cnim
864 3920 908 3974 si
951 3919 1111 3974 vellet
1139 3920 1275 3973 Deus
1313 3919 1411 3974 sub
1452 3935 1584 3989 aqua
1624 3921 1798 3975 oleum
1840 3920 2123 3990 aliquando

545 4024 764 4064 manere
782 4051 798 4075 ,
830 4023 934 4063 non
965 4010 1152 4074 ﬁeret;
1183 4024 1286 4063 non
1307 4023 1376 4062 ex
1407 4024 1472 4063 eo
1498 4016 1670 4063 tamen
1694 4010 1797 4064 olei
1821 4020 2003 4064 natura
2028 4026 2125 4065 no-

545 4100 629 4156 bis
657 4110 798 4156 esset
824 4100 1086 4171 incognita
1106 4142 1120 4165 ,
1159 4101 1298 4170 quod
1328 4101 1396 4154 ita
1434 4101 1568 4156 facta
1596 4102 1698 4165 sit,
1742 4111 1798 4156 ut
1827 4103 2125 4174 appetendo

547 4206 698 4256 suum
730 4190 902 4247 locum
923 4232 938 4257 ,
967 4191 1126 4245 etiam
1155 4191 1199 4245 si
1247 4191 1544 4246 subterfusa
1587 4191 1773 4257 fuerit,
1821 4205 2125 4262 perrumpat

545 4297 746 4354 aquas,
781 4282 963 4352 eisque
1005 4298 1063 4337 se
1109 4284 1495 4353 superpositam
1540 4284 1780 4339 collocet.
1826 4284 1976 4338 Nunc
1995 4301 2124 4354 ergo

545 4375 831 4444 quaerimus
860 4382 1032 4428 utrum
1057 4373 1300 4428 conditor
1326 4390 1534 4440 rerum,
1571 4379 1660 4444 qui
1701 4376 1876 4430 omnia
1903 4376 1954 4430 in
1985 4392 2128 4430 men-

545 4479 668 4518 sura
705 4476 761 4519 et
799 4479 1022 4519 numero
1049 4472 1105 4520 et
1144 4464 1378 4534 pondere
1413 4465 1670 4536 disposuit
1699 4466 1852 4539 (Sap.
1881 4483 1965 4534 ιιι,
1996 4467 2122 4536 2|),

546 4571 654 4610 non
698 4571 862 4610 unum
910 4556 1080 4609 locum
1127 4555 1396 4625 proprium
1432 4556 1650 4625 ponderi
1690 4572 1945 4626 aquarum
1985 4558 2123 4612 circa

547 4661 745 4706 terram
793 4651 1062 4715 tribuerit,
1115 4651 1208 4706 sed
1251 4659 1307 4707 et
1349 4666 1510 4723 super
1554 4652 1748 4707 caelum
1803 4653 1942 4721 quod
1989 4653 2124 4708 ultra

547 4742 768 4800 limitem
794 4742 934 4797 aeris
957 4742 1332 4798 circumfusum
1359 4753 1518 4814 atque
1547 4744 1827 4798 solidatum
1855 4753 1956 4799 est.

617 4837 674 4892 '5.
700 4835 850 4903 Quod
877 4837 964 4906 qui
989 4848 1185 4906 negant
1209 4851 1327 4890 esse
1345 4837 1688 4903 credendum,
1717 4837 1783 4891 de
1806 4837 2126 4904 ponderibus

547 4928 933 4984 elementorum
971 4935 1426 4997 argumentantur,
1459 4935 1710 4994 negantes
1741 4926 1846 4979 ullo
1875 4926 2033 4980 modo
2056 4926 2125 4979 ita

546 5020 776 5090 desuper
800 5020 948 5090 quasi
977 5020 1205 5090 quodam
1243 5020 1545 5090 pavimento
1568 5019 1846 5073 solidatum
1872 5033 1992 5073 esse
2019 5033 2129 5073 cm-

547 5113 654 5168 lum
675 5153 690 5178 ,
722 5120 779 5166 ut
802 5113 980 5184 possit
1007 5128 1260 5184 aquarum
1290 5111 1523 5181 pondera
1553 5111 1843 5177 sustinere;
1871 5111 2010 5180 quod
2044 5121 2126 5165 ta-

546 5205 614 5262 lis
655 5203 894 5260 soliditas
932 5205 1034 5259 nisi
1074 5204 1231 5258 terris
1272 5218 1390 5259 esse
1416 5217 1521 5258 non
1560 5204 1760 5274 possit,
1792 5212 1844 5256 et
1873 5203 2126 5272 quidquid

549 5294 652 5350 tale
680 5303 792 5361 est,
817 5310 922 5350 non
953 5294 1149 5350 ctelum
1185 5294 1280 5349 sed
1311 5303 1453 5349 terra
1488 5294 1576 5348 sit.
1607 5293 1720 5348 Non
1749 5294 1889 5349 cnim
1922 5303 2124 5349 tantum

550 5384 710 5453 locis,
741 5386 832 5442 sed
859 5387 1018 5442 ctiam
1047 5387 1383 5456 qualitatibus
1405 5387 1632 5457 propriis
1656 5387 1916 5442 elen'tenta
1942 5387 2129 5442 distin-

549 5477 634 5546 gui
678 5477 718 5543 ¹,
751 5487 806 5531 ut
828 5493 921 5548 pro
946 5479 1280 5548 qualitatibus
1322 5480 1550 5548 propriis
1579 5490 1736 5534 etiam
1774 5481 1886 5535 loca
1921 5482 2128 5550 propria

613 5592 631 5621 ί
655 5589 773 5656 miti
794 5590 1216 5656 ,__distingtamtur.
1253 5598 1308 5641 Αι
1328 5599 1431 5642 Mss.
1449 5627 1464 5652 ,
1505 5591 1735 5656 distingui
1757 5606 1774 5643 :
1797 5593 1989 5656 supple,
2013 5607 2130 5644 con~

551 5651 755 5760 {amilum
799 5653 867 5702 illi
906 5651 1089 5716 qui'de
1137 5651 1492 5718 elementaruin
1534 5651 1828 5720 ponderibus
1857 5651 2130 5720 'argtunem

603 5726 631 5759 ιι
655 5725 728 5761 ur.

2209 985 2526 1040 sortirentur
2553 1003 2566 1039 :
2590 1001 2721 1056 aqua
2746 987 2947 1040 scilicet
2976 1001 3135 1056 super
3161 993 3358 1041 terram
3379 1028 3395 1053 ,
3427 1003 3544 1058 qua:
3567 989 3726 1044 etiam
3751 990 3796 1044 si

2210 1076 2310 1129 sub
2337 1083 2477 1131 terra
2509 1085 2612 1131 stat
2648 1087 2738 1131 aut
2771 1077 2981 1143 labitur,
3010 1078 3147 1132 sicut
3175 1077 3230 1132 in
3254 1077 3420 1133 antris
3445 1079 3798 1149 cavernisque

2210 1165 2435 1234 abditis,
2466 1183 2572 1221 non
2596 1177 2770 1222 tamen
2812 1183 2874 1222 ea
2915 1156 3076 1222 Ierrte
3105 1176 3252 1237 parte
3281 1183 3438 1238 quam
3478 1183 3634 1235 supra
3656 1209 3671 1234 ,
3699 1168 3796 1223 sed

2209 1271 2273 1310 ea
2311 1272 2470 1328 quam
2507 1257 2641 1312 infra
2667 1273 2725 1313 se
2754 1258 2944 1325 habet,
2973 1259 3290 1313 continetur.
3323 1259 3456 1315 Nam
3480 1261 3526 1315 si
3553 1275 3619 1315 ex
3648 1271 3801 1330 parte

2212 1349 2486 1418 superiore
2514 1348 2671 1404 fuerit
2720 1364 2841 1419 pars
2880 1351 2985 1404 ulla
3017 1359 3171 1405 terra:
3199 1349 3443 1420 delapsa,
3484 1368 3589 1407 non
3617 1362 3802 1408 manet

2213 1454 2374 1508 super
2392 1455 2580 1510 aquam
2603 1481 2616 1506 ,
2644 1440 2738 1496 sed
2764 1457 2826 1496 ea
2849 1451 3098 1511 perrupta
3117 1441 3440 1513 demergitur
3462 1451 3516 1498 et
3540 1445 3710 1514 pergit
3729 1444 3800 1498 ad

2217 1539 2442 1596 terram;
2486 1546 2591 1601 quo
2633 1532 2852 1586 veniens
2895 1533 3254 1602 conquiescit,
3302 1542 3554 1603 tanquam
3597 1538 3648 1587 in
3679 1535 3801 1588 loco

2215 1636 2311 1674 suo
2327 1661 2342 1686 ,
2368 1629 2424 1675 ut
2451 1636 2613 1690 supra
2639 1621 2712 1676 sit
2729 1637 2863 1692 aqua
2885 1661 2901 1688 ,
2924 1622 3109 1677 subtus
3134 1632 3311 1678 autem
3337 1633 3498 1680 terra.
3530 1624 3679 1681 Unde
3703 1641 3801 1680 ce-

2214 1711 2486 1779 gnoscitur
2526 1711 2667 1781 quod
2710 1713 2870 1765 etiam
2911 1726 3073 1780 super
3115 1727 3278 1782 aquas
3322 1728 3444 1768 cum
3482 1723 3660 1776 esset,
3693 1731 3801 1768 non

2217 1800 2345 1870 ipsis
2373 1800 2523 1872 aquis
2549 1801 2874 1870 portabatur,
2896 1802 2991 1857 sed
3021 1817 3276 1874 compage
3305 1813 3462 1860 terra:
3496 1807 3800 1868 tenebatur,

2216 1892 2353 1946 sicut
2377 1906 2496 1946 sese
2520 1891 2715 1946 habent
2740 1907 2968 1948 camerae
2994 1893 3390 1963 speluncarum.

2285 1983 2340 2037 4.
2359 1983 2456 2038 llic
2474 1983 2704 2038 occurrit
2727 1983 3015 2040 admonere
3040 1984 3331 2040 cavendum
3357 2001 3612 2052 errorem,
3637 2003 3797 2055 quem

2218 2073 2273 2126 in
2297 2073 2431 2127 libro
2458 2073 2631 2144 primo
2653 2073 2945 2129 cavendum
2967 2074 3236 2142 admonui,
3263 2091 3330 2132 ne
3367 2077 3499 2132 forte
3521 2079 3643 2147 quia
3672 2080 3806 2133 scri-

2217 2172 2367 2234 ptum
2404 2171 2487 2218 est
2526 2162 2580 2218 in
2620 2163 2874 2231 Psalmis,
2905 2163 3161 2219 Fundavit
3202 2175 3388 2220 terram
3411 2183 3564 2237 super
3585 2184 3771 2238 aquam
3784 2185 3804 2232 ,-

2218 2256 2503 2311 arbitretur
2529 2256 2719 2326 aliquis
2750 2263 2992 2311 nostrum
3013 2299 3030 2324 ,
3060 2257 3317 2313 adversus
3344 2256 3474 2313 istos
3501 2258 3572 2314 de
3597 2259 3806 2327 ponde-

2218 2347 2369 2405 ribus
2409 2349 2794 2404 elcmentorum
2836 2350 3102 2406 subtiliter
3134 2350 3492 2417 disserentes,
3523 2351 3625 2407 isto
3654 2353 3809 2407 testi~

2219 2438 2399 2494 monio
2425 2437 2818 2508 Scripturarum
2844 2455 2962 2496 esse
2988 2440 3262 2496 nitendum
3288 2460 3301 2496 :
3331 2441 3455 2511 quia
3485 2441 3559 2496 illi
3588 2457 3692 2496 non
3719 2459 3808 2498 re-

2221 2529 2350 2584 tenti
2378 2530 2692 2586 auctoritate
2717 2530 3038 2586 Litterarum
3068 2541 3401 2600 nostrarum,
3430 2543 3484 2588 et
3505 2535 3808 2589 nescientes

2219 2619 2668 2688 quemadmodum
2695 2621 2892 2676 dictum
2919 2623 3025 2686 sit,
3058 2622 3252 2678 Libros
3279 2633 3491 2680 sanctos
3518 2625 3718 2679 facilius
3743 2625 3809 2679 ir-

2221 2707 2501 2775 ridehunt’,
2524 2724 2680 2779 quam
2708 2709 2837 2765 illud
2864 2710 3236 2781 repudiabunt,
3254 2712 3395 2783 quod
3425 2714 3507 2768 vel
3534 2714 3698 2769 certis
3715 2731 3809 2770 ra-

2222 2797 2455 2854 tionibus
2476 2809 2844 2870 perceperunt,
2858 2801 2942 2856 vel
2957 2802 3335 2872 experimentis
3363 2804 3808 2860 manifestissimis

2221 2891 2597 2959 probaverunt.
2651 2891 2784 2946 lllud
2825 2907 3054 2962 namque
3096 2892 3149 2946 in
3177 2893 3436 2960 Psalmis,
3468 2903 3560 2949 aut
3586 2894 3809 2965 ﬁgurate

2222 2979 2424 3035 dictum
2449 2989 2596 3036 recte
2619 2981 2787 3051 accipi
2817 2991 3026 3051 potest:
3071 2992 3126 3037 ut
3147 2985 3396 3053 quoniam
3423 2985 3542 3040 cali
3569 2995 3624 3040 et
3648 2995 3808 3041 terrae

2225 3069 2438 3125 nomine
2466 3085 2608 3141 sarpe
2656 3075 2710 3125 in
2757 3071 2993 3127 Ecclesia
3021 3073 3325 3142 spirituales
3355 3075 3700 3146 earnalesque
3728 3078 3808 3130 si-

2223 3160 2557 3230 gniﬁcantur,
2603 3161 2768 3216 cmlos
2816 3161 3111 3218 ostenderit
3153 3165 3420 3233 pertinere
3459 3165 3525 3219 ad
3561 3180 3812 3222 serenam

2226 3252 2623 3322 intelligentiam
2652 3254 2892 3308 veritatis
2912 3296 2926 3320 ,
2955 3253 3168 3319 dicens,
3203 3252 3303 3319 Qui
3324 3255 3437 3326 fecit
3465 3255 3615 3311 caelos
3647 3257 3700 3310 in
3722 3259 3803 3311 in-

2226 3344 2498 3416 telligentia
2524 3342 2692 3417 (Psal.
2721 3360 2894 3400 cxxxv
2914 3387 2929 3413 ,
2957 3345 2990 3400 6
3010 3387 3023 3409 ,
3054 3346 3142 3416 5);
3173 3355 3367 3402 terram
3393 3363 3520 3403 vero
3546 3348 3610 3402 ad
3648 3349 3810 3403 iidem

2226 3435 2520 3505 simplicem
2549 3436 2884 3504 parvulorum
2907 3477 2923 3503 ,
2949 3451 3056 3490 non
3085 3435 3339 3492 fabulosis
3365 3437 3699 3507 opinionibus
3728 3439 3808 3494 in-

2226 3531 2425 3578 certam
2454 3531 2612 3594 atque
2636 3523 2903 3591 fallacem,
2935 3524 3029 3579 sed
3072 3526 3378 3594 prophetica
3407 3535 3464 3581 et
3499 3527 3806 3597 evangelica

2229 3613 2604 3683 praedicatione
2625 3613 3010 3681 ﬁrmissimam,
3040 3629 3159 3683 qua:
3189 3630 3282 3684 per
3309 3615 3634 3683 Baptismum
3679 3617 3812 3670 soli-

2229 3703 2407 3770 datur,
2436 3713 2489 3758 et
2514 3703 2635 3760 ideo
2664 3703 2978 3773 subjccerit,
3005 3705 3216 3771 dicens,
3249 3703 3506 3758 Fundavit
3529 3717 3712 3759 terram
3731 3723 3814 3760 stt-

2229 3811 2318 3866 per
2341 3810 2546 3864 aquam.
2571 3795 2677 3848 Aut
2703 3795 2746 3849 si
2768 3794 2834 3848 ad
2862 3795 3088 3849 litteram
3114 3797 3388 3866 quisquam
3408 3799 3549 3867 cogit
3567 3797 3812 3869 intelligi,

2233 3900 2337 3939 non
2366 3885 2769 3955 incongruenter
2795 3885 2876 3939 vel
2913 3885 3159 3940 sublimia
3200 3896 3456 3942 terrarum
3495 3888 3606 3942 sive
3632 3890 3814 3942 conti-

2230 3975 2500 4042 nentium,
2547 3975 2658 4030 sive
2688 3975 2976 4030 insularum
3007 3977 3353 4045 accipiuntur,
3386 3993 3504 4047 quae
3537 3979 3813 4048 superiora

2229 4076 2355 4120 sunt
2382 4066 2565 4136 aquis;
2597 4066 2682 4121 vel
2710 4067 2823 4137 ipsa
2854 4069 3082 4137 tegmina
3121 4069 3523 4139 speluncarum,
3555 4086 3674 4140 qua:
3715 4085 3812 4124 su-

2230 4172 2330 4226 per
2357 4172 2520 4226 aquas
2567 4157 2794 4227 pendula
2842 4158 3110 4213 soliditate
3140 4161 3344 4213 lirmata
3374 4169 3514 4213 sunt.
3545 4161 3814 4227 Quocirca

2231 4260 2330 4300 nec
2356 4246 2420 4299 ad
2444 4245 2669 4300 litteram
2701 4248 2978 4316 quisquam
3008 4257 3186 4318 potest
3212 4249 3289 4303 sic
3319 4250 3637 4320 intelligere,
3667 4253 3814 4320 quod

2230 4337 2425 4392 dictum
2468 4347 2582 4404 est,
2629 4337 2678 4390 F
2679 4338 2882 4391 undavit
2925 4349 3106 4393 terram
3143 4358 3294 4411 super
3318 4359 3537 4412 aquam;
3567 4353 3622 4397 ut
3646 4360 3815 4413 aqua-

2231 4444 2346 4482 rum
2379 4429 2582 4498 pondus
2610 4438 2818 4484 terreno
2845 4431 3060 4500 ponderi
3088 4435 3447 4502 supportando
3475 4436 3702 4491 naturali
3723 4453 3816 4490 or-

2230 4517 2352 4574 dine
2381 4507 2528 4589 quasi
2555 4520 2850 4588 subjectum
2870 4537 2989 4577 esse
3012 4524 3316 4580 arbitretur.

2531 4609 2757 4667 CAPUT
2785 4611 2849 4666 ll.
2877 4643 2945 4653 ——
2969 4612 3069 4667 Aer
3098 4624 3231 4670 terra
3253 4617 3500 4686 superior.

2301 4701 2357 4756 5.
2401 4701 2592 4756 Acrem
2635 4718 2760 4758 vero
2806 4706 2956 4774 aquis
2999 4720 3118 4760 esse
3159 4693 3522 4776 superiorem,
3569 4724 3814 4778 quamws

2233 4804 2448 4880 propter
2474 4796 2730 4866 ampliora
2773 4799 2852 4851 sui
2895 4800 3060 4868 spatia
3101 4799 3260 4854 ctiam
3296 4800 3497 4855 aridam
3527 4811 3808 4880 contegat;

2234 4869 2356 4940 mite
2397 4887 2721 4958 intelligitur,
2753 4887 2893 4957 quod
2937 4890 3134 4943 nullum
3164 4905 3257 4945 vas
3282 4891 3348 4946 ab
3373 4907 3464 4946 ore
3492 4869 3810 4962 impressum

2232 4979 2423 5046 repleri
2452 4981 2601 5048 aquis
2631 4987 2834 5049 potest:
2865 4980 3005 5035 unde
3030 4981 3157 5036 satis
3182 4982 3379 5037 indicat
3403 4983 3542 5038 aeris
3565 4993 3815 5039 naturam

2232 5067 2404 5122 locum
2449 5079 2630 5137 petere
2675 5070 3019 5139 superiorem.
3066 5071 3286 5127 Videtur
3326 5075 3469 5128 enim
3504 5062 3595 5128 vas
3620 5077 3779 5131 inane
3809 5119 3823 5137 .

2233 5158 2327 5212 sed
2370 5173 2491 5212 aere
2543 5161 2754 5228 plenum
2792 5161 3062 5229 probatur,
3094 5177 3214 5216 cum
3258 5178 3351 5218 ore
3399 5165 3506 5218 imo
3534 5165 3584 5218 in
3617 5182 3815 5234 aquam

2232 5249 2579 5318 deprimitur;
2621 5251 2741 5320 quia
2786 5251 2925 5306 enim
2974 5267 3066 5322 per
3108 5256 3437 5323 superiorem
3469 5265 3672 5324 partem
3705 5272 3814 5309 non

2233 5339 2432 5393 invenit
2456 5339 2695 5394 emeandi
2719 5340 2913 5407 locum,
2942 5356 3041 5397 nec
3065 5341 3315 5397 deorsum
3343 5359 3528 5398 versus
3555 5345 3769 5414 irruptis
3796 5347 3812 5376 ¹

2233 5430 2383 5499 aquis
2437 5431 2618 5486 subter
2653 5446 2742 5485 cas
2779 5433 2856 5488 ire
2884 5443 3066 5487 natura
3114 5434 3324 5500 sinitur,
3361 5435 3687 5504 plenitudine
3715 5451 3812 5490 sua

2233 5521 2441 5588 repellit
2463 5537 2583 5588 eas,
2613 5531 2665 5576 et
2690 5523 2741 5575 in
2771 5539 2862 5577 vas
2897 5539 3001 5578 non
3027 5526 3280 5594 permittit
3316 5526 3534 5580 intrare.
3557 5525 3687 5580 Cum
3713 5541 3815 5581 au-

2236 5619 2340 5666 tem
2369 5625 2461 5665 vas
2488 5611 2556 5664 ita
2596 5613 2902 5682 collocatur,
2950 5621 3009 5668 ut
3050 5629 3110 5668 os
3153 5630 3258 5668 non
3303 5616 3494 5672 habeat
3521 5616 3770 5673 deorsum
3796 5609 3832 5684 ,’

2301 5727 2315 5756 ι
2334 5732 2466 5789 Lov.,
2485 5728 2682 5793 eruptis.
2707 5728 2874 5778 (reteri
2895 5726 3100 5788 codices,
3126 5724 3346 5792 irruptis
