4056 6446
283 523 378 579 sed
403 522 459 577 in
492 520 632 576 latus
660 518 969 576 inclinatum
987 561 1004 587 ,
1033 519 1192 576 intrat
1217 534 1352 591 aqua
1379 521 1616 589 inferius,
1647 530 1878 579 exeunte

283 630 409 670 aere
428 614 694 684 superius.
718 612 957 684 Itemque
987 613 1033 667 si
1062 613 1201 668 vasis
1227 614 1393 669 erecti
1416 628 1475 669 os
1500 622 1677 684 pateat
1696 614 1747 669 in
1770 629 1881 670 cm-

286 705 419 771 lum,
448 721 572 763 cum
594 704 828 761 infundis
855 720 1045 776 aquam
1065 747 1081 773 ,
1107 704 1284 761 evadit
1313 720 1407 761 aer
1433 720 1644 761 sursum
1670 719 1875 768 versus,

282 815 353 855 ex
375 799 500 854 aliis
535 799 773 870 partibus
798 814 903 870 qua
943 814 1050 854 non
1089 797 1349 865 infundis,
1383 806 1437 855 et
1466 797 1523 853 fit
1550 799 1698 855 locus
1727 813 1877 869 aquae

285 890 545 949 deorsum
571 905 758 947 versus
784 891 1035 948 intrandi.
1074 890 1225 959 Quod
1263 891 1308 946 si
1332 890 1385 946 vi
1410 890 1612 961 majore
1646 904 1741 945 vas
1783 888 1880 945 de-

284 983 557 1054 primitur,
589 992 649 1038 ut
674 982 761 1038 vel
786 998 851 1040 ex
882 984 1048 1040 latere
1091 983 1175 1038 vel
1212 982 1441 1053 desuper
1467 998 1619 1054 aquae
1659 989 1878 1052 repente

284 1076 515 1133 inﬂuant
534 1119 550 1143 ,
576 1086 630 1134 et
656 1076 892 1149 undique
915 1092 976 1134 os
999 1077 1139 1133 vasis
1164 1077 1415 1147 obtegant
1434 1118 1449 1144 ,
1477 1075 1760 1145 disrumpit
1785 1090 1877 1131 eas

285 1184 382 1226 aer
406 1186 621 1225 sursum
650 1172 856 1237 nitens,
902 1177 959 1225 ut
1003 1171 1081 1224 eis
1107 1169 1175 1224 ad
1219 1170 1325 1225 ima
1369 1169 1544 1224 locum
1589 1168 1779 1233 faciat;
1826 1177 1880 1223 et

286 1262 406 1333 ipsa
436 1262 698 1332 disruptio
740 1261 999 1333 singultus
1048 1276 1298 1317 vasorum
1340 1268 1454 1327 est,
1487 1258 1611 1314 dum
1642 1260 1878 1330 partibus

287 1351 463 1423 fugit,
505 1352 627 1424 quia
669 1361 814 1409 totus
838 1361 948 1408 tam
974 1354 1080 1408 cito
1111 1368 1219 1407 non
1261 1359 1468 1422 potest,
1499 1359 1714 1422 propter
1740 1351 1878 1406 illius

288 1444 403 1500 oris
446 1446 734 1516 angustias.
784 1443 862 1499 Ita
906 1445 952 1500 si
1000 1459 1091 1500 aer
1134 1458 1293 1514 super
1334 1458 1499 1515 aquas
1525 1444 1604 1498 ire
1646 1444 1875 1513 cogitur,

288 1536 457 1593 etiam
486 1535 819 1591 conﬂuentes
851 1550 942 1591 eas
970 1534 1166 1605 disjicit
1200 1536 1239 1601 ¹,
1271 1550 1391 1590 cum
1436 1533 1743 1590 exsilientes
1779 1533 1881 1588 im-

290 1636 423 1698 petu
449 1615 576 1697 ejus'
592 1626 829 1696 impulsa:
857 1626 1147 1693 ebulliunt,
1177 1633 1232 1681 et
1258 1640 1382 1681 eum
1418 1624 1575 1679 builis
1616 1625 1881 1695 crepanti-

291 1719 397 1775 bus
421 1721 671 1775 emittunt
712 1720 766 1774 in
813 1734 907 1776 sua
935 1726 1331 1791 preperautem,
1361 1725 1519 1789 atque
1546 1717 1651 1772 illis
1679 1716 1745 1771 ad
1775 1718 1880 1771 ima

290 1809 579 1867 decidendi
597 1810 797 1866 aditum
827 1810 1060 1865 dantem.
1090 1809 1146 1865 Si
1170 1818 1347 1865 autem
1371 1810 1471 1864 sub
1491 1823 1654 1879 aquas
1682 1808 1759 1863 ire
1784 1824 1879 1863 co-

292 1903 441 1975 gitur
458 1919 523 1959 ex
543 1917 667 1957 vase
686 1944 701 1969 ,
727 1910 785 1955 ut
806 1901 895 1955 illo
919 1900 1139 1956 cedente
1159 1916 1256 1955 vas
1274 1900 1342 1955 ab
1365 1914 1459 1954 ore
1487 1900 1540 1953 in
1569 1900 1671 1953 ima
1695 1912 1880 1968 presso

292 1995 495 2067 repleri
524 1995 685 2059 velis,
719 1994 922 2049 facilius
947 1992 1103 2047 undis
1128 1992 1358 2063 undique
1393 2006 1605 2046 versum
1634 1990 1880 2058 conperi-

291 2098 401 2156 tur,
424 2105 581 2160 quam
609 2103 704 2158 per
726 2103 787 2143 os
806 2087 922 2157 ejus
937 2086 1005 2141 ab
1028 2084 1276 2140 inferiore
1300 2093 1451 2154 parte
1476 2082 1705 2138 intrandi
1726 2089 1873 2153 gutta

292 2182 484 2253 exigua
514 2178 715 2251 reperit
740 2180 939 2234 locum.

578 2270 803 2328 CAPUT
838 2269 926 2325 III.
952 2298 1025 2309 —-
1047 2267 1194 2341 Ignis
1212 2268 1441 2339 superior
1459 2282 1594 2321 aere.

363 2364 420 2419 6.
470 2363 587 2420 Jam
628 2377 755 2417 vero
784 2361 959 2431 ignem
987 2359 1052 2414 ad
1083 2374 1310 2428 superna
1355 2358 1671 2413 emicantem
1720 2354 1881 2410 etiam

292 2454 463 2528 ipsius
498 2454 636 2511 aeris
676 2463 919 2508 naturam
965 2452 1103 2509 velle
1148 2449 1562 2515 transcendere,
1607 2448 1727 2518 quis
1773 2460 1883 2502 non

293 2549 527 2606 sentiat?
569 2545 993 2618 quandoquidem
1036 2545 1083 2600 si
1127 2544 1401 2599 ardentem
1453 2542 1679 2596 faculam
1711 2541 1884 2611 capite

294 2642 547 2698 deorsum
570 2639 792 2711 quisque
821 2646 1032 2704 teneat,
1071 2635 1421 2690 nihilominus
1456 2632 1692 2687 'ﬂammm
1720 2632 1882 2687 crinis

292 2735 361 2791 ad
388 2734 665 2805 superiora
694 2731 987 2788 contendit.
1030 2728 1137 2785 Sed
1182 2727 1435 2798 quoniam
1482 2724 1782 2780 circumfusi
1820 2738 1884 2778 ac

293 2828 561 2898 superfusi
628 2826 768 2882 aeris
816 2821 1145 2896 praepollenti
1210 2818 1602 2889 constipatione
1660 2814 1883 2871 subinde

294 2919 437 2991 ignis
455 2918 827 2988 exstinguitur,
853 2924 907 2970 et
934 2918 986 2969 in
1015 2913 1129 2983 ejus
1156 2910 1459 2982 qualitatem
1487 2924 1582 2977 per
1612 2906 1882 2961 abundan-

294 3009 431 3065 tiam
468 3016 746 3079 superatus
793 3005 1016 3062 subinde
1044 3011 1401 3059 commutatur
1428 3016 1491 3056 ac
1528 3001 1770 3063 vertitur,
1815 2998 1882 3053 ad

294 3101 605 3156 universam
632 3099 750 3167 ejus
778 3096 1108 3152 altitudinem
1140 3092 1535 3149 transiliendum
1576 3107 1679 3145 non
1707 3100 1883 3160 potest

293 3192 611 3264 perdurare.
637 3190 820 3261 Itaque
845 3204 1006 3259 super
1030 3202 1208 3243 aerem
1234 3200 1399 3255 purus
1440 3184 1575 3254 ignis
1602 3198 1725 3238 esse
1753 3183 1882 3238 dici-

295 3292 386 3340 tur
412 3286 637 3348 cmlum,
666 3281 806 3337 unde
830 3281 990 3336 etiam
1029 3276 1205 3333 sidera
1240 3286 1398 3346 atque
1424 3274 1703 3329 luminaria
1746 3272 1882 3328 facta

295 3375 630 3446 coniectant,
672 3373 812 3427 illius
838 3369 1088 3426 videlicet
1110 3368 1276 3439 igneae
1314 3366 1448 3420 lueis
1472 3366 1525 3421 in
1554 3378 1644 3419 eas
1688 3363 1884 3418 formas

298 3482 435 3539 quas
459 3467 513 3521 in
542 3466 679 3523 caelo
722 3464 989 3521 cernimus
1009 3502 1025 3529 ,
1052 3459 1363 3530 conglobata
1391 3457 1753 3528 dispositaque
1789 3470 1886 3509 na-

297 3569 416 3616 tura
445 3579 458 3614 :
491 3576 554 3615 ac
598 3575 694 3630 per
725 3560 857 3625 hoc,
905 3558 1041 3613 sicut
1064 3564 1324 3611 terrarum
1366 3552 1686 3624 ponderibus
1713 3560 1766 3605 et
1790 3565 1886 3606 aer

297 3663 353 3709 et
374 3669 509 3724 aqua
531 3652 672 3708 cedit
691 3693 706 3718 ,
732 3660 789 3705 ut
813 3650 881 3705 ad
908 3658 1105 3705 terram
1149 3645 1492 3716 perveniant;
1524 3643 1603 3698 sic
1627 3657 1885 3712 aquarum

296 3744 555 3815 ponderi,
600 3752 655 3800 et
695 3744 810 3812 ipse
850 3756 943 3795 aer
985 3740 1152 3803 cedit,
1182 3747 1240 3791 ut
1268 3736 1349 3790 vel
1390 3735 1457 3789 ad
1484 3741 1677 3790 terram
1704 3732 1789 3787 vel
1816 3732 1885 3787 ad

296 3828 490 3907 aquam
530 3834 821 3905 perveniat.
868 3832 1021 3887 Unde
1070 3828 1291 3898 intelligi
1330 3818 1545 3893 volunt,
1586 3826 1690 3880 hoc
1727 3824 1885 3881 modo

299 3940 523 3982 necesse
552 3925 714 3979 fuisse
739 3934 797 3978 ut
821 3938 913 3977 aer
940 3936 1151 3991 quoque
1175 3961 1189 3983 ,
1218 3920 1263 3973 si
1289 3918 1407 3989 quis
1433 3917 1547 3987 ejus
1573 3917 1883 3988 particulam

298 4018 351 4075 in
380 4019 568 4089 spatiis
605 4017 710 4072 illis
733 4014 1046 4071 sublimibus
1074 4013 1194 4069 εαξιὶ
1224 4020 1403 4081 posset
1428 4010 1692 4065 dimittere
1711 4050 1726 4075 ,
1757 4024 1887 4079 pon-

298 4110 430 4168 dere
456 4126 555 4166 suo
578 4109 821 4173 caderet,
854 4107 1026 4162 donec
1051 4105 1118 4159 ad
1150 4103 1294 4158 aeria
1338 4103 1521 4158 subter
1563 4100 1730 4172 spatia
1760 4116 1886 4171 per-

299 4203 530 4259 veniret.
552 4202 885 4271 Quapropter
908 4198 1161 4268 colligunt
1194 4196 1360 4250 multo
1388 4194 1562 4248 minus
1584 4208 1705 4249 esse
1729 4207 1889 4263 posse

299 4297 453 4367 aquis
479 4308 635 4363 supra
663 4291 791 4347 illud
821 4293 1030 4362 igneum
1059 4289 1253 4343 coelum
1274 4285 1470 4356 aliquid
1498 4285 1596 4339 loci
1618 4327 1634 4353 ,
1667 4299 1787 4339 cum
1817 4285 1887 4339 il-

300 4388 369 4443 lic
390 4403 485 4442 aer
510 4387 676 4440 multo
702 4384 855 4455 aquis
884 4383 1051 4438 levior
1078 4396 1293 4435 manere
1319 4394 1421 4433 non
1452 4379 1636 4447 possit.

298 4476 530 4533 CAPUT
562 4476 650 4530 IV.
671 4504 743 4516 --
763 4474 922 4545 Aqua
943 4489 1099 4543 supra
1126 4470 1305 4525 caelum
1331 4484 1533 4523 aereum
1548 4467 1682 4538 quod
1709 4467 1888 4537 ﬁrma-

571 4578 793 4623 mentum
819 4566 1074 4638 appellari
1093 4564 1299 4635 quidam
1320 4562 1611 4616 observavit.

375 4664 428 4719 7.
457 4662 678 4718 Talibus
702 4676 888 4718 eorum
927 4657 1370 4729 disputationibus
1395 4654 1618 4722 cedens,
1657 4653 1892 4708 laudabi-

304 4758 431 4813 liter
459 4766 679 4812 conatus
720 4764 804 4810 est
850 4752 1061 4823 quidam
1104 4750 1470 4804 demonstrare
1517 4760 1680 4815 aquas
1730 4760 1893 4815 super

307 4849 509 4910 caelos,
552 4855 611 4901 ut
652 4862 717 4901 ex
765 4845 894 4914 ipsis
935 4841 1232 4895 visibilibus
1258 4836 1663 4906 conSpicuisque
1689 4834 1893 4889 naturis

306 4947 575 4995 assereret
608 4937 897 5007 Scriptura:
918 4933 1174 4987 fidem.Et
1204 4916 1349 4999 prius
1375 4927 1610 4998 quidem,
1641 4924 1783 4995 quod
1812 4923 1892 4979 fa-

306 5030 563 5085 cillimum
593 5026 722 5094 fuit,
751 5024 982 5081 ostendit
1010 5031 1066 5078 et
1094 5022 1235 5075 hunc
1268 5033 1447 5074 aerem
1485 5017 1677 5071 caelum
1705 5014 1892 5084 appel-

306 5124 410 5179 lari
429 5165 445 5189 ,
474 5139 580 5177 non
611 5121 784 5176 solum
812 5132 1058 5174 sermone
1086 5113 1385 5180 communi,
1419 5109 1707 5166 secundum
1734 5122 1895 5177 quem

304 5217 537 5273 dicimus
548 5229 793 5271 serenum
814 5211 898 5266 vel
926 5208 1162 5264 nubilum
1176 5206 1391 5271 uelum,
1410 5203 1504 5258 sed
1520 5202 1678 5257 etiam
1698 5210 1897 5253 nostra-

306 5323 432 5363 rum
458 5308 693 5377 ipsarqu
723 5298 1108 5359 consuetudine
1132 5296 1547 5364 Scripturarum,
1568 5306 1688 5346 cum
1711 5289 1898 5345 dicun-

312 5407 403 5454 tur
426 5396 660 5451 volatilia
688 5394 807 5449 coeli
830 5391 1039 5463 (Matth.
1070 5404 1142 5455 γι,
1164 5384 1278 5457 26),
1297 5399 1417 5439 cum
1435 5397 1559 5437 aves
1577 5383 1627 5436 in
1656 5381 1755 5435 hoc
1774 5393 1897 5433 acre

310 5490 498 5545 volare
538 5485 874 5543 manifestum
915 5483 981 5536 sit
1022 5488 1115 5534 :et
1140 5477 1396 5532 Dominus
1420 5489 1538 5528 cum
1568 5472 1637 5527 de
1669 5470 1899 5525 nubibus

303 5589 648 5659 loqueretur,
667 5576 892 5637 Faciem,
907 5571 1095 5642 inquit,
1109 5568 1219 5624 ctin
1231 5566 1428 5659 potestis
1445 5564 1654 5659 probare
1666 5561 1895 5635 (ld.xw,

308 5652 396 5748 λ).
426 5671 608 5728 Nubes
650 5677 828 5724 autem
860 5663 1018 5721 etiam
1046 5676 1142 5733 per
1180 5658 1481 5730 proximum
1527 5652 1679 5707 terris
1722 5667 1899 5707 aerem

375 5812 393 5842 ι
415 5817 467 5875 ιιι
488 5802 961 5875 excessimus
978 5811 1071 5875 ιπο
1084 5791 1529 5875 secantem}.
1536 5788 1779 5840 οοάίείδυε
1798 5791 1903 5852 qui-

298 5856 551 5935 ιππιὰῖ
763 5880 781 5929 ;
804 5867 854 5915 in
874 5856 1161 5925 aliis'probte
1182 5864 1328 5916 notae,

598 5954 824 6021 Sacr.
861 5950 1136 6013 Aususr.
1166 5943 1275 6007 III.

1575 402 1781 462 LIBER
1820 401 2200 464 SECUNDUS;

1981 524 2285 595 conglobari
2311 541 2455 600 saepe
2479 531 2745 588 cernimus
2763 572 2778 599 ,
2807 546 2929 589 cum
2950 549 3045 606 per
3063 534 3287 592 declivia
3307 535 3559 609 iugorum

1984 614 2051 670 ita
2081 620 2424 687 recumbunt,
2458 634 2518 679 ut
2543 625 2850 698 plerumque
2875 629 3202 686 exeedautur
3221 632 3381 687 etiam
3405 647 3563 691 cacus

1982 707 2215 766 minibus
2239 714 2519 771 montium.
2542 716 2670 772 Cum
2691 734 2819 790 ergo
2846 719 3120 789 probasset
3142 720 3359 779 ethunc
3379 737 3564 779 aerem

1981 800 2174 856 coelum
2205 802 2308 859 dici
2329 844 2346 871 ,
2374 807 2512 861 nulla
2541 809 2642 863 alia
2671 825 2828 866 causa
2855 812 3012 867 etiam
3045 811 3437 868 firmamentum
3467 829 3560 885 ap~

1983 892 2232 959 pellatum
2257 896 2421 951 voluit
2447 900 2776 969 existimari,
2809 902 2911 958 nisi
2938 905 3059 974 quia
3091 905 3425 961 intervallum
3450 905 3568 975 ejus

1982 981 2169 1042 dividit
2221 989 2361 1046 inter
2403 994 2660 1062 quosdam
2718 1012 2943 1067 vapores
2997 1014 3287 1068 aquarum,
3333 1008 3389 1054 et
3435 1000 3567 1054 istas

1982 1091 2144 1148 aquas
2171 1096 2291 1151 qua:
2321 1086 2680 1154 corpulentius
2710 1090 2725 1119 ί
2753 1089 2805 1142 in
2851 1090 3006 1145 terris
3050 1089 3275 1145 fluitant.
3306 1091 3373 1146 Et
3397 1091 3569 1145 nubes

1982 1171 2210 1240 quippe,
2242 1174 2376 1231 sicut
2412 1178 2615 1247 experti
2651 1188 2774 1234 sunt
2806 1182 2896 1250 qui
2934 1180 3074 1236 inter
3099 1197 3190 1237 eas
3220 1183 3270 1236 in
3299 1182 3569 1237 montibus

1975 1262 2423 1335 ambulaverunt,
2451 1272 2860 1341 congregatione
2882 1281 2936 1327 et
2963 1274 3367 1343 conglobatione
3393 1275 3569 1329 minu-

1985 1353 2309 1414 tissimarum
2335 1370 2599 1431 guttarum
2631 1365 2789 1419 talem
2815 1367 3045 1435 speciem
3076 1365 3303 1424 reddent
3331 1386 3347 1422 :
3374 1384 3492 1438 quae
3522 1369 3570 1423 si

1984 1448 2284 1516 spissantur
2306 1455 2565 1524 amplius,
2594 1464 2653 1511 ut
2694 1457 3080 1527 eonjuugantur
3110 1458 3164 1513 iu
3206 1474 3362 1513 unam
3410 1474 3570 1531 gran-

1984 1541 2109 1599 dem
2128 1546 2306 1616 plures
2332 1558 2496 1618 guttse
2522 1549 2776 1617 minimae,
2801 1566 2906 1607 non
2933 1567 3049 1606 eam
3081 1554 3276 1621 patitur
3304 1568 3398 1607 aer
3420 1553 3564 1622 apud

1986 1649 2048 1691 se
2074 1640 2277 1704 teucri,
2307 1639 2401 1694 sed
2434 1640 2551 1708 ejus
2593 1640 2816 1710 ponderi
2865 1641 2933 1697 ad
2976 1643 3078 1697 iuta
3133 1644 3224 1697 dat
3264 1644 3475 1709 locum;
3511 1652 3568 1699 et

1986 1725 2103 1782 haec
2124 1737 2207 1784 est
2231 1729 2427 1799 pluvia.
2459 1731 2601 1800 Ergo
2629 1748 2696 1786 ex
2734 1748 2891 1799 aere,
2933 1734 3021 1804 qui
3050 1744 3132 1790 est
3170 1736 3308 1791 inter
3346 1751 3569 1805 vapores

1986 1816 2264 1887 bumidos,
2292 1820 2432 1877 unde
2470 1818 2715 1892 superius
2739 1825 2917 1879 nubila
2951 1827 3355 1895 conglobantur,
3378 1837 3431 1881 et
3459 1843 3573 1881 ma-

1985 1908 2064 1962 ria
2094 1910 2389 1966 subterfusa
2412 1954 2426 1978 ,
2445 1914 2743 1991 ostendere
2786 1916 2875 1969 ille
2909 1917 3078 1971 voluit
3105 1932 3224 1973 esse
3251 1918 3444 1973 ccelum
3490 1920 3573 1974 in-

1986 2007 2068 2054 ter
2105 2016 2295 2071 aquam
2325 2011 2379 2057 et
2406 2005 2619 2073 aquam.
2651 2005 2800 2061 Hanc
2826 2021 2954 2076 ergo
2975 2007 3301 2078 diligentiam
3330 2010 3574 2065 conside-

1986 2092 2356 2162 rationemque
2400 2094 2553 2149 laude
2596 2094 2960 2166 dignissimam
3004 2098 3204 2168 judico.
3247 2098 3399 2165 Quod
3429 2101 3575 2155 enim

1985 2177 2146 2248 dixit,
2178 2200 2349 2254 neque
2374 2192 2560 2240 contra
2585 2182 2741 2242 ﬁdem
2771 2198 2883 2256 est,
2916 2200 2971 2245 et
3006 2204 3060 2243 in
3106 2198 3352 2260 promptu
3397 2198 3573 2261 posito

1984 2276 2307 2332 documento
2327 2278 2470 2333 credi
2499 2291 2693 2350 potest.

2059 2370 2112 2424 8.
2138 2370 2448 2441 Quanquam
2481 2373 2648 2441 possit
2687 2372 2891 2441 videri,
2933 2388 3041 2430 non
3072 2375 3329 2445 impedire
3358 2378 3573 2447 propria

1986 2464 2219 2534 pondera
2266 2466 2684 2534 elementorum,
2724 2467 3005 2536 quominus
3049 2471 3210 2524 etiam
3248 2485 3407 2539 super
3442 2471 3574 2526 illud

1987 2558 2212 2612 sublime
2241 2559 2436 2613 caelum
2462 2560 2667 2629 possint
2685 2575 2804 2615 esse
2831 2576 2981 2631 aqua!
3009 2578 3103 2631 per
3129 2563 3245 2617 illas
3284 2548 3532 2618 minutias
3554 2603 3571 2629 ,

1989 2663 2085 2718 per
2109 2664 2239 2719 quas
2273 2650 2434 2705 etiam
2472 2665 2632 2719 super
2660 2650 2763 2706 hoc
2801 2653 3027 2720 spatium
3058 2652 3197 2707 aeris
3224 2667 3344 2707 esse
3384 2664 3574 2722 potue-

1987 2752 2151 2798 runt:
2179 2744 2267 2814 qui
2315 2744 2555 2814 quamvis
2601 2744 2813 2813 gravior
2849 2752 2904 2797 et
2939 2744 3160 2799 inferior
3188 2760 3396 2801 summo
3437 2745 3576 2801 caelo

1987 2837 2293 2906 suhjaceat,
2326 2836 2513 2907 procul
2542 2835 2702 2891 dubio
2725 2836 2895 2891 levior
2913 2845 2995 2890 est
3020 2837 3171 2907 aquis
3191 2878 3205 2903 ,
3235 2846 3290 2892 et
3312 2847 3491 2891 tamen
3512 2846 3571 2891 ut

1989 2942 2151 2997 super
2174 2943 2295 2983 eum
2319 2928 2425 2982 sint
2444 2942 2667 2997 vapores
2694 2927 2802 2993 illi,
2846 2927 2993 2981 nullo
3021 2927 3260 2995 pondere
3284 2926 3576 2996 prohibeo.

1994 3028 2095 3074 tur.
2124 3019 2214 3074 Sic
2241 3034 2369 3089 ergo
2396 3027 2451 3073 et
2487 3033 2648 3087 super
2672 3017 2799 3072 illud
2826 3018 3021 3073 cmlum
3070 3026 3246 3086 potest
3281 3018 3581 3072 minutiori-

1990 3110 2089 3164 bus
2121 3109 2283 3181 guttis
2315 3110 2483 3164 levior
2530 3109 2726 3163 halitus
2764 3108 3002 3162 humoris
3028 3108 3272 3175 extendi,
3306 3110 3398 3179 qui
3443 3124 3577 3178 pon-

1991 3201 2117 3257 dere
2139 3200 2333 3256 cadere
2370 3216 2477 3254 non
2503 3210 2743 3270 cogatur.
2772 3199 2876 3269 Ipsi
2901 3201 3099 3270 quippe
3121 3200 3463 3255 subtilissima
3493 3216 3583 3255 ra-

1989 3294 2134 3346 tione
2185 3291 2541 3361 persuadent,
2586 3292 2790 3345 nullum
2833 3306 2952 3346 esse
2993 3292 3284 3361 quamlibet
3325 3295 3580 3362 exiguum

1989 3382 2366 3452 corpusculum
2419 3383 2473 3436 in
2522 3398 2628 3451 quo
2686 3382 2882 3436 divisio
2935 3381 3165 3447 finiatur,
3196 3383 3313 3439 sed
3370 3383 3579 3439 infinite

1991 3473 2170 3528 omnia
2199 3473 2395 3540 dividi;
2436 3473 2560 3543 quia
2603 3473 2775 3527 omnis
2806 3487 2929 3542 pars
2956 3474 3198 3543 corporis
3240 3486 3434 3543 corpus
3462 3482 3577 3542 est,

1991 3576 2045 3622 et
2070 3581 2230 3621 omne
2257 3580 2453 3636 corpus
2483 3565 2674 3619 habeat
2713 3581 2933 3621 necesse
2971 3575 3052 3620 est
3094 3565 3371 3621 dimidium
3402 3580 3579 3636 quan-

1993 3658 2159 3711 titatis
2179 3672 2309 3711 suae.
2334 3657 2413 3711 Ac
2427 3671 2523 3727 per
2552 3659 2653 3711 hoc
2677 3657 2721 3710 si
2752 3665 2925 3725 potest
2951 3672 3115 3726 aqua,
3145 3660 3281 3712 sicut
3300 3657 3573 3723 videmus,

1992 3750 2059 3804 ad
2105 3757 2281 3803 tantas
2326 3758 2590 3819 guttarum
2638 3749 2889 3802 minutias
2930 3750 3236 3816 pervenire,
3296 3758 3353 3802 ut
3413 3764 3578 3818 super

1993 3841 2153 3896 istum
2200 3854 2379 3895 aerem
2418 3839 2738 3908 vaporaliter
2776 3838 2992 3903 feratur,
3043 3839 3131 3908 qui
3181 3847 3365 3892 natura
3410 3840 3580 3894 levior

1993 3942 2076 3986 est
2122 3931 2301 4001 aquis;
2344 3946 2442 3985 cur
2484 3945 2589 3984 non
2622 3928 2785 3998 possit
2812 3938 2867 3983 et
2902 3944 3061 3997 super
3102 3929 3228 3982 illud
3267 3930 3436 3984 levius
3462 3945 3579 3986 cm-

1992 4024 2103 4077 Ium
2128 4021 2499 4077 minutioribus
2523 4022 2684 4091 guttis
2701 4030 2755 4076 et
2780 4019 3067 4076 levioribus
3095 4020 3386 4076 immanere
3416 4036 3566 4091 vapo

1991 4113 2174 4170 ribus?

2065 4203 2293 4261 CAPUT
2316 4203 2378 4258 Υ.
2394 4233 2466 4243 -
2487 4204 2646 4273 Aqua
2667 4219 2824 4272 supra
2849 4203 3028 4259 cretum
3054 4204 3203 4257 etiam
3231 4201 3503 4257 sidereum.

2065 4300 2119 4355 9.
2159 4298 2386 4365 Quidam
2436 4297 2595 4352 etiam
2639 4297 2844 4364 nostri,
2889 4297 3021 4351 istos
3059 4304 3312 4367 negantes
3361 4304 3580 4367 propter

1996 4394 2232 4465 pondera
2265 4392 2648 4447 elementorum
2673 4404 2836 4460 aquas
2862 4405 2983 4445 esse
3023 4404 3177 4457 posse
3203 4403 3363 4456 super
3378 4388 3577 4442 omium

1996 4486 2262 4539 sidereum
2286 4523 2299 4546 ,
2328 4481 2396 4536 de
2422 4482 2657 4551 ipsorum
2679 4480 2911 4534 siderum
2942 4479 3281 4547 qualitatibus
3303 4489 3354 4533 et
3384 4479 3578 4532 meati-

1996 4576 2096 4631 bus
2137 4575 2451 4631 convincere
2508 4572 2812 4625 moliuntur.
2856 4568 3017 4624 Iidem
3063 4585 3290 4640 namque
3335 4580 3581 4625 asserunt

1996 4667 2205 4722 stellam
2230 4678 2390 4733 quam
2435 4663 2644 4718 Saturni
2686 4660 2985 4729 appellant,
3008 4676 3126 4715 esse
3152 4662 3538 4730 frigidissimam
3559 4705 3575 4731 ,

1998 4775 2222 4830 eamque
2240 4773 2335 4828 per
2362 4770 2530 4810 annos
2562 4755 2769 4825 triginta
2796 4754 3102 4822 signiferum
3132 4771 3381 4826 peragere
3408 4756 3580 4811 circu-

1999 4856 2107 4910 lum
2128 4896 2143 4921 ,
2172 4867 2236 4907 eo
2256 4849 2397 4921 quod
2423 4846 2664 4917 superior
2716 4887 2731 4909 ,
2759 4861 2821 4900 ae
2855 4861 2951 4915 per
2977 4847 3076 4901 hoc
3099 4848 3353 4917 ampliore
3379 4848 3577 4903 ambitu

1998 4946 2251 5018 graditur.
2280 4943 2412 4997 Nam
2450 4939 2527 4995 sol
2548 4937 2793 4993 eumdem
2812 4938 3067 4991 circulum
3094 4954 3188 5007 per
3208 4954 3403 4993 annum
3433 4955 3579 4992 com-

2000 5040 2141 5110 plet,
2168 5046 2223 5092 et
2240 5036 2363 5089 luna
2391 5049 2485 5103 per
2510 5036 2951 5093 mensem;tanto
2972 5071 2986 5093 ,
3014 5041 3070 5083 ut
3096 5031 3312 5097 dicunt,
3342 5029 3574 5093 brevius,

2000 5138 2197 5201 quanto
2226 5126 2473 5189 inferius,
2503 5134 2559 5179 ut
2584 5126 2753 5193 spatio
2784 5124 2885 5177 loci
2911 5124 3137 5192 spatium
3167 5122 3417 5190 temporis
3444 5136 3581 5175 con~

2000 5230 2175 5295 gruat.
2204 5219 2469 5285 Quaeritur
2497 5218 2672 5286 itaque
2700 5216 2766 5271 ab
2796 5215 2872 5270 eis
2890 5255 2907 5281 ,
2939 5215 3078 5268 unde
3106 5213 3193 5266 illa
3220 5212 3371 5266 stella
3396 5212 3464 5265 sit
3488 5211 3582 5265 fri-

2000 5317 2120 5386 gida
2141 5355 2155 5380 ,
2183 5328 2301 5383 quae
2340 5318 2487 5365 tanto
2514 5309 2783 5363 ardentior
2820 5324 2939 5364 esse
2972 5307 3218 5370 deberet,
3247 5315 3444 5375 quanto
3487 5320 3580 5360 su-

2004 5408 2244 5464 blimiore
2271 5404 2408 5460 coelo
2432 5403 2652 5472 rapitur.
2675 5402 2806 5456 Nam
2832 5401 3013 5472 procul
3032 5400 3193 5454 dubio
3211 5413 3329 5453 cum
3356 5396 3583 5452 rotunda

2006 5501 2175 5556 moles
2218 5497 2460 5553 circulari
2505 5504 2651 5555 motu
2706 5494 2896 5561 agitur,
2939 5492 3185 5546 interiora
3229 5489 3341 5559 ejus
3385 5489 3583 5544 tardius

2005 5591 2429 5659 eunt,exteriora
2451 5587 2707 5653 celerius,
2726 5596 2781 5641 ut
2810 5584 3007 5653 majora
3035 5582 3202 5651 Spatia
3229 5596 3349 5636 cum
3371 5580 3583 5636 brevio-

2007 5691 2153 5746 ribus
2178 5687 2246 5743 ad
2269 5686 2483 5743 eosdem
2504 5698 2663 5755 gyros
2693 5681 2884 5750 pariter
2909 5686 3187 5733 occurrant
3223 5697 3237 5734 :
3264 5694 3381 5748 quae
3409 5685 3584 5733 autem

2072 5853 2090 5883 ί
2114 5847 2391 5898 Nsvarricus
2411 5850 2515 5904 Ms.,
2539 5837 2922 5905 corpulentiam.

3030 5919 3291 5998 {‘Neuﬂ)
