  <div class='ocr_page' id='page_1' title='image "/cluster/home/n/w/nwhite01/storage/ocr_20150623/34/hvd.32044015706310/140.png"; bbox 0 0 4056 6500; ppageno 0'>
   <div class='ocr_carea' id='block_1_1' title="bbox 359 543 466 601">
    <p class='ocr_par' dir='ltr' id='par_1_1' title="bbox 359 543 466 601">
     <span class='ocr_line' id='line_1_1' title="bbox 359 543 466 601; baseline -0.009 0"><span class='ocrx_word' id='word_1_1' title='bbox 359 543 466 601; x_wconf 75' lang='lat'><strong>269</strong></span> 
     </span>
    </p>
   </div>
   <div class='ocr_carea' id='block_1_2' title="bbox 359 654 1944 735">
    <p class='ocr_par' dir='ltr' id='par_1_2' title="bbox 359 654 1944 735">
     <span class='ocr_line' id='line_1_2' title="bbox 359 654 1944 735; baseline -0.004 -16"><span class='ocrx_word' id='word_1_2' title='bbox 359 665 556 727; x_wconf 81' lang='lat' dir='ltr'><strong>Patris,</strong></span> <span class='ocrx_word' id='word_1_3' title='bbox 583 663 679 719; x_wconf 85' lang='lat' dir='ltr'><strong>sed</strong></span> <span class='ocrx_word' id='word_1_4' title='bbox 707 663 866 720; x_wconf 80' lang='lat' dir='ltr'><strong>etiam</strong></span> <span class='ocrx_word' id='word_1_5' title='bbox 893 654 1013 719; x_wconf 80' lang='lat' dir='ltr'><strong>Filii</strong></span> <span class='ocrx_word' id='word_1_6' title='bbox 1046 663 1214 735; x_wconf 67' lang='lat' dir='ltr'><strong>possit</strong></span> <span class='ocrx_word' id='word_1_7' title='bbox 1242 662 1498 734; x_wconf 85' lang='lat' dir='ltr'><strong>apparere</strong></span> <span class='ocrx_word' id='word_1_8' title='bbox 1525 664 1771 733; x_wconf 68' lang='lat' dir='ltr'><strong>pereona.</strong></span> <span class='ocrx_word' id='word_1_9' title='bbox 1810 660 1944 715; x_wconf 90' lang='lat' dir='ltr'><strong>Nam</strong></span> 
     </span>
    </p>
   </div>
   <div class='ocr_carea' id='block_1_3' title="bbox 358 756 1945 828">
    <p class='ocr_par' dir='ltr' id='par_1_3' title="bbox 358 756 1945 828">
     <span class='ocr_line' id='line_1_3' title="bbox 358 756 1945 828; baseline -0.003 -16"><span class='ocrx_word' id='word_1_10' title='bbox 358 758 403 812; x_wconf 88' lang='lat' dir='ltr'><strong>si</strong></span> <span class='ocrx_word' id='word_1_11' title='bbox 437 762 658 828; x_wconf 75' lang='lat' dir='ltr'><strong>propter</strong></span> <span class='ocrx_word' id='word_1_12' title='bbox 691 756 1075 813; x_wconf 80' lang='lat' dir='ltr'><strong>ostendendam</strong></span> <span class='ocrx_word' id='word_1_13' title='bbox 1103 757 1223 811; x_wconf 84' lang='lat' dir='ltr'><strong>Filii</strong></span> <span class='ocrx_word' id='word_1_14' title='bbox 1254 771 1532 827; x_wconf 81' lang='lat' dir='ltr'><strong>personam</strong></span> <span class='ocrx_word' id='word_1_15' title='bbox 1563 756 1849 825; x_wconf 74' lang='lat' dir='ltr'><strong>repetitur;</strong></span> <span class='ocrx_word' id='word_1_16' title='bbox 1885 760 1945 808; x_wconf 80' lang='lat' dir='ltr'><strong>ac</strong></span> 
     </span>
    </p>
   </div>
   <div class='ocr_carea' id='block_1_4' title="bbox 359 847 1944 923">
    <p class='ocr_par' dir='ltr' id='par_1_4' title="bbox 359 847 1944 923">
     <span class='ocr_line' id='line_1_4' title="bbox 359 847 1944 923; baseline -0.003 -17"><span class='ocrx_word' id='word_1_17' title='bbox 359 850 574 915; x_wconf 88' lang='lat' dir='ltr'><strong>dicitur,</strong></span> <span class='ocrx_word' id='word_1_18' title='bbox 612 850 673 904; x_wconf 85' lang='lat' dir='ltr'><strong>Et</strong></span> <span class='ocrx_word' id='word_1_19' title='bbox 700 853 817 923; x_wconf 76' lang='lat' dir='ltr'><strong>fecit</strong></span> <span class='ocrx_word' id='word_1_20' title='bbox 840 848 1017 916; x_wconf 80' lang='lat' dir='ltr'><strong>Deus;</strong></span> <span class='ocrx_word' id='word_1_21' title='bbox 1040 850 1293 921; x_wconf 76' lang='lat' dir='ltr'><strong>namquid</strong></span> <span class='ocrx_word' id='word_1_22' title='bbox 1318 866 1443 921; x_wconf 87' lang='lat' dir='ltr'><strong>ergo</strong></span> <span class='ocrx_word' id='word_1_23' title='bbox 1479 856 1583 904; x_wconf 88' lang='lat' dir='ltr'><strong>non</strong></span> <span class='ocrx_word' id='word_1_24' title='bbox 1629 865 1726 919; x_wconf 89' lang='lat' dir='ltr'><strong>per</strong></span> <span class='ocrx_word' id='word_1_25' title='bbox 1751 847 1944 902; x_wconf 88' lang='lat' dir='ltr'><strong>Filium</strong></span> 
     </span>
    </p>
   </div>
   <div class='ocr_carea' id='block_1_5' title="bbox 355 934 1944 1016">
    <p class='ocr_par' dir='ltr' id='par_1_5' title="bbox 355 934 1944 1016">
     <span class='ocr_line' id='line_1_5' title="bbox 355 934 1944 1016; baseline -0.003 -17"><span class='ocrx_word' id='word_1_26' title='bbox 355 934 707 1016; x_wconf 70' lang='lat' dir='ltr'><strong>congregavit</strong></span> <span class='ocrx_word' id='word_1_27' title='bbox 732 948 921 1016; x_wconf 77' lang='lat' dir='ltr'><strong>aqtialn</strong></span> <span class='ocrx_word' id='word_1_28' title='bbox 951 934 1218 1000; x_wconf 76' lang='lat' dir='ltr'><strong>tertiodie</strong></span> <span class='ocrx_word' id='word_1_29' title='bbox 1247 954 1303 998; x_wconf 90' lang='lat' dir='ltr'><strong>ut</strong></span> <span class='ocrx_word' id='word_1_30' title='bbox 1332 952 1610 1016; x_wconf 89' lang='lat' dir='ltr'><strong>appareret</strong></span> <span class='ocrx_word' id='word_1_31' title='bbox 1634 942 1801 1010; x_wconf 88' lang='lat' dir='ltr'><strong>arida,</strong></span> <span class='ocrx_word' id='word_1_32' title='bbox 1825 942 1944 1013; x_wconf 82' lang='lat' dir='ltr'><strong>quia</strong></span> 
     </span>
    </p>
   </div>
   <div class='ocr_carea' id='block_1_6' title="bbox 355 1026 1949 1119">
    <p class='ocr_par' dir='ltr' id='par_1_6' title="bbox 355 1026 1949 1119">
     <span class='ocr_line' id='line_1_6' title="bbox 355 1026 1949 1119; baseline -0.003 -28"><span class='ocrx_word' id='word_1_33' title='bbox 355 1036 428 1091; x_wconf 91' lang='lat' dir='ltr'><strong>ibi</strong></span> <span class='ocrx_word' id='word_1_34' title='bbox 459 1051 570 1092; x_wconf 88' lang='lat' dir='ltr'><strong>non</strong></span> <span class='ocrx_word' id='word_1_35' title='bbox 594 1036 808 1102; x_wconf 82' lang='lat' dir='ltr'><strong>dicitur,</strong></span> <span class='ocrx_word' id='word_1_36' title='bbox 837 1026 905 1090; x_wconf 78' lang='lat' dir='ltr'><strong>Et</strong></span> <span class='ocrx_word' id='word_1_37' title='bbox 947 1036 1068 1091; x_wconf 72' lang='lat' dir='ltr'><strong>fceit</strong></span> <span class='ocrx_word' id='word_1_38' title='bbox 1095 1036 1233 1091; x_wconf 88' lang='lat' dir='ltr'><strong>Deus</strong></span> <span class='ocrx_word' id='word_1_39' title='bbox 1270 1034 1576 1106; x_wconf 76' lang='lat' dir='ltr'><strong>congregari</strong></span> <span class='ocrx_word' id='word_1_40' title='bbox 1602 1028 1791 1119; x_wconf 74' lang='lat' dir='ltr'><strong>aquam</strong></span> <span class='ocrx_word' id='word_1_41' title='bbox 1812 1074 1825 1099; x_wconf 87' lang='lat'><strong>,</strong></span> <span class='ocrx_word' id='word_1_42' title='bbox 1858 1034 1949 1086; x_wconf 84' lang='lat' dir='ltr'><strong>a&#39;ut</strong></span> 
     </span>
    </p>
   </div>
   <div class='ocr_carea' id='block_1_7' title="bbox 354 1124 1947 1199">
    <p class='ocr_par' dir='ltr' id='par_1_7' title="bbox 354 1124 1947 1199">
     <span class='ocr_line' id='line_1_7' title="bbox 354 1124 1947 1199; baseline 0.001 -18"><span class='ocrx_word' id='word_1_43' title='bbox 354 1128 700 1197; x_wconf 76' lang='lat' dir='ltr'><strong>congregavit</strong></span> <span class='ocrx_word' id='word_1_44' title='bbox 715 1128 859 1183; x_wconf 87' lang='lat' dir='ltr'><strong>Deus</strong></span> <span class='ocrx_word' id='word_1_45' title='bbox 877 1128 1102 1199; x_wconf 80' lang='lat' dir='ltr'><strong>aquam?</strong></span> <span class='ocrx_word' id='word_1_46' title='bbox 1133 1127 1237 1183; x_wconf 89' lang='lat' dir='ltr'><strong>Sed</strong></span> <span class='ocrx_word' id='word_1_47' title='bbox 1257 1136 1436 1182; x_wconf 86' lang='lat' dir='ltr'><strong>tamen</strong></span> <span class='ocrx_word' id='word_1_48' title='bbox 1458 1127 1615 1182; x_wconf 85' lang='lat' dir='ltr'><strong>etiam</strong></span> <span class='ocrx_word' id='word_1_49' title='bbox 1644 1127 1715 1181; x_wconf 90' lang='lat' dir='ltr'><strong>ibi</strong></span> <span class='ocrx_word' id='word_1_50' title='bbox 1737 1124 1947 1196; x_wconf 83' lang='lat' dir='ltr'><strong>postea-</strong></span> 
     </span>
    </p>
   </div>
   <div class='ocr_carea' id='block_1_8' title="bbox 354 1219 1942 1292">
    <p class='ocr_par' dir='ltr' id='par_1_8' title="bbox 354 1219 1942 1292">
     <span class='ocr_line' id='line_1_8' title="bbox 354 1219 1942 1292; baseline 0.001 -19"><span class='ocrx_word' id='word_1_51' title='bbox 354 1234 515 1289; x_wconf 85' lang='lat' dir='ltr'><strong>quam</strong></span> <span class='ocrx_word' id='word_1_52' title='bbox 545 1219 697 1284; x_wconf 81' lang='lat' dir='ltr'><strong>dixit,</strong></span> <span class='ocrx_word' id='word_1_53' title='bbox 729 1220 793 1274; x_wconf 85' lang='lat' dir='ltr'><strong>Et</strong></span> <span class='ocrx_word' id='word_1_54' title='bbox 831 1221 1017 1289; x_wconf 81' lang='lat' dir='ltr'><strong>factum</strong></span> <span class='ocrx_word' id='word_1_55' title='bbox 1040 1228 1111 1275; x_wconf 84' lang='lat' dir='ltr'><strong>est</strong></span> <span class='ocrx_word' id='word_1_56' title='bbox 1139 1222 1248 1285; x_wconf 80' lang='lat' dir='ltr'><strong>sic;</strong></span> <span class='ocrx_word' id='word_1_57' title='bbox 1280 1230 1404 1276; x_wconf 87' lang='lat' dir='ltr'><strong>tunc</strong></span> <span class='ocrx_word' id='word_1_58' title='bbox 1429 1221 1707 1292; x_wconf 87' lang='lat' dir='ltr'><strong>repetivit,</strong></span> <span class='ocrx_word' id='word_1_59' title='bbox 1740 1220 1942 1288; x_wconf 86' lang='lat' dir='ltr'><strong>dicens,</strong></span> 
     </span>
    </p>
   </div>
   <div class='ocr_carea' id='block_1_9' title="bbox 354 1304 1947 1384">
    <p class='ocr_par' dir='ltr' id='par_1_9' title="bbox 354 1304 1947 1384">
     <span class='ocr_line' id='line_1_9' title="bbox 354 1304 1947 1384; baseline 0.003 -21"><span class='ocrx_word' id='word_1_60' title='bbox 354 1310 425 1364; x_wconf 82' lang='lat' dir='ltr'><strong>Et</strong></span> <span class='ocrx_word' id='word_1_61' title='bbox 447 1304 751 1383; x_wconf 80' lang='lat' dir='ltr'><strong>congregata</strong></span> <span class='ocrx_word' id='word_1_62' title='bbox 766 1322 839 1366; x_wconf 86' lang='lat' dir='ltr'><strong>est</strong></span> <span class='ocrx_word' id='word_1_63' title='bbox 858 1330 1007 1383; x_wconf 80' lang='lat' dir='ltr'><strong>aqua,</strong></span> <span class='ocrx_word' id='word_1_64' title='bbox 1028 1329 1139 1383; x_wconf 69' lang='lat' dir='ltr'><strong>qua:</strong></span> <span class='ocrx_word' id='word_1_65' title='bbox 1159 1322 1229 1366; x_wconf 87' lang='lat' dir='ltr'><strong>est</strong></span> <span class='ocrx_word' id='word_1_66' title='bbox 1246 1314 1334 1367; x_wconf 87' lang='lat' dir='ltr'><strong>sub</strong></span> <span class='ocrx_word' id='word_1_67' title='bbox 1351 1314 1490 1367; x_wconf 68' lang='lat' dir='ltr'><strong>creto.</strong></span> <span class='ocrx_word' id='word_1_68' title='bbox 1509 1312 1772 1384; x_wconf 84' lang='lat' dir='ltr'><strong>Numquid</strong></span> <span class='ocrx_word' id='word_1_69' title='bbox 1791 1308 1947 1367; x_wconf 78' lang='lat' dir='ltr'><strong>etiam</strong></span> 
     </span>
    </p>
   </div>
   <div class='ocr_carea' id='block_1_10' title="bbox 355 1396 1948 1476">
    <p class='ocr_par' dir='ltr' id='par_1_10' title="bbox 355 1396 1948 1476">
     <span class='ocr_line' id='line_1_10' title="bbox 355 1396 1948 1476; baseline 0.003 -20"><span class='ocrx_word' id='word_1_70' title='bbox 355 1402 447 1457; x_wconf 79' lang='lat' dir='ltr'><strong>lux</strong></span> <span class='ocrx_word' id='word_1_71' title='bbox 473 1418 581 1458; x_wconf 90' lang='lat' dir='ltr'><strong>non</strong></span> <span class='ocrx_word' id='word_1_72' title='bbox 609 1398 702 1473; x_wconf 78' lang='lat' dir='ltr'><strong>per</strong></span> <span class='ocrx_word' id='word_1_73' title='bbox 727 1405 919 1459; x_wconf 85' lang='lat' dir='ltr'><strong>Filium</strong></span> <span class='ocrx_word' id='word_1_74' title='bbox 950 1405 1084 1460; x_wconf 82' lang='lat' dir='ltr'><strong>facta</strong></span> <span class='ocrx_word' id='word_1_75' title='bbox 1108 1411 1208 1472; x_wconf 84' lang='lat' dir='ltr'><strong>est,</strong></span> <span class='ocrx_word' id='word_1_76' title='bbox 1238 1405 1328 1460; x_wconf 85' lang='lat' dir='ltr'><strong>ubi</strong></span> <span class='ocrx_word' id='word_1_77' title='bbox 1357 1420 1570 1476; x_wconf 87' lang='lat' dir='ltr'><strong>prorsus</strong></span> <span class='ocrx_word' id='word_1_78' title='bbox 1613 1396 1763 1459; x_wconf 86' lang='lat' dir='ltr'><strong>nullo</strong></span> <span class='ocrx_word' id='word_1_79' title='bbox 1790 1404 1948 1460; x_wconf 86' lang='lat' dir='ltr'><strong>modo</strong></span> 
     </span>
    </p>
   </div>
   <div class='ocr_carea' id='block_1_11' title="bbox 354 1497 1943 1566">
    <p class='ocr_par' dir='ltr' id='par_1_11' title="bbox 354 1497 1943 1566">
     <span class='ocr_line' id='line_1_11' title="bbox 354 1497 1943 1566; baseline 0.003 -15"><span class='ocrx_word' id='word_1_80' title='bbox 354 1497 658 1566; x_wconf 79' lang='lat' dir='ltr'><strong>repetivit?</strong></span> <span class='ocrx_word' id='word_1_81' title='bbox 674 1498 853 1559; x_wconf 84' lang='lat' dir='ltr'><strong>Potuit</strong></span> <span class='ocrx_word' id='word_1_82' title='bbox 876 1501 1017 1555; x_wconf 90' lang='lat' dir='ltr'><strong>enim</strong></span> <span class='ocrx_word' id='word_1_83' title='bbox 1039 1509 1094 1555; x_wconf 88' lang='lat' dir='ltr'><strong>et</strong></span> <span class='ocrx_word' id='word_1_84' title='bbox 1124 1500 1229 1554; x_wconf 89' lang='lat' dir='ltr'><strong>illic</strong></span> <span class='ocrx_word' id='word_1_85' title='bbox 1254 1502 1321 1554; x_wconf 89' lang='lat' dir='ltr'><strong>ita</strong></span> <span class='ocrx_word' id='word_1_86' title='bbox 1344 1501 1539 1566; x_wconf 84' lang='lat' dir='ltr'><strong>dicere,</strong></span> <span class='ocrx_word' id='word_1_87' title='bbox 1555 1501 1620 1555; x_wconf 89' lang='lat' dir='ltr'><strong>Et</strong></span> <span class='ocrx_word' id='word_1_88' title='bbox 1639 1500 1769 1555; x_wconf 83' lang='lat' dir='ltr'><strong>dixit</strong></span> <span class='ocrx_word' id='word_1_89' title='bbox 1789 1500 1943 1565; x_wconf 87' lang='lat' dir='ltr'><strong>Deus,</strong></span> 
     </span>
    </p>
   </div>
   <div class='ocr_carea' id='block_1_12' title="bbox 356 1588 1949 1661">
    <p class='ocr_par' dir='ltr' id='par_1_12' title="bbox 356 1588 1949 1661">
     <span class='ocr_line' id='line_1_12' title="bbox 356 1588 1949 1661; baseline 0.005 -20"><span class='ocrx_word' id='word_1_90' title='bbox 356 1588 735 1656; x_wconf 78' lang='lat' dir='ltr'><strong>ﬁatlux,etsic</strong></span> <span class='ocrx_word' id='word_1_91' title='bbox 753 1600 836 1646; x_wconf 90' lang='lat' dir='ltr'><strong>est</strong></span> <span class='ocrx_word' id='word_1_92' title='bbox 863 1591 1058 1647; x_wconf 80' lang='lat' dir='ltr'><strong>factum</strong></span> <span class='ocrx_word' id='word_1_93' title='bbox 1080 1602 1160 1657; x_wconf 90' lang='lat' dir='ltr'><strong>;et</strong></span> <span class='ocrx_word' id='word_1_94' title='bbox 1179 1594 1300 1648; x_wconf 81' lang='lat' dir='ltr'><strong>fecit</strong></span> <span class='ocrx_word' id='word_1_95' title='bbox 1326 1595 1466 1649; x_wconf 84' lang='lat' dir='ltr'><strong>Deus</strong></span> <span class='ocrx_word' id='word_1_96' title='bbox 1496 1594 1703 1661; x_wconf 87' lang='lat' dir='ltr'><strong>lucem;</strong></span> <span class='ocrx_word' id='word_1_97' title='bbox 1736 1603 1790 1649; x_wconf 91' lang='lat' dir='ltr'><strong>et</strong></span> <span class='ocrx_word' id='word_1_98' title='bbox 1818 1595 1949 1649; x_wconf 83' lang='lat' dir='ltr'><strong>vidit</strong></span> 
     </span>
    </p>
   </div>
   <div class='ocr_carea' id='block_1_13' title="bbox 356 1680 1951 1761">
    <p class='ocr_par' dir='ltr' id='par_1_13' title="bbox 356 1680 1951 1761">
     <span class='ocr_line' id='line_1_13' title="bbox 356 1680 1951 1761; baseline 0.005 -27"><span class='ocrx_word' id='word_1_99' title='bbox 356 1681 482 1753; x_wconf 84' lang='lat' dir='ltr'><strong>quia</strong></span> <span class='ocrx_word' id='word_1_100' title='bbox 506 1680 647 1737; x_wconf 89' lang='lat' dir='ltr'><strong>bona</strong></span> <span class='ocrx_word' id='word_1_101' title='bbox 676 1690 759 1737; x_wconf 88' lang='lat' dir='ltr'><strong>est</strong></span> <span class='ocrx_word' id='word_1_102' title='bbox 782 1700 801 1741; x_wconf 74' lang='grc' dir='ltr'><strong>ε⁴</strong></span> <span class='ocrx_word' id='word_1_103' title='bbox 820 1694 922 1761; x_wconf 57' lang='lat' dir='ltr'><strong>Laut</strong></span> <span class='ocrx_word' id='word_1_104' title='bbox 948 1693 1094 1741; x_wconf 86' lang='lat' dir='ltr'><strong>certe</strong></span> <span class='ocrx_word' id='word_1_105' title='bbox 1124 1687 1261 1741; x_wconf 85' lang='lat' dir='ltr'><strong>sicut</strong></span> <span class='ocrx_word' id='word_1_106' title='bbox 1289 1687 1339 1740; x_wconf 93' lang='lat' dir='ltr'><strong>in</strong></span> <span class='ocrx_word' id='word_1_107' title='bbox 1369 1702 1623 1756; x_wconf 90' lang='lat' dir='ltr'><strong>aquarum</strong></span> <span class='ocrx_word' id='word_1_108' title='bbox 1661 1690 1951 1759; x_wconf 77' lang='lat' dir='ltr'><strong>congrega-</strong></span> 
     </span>
    </p>
   </div>
   <div class='ocr_carea' id='block_1_14' title="bbox 356 1771 1949 1849">
    <p class='ocr_par' dir='ltr' id='par_1_14' title="bbox 356 1771 1949 1849">
     <span class='ocr_line' id='line_1_14' title="bbox 356 1771 1949 1849; baseline 0.006 -25"><span class='ocrx_word' id='word_1_109' title='bbox 356 1771 521 1849; x_wconf 82' lang='lat' dir='ltr'><strong>tione,</strong></span> <span class='ocrx_word' id='word_1_110' title='bbox 552 1780 612 1827; x_wconf 92' lang='lat' dir='ltr'><strong>ut</strong></span> <span class='ocrx_word' id='word_1_111' title='bbox 638 1788 747 1828; x_wconf 89' lang='lat' dir='ltr'><strong>non</strong></span> <span class='ocrx_word' id='word_1_112' title='bbox 776 1774 1014 1843; x_wconf 81' lang='lat' dir='ltr'><strong>diceret,</strong></span> <span class='ocrx_word' id='word_1_113' title='bbox 1038 1776 1107 1831; x_wconf 91' lang='lat' dir='ltr'><strong>Et</strong></span> <span class='ocrx_word' id='word_1_114' title='bbox 1134 1776 1257 1832; x_wconf 81' lang='lat' dir='ltr'><strong>fecit</strong></span> <span class='ocrx_word' id='word_1_115' title='bbox 1288 1777 1461 1845; x_wconf 89' lang='lat' dir='ltr'><strong>Deus,</strong></span> <span class='ocrx_word' id='word_1_116' title='bbox 1494 1777 1585 1832; x_wconf 91' lang='lat' dir='ltr'><strong>sed</strong></span> <span class='ocrx_word' id='word_1_117' title='bbox 1616 1786 1819 1832; x_wconf 88' lang='lat' dir='ltr'><strong>tantum</strong></span> <span class='ocrx_word' id='word_1_118' title='bbox 1848 1780 1949 1833; x_wconf 85' lang='lat' dir='ltr'><strong>ite-</strong></span> 
     </span>
    </p>
   </div>
   <div class='ocr_carea' id='block_1_15' title="bbox 353 1869 1953 1938">
    <p class='ocr_par' dir='ltr' id='par_1_15' title="bbox 353 1869 1953 1938">
     <span class='ocr_line' id='line_1_15' title="bbox 353 1869 1953 1938; baseline 0.008 -21"><span class='ocrx_word' id='word_1_119' title='bbox 353 1880 474 1934; x_wconf 83' lang='lat' dir='ltr'><strong>rum</strong></span> <span class='ocrx_word' id='word_1_120' title='bbox 520 1869 832 1936; x_wconf 71' lang='lat' dir='ltr'><strong>repeteret‘</strong></span> <span class='ocrx_word' id='word_1_121' title='bbox 856 1910 870 1936; x_wconf 93' lang='grc'><em>,</em></span> <span class='ocrx_word' id='word_1_122' title='bbox 913 1870 980 1924; x_wconf 87' lang='lat' dir='ltr'><strong>Et</strong></span> <span class='ocrx_word' id='word_1_123' title='bbox 1015 1870 1149 1925; x_wconf 83' lang='lat' dir='ltr'><strong>dixit</strong></span> <span class='ocrx_word' id='word_1_124' title='bbox 1176 1872 1348 1936; x_wconf 89' lang='lat' dir='ltr'><strong>Deus,</strong></span> <span class='ocrx_word' id='word_1_125' title='bbox 1378 1871 1467 1926; x_wconf 82' lang='lat' dir='ltr'><strong>ﬁat</strong></span> <span class='ocrx_word' id='word_1_126' title='bbox 1496 1873 1582 1927; x_wconf 85' lang='lat' dir='ltr'><strong>lux</strong></span> <span class='ocrx_word' id='word_1_127' title='bbox 1607 1915 1620 1938; x_wconf 94' lang='lat'><strong>,</strong></span> <span class='ocrx_word' id='word_1_128' title='bbox 1654 1881 1710 1927; x_wconf 93' lang='lat' dir='ltr'><strong>et</strong></span> <span class='ocrx_word' id='word_1_129' title='bbox 1750 1873 1827 1928; x_wconf 89' lang='lat' dir='ltr'><strong>sic</strong></span> <span class='ocrx_word' id='word_1_130' title='bbox 1871 1884 1953 1930; x_wconf 90' lang='lat' dir='ltr'><strong>est</strong></span> 
     </span>
    </p>
   </div>
   <div class='ocr_carea' id='block_1_16' title="bbox 352 1951 1951 2039">
    <p class='ocr_par' dir='ltr' id='par_1_16' title="bbox 352 1951 1951 2039">
     <span class='ocr_line' id='line_1_16' title="bbox 352 1951 1951 2039; baseline 0.009 -31"><span class='ocrx_word' id='word_1_131' title='bbox 352 1951 553 2025; x_wconf 81' lang='lat' dir='ltr'><strong>factum</strong></span> <span class='ocrx_word' id='word_1_132' title='bbox 576 1974 597 2023; x_wconf 5' lang='lat' dir='ltr'><strong>;j</strong></span> <span class='ocrx_word' id='word_1_133' title='bbox 621 1967 677 2013; x_wconf 90' lang='lat' dir='ltr'><strong>et</strong></span> <span class='ocrx_word' id='word_1_134' title='bbox 712 1958 856 2015; x_wconf 81' lang='lat' dir='ltr'><strong>facta</strong></span> <span class='ocrx_word' id='word_1_135' title='bbox 903 1971 983 2017; x_wconf 90' lang='lat' dir='ltr'><strong>est</strong></span> <span class='ocrx_word' id='word_1_136' title='bbox 1026 1962 1153 2029; x_wconf 82' lang='lat' dir='ltr'><strong>lux;</strong></span> <span class='ocrx_word' id='word_1_137' title='bbox 1186 1973 1239 2018; x_wconf 86' lang='lat' dir='ltr'><strong>et</strong></span> <span class='ocrx_word' id='word_1_138' title='bbox 1263 1964 1395 2019; x_wconf 87' lang='lat' dir='ltr'><strong>vidit</strong></span> <span class='ocrx_word' id='word_1_139' title='bbox 1420 1966 1559 2021; x_wconf 88' lang='lat' dir='ltr'><strong>Deus</strong></span> <span class='ocrx_word' id='word_1_140' title='bbox 1597 1967 1797 2033; x_wconf 88' lang='lat' dir='ltr'><strong>lucem,</strong></span> <span class='ocrx_word' id='word_1_141' title='bbox 1830 1968 1951 2039; x_wconf 89' lang='lat' dir='ltr'><strong>quia</strong></span> 
     </span>
    </p>
   </div>
   <div class='ocr_carea' id='block_1_17' title="bbox 355 2046 1949 2130">
    <p class='ocr_par' dir='ltr' id='par_1_17' title="bbox 355 2046 1949 2130">
     <span class='ocr_line' id='line_1_17' title="bbox 355 2046 1949 2130; baseline 0.009 -30"><span class='ocrx_word' id='word_1_142' title='bbox 355 2046 497 2101; x_wconf 86' lang='lat' dir='ltr'><strong>bona</strong></span> <span class='ocrx_word' id='word_1_143' title='bbox 525 2058 628 2105; x_wconf 86' lang='lat' dir='ltr'><strong>est.</strong></span> <span class='ocrx_word' id='word_1_144' title='bbox 670 2050 773 2105; x_wconf 85' lang='lat' dir='ltr'><strong>Sed</strong></span> <span class='ocrx_word' id='word_1_145' title='bbox 800 2052 944 2111; x_wconf 82' lang='lat' dir='ltr'><strong>nullo</strong></span> <span class='ocrx_word' id='word_1_146' title='bbox 968 2054 1128 2109; x_wconf 91' lang='lat' dir='ltr'><strong>modo</strong></span> <span class='ocrx_word' id='word_1_147' title='bbox 1154 2064 1398 2125; x_wconf 89' lang='lat' dir='ltr'><strong>repetens</strong></span> <span class='ocrx_word' id='word_1_148' title='bbox 1430 2066 1770 2129; x_wconf 84' lang='lat' dir='ltr'><strong>posteaquam</strong></span> <span class='ocrx_word' id='word_1_149' title='bbox 1827 2068 1949 2130; x_wconf 88' lang='lat' dir='ltr'><strong>pro-</strong></span> 
     </span>
    </p>
   </div>
   <div class='ocr_carea' id='block_1_18' title="bbox 352 2141 1953 2224">
    <p class='ocr_par' dir='ltr' id='par_1_18' title="bbox 352 2141 1953 2224">
     <span class='ocr_line' id='line_1_18' title="bbox 352 2141 1953 2224; baseline 0.006 -31"><span class='ocrx_word' id='word_1_150' title='bbox 352 2141 554 2211; x_wconf 76' lang='lat' dir='ltr'><strong>posuit,</strong></span> <span class='ocrx_word' id='word_1_151' title='bbox 586 2141 655 2194; x_wconf 84' lang='lat' dir='ltr'><strong>Et</strong></span> <span class='ocrx_word' id='word_1_152' title='bbox 680 2143 808 2198; x_wconf 72' lang='lat' dir='ltr'><strong>dixit</strong></span> <span class='ocrx_word' id='word_1_153' title='bbox 831 2143 992 2209; x_wconf 82' lang='lat' dir='ltr'><strong>Deus,</strong></span> <span class='ocrx_word' id='word_1_154' title='bbox 1022 2145 1143 2201; x_wconf 83' lang='lat' dir='ltr'><strong>Fiat</strong></span> <span class='ocrx_word' id='word_1_155' title='bbox 1170 2148 1291 2213; x_wconf 71' lang='lat' dir='ltr'><strong>tum;</strong></span> <span class='ocrx_word' id='word_1_156' title='bbox 1319 2149 1451 2203; x_wconf 88' lang='lat' dir='ltr'><strong>nihil</strong></span> <span class='ocrx_word' id='word_1_157' title='bbox 1472 2150 1611 2205; x_wconf 89' lang='lat' dir='ltr'><strong>aliud</strong></span> <span class='ocrx_word' id='word_1_158' title='bbox 1634 2151 1953 2224; x_wconf 77' lang='lat' dir='ltr'><strong>iutulitnisi,</strong></span> 
     </span>
    </p>
   </div>
   <div class='ocr_carea' id='block_1_19' title="bbox 355 2231 1952 2309">
    <p class='ocr_par' dir='ltr' id='par_1_19' title="bbox 355 2231 1952 2309">
     <span class='ocr_line' id='line_1_19' title="bbox 355 2231 1952 2309; baseline 0.011 -26"><span class='ocrx_word' id='word_1_159' title='bbox 355 2231 425 2301; x_wconf 82' lang='lat' dir='ltr'><strong>Et</strong></span> <span class='ocrx_word' id='word_1_160' title='bbox 451 2234 681 2301; x_wconf 77' lang='lat' dir='ltr'><strong>{actaest</strong></span> <span class='ocrx_word' id='word_1_161' title='bbox 711 2235 822 2301; x_wconf 71' lang='lat' dir='ltr'><strong>tum;</strong></span> <span class='ocrx_word' id='word_1_162' title='bbox 852 2251 914 2291; x_wconf 89' lang='lat' dir='ltr'><strong>ac</strong></span> <span class='ocrx_word' id='word_1_163' title='bbox 947 2237 1199 2309; x_wconf 85' lang='lat' dir='ltr'><strong>deinceps</strong></span> <span class='ocrx_word' id='word_1_164' title='bbox 1223 2240 1292 2294; x_wconf 93' lang='lat' dir='ltr'><strong>de</strong></span> <span class='ocrx_word' id='word_1_165' title='bbox 1332 2242 1520 2309; x_wconf 86' lang='lat' dir='ltr'><strong>placita</strong></span> <span class='ocrx_word' id='word_1_166' title='bbox 1559 2244 1675 2299; x_wconf 92' lang='lat' dir='ltr'><strong>luce</strong></span> <span class='ocrx_word' id='word_1_167' title='bbox 1702 2252 1756 2298; x_wconf 94' lang='lat' dir='ltr'><strong>et</strong></span> <span class='ocrx_word' id='word_1_168' title='bbox 1785 2244 1952 2300; x_wconf 85' lang='lat' dir='ltr'><strong>divisa</strong></span> 
     </span>
    </p>
   </div>
   <div class='ocr_carea' id='block_1_20' title="bbox 355 2324 1952 2403">
    <p class='ocr_par' dir='ltr' id='par_1_20' title="bbox 355 2324 1952 2403">
     <span class='ocr_line' id='line_1_20' title="bbox 355 2324 1952 2403; baseline 0.011 -28"><span class='ocrx_word' id='word_1_169' title='bbox 355 2336 393 2393; x_wconf 77' lang='lat' dir='ltr'><strong>a</strong></span> <span class='ocrx_word' id='word_1_170' title='bbox 419 2324 678 2391; x_wconf 89' lang='lat' dir='ltr'><strong>tenebris,</strong></span> <span class='ocrx_word' id='word_1_171' title='bbox 709 2334 762 2381; x_wconf 93' lang='lat' dir='ltr'><strong>et</strong></span> <span class='ocrx_word' id='word_1_172' title='bbox 792 2335 1013 2397; x_wconf 85' lang='lat' dir='ltr'><strong>utroque</strong></span> <span class='ocrx_word' id='word_1_173' title='bbox 1037 2331 1301 2400; x_wconf 90' lang='lat' dir='ltr'><strong>appellato</strong></span> <span class='ocrx_word' id='word_1_174' title='bbox 1326 2334 1625 2389; x_wconf 85' lang='lat' dir='ltr'><strong>nominibus</strong></span> <span class='ocrx_word' id='word_1_175' title='bbox 1668 2337 1779 2391; x_wconf 87' lang='lat' dir='ltr'><strong>suis</strong></span> <span class='ocrx_word' id='word_1_176' title='bbox 1798 2377 1811 2403; x_wconf 93' lang='lat'><strong>,</strong></span> <span class='ocrx_word' id='word_1_177' title='bbox 1836 2337 1952 2393; x_wconf 90' lang='lat' dir='ltr'><strong>sine</strong></span> 
     </span>
    </p>
   </div>
   <div class='ocr_carea' id='block_1_21' title="bbox 357 2413 1097 2491">
    <p class='ocr_par' dir='ltr' id='par_1_21' title="bbox 357 2413 1097 2491">
     <span class='ocr_line' id='line_1_21' title="bbox 357 2413 1097 2491; baseline 0.011 -24"><span class='ocrx_word' id='word_1_178' title='bbox 357 2413 469 2485; x_wconf 74' lang='lat' dir='ltr'><strong>ulla</strong></span> <span class='ocrx_word' id='word_1_179' title='bbox 500 2418 815 2491; x_wconf 69' lang='lat' dir='ltr'><strong>repetitione</strong></span> <span class='ocrx_word' id='word_1_180' title='bbox 846 2423 1097 2479; x_wconf 88' lang='lat' dir='ltr'><strong>narravit.</strong></span> 
     </span>
    </p>
   </div>
   <div class='ocr_carea' id='block_1_22' title="bbox 425 2508 1882 2585">
    <p class='ocr_par' dir='ltr' id='par_1_22' title="bbox 425 2508 1882 2585">
     <span class='ocr_line' id='line_1_22' title="bbox 425 2508 1882 2585; baseline 0.011 -23"><span class='ocrx_word' id='word_1_181' title='bbox 425 2508 655 2565; x_wconf 85' lang='lat' dir='ltr'><strong>CAPUT</strong></span> <span class='ocrx_word' id='word_1_182' title='bbox 688 2511 817 2567; x_wconf 82' lang='lat' dir='ltr'><strong>VIII.</strong></span> <span class='ocrx_word' id='word_1_183' title='bbox 835 2513 998 2569; x_wconf 88' lang='lat' dir='ltr'><strong>-—De</strong></span> <span class='ocrx_word' id='word_1_184' title='bbox 1014 2516 1124 2570; x_wconf 84' lang='lat' dir='ltr'><strong>luce</strong></span> <span class='ocrx_word' id='word_1_185' title='bbox 1138 2532 1229 2571; x_wconf 83' lang='lat' dir='ltr'><strong>cur</strong></span> <span class='ocrx_word' id='word_1_186' title='bbox 1255 2534 1356 2572; x_wconf 84' lang='lat' dir='ltr'><strong>non</strong></span> <span class='ocrx_word' id='word_1_187' title='bbox 1380 2519 1625 2585; x_wconf 81' lang='lat' dir='ltr'><strong>additum,</strong></span> <span class='ocrx_word' id='word_1_188' title='bbox 1666 2522 1735 2578; x_wconf 87' lang='lat' dir='ltr'><strong>Et</strong></span> <span class='ocrx_word' id='word_1_189' title='bbox 1760 2524 1882 2578; x_wconf 84' lang='lat' dir='ltr'><strong>feeit</strong></span> 
     </span>
    </p>
   </div>
   <div class='ocr_carea' id='block_1_23' title="bbox 492 2602 1727 2671">
    <p class='ocr_par' dir='ltr' id='par_1_23' title="bbox 492 2602 1727 2671">
     <span class='ocr_line' id='line_1_23' title="bbox 492 2602 1727 2671; baseline 0.01 -15"><span class='ocrx_word' id='word_1_190' title='bbox 492 2654 499 2665; x_wconf 83' lang='grc'><em>,</em></span> <span class='ocrx_word' id='word_1_191' title='bbox 588 2602 765 2671; x_wconf 86' lang='lat' dir='ltr'><strong>Deus,</strong></span> <span class='ocrx_word' id='word_1_192' title='bbox 782 2605 941 2663; x_wconf 72' lang='lat' dir='ltr'><strong>sicuti</strong></span> <span class='ocrx_word' id='word_1_193' title='bbox 966 2608 1091 2662; x_wconf 81' lang='lat' dir='ltr'><strong>solet</strong></span> <span class='ocrx_word' id='word_1_194' title='bbox 1116 2609 1178 2663; x_wconf 87' lang='lat' dir='ltr'><strong>de</strong></span> <span class='ocrx_word' id='word_1_195' title='bbox 1201 2610 1315 2664; x_wconf 82' lang='lat' dir='ltr'><strong>aliis</strong></span> <span class='ocrx_word' id='word_1_196' title='bbox 1341 2614 1581 2667; x_wconf 80' lang='lat' dir='ltr'><strong>creaturis</strong></span> <span class='ocrx_word' id='word_1_197' title='bbox 1609 2613 1727 2668; x_wconf 77' lang='lat' dir='ltr'><strong>dici.</strong></span> 
     </span>
    </p>
   </div>
   <div class='ocr_carea' id='block_1_24' title="bbox 376 2692 1944 2776">
    <p class='ocr_par' dir='ltr' id='par_1_24' title="bbox 376 2692 1944 2776">
     <span class='ocr_line' id='line_1_24' title="bbox 376 2692 1944 2776; baseline 0.012 -32"><span class='ocrx_word' id='word_1_198' title='bbox 376 2760 379 2761; x_wconf 16' lang='grc' dir='ltr'><em>ν</em></span> <span class='ocrx_word' id='word_1_199' title='bbox 430 2692 519 2767; x_wconf 12' lang='grc' dir='ltr'><strong>1βι.</strong></span> <span class='ocrx_word' id='word_1_200' title='bbox 561 2692 699 2765; x_wconf 80' lang='lat' dir='ltr'><strong>Quid</strong></span> <span class='ocrx_word' id='word_1_201' title='bbox 727 2695 828 2752; x_wconf 88' lang='lat' dir='ltr'><strong>sibi</strong></span> <span class='ocrx_word' id='word_1_202' title='bbox 848 2712 974 2767; x_wconf 89' lang='lat' dir='ltr'><strong>ergo</strong></span> <span class='ocrx_word' id='word_1_203' title='bbox 996 2699 1108 2754; x_wconf 90' lang='lat' dir='ltr'><strong>vult</strong></span> <span class='ocrx_word' id='word_1_204' title='bbox 1127 2700 1181 2755; x_wconf 91' lang='lat' dir='ltr'><strong>in</strong></span> <span class='ocrx_word' id='word_1_205' title='bbox 1207 2704 1415 2758; x_wconf 60' lang='lat' dir='ltr'><strong>caeteris</strong></span> <span class='ocrx_word' id='word_1_206' title='bbox 1436 2704 1522 2758; x_wconf 88' lang='lat' dir='ltr'><strong>illa</strong></span> <span class='ocrx_word' id='word_1_207' title='bbox 1552 2706 1840 2776; x_wconf 82' lang='lat' dir='ltr'><strong>repetitio?</strong></span> <span class='ocrx_word' id='word_1_208' title='bbox 1862 2710 1944 2763; x_wconf 88' lang='lat' dir='ltr'><strong>An</strong></span> 
     </span>
    </p>
   </div>
   <div class='ocr_carea' id='block_1_25' title="bbox 357 2783 1946 2869">
    <p class='ocr_par' dir='ltr' id='par_1_25' title="bbox 357 2783 1946 2869">
     <span class='ocr_line' id='line_1_25' title="bbox 357 2783 1946 2869; baseline 0.011 -32"><span class='ocrx_word' id='word_1_209' title='bbox 357 2796 427 2857; x_wconf 71' lang='lat' dir='ltr'><strong>eo</strong></span> <span class='ocrx_word' id='word_1_210' title='bbox 456 2783 619 2853; x_wconf 86' lang='lat' dir='ltr'><strong>modo</strong></span> <span class='ocrx_word' id='word_1_211' title='bbox 647 2785 1041 2845; x_wconf 88' lang='lat' dir='ltr'><strong>demonstratur</strong></span> <span class='ocrx_word' id='word_1_212' title='bbox 1068 2792 1243 2861; x_wconf 90' lang='lat' dir='ltr'><strong>primo</strong></span> <span class='ocrx_word' id='word_1_213' title='bbox 1271 2793 1357 2848; x_wconf 87' lang='lat' dir='ltr'><strong>die</strong></span> <span class='ocrx_word' id='word_1_214' title='bbox 1380 2836 1395 2861; x_wconf 93' lang='lat'><strong>,</strong></span> <span class='ocrx_word' id='word_1_215' title='bbox 1425 2810 1529 2864; x_wconf 89' lang='lat' dir='ltr'><strong>quo</strong></span> <span class='ocrx_word' id='word_1_216' title='bbox 1554 2797 1645 2853; x_wconf 75' lang='lat' dir='ltr'><strong>lux</strong></span> <span class='ocrx_word' id='word_1_217' title='bbox 1682 2798 1817 2855; x_wconf 81' lang='lat' dir='ltr'><strong>facta</strong></span> <span class='ocrx_word' id='word_1_218' title='bbox 1844 2808 1946 2869; x_wconf 91' lang='lat' dir='ltr'><strong>est,</strong></span> 
     </span>
    </p>
   </div>
   <div class='ocr_carea' id='block_1_26' title="bbox 361 2873 1949 2949">
    <p class='ocr_par' dir='ltr' id='par_1_26' title="bbox 361 2873 1949 2949">
     <span class='ocr_line' id='line_1_26' title="bbox 361 2873 1949 2949; baseline 0.011 -22"><span class='ocrx_word' id='word_1_219' title='bbox 361 2873 724 2949; x_wconf 65' lang='lat' dir='ltr'><strong>conditionem</strong></span> <span class='ocrx_word' id='word_1_220' title='bbox 752 2879 1043 2948; x_wconf 82' lang='lat' dir='ltr'><strong>spiritualis</strong></span> <span class='ocrx_word' id='word_1_221' title='bbox 1070 2891 1126 2937; x_wconf 91' lang='lat' dir='ltr'><strong>et</strong></span> <span class='ocrx_word' id='word_1_222' title='bbox 1146 2881 1515 2941; x_wconf 86' lang='lat' dir='ltr'><strong>intellectualis</strong></span> <span class='ocrx_word' id='word_1_223' title='bbox 1537 2898 1795 2943; x_wconf 81' lang='lat' dir='ltr'><strong>creaturae</strong></span> <span class='ocrx_word' id='word_1_224' title='bbox 1816 2891 1949 2945; x_wconf 90' lang='lat' dir='ltr'><strong>lucis</strong></span> 
     </span>
    </p>
   </div>
   <div class='ocr_carea' id='block_1_27' title="bbox 357 2950 1949 3051">
    <p class='ocr_par' dir='ltr' id='par_1_27' title="bbox 357 2950 1949 3051">
     <span class='ocr_line' id='line_1_27' title="bbox 357 2950 1949 3051; baseline 0.013 -34"><span class='ocrx_word' id='word_1_225' title='bbox 357 2950 718 3043; x_wconf 67' lang='lat' dir='ltr'><strong>appellatione</strong></span> <span class='ocrx_word' id='word_1_226' title='bbox 763 2969 1037 3037; x_wconf 86' lang='lat' dir='ltr'><strong>intimari;</strong></span> <span class='ocrx_word' id='word_1_227' title='bbox 1082 2974 1135 3027; x_wconf 92' lang='lat' dir='ltr'><strong>in</strong></span> <span class='ocrx_word' id='word_1_228' title='bbox 1183 2991 1286 3045; x_wconf 85' lang='lat' dir='ltr'><strong>qua</strong></span> <span class='ocrx_word' id='word_1_229' title='bbox 1340 2988 1525 3033; x_wconf 89' lang='lat' dir='ltr'><strong>natura</strong></span> <span class='ocrx_word' id='word_1_230' title='bbox 1588 2980 1949 3051; x_wconf 86' lang='lat' dir='ltr'><strong>intelliguntur</strong></span> 
     </span>
    </p>
   </div>
   <div class='ocr_carea' id='block_1_28' title="bbox 359 3059 1947 3143">
    <p class='ocr_par' dir='ltr' id='par_1_28' title="bbox 359 3059 1947 3143">
     <span class='ocr_line' id='line_1_28' title="bbox 359 3059 1947 3143; baseline 0.012 -33"><span class='ocrx_word' id='word_1_231' title='bbox 359 3069 552 3133; x_wconf 79' lang='lat' dir='ltr'><strong>omnes</strong></span> <span class='ocrx_word' id='word_1_232' title='bbox 576 3059 766 3133; x_wconf 50' lang='grc' dir='ltr'><strong>Λιβεριί</strong></span> <span class='ocrx_word' id='word_1_233' title='bbox 794 3064 962 3131; x_wconf 84' lang='lat' dir='ltr'><strong>sancti</strong></span> <span class='ocrx_word' id='word_1_234' title='bbox 988 3073 1145 3136; x_wconf 84' lang='lat' dir='ltr'><strong>atque</strong></span> <span class='ocrx_word' id='word_1_235' title='bbox 1176 3067 1404 3124; x_wconf 86' lang='lat' dir='ltr'><strong>Virtutes</strong></span> <span class='ocrx_word' id='word_1_236' title='bbox 1424 3087 1441 3126; x_wconf 88' lang='lat'>:</span> <span class='ocrx_word' id='word_1_237' title='bbox 1464 3079 1517 3125; x_wconf 92' lang='lat' dir='ltr'><strong>et</strong></span> <span class='ocrx_word' id='word_1_238' title='bbox 1537 3076 1813 3143; x_wconf 83' lang='lat' dir='ltr'><strong>propterea</strong></span> <span class='ocrx_word' id='word_1_239' title='bbox 1841 3090 1947 3129; x_wconf 90' lang='lat' dir='ltr'><strong>non</strong></span> 
     </span>
    </p>
   </div>
   <div class='ocr_carea' id='block_1_29' title="bbox 357 3152 1945 3238">
    <p class='ocr_par' dir='ltr' id='par_1_29' title="bbox 357 3152 1945 3238">
     <span class='ocr_line' id='line_1_29' title="bbox 357 3152 1945 3238; baseline 0.013 -35"><span class='ocrx_word' id='word_1_240' title='bbox 357 3152 613 3227; x_wconf 78' lang='lat' dir='ltr'><strong>repetivit</strong></span> <span class='ocrx_word' id='word_1_241' title='bbox 628 3153 833 3225; x_wconf 71' lang='lat' dir='ltr'><strong>factum</strong></span> <span class='ocrx_word' id='word_1_242' title='bbox 855 3168 1197 3230; x_wconf 83' lang='lat' dir='ltr'><strong>posteaquam</strong></span> <span class='ocrx_word' id='word_1_243' title='bbox 1221 3162 1374 3231; x_wconf 80' lang='lat' dir='ltr'><strong>dixit,</strong></span> <span class='ocrx_word' id='word_1_244' title='bbox 1399 3163 1562 3219; x_wconf 83' lang='lat' dir='ltr'><strong>Facta</strong></span> <span class='ocrx_word' id='word_1_245' title='bbox 1582 3176 1654 3220; x_wconf 77' lang='lat' dir='ltr'><strong>est</strong></span> <span class='ocrx_word' id='word_1_246' title='bbox 1673 3168 1765 3221; x_wconf 80' lang='lat' dir='ltr'><strong>tua:</strong></span> <span class='ocrx_word' id='word_1_247' title='bbox 1786 3187 1806 3234; x_wconf 89' lang='lat'><strong><em>;</em></strong></span> <span class='ocrx_word' id='word_1_248' title='bbox 1825 3169 1945 3238; x_wconf 84' lang='lat' dir='ltr'><strong>quia</strong></span> 
     </span>
    </p>
   </div>
   <div class='ocr_carea' id='block_1_30' title="bbox 355 3245 1948 3329">
    <p class='ocr_par' dir='ltr' id='par_1_30' title="bbox 355 3245 1948 3329">
     <span class='ocr_line' id='line_1_30' title="bbox 355 3245 1948 3329; baseline 0.013 -31"><span class='ocrx_word' id='word_1_249' title='bbox 355 3258 469 3320; x_wconf 67' lang='lat' dir='ltr'><strong>pou</strong></span> <span class='ocrx_word' id='word_1_250' title='bbox 494 3245 671 3315; x_wconf 88' lang='lat' dir='ltr'><strong>primo</strong></span> <span class='ocrx_word' id='word_1_251' title='bbox 700 3250 951 3320; x_wconf 82' lang='lat' dir='ltr'><strong>cognovit</strong></span> <span class='ocrx_word' id='word_1_252' title='bbox 990 3254 1261 3329; x_wconf 76' lang='lat' dir='ltr'><strong>rationalis</strong></span> <span class='ocrx_word' id='word_1_253' title='bbox 1291 3264 1533 3313; x_wconf 84' lang='lat' dir='ltr'><strong>creatura</strong></span> <span class='ocrx_word' id='word_1_254' title='bbox 1570 3261 1948 3317; x_wconf 80' lang='lat' dir='ltr'><strong>conformatio-</strong></span> 
     </span>
    </p>
   </div>
   <div class='ocr_carea' id='block_1_31' title="bbox 357 3342 1945 3423">
    <p class='ocr_par' dir='ltr' id='par_1_31' title="bbox 357 3342 1945 3423">
     <span class='ocr_line' id='line_1_31' title="bbox 357 3342 1945 3423; baseline 0.01 -27"><span class='ocrx_word' id='word_1_255' title='bbox 357 3351 485 3409; x_wconf 74' lang='lat' dir='ltr'><strong>nem</strong></span> <span class='ocrx_word' id='word_1_256' title='bbox 510 3353 685 3407; x_wconf 90' lang='lat' dir='ltr'><strong>suam,</strong></span> <span class='ocrx_word' id='word_1_257' title='bbox 701 3356 762 3396; x_wconf 91' lang='lat' dir='ltr'><strong>ac</strong></span> <span class='ocrx_word' id='word_1_258' title='bbox 782 3342 974 3411; x_wconf 87' lang='lat' dir='ltr'><strong>deinde</strong></span> <span class='ocrx_word' id='word_1_259' title='bbox 989 3345 1211 3405; x_wconf 76' lang='lat' dir='ltr'><strong>formata</strong></span> <span class='ocrx_word' id='word_1_260' title='bbox 1234 3358 1342 3414; x_wconf 90' lang='lat' dir='ltr'><strong>est;</strong></span> <span class='ocrx_word' id='word_1_261' title='bbox 1366 3352 1459 3405; x_wconf 89' lang='lat' dir='ltr'><strong>sed</strong></span> <span class='ocrx_word' id='word_1_262' title='bbox 1488 3353 1545 3406; x_wconf 88' lang='lat' dir='ltr'><strong>in</strong></span> <span class='ocrx_word' id='word_1_263' title='bbox 1564 3354 1675 3423; x_wconf 91' lang='lat' dir='ltr'><strong>ipsa</strong></span> <span class='ocrx_word' id='word_1_264' title='bbox 1699 3368 1793 3409; x_wconf 90' lang='lat' dir='ltr'><strong>sua</strong></span> <span class='ocrx_word' id='word_1_265' title='bbox 1817 3372 1945 3412; x_wconf 90' lang='lat' dir='ltr'><strong>con-</strong></span> 
     </span>
    </p>
   </div>
   <div class='ocr_carea' id='block_1_32' title="bbox 359 3426 1945 3516">
    <p class='ocr_par' dir='ltr' id='par_1_32' title="bbox 359 3426 1945 3516">
     <span class='ocr_line' id='line_1_32' title="bbox 359 3426 1945 3516; baseline 0.015 -36"><span class='ocrx_word' id='word_1_266' title='bbox 359 3426 679 3499; x_wconf 80' lang='lat' dir='ltr'><strong>formatione</strong></span> <span class='ocrx_word' id='word_1_267' title='bbox 707 3435 970 3507; x_wconf 73' lang='lat' dir='ltr'><strong>cognovit,</strong></span> <span class='ocrx_word' id='word_1_268' title='bbox 994 3437 1097 3494; x_wconf 85' lang='lat' dir='ltr'><strong>hoc</strong></span> <span class='ocrx_word' id='word_1_269' title='bbox 1115 3449 1198 3495; x_wconf 89' lang='lat' dir='ltr'><strong>est</strong></span> <span class='ocrx_word' id='word_1_270' title='bbox 1222 3441 1575 3499; x_wconf 89' lang='lat' dir='ltr'><strong>illustratione</strong></span> <span class='ocrx_word' id='word_1_271' title='bbox 1600 3448 1855 3516; x_wconf 86' lang='lat' dir='ltr'><strong>veritatis,</strong></span> <span class='ocrx_word' id='word_1_272' title='bbox 1881 3450 1945 3504; x_wconf 90' lang='lat' dir='ltr'><strong>ad</strong></span> 
     </span>
    </p>
   </div>
   <div class='ocr_carea' id='block_1_33' title="bbox 359 3526 1945 3607">
    <p class='ocr_par' dir='ltr' id='par_1_33' title="bbox 359 3526 1945 3607">
     <span class='ocr_line' id='line_1_33' title="bbox 359 3526 1945 3607; baseline 0.014 -35"><span class='ocrx_word' id='word_1_273' title='bbox 359 3532 825 3599; x_wconf 25' lang='lat' dir='ltr'><strong>quamivconyersa</strong></span> <span class='ocrx_word' id='word_1_274' title='bbox 860 3526 1086 3583; x_wconf 79' lang='lat' dir='ltr'><strong>formata</strong></span> <span class='ocrx_word' id='word_1_275' title='bbox 1125 3540 1207 3589; x_wconf 91' lang='lat' dir='ltr'><strong>est</strong></span> <span class='ocrx_word' id='word_1_276' title='bbox 1230 3551 1245 3588; x_wconf 87' lang='lat'><strong><em>:</em></strong></span> <span class='ocrx_word' id='word_1_277' title='bbox 1272 3541 1461 3589; x_wconf 54' lang='lat' dir='ltr'><strong>caetera</strong></span> <span class='ocrx_word' id='word_1_278' title='bbox 1498 3552 1626 3590; x_wconf 87' lang='lat' dir='ltr'><strong>vero</strong></span> <span class='ocrx_word' id='word_1_279' title='bbox 1664 3552 1781 3607; x_wconf 81' lang='lat' dir='ltr'><strong>quae</strong></span> <span class='ocrx_word' id='word_1_280' title='bbox 1810 3540 1945 3594; x_wconf 81' lang='lat' dir='ltr'><strong>infra</strong></span> 
     </span>
    </p>
   </div>
   <div class='ocr_carea' id='block_1_34' title="bbox 359 3600 1947 3697">
    <p class='ocr_par' dir='ltr' id='par_1_34' title="bbox 359 3600 1947 3697">
     <span class='ocr_line' id='line_1_34' title="bbox 359 3600 1947 3697; baseline 0.014 -34"><span class='ocrx_word' id='word_1_281' title='bbox 359 3600 487 3691; x_wconf 69' lang='lat' dir='ltr'><strong>sunt</strong></span> <span class='ocrx_word' id='word_1_282' title='bbox 515 3608 880 3689; x_wconf 39' lang='lat' dir='ltr'><strong>(itaereantur</strong></span> <span class='ocrx_word' id='word_1_283' title='bbox 901 3656 929 3685; x_wconf 19' lang='grc' dir='ltr'><strong>,ν</strong></span> <span class='ocrx_word' id='word_1_284' title='bbox 950 3626 1005 3672; x_wconf 92' lang='lat' dir='ltr'><strong>ut</strong></span> <span class='ocrx_word' id='word_1_285' title='bbox 1030 3621 1173 3689; x_wconf 90' lang='lat' dir='ltr'><strong>prius</strong></span> <span class='ocrx_word' id='word_1_286' title='bbox 1217 3622 1343 3679; x_wconf 81' lang='lat' dir='ltr'><strong>ﬁant</strong></span> <span class='ocrx_word' id='word_1_287' title='bbox 1388 3626 1444 3679; x_wconf 91' lang='lat' dir='ltr'><strong>in</strong></span> <span class='ocrx_word' id='word_1_288' title='bbox 1486 3627 1785 3697; x_wconf 75' lang='lat' dir='ltr'><strong>cognitione</strong></span> <span class='ocrx_word' id='word_1_289' title='bbox 1811 3630 1832 3662; x_wconf 81' lang='grc'>²</span> <span class='ocrx_word' id='word_1_290' title='bbox 1861 3646 1947 3685; x_wconf 90' lang='lat' dir='ltr'><strong>ra-</strong></span> 
     </span>
    </p>
   </div>
   <div class='ocr_carea' id='block_1_35' title="bbox 360 3700 1946 3793">
    <p class='ocr_par' dir='ltr' id='par_1_35' title="bbox 360 3700 1946 3793">
     <span class='ocr_line' id='line_1_35' title="bbox 360 3700 1946 3793; baseline 0.015 -40"><span class='ocrx_word' id='word_1_291' title='bbox 360 3700 576 3780; x_wconf 68' lang='lat' dir='ltr'><strong>tionalis</strong></span> <span class='ocrx_word' id='word_1_292' title='bbox 603 3714 882 3776; x_wconf 68' lang='lat' dir='ltr'><strong>creaturaz,</strong></span> <span class='ocrx_word' id='word_1_293' title='bbox 912 3724 974 3765; x_wconf 89' lang='lat' dir='ltr'><strong>ac</strong></span> <span class='ocrx_word' id='word_1_294' title='bbox 998 3710 1190 3768; x_wconf 90' lang='lat' dir='ltr'><strong>deinde</strong></span> <span class='ocrx_word' id='word_1_295' title='bbox 1226 3714 1280 3770; x_wconf 90' lang='lat' dir='ltr'><strong>in</strong></span> <span class='ocrx_word' id='word_1_296' title='bbox 1321 3730 1517 3785; x_wconf 83' lang='lat' dir='ltr'><strong>genere</strong></span> <span class='ocrx_word' id='word_1_297' title='bbox 1545 3720 1684 3781; x_wconf 83' lang='lat' dir='ltr'><strong>suo?</strong></span> <span class='ocrx_word' id='word_1_298' title='bbox 1709 3722 1946 3793; x_wconf 84' lang='lat' dir='ltr'><strong>Quapro-</strong></span> 
     </span>
    </p>
   </div>
   <div class='ocr_carea' id='block_1_36' title="bbox 357 3794 1944 3871">
    <p class='ocr_par' dir='ltr' id='par_1_36' title="bbox 357 3794 1944 3871">
     <span class='ocr_line' id='line_1_36' title="bbox 357 3794 1944 3871; baseline 0.014 -25"><span class='ocrx_word' id='word_1_299' title='bbox 357 3800 481 3862; x_wconf 86' lang='lat' dir='ltr'><strong>pter</strong></span> <span class='ocrx_word' id='word_1_300' title='bbox 506 3794 640 3869; x_wconf 84' lang='lat' dir='ltr'><strong>lucis</strong></span> <span class='ocrx_word' id='word_1_301' title='bbox 670 3798 904 3869; x_wconf 85' lang='lat' dir='ltr'><strong>conditio</strong></span> <span class='ocrx_word' id='word_1_302' title='bbox 932 3802 1079 3870; x_wconf 89' lang='lat' dir='ltr'><strong>prius</strong></span> <span class='ocrx_word' id='word_1_303' title='bbox 1124 3814 1205 3861; x_wconf 84' lang='lat' dir='ltr'><strong>est</strong></span> <span class='ocrx_word' id='word_1_304' title='bbox 1232 3806 1283 3861; x_wconf 91' lang='lat' dir='ltr'><strong>in</strong></span> <span class='ocrx_word' id='word_1_305' title='bbox 1316 3807 1492 3863; x_wconf 85' lang='lat' dir='ltr'><strong>Verbo</strong></span> <span class='ocrx_word' id='word_1_306' title='bbox 1518 3810 1612 3865; x_wconf 88' lang='lat' dir='ltr'><strong>Dei</strong></span> <span class='ocrx_word' id='word_1_307' title='bbox 1651 3813 1944 3871; x_wconf 88' lang='lat' dir='ltr'><strong>secundum</strong></span> 
     </span>
    </p>
   </div>
   <div class='ocr_carea' id='block_1_37' title="bbox 356 3878 1944 3971">
    <p class='ocr_par' dir='ltr' id='par_1_37' title="bbox 356 3878 1944 3971">
     <span class='ocr_line' id='line_1_37' title="bbox 356 3878 1944 3971; baseline 0.013 -32"><span class='ocrx_word' id='word_1_308' title='bbox 356 3887 644 3963; x_wconf 72' lang='lat' dir='ltr'><strong>rationem,</strong></span> <span class='ocrx_word' id='word_1_309' title='bbox 668 3906 771 3960; x_wconf 82' lang='lat' dir='ltr'><strong>qua</strong></span> <span class='ocrx_word' id='word_1_310' title='bbox 797 3878 1008 3971; x_wconf 74' lang='lat' dir='ltr'><strong>condita</strong></span> <span class='ocrx_word' id='word_1_311' title='bbox 1036 3904 1137 3960; x_wconf 85' lang='lat' dir='ltr'><strong>est,</strong></span> <span class='ocrx_word' id='word_1_312' title='bbox 1167 3896 1269 3954; x_wconf 86' lang='lat' dir='ltr'><strong>hoc</strong></span> <span class='ocrx_word' id='word_1_313' title='bbox 1297 3909 1379 3953; x_wconf 90' lang='lat' dir='ltr'><strong>est</strong></span> <span class='ocrx_word' id='word_1_314' title='bbox 1412 3902 1465 3954; x_wconf 90' lang='lat' dir='ltr'><strong>in</strong></span> <span class='ocrx_word' id='word_1_315' title='bbox 1508 3911 1769 3958; x_wconf 71' lang='lat' dir='ltr'><strong>eoaeterna</strong></span> <span class='ocrx_word' id='word_1_316' title='bbox 1800 3904 1944 3960; x_wconf 81' lang='lat' dir='ltr'><strong>Patri</strong></span> 
     </span>
    </p>
   </div>
   <div class='ocr_carea' id='block_1_38' title="bbox 356 3974 1943 4059">
    <p class='ocr_par' dir='ltr' id='par_1_38' title="bbox 356 3974 1943 4059">
     <span class='ocr_line' id='line_1_38' title="bbox 356 3974 1943 4059; baseline 0.015 -28"><span class='ocrx_word' id='word_1_317' title='bbox 356 3974 669 4051; x_wconf 82' lang='lat' dir='ltr'><strong>Sapientia;</strong></span> <span class='ocrx_word' id='word_1_318' title='bbox 699 3998 762 4038; x_wconf 89' lang='lat' dir='ltr'><strong>ac</strong></span> <span class='ocrx_word' id='word_1_319' title='bbox 789 3984 981 4059; x_wconf 85' lang='lat' dir='ltr'><strong>deinde</strong></span> <span class='ocrx_word' id='word_1_320' title='bbox 1006 3989 1061 4043; x_wconf 91' lang='lat' dir='ltr'><strong>in</strong></span> <span class='ocrx_word' id='word_1_321' title='bbox 1101 3991 1213 4059; x_wconf 90' lang='lat' dir='ltr'><strong>ipsa</strong></span> <span class='ocrx_word' id='word_1_322' title='bbox 1243 3993 1378 4047; x_wconf 91' lang='lat' dir='ltr'><strong>lucis</strong></span> <span class='ocrx_word' id='word_1_323' title='bbox 1418 3995 1719 4052; x_wconf 89' lang='lat' dir='ltr'><strong>conditione</strong></span> <span class='ocrx_word' id='word_1_324' title='bbox 1756 4014 1943 4054; x_wconf 88' lang='lat' dir='ltr'><strong>secun-</strong></span> 
     </span>
    </p>
   </div>
   <div class='ocr_carea' id='block_1_39' title="bbox 356 4067 1942 4157">
    <p class='ocr_par' dir='ltr' id='par_1_39' title="bbox 356 4067 1942 4157">
     <span class='ocr_line' id='line_1_39' title="bbox 356 4067 1942 4157; baseline 0.016 -37"><span class='ocrx_word' id='word_1_325' title='bbox 356 4067 488 4145; x_wconf 78' lang='lat' dir='ltr'><strong>dum</strong></span> <span class='ocrx_word' id='word_1_326' title='bbox 518 4079 762 4128; x_wconf 88' lang='lat' dir='ltr'><strong>naturam</strong></span> <span class='ocrx_word' id='word_1_327' title='bbox 788 4115 801 4141; x_wconf 87' lang='lat'><strong>,</strong></span> <span class='ocrx_word' id='word_1_328' title='bbox 829 4092 931 4145; x_wconf 88' lang='lat' dir='ltr'><strong>qua</strong></span> <span class='ocrx_word' id='word_1_329' title='bbox 971 4080 1183 4135; x_wconf 87' lang='lat' dir='ltr'><strong>condita</strong></span> <span class='ocrx_word' id='word_1_330' title='bbox 1228 4090 1309 4137; x_wconf 90' lang='lat' dir='ltr'><strong>est</strong></span> <span class='ocrx_word' id='word_1_331' title='bbox 1338 4101 1351 4135; x_wconf 89' lang='lat'><strong>:</strong></span> <span class='ocrx_word' id='word_1_332' title='bbox 1382 4084 1488 4139; x_wconf 90' lang='lat' dir='ltr'><strong>illic</strong></span> <span class='ocrx_word' id='word_1_333' title='bbox 1514 4102 1618 4141; x_wconf 91' lang='lat' dir='ltr'><strong>non</strong></span> <span class='ocrx_word' id='word_1_334' title='bbox 1648 4087 1819 4157; x_wconf 79' lang='lat' dir='ltr'><strong>facta,</strong></span> <span class='ocrx_word' id='word_1_335' title='bbox 1849 4091 1942 4145; x_wconf 83' lang='lat' dir='ltr'><strong>sed</strong></span> 
     </span>
    </p>
   </div>
   <div class='ocr_carea' id='block_1_40' title="bbox 354 4160 1937 4241">
    <p class='ocr_par' dir='ltr' id='par_1_40' title="bbox 354 4160 1937 4241">
     <span class='ocr_line' id='line_1_40' title="bbox 354 4160 1937 4241; baseline 0.015 -29"><span class='ocrx_word' id='word_1_336' title='bbox 354 4160 535 4231; x_wconf 81' lang='lat' dir='ltr'><strong>genita</strong></span> <span class='ocrx_word' id='word_1_337' title='bbox 562 4178 576 4227; x_wconf 90' lang='lat'>;</span> <span class='ocrx_word' id='word_1_338' title='bbox 612 4162 715 4236; x_wconf 61' lang='lat' dir='ltr'><strong>lhic</strong></span> <span class='ocrx_word' id='word_1_339' title='bbox 738 4181 864 4237; x_wconf 67' lang='lat' dir='ltr'><strong>vero</strong></span> <span class='ocrx_word' id='word_1_340' title='bbox 900 4167 1058 4237; x_wconf 79' lang='lat' dir='ltr'><strong>facta,</strong></span> <span class='ocrx_word' id='word_1_341' title='bbox 1087 4172 1207 4241; x_wconf 90' lang='lat' dir='ltr'><strong>quia</strong></span> <span class='ocrx_word' id='word_1_342' title='bbox 1237 4187 1303 4229; x_wconf 78' lang='lat' dir='ltr'><strong>ex</strong></span> <span class='ocrx_word' id='word_1_343' title='bbox 1330 4174 1653 4233; x_wconf 86' lang='lat' dir='ltr'><strong>informitate</strong></span> <span class='ocrx_word' id='word_1_344' title='bbox 1688 4180 1937 4237; x_wconf 81' lang='lat' dir='ltr'><strong>formata:</strong></span> 
     </span>
    </p>
   </div>
   <div class='ocr_carea' id='block_1_41' title="bbox 356 4250 1940 4341">
    <p class='ocr_par' dir='ltr' id='par_1_41' title="bbox 356 4250 1940 4341">
     <span class='ocr_line' id='line_1_41' title="bbox 356 4250 1940 4341; baseline 0.013 -35"><span class='ocrx_word' id='word_1_345' title='bbox 356 4250 559 4341; x_wconf 46' lang='lat' dir='ltr'><strong>epideo</strong></span> <span class='ocrx_word' id='word_1_346' title='bbox 588 4253 721 4329; x_wconf 56' lang='lat' dir='ltr'><strong>dixit,</strong></span> <span class='ocrx_word' id='word_1_347' title='bbox 744 4257 1054 4330; x_wconf 65' lang='lat' dir='ltr'><strong>Deus,,Fiat</strong></span> <span class='ocrx_word' id='word_1_348' title='bbox 1080 4262 1188 4328; x_wconf 68' lang='lat' dir='ltr'><strong>lux,</strong></span> <span class='ocrx_word' id='word_1_349' title='bbox 1220 4272 1267 4318; x_wconf 78' lang='lat' dir='ltr'><strong>et</strong></span> <span class='ocrx_word' id='word_1_350' title='bbox 1309 4269 1445 4336; x_wconf 83' lang='lat' dir='ltr'><strong>facta</strong></span> <span class='ocrx_word' id='word_1_351' title='bbox 1469 4277 1541 4321; x_wconf 73' lang='lat' dir='ltr'><strong>est</strong></span> <span class='ocrx_word' id='word_1_352' title='bbox 1568 4270 1693 4335; x_wconf 76' lang='lat' dir='ltr'><strong>lux;</strong></span> <span class='ocrx_word' id='word_1_353' title='bbox 1720 4273 1940 4341; x_wconf 88' lang='lat' dir='ltr'><strong>utquod</strong></span> 
     </span>
    </p>
   </div>
   <div class='ocr_carea' id='block_1_42' title="bbox 355 4339 1941 4427">
    <p class='ocr_par' dir='ltr' id='par_1_42' title="bbox 355 4339 1941 4427">
     <span class='ocr_line' id='line_1_42' title="bbox 355 4339 1941 4427; baseline 0.018 -34"><span class='ocrx_word' id='word_1_354' title='bbox 355 4339 429 4407; x_wconf 89' lang='lat' dir='ltr'><strong>ibi</strong></span> <span class='ocrx_word' id='word_1_355' title='bbox 449 4353 581 4421; x_wconf 71' lang='lat' dir='ltr'><strong>lerat</strong></span> <span class='ocrx_word' id='word_1_356' title='bbox 601 4344 653 4421; x_wconf 80' lang='lat' dir='ltr'><strong>in</strong></span> <span class='ocrx_word' id='word_1_357' title='bbox 682 4346 885 4427; x_wconf 68' lang='lat' dir='ltr'><strong>verbo,</strong></span> <span class='ocrx_word' id='word_1_358' title='bbox 911 4351 995 4419; x_wconf 68' lang='lat' dir='ltr'><strong>liic</strong></span> <span class='ocrx_word' id='word_1_359' title='bbox 1026 4361 1171 4415; x_wconf 83' lang='lat' dir='ltr'><strong>esset</strong></span> <span class='ocrx_word' id='word_1_360' title='bbox 1206 4355 1260 4410; x_wconf 89' lang='lat' dir='ltr'><strong>in</strong></span> <span class='ocrx_word' id='word_1_361' title='bbox 1304 4372 1485 4426; x_wconf 87' lang='lat' dir='ltr'><strong>opere.</strong></span> <span class='ocrx_word' id='word_1_362' title='bbox 1531 4358 1775 4417; x_wconf 89' lang='lat' dir='ltr'><strong>Conditio</strong></span> <span class='ocrx_word' id='word_1_363' title='bbox 1814 4339 1941 4420; x_wconf 74' lang='lat' dir='ltr'><strong>vero</strong></span> 
     </span>
    </p>
   </div>
   <div class='ocr_carea' id='block_1_43' title="bbox 353 4432 1940 4522">
    <p class='ocr_par' dir='ltr' id='par_1_43' title="bbox 353 4432 1940 4522">
     <span class='ocr_line' id='line_1_43' title="bbox 353 4432 1940 4522; baseline 0.018 -38"><span class='ocrx_word' id='word_1_364' title='bbox 353 4432 476 4486; x_wconf 77' lang='lat' dir='ltr'><strong>cceli</strong></span> <span class='ocrx_word' id='word_1_365' title='bbox 505 4434 652 4509; x_wconf 87' lang='lat' dir='ltr'><strong>prius</strong></span> <span class='ocrx_word' id='word_1_366' title='bbox 682 4432 798 4515; x_wconf 84' lang='lat' dir='ltr'><strong>erat</strong></span> <span class='ocrx_word' id='word_1_367' title='bbox 841 4440 891 4495; x_wconf 91' lang='lat' dir='ltr'><strong>in</strong></span> <span class='ocrx_word' id='word_1_368' title='bbox 923 4438 1098 4498; x_wconf 89' lang='lat' dir='ltr'><strong>Verbo</strong></span> <span class='ocrx_word' id='word_1_369' title='bbox 1125 4444 1221 4502; x_wconf 90' lang='lat' dir='ltr'><strong>Dei</strong></span> <span class='ocrx_word' id='word_1_370' title='bbox 1264 4450 1549 4505; x_wconf 89' lang='lat' dir='ltr'><strong>secundum</strong></span> <span class='ocrx_word' id='word_1_371' title='bbox 1579 4455 1810 4522; x_wconf 81' lang='lat' dir='ltr'><strong>genitam</strong></span> <span class='ocrx_word' id='word_1_372' title='bbox 1840 4456 1940 4512; x_wconf 87' lang='lat' dir='ltr'><strong>Sa-</strong></span> 
     </span>
    </p>
   </div>
   <div class='ocr_carea' id='block_1_44' title="bbox 353 4522 1941 4614">
    <p class='ocr_par' dir='ltr' id='par_1_44' title="bbox 353 4522 1941 4614">
     <span class='ocr_line' id='line_1_44' title="bbox 353 4522 1941 4614; baseline 0.02 -40"><span class='ocrx_word' id='word_1_373' title='bbox 353 4522 651 4607; x_wconf 75' lang='lat' dir='ltr'><strong>pientiam;</strong></span> <span class='ocrx_word' id='word_1_374' title='bbox 684 4529 874 4587; x_wconf 88' lang='lat' dir='ltr'><strong>deinde</strong></span> <span class='ocrx_word' id='word_1_375' title='bbox 902 4532 1036 4589; x_wconf 84' lang='lat' dir='ltr'><strong>facta</strong></span> <span class='ocrx_word' id='word_1_376' title='bbox 1062 4546 1143 4591; x_wconf 88' lang='lat' dir='ltr'><strong>est</strong></span> <span class='ocrx_word' id='word_1_377' title='bbox 1170 4539 1225 4592; x_wconf 93' lang='lat' dir='ltr'><strong>in</strong></span> <span class='ocrx_word' id='word_1_378' title='bbox 1259 4550 1498 4596; x_wconf 87' lang='lat' dir='ltr'><strong>creatura</strong></span> <span class='ocrx_word' id='word_1_379' title='bbox 1523 4546 1804 4614; x_wconf 80' lang='lat' dir='ltr'><strong>Spirituali,</strong></span> <span class='ocrx_word' id='word_1_380' title='bbox 1838 4548 1941 4605; x_wconf 85' lang='lat' dir='ltr'><strong>hoc</strong></span> 
     </span>
    </p>
   </div>
   <div class='ocr_carea' id='block_1_45' title="bbox 353 4612 1939 4699">
    <p class='ocr_par' dir='ltr' id='par_1_45' title="bbox 353 4612 1939 4699">
     <span class='ocr_line' id='line_1_45' title="bbox 353 4612 1939 4699; baseline 0.019 -31"><span class='ocrx_word' id='word_1_381' title='bbox 353 4625 437 4693; x_wconf 88' lang='lat' dir='ltr'><strong>est</strong></span> <span class='ocrx_word' id='word_1_382' title='bbox 460 4616 511 4670; x_wconf 92' lang='lat' dir='ltr'><strong>in</strong></span> <span class='ocrx_word' id='word_1_383' title='bbox 531 4612 827 4699; x_wconf 84' lang='lat' dir='ltr'><strong>cognitione</strong></span> <span class='ocrx_word' id='word_1_384' title='bbox 846 4625 1165 4695; x_wconf 83' lang='lat' dir='ltr'><strong>Angelorum</strong></span> <span class='ocrx_word' id='word_1_385' title='bbox 1194 4633 1483 4689; x_wconf 90' lang='lat' dir='ltr'><strong>secundum</strong></span> <span class='ocrx_word' id='word_1_386' title='bbox 1504 4649 1733 4693; x_wconf 85' lang='lat' dir='ltr'><strong>creatam</strong></span> <span class='ocrx_word' id='word_1_387' title='bbox 1757 4642 1809 4695; x_wconf 89' lang='lat' dir='ltr'><strong>in</strong></span> <span class='ocrx_word' id='word_1_388' title='bbox 1837 4642 1939 4698; x_wconf 90' lang='lat' dir='ltr'><strong>illis</strong></span> 
     </span>
    </p>
   </div>
   <div class='ocr_carea' id='block_1_46' title="bbox 352 4709 1937 4801">
    <p class='ocr_par' dir='ltr' id='par_1_46' title="bbox 352 4709 1937 4801">
     <span class='ocr_line' id='line_1_46' title="bbox 352 4709 1937 4801; baseline 0.018 -39"><span class='ocrx_word' id='word_1_389' title='bbox 352 4709 672 4789; x_wconf 76' lang='lat' dir='ltr'><strong>sapientiam</strong></span> <span class='ocrx_word' id='word_1_390' title='bbox 705 4734 716 4768; x_wconf 93' lang='lat'>:</span> <span class='ocrx_word' id='word_1_391' title='bbox 746 4716 937 4773; x_wconf 87' lang='lat' dir='ltr'><strong>deinde</strong></span> <span class='ocrx_word' id='word_1_392' title='bbox 964 4721 1156 4801; x_wconf 62' lang='lat' dir='ltr'><strong>caelum</strong></span> <span class='ocrx_word' id='word_1_393' title='bbox 1186 4724 1380 4782; x_wconf 81' lang='lat' dir='ltr'><strong>factum</strong></span> <span class='ocrx_word' id='word_1_394' title='bbox 1409 4738 1509 4794; x_wconf 89' lang='lat' dir='ltr'><strong>est,</strong></span> <span class='ocrx_word' id='word_1_395' title='bbox 1540 4741 1595 4785; x_wconf 91' lang='lat' dir='ltr'><strong>ut</strong></span> <span class='ocrx_word' id='word_1_396' title='bbox 1620 4742 1761 4789; x_wconf 90' lang='lat' dir='ltr'><strong>esset</strong></span> <span class='ocrx_word' id='word_1_397' title='bbox 1780 4736 1937 4790; x_wconf 87' lang='lat' dir='ltr'><strong>etiam</strong></span> 
     </span>
    </p>
   </div>
   <div class='ocr_carea' id='block_1_47' title="bbox 353 4797 1939 4887">
    <p class='ocr_par' dir='ltr' id='par_1_47' title="bbox 353 4797 1939 4887">
     <span class='ocr_line' id='line_1_47' title="bbox 353 4797 1939 4887; baseline 0.02 -36"><span class='ocrx_word' id='word_1_398' title='bbox 353 4797 469 4883; x_wconf 58' lang='lat' dir='ltr'><strong>ipsa</strong></span> <span class='ocrx_word' id='word_1_399' title='bbox 496 4802 618 4883; x_wconf 73' lang='lat' dir='ltr'><strong>cceli</strong></span> <span class='ocrx_word' id='word_1_400' title='bbox 648 4816 885 4881; x_wconf 73' lang='lat' dir='ltr'><strong>creatura</strong></span> <span class='ocrx_word' id='word_1_401' title='bbox 915 4810 965 4864; x_wconf 89' lang='lat' dir='ltr'><strong>in</strong></span> <span class='ocrx_word' id='word_1_402' title='bbox 992 4797 1188 4881; x_wconf 79' lang='lat' dir='ltr'><strong>genere</strong></span> <span class='ocrx_word' id='word_1_403' title='bbox 1215 4820 1449 4887; x_wconf 88' lang='lat' dir='ltr'><strong>proprio.</strong></span> <span class='ocrx_word' id='word_1_404' title='bbox 1491 4820 1579 4877; x_wconf 90' lang='lat' dir='ltr'><strong>Sic</strong></span> <span class='ocrx_word' id='word_1_405' title='bbox 1607 4834 1661 4878; x_wconf 88' lang='lat' dir='ltr'><strong>et</strong></span> <span class='ocrx_word' id='word_1_406' title='bbox 1688 4825 1939 4883; x_wconf 88' lang='lat' dir='ltr'><strong>discretio</strong></span> 
     </span>
    </p>
   </div>
   <div class='ocr_carea' id='block_1_48' title="bbox 354 4887 1937 4989">
    <p class='ocr_par' dir='ltr' id='par_1_48' title="bbox 354 4887 1937 4989">
     <span class='ocr_line' id='line_1_48' title="bbox 354 4887 1937 4989; baseline 0.022 -50"><span class='ocrx_word' id='word_1_407' title='bbox 354 4887 442 4971; x_wconf 66' lang='lat' dir='ltr'><strong>vel</strong></span> <span class='ocrx_word' id='word_1_408' title='bbox 463 4892 666 4969; x_wconf 86' lang='lat' dir='ltr'><strong>species</strong></span> <span class='ocrx_word' id='word_1_409' title='bbox 686 4910 941 4983; x_wconf 73' lang='lat' dir='ltr'><strong>aquarum</strong></span> <span class='ocrx_word' id='word_1_410' title='bbox 960 4910 1116 4972; x_wconf 83' lang='lat' dir='ltr'><strong>atque</strong></span> <span class='ocrx_word' id='word_1_411' title='bbox 1144 4914 1424 4981; x_wconf 87' lang='lat' dir='ltr'><strong>terrarum,</strong></span> <span class='ocrx_word' id='word_1_412' title='bbox 1448 4913 1524 4967; x_wconf 91' lang='lat' dir='ltr'><strong>sic</strong></span> <span class='ocrx_word' id='word_1_413' title='bbox 1549 4924 1751 4971; x_wconf 67' lang='lat' dir='ltr'><strong>natura:</strong></span> <span class='ocrx_word' id='word_1_414' title='bbox 1768 4918 1937 4989; x_wconf 88' lang='lat' dir='ltr'><strong>ligno-</strong></span> 
     </span>
    </p>
   </div>
   <div class='ocr_carea' id='block_1_49' title="bbox 350 4983 1935 5071">
    <p class='ocr_par' dir='ltr' id='par_1_49' title="bbox 350 4983 1935 5071">
     <span class='ocr_line' id='line_1_49' title="bbox 350 4983 1935 5071; baseline 0.023 -39"><span class='ocrx_word' id='word_1_415' title='bbox 350 4995 471 5065; x_wconf 77' lang='lat' dir='ltr'><strong>rum</strong></span> <span class='ocrx_word' id='word_1_416' title='bbox 500 4992 552 5037; x_wconf 90' lang='lat' dir='ltr'><strong>et</strong></span> <span class='ocrx_word' id='word_1_417' title='bbox 578 4983 860 5067; x_wconf 67' lang='lat' dir='ltr'><strong>herbarum</strong></span> <span class='ocrx_word' id='word_1_418' title='bbox 882 5031 898 5057; x_wconf 92' lang='lat'><strong>,</strong></span> <span class='ocrx_word' id='word_1_419' title='bbox 927 4994 1007 5049; x_wconf 89' lang='lat' dir='ltr'><strong>sic</strong></span> <span class='ocrx_word' id='word_1_420' title='bbox 1035 4995 1315 5055; x_wconf 89' lang='lat' dir='ltr'><strong>luminaria</strong></span> <span class='ocrx_word' id='word_1_421' title='bbox 1343 5004 1465 5059; x_wconf 70' lang='lat' dir='ltr'><strong>caeli</strong></span> <span class='ocrx_word' id='word_1_422' title='bbox 1490 5045 1505 5071; x_wconf 91' lang='lat'><strong>,</strong></span> <span class='ocrx_word' id='word_1_423' title='bbox 1535 5007 1612 5062; x_wconf 91' lang='lat' dir='ltr'><strong>sic</strong></span> <span class='ocrx_word' id='word_1_424' title='bbox 1648 5011 1935 5070; x_wconf 87' lang='lat' dir='ltr'><strong>animantia</strong></span> 
     </span>
    </p>
   </div>
   <div class='ocr_carea' id='block_1_50' title="bbox 350 5081 1003 5167">
    <p class='ocr_par' dir='ltr' id='par_1_50' title="bbox 350 5081 1003 5167">
     <span class='ocr_line' id='line_1_50' title="bbox 350 5081 1003 5167; baseline 0.02 -41"><span class='ocrx_word' id='word_1_425' title='bbox 350 5083 471 5153; x_wconf 74' lang='lat' dir='ltr'><strong>orta</strong></span> <span class='ocrx_word' id='word_1_426' title='bbox 499 5081 739 5167; x_wconf 44' lang='lat' dir='ltr'><strong>ex&#39;aqtiis</strong></span> <span class='ocrx_word' id='word_1_427' title='bbox 759 5098 822 5137; x_wconf 91' lang='lat' dir='ltr'><strong>ac</strong></span> <span class='ocrx_word' id='word_1_428' title='bbox 846 5093 1003 5143; x_wconf 88' lang='lat' dir='ltr'><strong>terra.</strong></span> 
     </span>
    </p>
   </div>
   <div class='ocr_carea' id='block_1_51' title="bbox 364 5166 1931 5270">
    <p class='ocr_par' dir='ltr' id='par_1_51' title="bbox 364 5166 1931 5270">
     <span class='ocr_line' id='line_1_51' title="bbox 364 5166 1931 5270; baseline 0.026 -54"><span class='ocrx_word' id='word_1_429' title='bbox 364 5240 398 5264; x_wconf 20' lang='grc' dir='ltr'>ἡ.</span> <span class='ocrx_word' id='word_1_430' title='bbox 424 5166 512 5270; x_wconf 54' lang='lat' dir='ltr'><strong>i7.</strong></span> <span class='ocrx_word' id='word_1_431' title='bbox 554 5168 735 5270; x_wconf 69' lang='lat' dir='ltr'><strong>Neque</strong></span> <span class='ocrx_word' id='word_1_432' title='bbox 760 5175 905 5247; x_wconf 80' lang='lat' dir='ltr'><strong>enim</strong></span> <span class='ocrx_word' id='word_1_433' title='bbox 932 5179 1069 5235; x_wconf 90' lang='lat' dir='ltr'><strong>sicut</strong></span> <span class='ocrx_word' id='word_1_434' title='bbox 1086 5198 1307 5252; x_wconf 81' lang='lat' dir='ltr'><strong>pecora,</strong></span> <span class='ocrx_word' id='word_1_435' title='bbox 1334 5190 1451 5245; x_wconf 88' lang='lat' dir='ltr'><strong>solo</strong></span> <span class='ocrx_word' id='word_1_436' title='bbox 1475 5205 1637 5249; x_wconf 85' lang='lat' dir='ltr'><strong>sensu</strong></span> <span class='ocrx_word' id='word_1_437' title='bbox 1672 5202 1931 5270; x_wconf 82' lang='lat' dir='ltr'><strong>corporis,</strong></span> 
     </span>
    </p>
   </div>
   <div class='ocr_carea' id='block_1_52' title="bbox 350 5254 1932 5354">
    <p class='ocr_par' dir='ltr' id='par_1_52' title="bbox 350 5254 1932 5354">
     <span class='ocr_line' id='line_1_52' title="bbox 350 5254 1932 5354; baseline 0.027 -48"><span class='ocrx_word' id='word_1_438' title='bbox 350 5254 535 5311; x_wconf 81' lang='lat' dir='ltr'><strong>vident</strong></span> <span class='ocrx_word' id='word_1_439' title='bbox 558 5260 748 5341; x_wconf 63' lang='lat' dir='ltr'><strong>Angeli</strong></span> <span class='ocrx_word' id='word_1_440' title='bbox 795 5264 910 5322; x_wconf 79' lang='lat' dir='ltr'><strong>haec</strong></span> <span class='ocrx_word' id='word_1_441' title='bbox 950 5273 1249 5340; x_wconf 88' lang='lat' dir='ltr'><strong>sensibilia;</strong></span> <span class='ocrx_word' id='word_1_442' title='bbox 1281 5279 1377 5335; x_wconf 89' lang='lat' dir='ltr'><strong>sed</strong></span> <span class='ocrx_word' id='word_1_443' title='bbox 1413 5283 1458 5336; x_wconf 87' lang='lat' dir='ltr'><strong>si</strong></span> <span class='ocrx_word' id='word_1_444' title='bbox 1501 5301 1606 5354; x_wconf 86' lang='lat' dir='ltr'><strong>quo</strong></span> <span class='ocrx_word' id='word_1_445' title='bbox 1639 5254 1800 5345; x_wconf 69' lang='lat' dir='ltr'><strong>sensu</strong></span> <span class='ocrx_word' id='word_1_446' title='bbox 1844 5254 1932 5350; x_wconf 77' lang='lat' dir='ltr'><strong>tali</strong></span> 
     </span>
    </p>
   </div>
   <div class='ocr_carea' id='block_1_53' title="bbox 346 5353 1932 5442">
    <p class='ocr_par' dir='ltr' id='par_1_53' title="bbox 346 5353 1932 5442">
     <span class='ocr_line' id='line_1_53' title="bbox 346 5353 1932 5442; baseline 0.026 -43"><span class='ocrx_word' id='word_1_447' title='bbox 346 5353 609 5435; x_wconf 85' lang='lat' dir='ltr'><strong>utuntur,</strong></span> <span class='ocrx_word' id='word_1_448' title='bbox 638 5368 929 5427; x_wconf 82' lang='lat' dir='ltr'><strong>agnoscunt</strong></span> <span class='ocrx_word' id='word_1_449' title='bbox 958 5376 1022 5419; x_wconf 87' lang='lat' dir='ltr'><strong>ea</strong></span> <span class='ocrx_word' id='word_1_450' title='bbox 1046 5367 1253 5437; x_wconf 84' lang='lat' dir='ltr'><strong>potius,</strong></span> <span class='ocrx_word' id='word_1_451' title='bbox 1281 5386 1398 5439; x_wconf 50' lang='lat' dir='ltr'><strong>quae.</strong></span> <span class='ocrx_word' id='word_1_452' title='bbox 1441 5353 1631 5433; x_wconf 79' lang='lat' dir='ltr'><strong>inelius</strong></span> <span class='ocrx_word' id='word_1_453' title='bbox 1672 5388 1932 5442; x_wconf 88' lang='lat' dir='ltr'><strong>noverunt</strong></span> 
     </span>
    </p>
   </div>
   <div class='ocr_carea' id='block_1_54' title="bbox 344 5439 1931 5533">
    <p class='ocr_par' dir='ltr' id='par_1_54' title="bbox 344 5439 1931 5533">
     <span class='ocr_line' id='line_1_54' title="bbox 344 5439 1931 5533; baseline 0.027 -42"><span class='ocrx_word' id='word_1_454' title='bbox 344 5439 572 5496; x_wconf 89' lang='lat' dir='ltr'><strong>interius</strong></span> <span class='ocrx_word' id='word_1_455' title='bbox 595 5444 651 5500; x_wconf 91' lang='lat' dir='ltr'><strong>in</strong></span> <span class='ocrx_word' id='word_1_456' title='bbox 680 5447 796 5518; x_wconf 90' lang='lat' dir='ltr'><strong>ipso</strong></span> <span class='ocrx_word' id='word_1_457' title='bbox 823 5451 917 5507; x_wconf 92' lang='lat' dir='ltr'><strong>Dei</strong></span> <span class='ocrx_word' id='word_1_458' title='bbox 948 5454 1143 5525; x_wconf 80' lang='lat' dir='ltr'><strong>Verbo,</strong></span> <span class='ocrx_word' id='word_1_459' title='bbox 1174 5476 1204 5513; x_wconf 90' lang='lat' dir='ltr'><strong>a</strong></span> <span class='ocrx_word' id='word_1_460' title='bbox 1234 5478 1339 5533; x_wconf 90' lang='lat' dir='ltr'><strong>quo</strong></span> <span class='ocrx_word' id='word_1_461' title='bbox 1367 5466 1732 5528; x_wconf 89' lang='lat' dir='ltr'><strong>illuminantur</strong></span> <span class='ocrx_word' id='word_1_462' title='bbox 1759 5483 1817 5531; x_wconf 91' lang='lat' dir='ltr'><strong>ut</strong></span> <span class='ocrx_word' id='word_1_463' title='bbox 1843 5493 1931 5533; x_wconf 90' lang='lat' dir='ltr'><strong>sa-</strong></span> 
     </span>
    </p>
   </div>
   <div class='ocr_carea' id='block_1_55' title="bbox 342 5533 1953 5649">
    <p class='ocr_par' dir='ltr' id='par_1_55' title="bbox 342 5533 1953 5649">
     <span class='ocr_line' id='line_1_55' title="bbox 342 5533 1953 5649; baseline 0.024 -62"><span class='ocrx_word' id='word_1_464' title='bbox 342 5533 555 5602; x_wconf 87' lang='lat' dir='ltr'><strong>pienter</strong></span> <span class='ocrx_word' id='word_1_465' title='bbox 576 5539 759 5597; x_wconf 86' lang='lat' dir='ltr'><strong>vivant</strong></span> <span class='ocrx_word' id='word_1_466' title='bbox 784 5562 797 5599; x_wconf 91' lang='lat'>:</span> <span class='ocrx_word' id='word_1_467' title='bbox 820 5560 941 5601; x_wconf 91' lang='lat' dir='ltr'><strong>cum</strong></span> <span class='ocrx_word' id='word_1_468' title='bbox 969 5551 1036 5603; x_wconf 90' lang='lat' dir='ltr'><strong>sit</strong></span> <span class='ocrx_word' id='word_1_469' title='bbox 1056 5552 1106 5605; x_wconf 92' lang='lat' dir='ltr'><strong>in</strong></span> <span class='ocrx_word' id='word_1_470' title='bbox 1134 5554 1211 5609; x_wconf 88' lang='lat' dir='ltr'><strong>eis</strong></span> <span class='ocrx_word' id='word_1_471' title='bbox 1231 5555 1317 5611; x_wconf 87' lang='lat' dir='ltr'><strong>lux</strong></span> <span class='ocrx_word' id='word_1_472' title='bbox 1348 5574 1464 5627; x_wconf 61' lang='lat' dir='ltr'><strong>qua“:</strong></span> <span class='ocrx_word' id='word_1_473' title='bbox 1486 5563 1657 5631; x_wconf 91' lang='lat' dir='ltr'><strong>primo</strong></span> <span class='ocrx_word' id='word_1_474' title='bbox 1673 5566 1803 5623; x_wconf 84' lang='lat' dir='ltr'><strong>facta</strong></span> <span class='ocrx_word' id='word_1_475' title='bbox 1826 5581 1953 5649; x_wconf 43' lang='lat' dir='ltr'><strong>est,‘</strong></span> 
     </span>
     <span class='ocr_line' id='line_1_56' title="bbox 342 5626 1679 5649; baseline -0.003 0"><span class='ocrx_word' id='word_1_476' title='bbox 342 5626 384 5649; x_wconf 61' lang='grc' dir='ltr'><strong>λζ</strong></span> <span class='ocrx_word' id='word_1_477' title='bbox 416 5626 585 5649; x_wconf 31' lang='grc' dir='ltr'><strong>1----νγ,</strong></span> <span class='ocrx_word' id='word_1_478' title='bbox 630 5647 639 5649; x_wconf 33' lang='grc'><strong><em>4</em></strong></span> <span class='ocrx_word' id='word_1_479' title='bbox 691 5635 702 5646; x_wconf 75' lang='grc' dir='ltr'><strong><em>ο</em></strong></span> <span class='ocrx_word' id='word_1_480' title='bbox 738 5636 769 5649; x_wconf 74' lang='grc' dir='ltr'><strong>ι,</strong></span> <span class='ocrx_word' id='word_1_481' title='bbox 847 5640 861 5649; x_wconf 79' lang='grc'><strong>.</strong></span> <span class='ocrx_word' id='word_1_482' title='bbox 980 5642 992 5649; x_wconf 83' lang='grc'><em>,</em></span> <span class='ocrx_word' id='word_1_483' title='bbox 1077 5644 1129 5649; x_wconf 79' lang='lat'><strong>___</strong></span> <span class='ocrx_word' id='word_1_484' title='bbox 1206 5645 1239 5649; x_wconf 26' lang='grc' dir='ltr'><strong>,Α</strong></span> <span class='ocrx_word' id='word_1_485' title='bbox 1327 5645 1349 5649; x_wconf 25' lang='grc' dir='ltr'><em>,γ</em></span> <span class='ocrx_word' id='word_1_486' title='bbox 1675 5636 1679 5645; x_wconf 62' lang='grc' dir='ltr'><em>ρ</em></span> 
     </span>
    </p>
   </div>
   <div class='ocr_carea' id='block_1_56' title="bbox 340 5626 1925 5731">
    <p class='ocr_par' dir='ltr' id='par_1_56' title="bbox 340 5626 1925 5731">
     <span class='ocr_line' id='line_1_57' title="bbox 340 5626 1925 5731; baseline 0.026 -53"><span class='ocrx_word' id='word_1_487' title='bbox 340 5626 385 5731; x_wconf 64' lang='lat' dir='ltr'><strong>si</strong></span> <span class='ocrx_word' id='word_1_488' title='bbox 416 5626 593 5685; x_wconf 82' lang='lat' dir='ltr'><strong>lucem</strong></span> <span class='ocrx_word' id='word_1_489' title='bbox 614 5635 948 5731; x_wconf 30' lang='lat' dir='ltr'><strong>&#39;sp‘irituaiem</strong></span> <span class='ocrx_word' id='word_1_490' title='bbox 976 5642 1047 5725; x_wconf 18' lang='lat' dir='ltr'><strong>in.</strong></span> <span class='ocrx_word' id='word_1_491' title='bbox 1066 5644 1163 5717; x_wconf 85' lang='lat' dir='ltr'><strong>illo</strong></span> <span class='ocrx_word' id='word_1_492' title='bbox 1193 5645 1288 5731; x_wconf 31' lang='lat' dir='ltr'><strong>diei</strong></span> <span class='ocrx_word' id='word_1_493' title='bbox 1319 5626 1509 5706; x_wconf 75' lang='lat' dir='ltr'><strong>factam</strong></span> <span class='ocrx_word' id='word_1_494' title='bbox 1553 5626 1925 5729; x_wconf 61' lang='lat' dir='ltr'><strong>intelligamus:</strong></span> 
     </span>
    </p>
   </div>
   <div class='ocr_carea' id='block_1_57' title="bbox 340 5714 1931 5822">
    <p class='ocr_par' dir='ltr' id='par_1_57' title="bbox 340 5714 1931 5822">
     <span class='ocr_line' id='line_1_58' title="bbox 340 5714 1931 5822; baseline 0.025 -52"><span class='ocrx_word' id='word_1_495' title='bbox 340 5714 803 5805; x_wconf 45' lang='lat' dir='ltr'><strong>Quemadir&#39;itiidum</strong></span> <span class='ocrx_word' id='word_1_496' title='bbox 824 5720 950 5801; x_wconf 84' lang='lat' dir='ltr'><strong>ergo</strong></span> <span class='ocrx_word' id='word_1_497' title='bbox 970 5718 1105 5789; x_wconf 81' lang='lat' dir='ltr'><strong>ratio</strong></span> <span class='ocrx_word' id='word_1_498' title='bbox 1120 5732 1221 5807; x_wconf 86' lang='lat' dir='ltr'><strong>qua</strong></span> <span class='ocrx_word' id='word_1_499' title='bbox 1240 5716 1481 5799; x_wconf 82' lang='lat' dir='ltr'><strong>creatura</strong></span> <span class='ocrx_word' id='word_1_500' title='bbox 1502 5748 1766 5818; x_wconf 89' lang='lat' dir='ltr'><strong>conditur,</strong></span> <span class='ocrx_word' id='word_1_501' title='bbox 1783 5752 1931 5822; x_wconf 91' lang='lat' dir='ltr'><strong>prior</strong></span> 
     </span>
    </p>
   </div>
   <div class='ocr_carea' id='block_1_58' title="bbox 340 5812 1925 5909">
    <p class='ocr_par' dir='ltr' id='par_1_58' title="bbox 340 5812 1925 5909">
     <span class='ocr_line' id='line_1_59' title="bbox 340 5812 1925 5909; baseline 0.026 -45"><span class='ocrx_word' id='word_1_502' title='bbox 340 5822 423 5865; x_wconf 87' lang='lat' dir='ltr'><strong>est</strong></span> <span class='ocrx_word' id='word_1_503' title='bbox 453 5812 508 5867; x_wconf 90' lang='lat' dir='ltr'><strong>in</strong></span> <span class='ocrx_word' id='word_1_504' title='bbox 536 5815 712 5873; x_wconf 76' lang='lat' dir='ltr'><strong>Verbo</strong></span> <span class='ocrx_word' id='word_1_505' title='bbox 744 5821 836 5875; x_wconf 90' lang='lat' dir='ltr'><strong>Dei</strong></span> <span class='ocrx_word' id='word_1_506' title='bbox 862 5839 1017 5894; x_wconf 91' lang='lat' dir='ltr'><strong>quam</strong></span> <span class='ocrx_word' id='word_1_507' title='bbox 1045 5828 1155 5899; x_wconf 91' lang='lat' dir='ltr'><strong>ipsa</strong></span> <span class='ocrx_word' id='word_1_508' title='bbox 1201 5842 1445 5891; x_wconf 89' lang='lat' dir='ltr'><strong>creatura</strong></span> <span class='ocrx_word' id='word_1_509' title='bbox 1484 5853 1601 5909; x_wconf 66' lang='lat' dir='ltr'><strong>qua:</strong></span> <span class='ocrx_word' id='word_1_510' title='bbox 1646 5812 1925 5905; x_wconf 81' lang='lat' dir='ltr'><strong>conditur:</strong></span> 
     </span>
    </p>
   </div>
   <div class='ocr_carea' id='block_1_59' title="bbox 404 5948 1659 6041">
    <p class='ocr_par' dir='ltr' id='par_1_59' title="bbox 404 5948 1659 6041">
     <span class='ocr_line' id='line_1_60' title="bbox 404 5948 1659 6041; baseline -0.002 0"><span class='ocrx_word' id='word_1_511' title='bbox 404 5948 913 6041; x_wconf 72' lang='grc' dir='ltr'>ἰ</span> <span class='ocrx_word' id='word_1_512' title='bbox 1222 5967 1659 6041; x_wconf 57' lang='lat' dir='ltr'><strong>mmmam.</strong></span> 
     </span>
    </p>
   </div>
   <div class='ocr_carea' id='block_1_60' title="bbox 458 6011 1543 6097">
    <p class='ocr_par' dir='ltr' id='par_1_60' title="bbox 458 6011 1543 6097">
     <span class='ocr_line' id='line_1_61' title="bbox 458 6011 1543 6097; baseline 0.019 -37"><span class='ocrx_word' id='word_1_513' title='bbox 458 6011 596 6075; x_wconf 68' lang='lat' dir='ltr'><strong>aditi,</strong></span> <span class='ocrx_word' id='word_1_514' title='bbox 616 6011 911 6080; x_wconf 56' lang='lat' dir='ltr'><strong>cogitatione:</strong></span> 
     </span>
    </p>
   </div>
   <div class='ocr_carea' id='block_1_61' title="bbox 1667 534 2287 597">
    <p class='ocr_par' dir='ltr' id='par_1_61' title="bbox 1667 534 2287 597">
     <span class='ocr_line' id='line_1_62' title="bbox 1667 534 2287 597; baseline 0 -3"><span class='ocrx_word' id='word_1_515' title='bbox 1667 538 1871 595; x_wconf 79' lang='lat' dir='ltr'><strong>LIBER</strong></span> <span class='ocrx_word' id='word_1_516' title='bbox 1910 534 2287 597; x_wconf 76' lang='lat' dir='ltr'><strong>SECUNDUS.</strong></span> 
     </span>
    </p>
   </div>
   <div class='ocr_carea' id='block_1_62' title="bbox 3527 552 3631 611">
    <p class='ocr_par' dir='ltr' id='par_1_62' title="bbox 3527 552 3631 611">
     <span class='ocr_line' id='line_1_63' title="bbox 3527 552 3631 611; baseline 0.048 -5"><span class='ocrx_word' id='word_1_517' title='bbox 3527 552 3631 611; x_wconf 71' lang='lat'><strong>270</strong></span> 
     </span>
    </p>
   </div>
   <div class='ocr_carea' id='block_1_63' title="bbox 2052 659 3631 743">
    <p class='ocr_par' dir='ltr' id='par_1_63' title="bbox 2052 659 3631 743">
     <span class='ocr_line' id='line_1_64' title="bbox 2052 659 3631 743; baseline 0.013 -31"><span class='ocrx_word' id='word_1_518' title='bbox 2052 659 2130 713; x_wconf 90' lang='lat' dir='ltr'><strong>sic</strong></span> <span class='ocrx_word' id='word_1_519' title='bbox 2154 668 2209 715; x_wconf 91' lang='lat' dir='ltr'><strong>et</strong></span> <span class='ocrx_word' id='word_1_520' title='bbox 2235 661 2471 731; x_wconf 88' lang='lat' dir='ltr'><strong>ejusdem</strong></span> <span class='ocrx_word' id='word_1_521' title='bbox 2514 664 2732 723; x_wconf 86' lang='lat' dir='ltr'><strong>rationis</strong></span> <span class='ocrx_word' id='word_1_522' title='bbox 2770 668 3003 741; x_wconf 81' lang='lat' dir='ltr'><strong>cognitio</strong></span> <span class='ocrx_word' id='word_1_523' title='bbox 3046 672 3190 743; x_wconf 91' lang='lat' dir='ltr'><strong>prius</strong></span> <span class='ocrx_word' id='word_1_524' title='bbox 3226 660 3285 729; x_wconf 78' lang='lat' dir='ltr'><strong>iit</strong></span> <span class='ocrx_word' id='word_1_525' title='bbox 3312 662 3365 730; x_wconf 85' lang='lat' dir='ltr'><strong>in</strong></span> <span class='ocrx_word' id='word_1_526' title='bbox 3392 691 3631 734; x_wconf 78' lang='lat' dir='ltr'><strong>creatura</strong></span> 
     </span>
    </p>
   </div>
   <div class='ocr_carea' id='block_1_64' title="bbox 2053 746 3633 835">
    <p class='ocr_par' dir='ltr' id='par_1_64' title="bbox 2053 746 3633 835">
     <span class='ocr_line' id='line_1_65' title="bbox 2053 746 3633 835; baseline 0.015 -29"><span class='ocrx_word' id='word_1_527' title='bbox 2053 752 2413 824; x_wconf 77' lang='lat' dir='ltr'><strong>intellectuali,</strong></span> <span class='ocrx_word' id='word_1_528' title='bbox 2436 746 2552 828; x_wconf 72' lang='lat' dir='ltr'><strong>quae</strong></span> <span class='ocrx_word' id='word_1_529' title='bbox 2572 754 2787 828; x_wconf 84' lang='lat' dir='ltr'><strong>peccato</strong></span> <span class='ocrx_word' id='word_1_530' title='bbox 2803 748 3076 821; x_wconf 81' lang='lat' dir='ltr'><strong>tenebrata</strong></span> <span class='ocrx_word' id='word_1_531' title='bbox 3097 782 3200 822; x_wconf 91' lang='lat' dir='ltr'><strong>non</strong></span> <span class='ocrx_word' id='word_1_532' title='bbox 3225 777 3305 823; x_wconf 93' lang='lat' dir='ltr'><strong>est</strong></span> <span class='ocrx_word' id='word_1_533' title='bbox 3325 786 3337 835; x_wconf 92' lang='lat'><strong>;</strong></span> <span class='ocrx_word' id='word_1_534' title='bbox 3363 785 3425 826; x_wconf 91' lang='lat' dir='ltr'><strong>ac</strong></span> <span class='ocrx_word' id='word_1_535' title='bbox 3444 766 3633 829; x_wconf 87' lang='lat' dir='ltr'><strong>deinde</strong></span> 
     </span>
    </p>
   </div>
   <div class='ocr_carea' id='block_1_65' title="bbox 2053 836 3631 928">
    <p class='ocr_par' dir='ltr' id='par_1_65' title="bbox 2053 836 3631 928">
     <span class='ocr_line' id='line_1_66' title="bbox 2053 836 3631 928; baseline 0.014 -30"><span class='ocrx_word' id='word_1_536' title='bbox 2053 845 2164 914; x_wconf 89' lang='lat' dir='ltr'><strong>ipsa</strong></span> <span class='ocrx_word' id='word_1_537' title='bbox 2194 836 2427 903; x_wconf 84' lang='lat' dir='ltr'><strong>conditio</strong></span> <span class='ocrx_word' id='word_1_538' title='bbox 2473 850 2729 908; x_wconf 72' lang='lat' dir='ltr'><strong>creaturaé</strong></span> <span class='ocrx_word' id='word_1_539' title='bbox 2757 855 2795 908; x_wconf 84' lang='grc'><strong>¹.</strong></span> <span class='ocrx_word' id='word_1_540' title='bbox 2835 848 3018 928; x_wconf 75' lang='lat' dir='ltr'><strong>Neq&#39;ne</strong></span> <span class='ocrx_word' id='word_1_541' title='bbox 3046 846 3187 914; x_wconf 84' lang='lat' dir='ltr'><strong>enim</strong></span> <span class='ocrx_word' id='word_1_542' title='bbox 3236 846 3370 915; x_wconf 81' lang='lat' dir='ltr'><strong>sicut</strong></span> <span class='ocrx_word' id='word_1_543' title='bbox 3422 878 3519 918; x_wconf 90' lang='lat' dir='ltr'><strong>nos</strong></span> <span class='ocrx_word' id='word_1_544' title='bbox 3566 862 3631 920; x_wconf 82' lang='lat' dir='ltr'><strong>ad</strong></span> 
     </span>
    </p>
   </div>
   <div class='ocr_carea' id='block_1_66' title="bbox 2054 940 3635 1026">
    <p class='ocr_par' dir='ltr' id='par_1_66' title="bbox 2054 940 3635 1026">
     <span class='ocr_line' id='line_1_67' title="bbox 2054 940 3635 1026; baseline 0.015 -35"><span class='ocrx_word' id='word_1_545' title='bbox 2054 940 2443 1010; x_wconf 81' lang='lat' dir='ltr'><strong>percipiendam</strong></span> <span class='ocrx_word' id='word_1_546' title='bbox 2474 946 2784 1016; x_wconf 88' lang='lat' dir='ltr'><strong>sapientiam</strong></span> <span class='ocrx_word' id='word_1_547' title='bbox 2811 950 3157 1022; x_wconf 83' lang='lat' dir='ltr'><strong>proﬁciebant</strong></span> <span class='ocrx_word' id='word_1_548' title='bbox 3180 955 3385 1026; x_wconf 87' lang='lat' dir='ltr'><strong>Angeli,</strong></span> <span class='ocrx_word' id='word_1_549' title='bbox 3416 966 3474 1012; x_wconf 92' lang='lat' dir='ltr'><strong>ut</strong></span> <span class='ocrx_word' id='word_1_550' title='bbox 3502 958 3635 1014; x_wconf 86' lang='lat' dir='ltr'><strong>invi-</strong></span> 
     </span>
    </p>
   </div>
   <div class='ocr_carea' id='block_1_67' title="bbox 2053 1026 3633 1121">
    <p class='ocr_par' dir='ltr' id='par_1_67' title="bbox 2053 1026 3633 1121">
     <span class='ocr_line' id='line_1_68' title="bbox 2053 1026 3633 1121; baseline 0.015 -37"><span class='ocrx_word' id='word_1_551' title='bbox 2053 1031 2221 1086; x_wconf 89' lang='lat' dir='ltr'><strong>sibilia</strong></span> <span class='ocrx_word' id='word_1_552' title='bbox 2249 1032 2362 1100; x_wconf 89' lang='lat' dir='ltr'><strong>Dei,</strong></span> <span class='ocrx_word' id='word_1_553' title='bbox 2394 1052 2488 1115; x_wconf 88' lang='lat' dir='ltr'><strong>per</strong></span> <span class='ocrx_word' id='word_1_554' title='bbox 2512 1053 2571 1091; x_wconf 90' lang='lat' dir='ltr'><strong>ea</strong></span> <span class='ocrx_word' id='word_1_555' title='bbox 2601 1054 2717 1109; x_wconf 57' lang='lat' dir='ltr'><strong>quae</strong></span> <span class='ocrx_word' id='word_1_556' title='bbox 2739 1040 2872 1096; x_wconf 82' lang='lat' dir='ltr'><strong>facta</strong></span> <span class='ocrx_word' id='word_1_557' title='bbox 2896 1050 3038 1113; x_wconf 85' lang='lat' dir='ltr'><strong>sunt,</strong></span> <span class='ocrx_word' id='word_1_558' title='bbox 3064 1026 3331 1103; x_wconf 85' lang='lat' dir='ltr'><strong>intellecta</strong></span> <span class='ocrx_word' id='word_1_559' title='bbox 3355 1050 3633 1121; x_wconf 84' lang='lat' dir='ltr'><strong>conSpice-</strong></span> 
     </span>
    </p>
   </div>
   <div class='ocr_carea' id='block_1_68' title="bbox 2052 1122 3635 1215">
    <p class='ocr_par' dir='ltr' id='par_1_68' title="bbox 2052 1122 3635 1215">
     <span class='ocr_line' id='line_1_69' title="bbox 2052 1122 3635 1215; baseline 0.015 -37"><span class='ocrx_word' id='word_1_560' title='bbox 2052 1134 2171 1179; x_wconf 89' lang='lat' dir='ltr'><strong>rent</strong></span> <span class='ocrx_word' id='word_1_561' title='bbox 2199 1124 2373 1195; x_wconf 86' lang='lat' dir='ltr'><strong>(Rom.</strong></span> <span class='ocrx_word' id='word_1_562' title='bbox 2406 1145 2443 1195; x_wconf 88' lang='lat'><strong>1,</strong></span> <span class='ocrx_word' id='word_1_563' title='bbox 2471 1122 2564 1200; x_wconf 73' lang='lat'><strong>20)</strong></span> <span class='ocrx_word' id='word_1_564' title='bbox 2592 1173 2603 1195; x_wconf 95' lang='lat'><strong>,</strong></span> <span class='ocrx_word' id='word_1_565' title='bbox 2633 1133 2719 1202; x_wconf 88' lang='lat' dir='ltr'><strong>qui</strong></span> <span class='ocrx_word' id='word_1_566' title='bbox 2746 1149 2812 1188; x_wconf 82' lang='lat' dir='ltr'><strong>ex</strong></span> <span class='ocrx_word' id='word_1_567' title='bbox 2838 1152 2940 1205; x_wconf 90' lang='lat' dir='ltr'><strong>quo</strong></span> <span class='ocrx_word' id='word_1_568' title='bbox 2967 1138 3132 1193; x_wconf 83' lang='lat' dir='ltr'><strong>creati</strong></span> <span class='ocrx_word' id='word_1_569' title='bbox 3160 1148 3301 1206; x_wconf 91' lang='lat' dir='ltr'><strong>sunt,</strong></span> <span class='ocrx_word' id='word_1_570' title='bbox 3332 1142 3445 1215; x_wconf 88' lang='lat' dir='ltr'><strong>ipsa</strong></span> <span class='ocrx_word' id='word_1_571' title='bbox 3474 1144 3635 1202; x_wconf 85' lang='lat' dir='ltr'><strong>Verbi</strong></span> 
     </span>
    </p>
   </div>
   <div class='ocr_carea' id='block_1_69' title="bbox 2054 1216 3633 1308">
    <p class='ocr_par' dir='ltr' id='par_1_69' title="bbox 2054 1216 3633 1308">
     <span class='ocr_line' id='line_1_70' title="bbox 2054 1216 3633 1308; baseline 0.016 -38"><span class='ocrx_word' id='word_1_572' title='bbox 2054 1219 2346 1275; x_wconf 83' lang='lat' dir='ltr'><strong>aeternitate</strong></span> <span class='ocrx_word' id='word_1_573' title='bbox 2372 1231 2551 1277; x_wconf 88' lang='lat' dir='ltr'><strong>sancta</strong></span> <span class='ocrx_word' id='word_1_574' title='bbox 2590 1235 2645 1279; x_wconf 87' lang='lat' dir='ltr'><strong>et</strong></span> <span class='ocrx_word' id='word_1_575' title='bbox 2679 1220 2760 1295; x_wconf 80' lang='lat' dir='ltr'><strong>pia</strong></span> <span class='ocrx_word' id='word_1_576' title='bbox 2790 1216 3232 1301; x_wconf 83' lang='lat' dir='ltr'><strong>contemplatione</strong></span> <span class='ocrx_word' id='word_1_577' title='bbox 3258 1222 3633 1308; x_wconf 82' lang='lat' dir='ltr'><strong>perfruuntur;</strong></span> 
     </span>
    </p>
   </div>
   <div class='ocr_carea' id='block_1_70' title="bbox 2053 1310 3637 1405">
    <p class='ocr_par' dir='ltr' id='par_1_70' title="bbox 2053 1310 3637 1405">
     <span class='ocr_line' id='line_1_71' title="bbox 2053 1310 3637 1405; baseline 0.016 -42"><span class='ocrx_word' id='word_1_578' title='bbox 2053 1316 2211 1380; x_wconf 88' lang='lat' dir='ltr'><strong>atque</strong></span> <span class='ocrx_word' id='word_1_579' title='bbox 2239 1310 2364 1368; x_wconf 89' lang='lat' dir='ltr'><strong>inde</strong></span> <span class='ocrx_word' id='word_1_580' title='bbox 2392 1312 2491 1367; x_wconf 84' lang='lat' dir='ltr'><strong>ista</strong></span> <span class='ocrx_word' id='word_1_581' title='bbox 2520 1313 2893 1389; x_wconf 70' lang='lat' dir='ltr'><strong>de‘Spieientes,</strong></span> <span class='ocrx_word' id='word_1_582' title='bbox 2924 1323 3212 1380; x_wconf 89' lang='lat' dir='ltr'><strong>secundum</strong></span> <span class='ocrx_word' id='word_1_583' title='bbox 3239 1327 3290 1382; x_wconf 93' lang='lat' dir='ltr'><strong>id</strong></span> <span class='ocrx_word' id='word_1_584' title='bbox 3328 1312 3468 1401; x_wconf 86' lang='lat' dir='ltr'><strong>quod</strong></span> <span class='ocrx_word' id='word_1_585' title='bbox 3495 1310 3637 1405; x_wconf 82' lang='lat' dir='ltr'><strong>intus</strong></span> 
     </span>
    </p>
   </div>
   <div class='ocr_carea' id='block_1_71' title="bbox 2054 1400 3632 1493">
    <p class='ocr_par' dir='ltr' id='par_1_71' title="bbox 2054 1400 3632 1493">
     <span class='ocr_line' id='line_1_72' title="bbox 2054 1400 3632 1493; baseline 0.013 -36"><span class='ocrx_word' id='word_1_586' title='bbox 2054 1400 2253 1471; x_wconf 89' lang='lat' dir='ltr'><strong>vident,</strong></span> <span class='ocrx_word' id='word_1_587' title='bbox 2266 1404 2341 1473; x_wconf 85' lang='lat' dir='ltr'><strong>vel</strong></span> <span class='ocrx_word' id='word_1_588' title='bbox 2356 1414 2497 1462; x_wconf 90' lang='lat' dir='ltr'><strong>recte</strong></span> <span class='ocrx_word' id='word_1_589' title='bbox 2514 1406 2648 1493; x_wconf 83' lang='lat' dir='ltr'><strong>facta</strong></span> <span class='ocrx_word' id='word_1_590' title='bbox 2666 1413 2977 1483; x_wconf 88' lang='lat' dir='ltr'><strong>approbant,</strong></span> <span class='ocrx_word' id='word_1_591' title='bbox 2991 1416 3074 1472; x_wconf 92' lang='lat' dir='ltr'><strong>vel</strong></span> <span class='ocrx_word' id='word_1_592' title='bbox 3087 1429 3298 1487; x_wconf 90' lang='lat' dir='ltr'><strong>peccata</strong></span> <span class='ocrx_word' id='word_1_593' title='bbox 3313 1400 3632 1493; x_wconf 79' lang='lat' dir='ltr'><strong>improbant.</strong></span> 
     </span>
    </p>
   </div>
   <div class='ocr_carea' id='block_1_72' title="bbox 2126 1484 3637 1593">
    <p class='ocr_par' dir='ltr' id='par_1_72' title="bbox 2126 1484 3637 1593">
     <span class='ocr_line' id='line_1_73' title="bbox 2126 1484 3637 1593; baseline 0.017 -42"><span class='ocrx_word' id='word_1_594' title='bbox 2126 1496 2213 1552; x_wconf 77' lang='lat' dir='ltr'><strong>l8.</strong></span> <span class='ocrx_word' id='word_1_595' title='bbox 2254 1496 2362 1554; x_wconf 85' lang='lat' dir='ltr'><strong>Nec</strong></span> <span class='ocrx_word' id='word_1_596' title='bbox 2404 1484 2595 1593; x_wconf 73' lang='lat' dir='ltr'><strong>inii-inii</strong></span> <span class='ocrx_word' id='word_1_597' title='bbox 2640 1511 2723 1559; x_wconf 92' lang='lat' dir='ltr'><strong>est</strong></span> <span class='ocrx_word' id='word_1_598' title='bbox 2761 1508 2901 1577; x_wconf 91' lang='lat' dir='ltr'><strong>quod</strong></span> <span class='ocrx_word' id='word_1_599' title='bbox 2940 1484 3136 1568; x_wconf 82' lang='lat' dir='ltr'><strong>sanctis</strong></span> <span class='ocrx_word' id='word_1_600' title='bbox 3160 1484 3637 1593; x_wconf 41' lang='lat' dir='ltr'><strong>Angelis-Suian</strong></span> 
     </span>
    </p>
   </div>
   <div class='ocr_carea' id='block_1_73' title="bbox 2053 1588 3636 1679">
    <p class='ocr_par' dir='ltr' id='par_1_73' title="bbox 2053 1588 3636 1679">
     <span class='ocr_line' id='line_1_74' title="bbox 2053 1588 3636 1679; baseline 0.018 -39"><span class='ocrx_word' id='word_1_601' title='bbox 2053 1589 2224 1658; x_wconf 89' lang='lat' dir='ltr'><strong>prima</strong></span> <span class='ocrx_word' id='word_1_602' title='bbox 2251 1590 2383 1646; x_wconf 91' lang='lat' dir='ltr'><strong>lucis</strong></span> <span class='ocrx_word' id='word_1_603' title='bbox 2408 1588 2713 1653; x_wconf 86' lang='lat' dir='ltr'><strong>eondilionc</strong></span> <span class='ocrx_word' id='word_1_604' title='bbox 2740 1596 3013 1679; x_wconf 82' lang='lat' dir='ltr'><strong>formatis,</strong></span> <span class='ocrx_word' id='word_1_605' title='bbox 3045 1594 3193 1674; x_wconf 80' lang='lat' dir='ltr'><strong>prius</strong></span> <span class='ocrx_word' id='word_1_606' title='bbox 3222 1592 3360 1665; x_wconf 84' lang='lat' dir='ltr'><strong>Deus</strong></span> <span class='ocrx_word' id='word_1_607' title='bbox 3386 1588 3636 1679; x_wconf 69' lang='lat' dir='ltr'><strong>ostende-</strong></span> 
     </span>
    </p>
   </div>
   <div class='ocr_carea' id='block_1_74' title="bbox 2056 1676 3634 1785">
    <p class='ocr_par' dir='ltr' id='par_1_74' title="bbox 2056 1676 3634 1785">
     <span class='ocr_line' id='line_1_75' title="bbox 2056 1676 3634 1785; baseline 0.017 -52"><span class='ocrx_word' id='word_1_608' title='bbox 2056 1676 2145 1734; x_wconf 88' lang='lat' dir='ltr'><strong>bat</strong></span> <span class='ocrx_word' id='word_1_609' title='bbox 2171 1683 2309 1752; x_wconf 90' lang='lat' dir='ltr'><strong>quod</strong></span> <span class='ocrx_word' id='word_1_610' title='bbox 2340 1694 2455 1741; x_wconf 90' lang='lat' dir='ltr'><strong>erat</strong></span> <span class='ocrx_word' id='word_1_611' title='bbox 2478 1684 2727 1760; x_wconf 86' lang='lat' dir='ltr'><strong>deinceps</strong></span> <span class='ocrx_word' id='word_1_612' title='bbox 2767 1678 3059 1751; x_wconf 75' lang='lat' dir='ltr'><strong>creaturas.</strong></span> <span class='ocrx_word' id='word_1_613' title='bbox 3099 1682 3281 1770; x_wconf 79' lang='lat' dir='ltr'><strong>Neque</strong></span> <span class='ocrx_word' id='word_1_614' title='bbox 3306 1702 3446 1783; x_wconf 79' lang='lat' dir='ltr'><strong>enim</strong></span> 
     </span>
    </p>
   </div>
   <div class='ocr_carea' id='block_1_75' title="bbox 2056 1770 3633 1877">
    <p class='ocr_par' dir='ltr' id='par_1_75' title="bbox 2056 1770 3633 1877">
     <span class='ocr_line' id='line_1_76' title="bbox 2056 1770 3633 1877; baseline 0.015 -51"><span class='ocrx_word' id='word_1_615' title='bbox 2056 1770 2249 1827; x_wconf 89' lang='lat' dir='ltr'><strong>lectum</strong></span> <span class='ocrx_word' id='word_1_616' title='bbox 2279 1775 2373 1831; x_wconf 91' lang='lat' dir='ltr'><strong>Dei</strong></span> <span class='ocrx_word' id='word_1_617' title='bbox 2404 1786 2649 1849; x_wconf 88' lang='lat' dir='ltr'><strong>nossent,</strong></span> <span class='ocrx_word' id='word_1_618' title='bbox 2684 1783 2786 1838; x_wconf 88' lang='lat' dir='ltr'><strong>nisi</strong></span> <span class='ocrx_word' id='word_1_619' title='bbox 2826 1791 3079 1873; x_wconf 79' lang='lat' dir='ltr'><strong>quantum</strong></span> <span class='ocrx_word' id='word_1_620' title='bbox 3123 1788 3237 1861; x_wconf 90' lang='lat' dir='ltr'><strong>ipse</strong></span> <span class='ocrx_word' id='word_1_621' title='bbox 3267 1770 3633 1877; x_wconf 70' lang='lat' dir='ltr'><strong>monstrasset.</strong></span> 
     </span>
    </p>
   </div>
   <div class='ocr_carea' id='block_1_76' title="bbox 2056 1858 3637 1961">
    <p class='ocr_par' dir='ltr' id='par_1_76' title="bbox 2056 1858 3637 1961">
     <span class='ocr_line' id='line_1_77' title="bbox 2056 1858 3637 1961; baseline 0.015 -43"><span class='ocrx_word' id='word_1_622' title='bbox 2056 1864 2184 1933; x_wconf 83' lang='lat' dir='ltr'><strong>Quis</strong></span> <span class='ocrx_word' id='word_1_623' title='bbox 2203 1867 2343 1921; x_wconf 87' lang='lat' dir='ltr'><strong>enim</strong></span> <span class='ocrx_word' id='word_1_624' title='bbox 2365 1870 2610 1939; x_wconf 73' lang='lat' dir='ltr'><strong>cognOVit</strong></span> <span class='ocrx_word' id='word_1_625' title='bbox 2634 1858 2960 1932; x_wconf 81' lang='lat' dir='ltr'><strong>intellectum</strong></span> <span class='ocrx_word' id='word_1_626' title='bbox 2980 1858 3225 1961; x_wconf 77' lang='lat' dir='ltr'><strong>Domini?</strong></span> <span class='ocrx_word' id='word_1_627' title='bbox 3374 1864 3490 1961; x_wconf 73' lang='lat' dir='ltr'><strong>quis</strong></span> <span class='ocrx_word' id='word_1_628' title='bbox 3512 1862 3637 1961; x_wconf 74' lang='lat' dir='ltr'><strong>con-</strong></span> 
     </span>
    </p>
   </div>
   <div class='ocr_carea' id='block_1_77' title="bbox 2058 1952 3635 2044">
    <p class='ocr_par' dir='ltr' id='par_1_77' title="bbox 2058 1952 3635 2044">
     <span class='ocr_line' id='line_1_78' title="bbox 2058 1952 3635 2044; baseline 0.014 -31"><span class='ocrx_word' id='word_1_629' title='bbox 2058 1954 2288 2041; x_wconf 74' lang='lat' dir='ltr'><strong>siliarius</strong></span> <span class='ocrx_word' id='word_1_630' title='bbox 2317 1956 2431 2031; x_wconf 79' lang='lat' dir='ltr'><strong>ejus</strong></span> <span class='ocrx_word' id='word_1_631' title='bbox 2458 1954 2599 2020; x_wconf 71' lang='lat' dir='ltr'><strong>run?</strong></span> <span class='ocrx_word' id='word_1_632' title='bbox 2637 1968 2741 2023; x_wconf 83' lang='lat' dir='ltr'><strong>Aut</strong></span> <span class='ocrx_word' id='word_1_633' title='bbox 2769 1970 2888 2040; x_wconf 85' lang='lat' dir='ltr'><strong>qnis</strong></span> <span class='ocrx_word' id='word_1_634' title='bbox 2911 1952 3056 2043; x_wconf 70' lang='lat' dir='ltr'><strong>prioi</strong></span> <span class='ocrx_word' id='word_1_635' title='bbox 3098 1973 3243 2030; x_wconf 85' lang='lat' dir='ltr'><strong>dedit</strong></span> <span class='ocrx_word' id='word_1_636' title='bbox 3270 1952 3341 2030; x_wconf 74' lang='lat' dir='ltr'><strong>illi</strong></span> <span class='ocrx_word' id='word_1_637' title='bbox 3364 1952 3453 2044; x_wconf 54' lang='grc' dir='ltr'><strong>,ἐι</strong></span> <span class='ocrx_word' id='word_1_638' title='bbox 3479 1958 3635 2037; x_wconf 78' lang='lat' dir='ltr'><strong>retri-</strong></span> 
     </span>
    </p>
   </div>
   <div class='ocr_carea' id='block_1_78' title="bbox 2057 2044 3637 2149">
    <p class='ocr_par' dir='ltr' id='par_1_78' title="bbox 2057 2044 3637 2149">
     <span class='ocr_line' id='line_1_79' title="bbox 2057 2044 3637 2149; baseline 0.017 -46"><span class='ocrx_word' id='word_1_639' title='bbox 2057 2049 2247 2106; x_wconf 88' lang='lat' dir='ltr'><strong>buetur</strong></span> <span class='ocrx_word' id='word_1_640' title='bbox 2272 2052 2363 2108; x_wconf 81' lang='lat' dir='ltr'><strong>ei?</strong></span> <span class='ocrx_word' id='word_1_641' title='bbox 2391 2048 2649 2137; x_wconf 78' lang='lat' dir='ltr'><strong>Quoniam</strong></span> <span class='ocrx_word' id='word_1_642' title='bbox 2677 2075 2740 2115; x_wconf 79' lang='lat' dir='ltr'><strong>ex</strong></span> <span class='ocrx_word' id='word_1_643' title='bbox 2766 2056 2881 2134; x_wconf 86' lang='lat' dir='ltr'><strong>ipso</strong></span> <span class='ocrx_word' id='word_1_644' title='bbox 2902 2106 2916 2132; x_wconf 91' lang='lat'><strong>,</strong></span> <span class='ocrx_word' id='word_1_645' title='bbox 2944 2075 2997 2120; x_wconf 90' lang='lat' dir='ltr'><strong>et</strong></span> <span class='ocrx_word' id='word_1_646' title='bbox 3022 2044 3118 2137; x_wconf 72' lang='lat' dir='ltr'><strong>per</strong></span> <span class='ocrx_word' id='word_1_647' title='bbox 3143 2060 3337 2139; x_wconf 88' lang='lat' dir='ltr'><strong>ipsum,</strong></span> <span class='ocrx_word' id='word_1_648' title='bbox 3358 2081 3410 2127; x_wconf 91' lang='lat' dir='ltr'><strong>et</strong></span> <span class='ocrx_word' id='word_1_649' title='bbox 3522 2052 3637 2149; x_wconf 79' lang='lat' dir='ltr'><strong>ipso</strong></span> 
     </span>
    </p>
   </div>
   <div class='ocr_carea' id='block_1_79' title="bbox 2058 2138 3640 2243">
    <p class='ocr_par' dir='ltr' id='par_1_79' title="bbox 2058 2138 3640 2243">
     <span class='ocr_line' id='line_1_80' title="bbox 2058 2138 3640 2243; baseline 0.013 -41"><span class='ocrx_word' id='word_1_650' title='bbox 2058 2156 2180 2203; x_wconf 85' lang='lat' dir='ltr'><strong>sunt</strong></span> <span class='ocrx_word' id='word_1_651' title='bbox 2205 2148 2381 2205; x_wconf 88' lang='lat' dir='ltr'><strong>omnia</strong></span> <span class='ocrx_word' id='word_1_652' title='bbox 2410 2148 2428 2223; x_wconf 89' lang='lat'>(</span> <span class='ocrx_word' id='word_1_653' title='bbox 2444 2138 2529 2207; x_wconf 78' lang='lat' dir='ltr'><strong>Id.</strong></span> <span class='ocrx_word' id='word_1_654' title='bbox 2552 2158 2607 2239; x_wconf 49' lang='grc' dir='ltr'><strong>ξι</strong></span> <span class='ocrx_word' id='word_1_655' title='bbox 2630 2198 2642 2221; x_wconf 92' lang='grc'>,</span> <span class='ocrx_word' id='word_1_656' title='bbox 2670 2156 2894 2241; x_wconf 65' lang='grc'><strong>1.</strong></span> <span class='ocrx_word' id='word_1_657' title='bbox 2934 2159 3014 2215; x_wconf 81' lang='lat' dir='ltr'><strong>Ex</strong></span> <span class='ocrx_word' id='word_1_658' title='bbox 3059 2162 3173 2243; x_wconf 83' lang='lat' dir='ltr'><strong>ipso</strong></span> <span class='ocrx_word' id='word_1_659' title='bbox 3202 2148 3329 2239; x_wconf 80' lang='lat' dir='ltr'><strong>ergo</strong></span> <span class='ocrx_word' id='word_1_660' title='bbox 3366 2138 3640 2243; x_wconf 70' lang='lat' dir='ltr'><strong>discebant</strong></span> 
     </span>
    </p>
   </div>
   <div class='ocr_carea' id='block_1_80' title="bbox 2057 2230 3638 2331">
    <p class='ocr_par' dir='ltr' id='par_1_80' title="bbox 2057 2230 3638 2331">
     <span class='ocr_line' id='line_1_81' title="bbox 2057 2230 3638 2331; baseline 0.015 -38"><span class='ocrx_word' id='word_1_661' title='bbox 2057 2239 2244 2312; x_wconf 82' lang='lat' dir='ltr'><strong>Angeli</strong></span> <span class='ocrx_word' id='word_1_662' title='bbox 2266 2283 2279 2308; x_wconf 92' lang='lat'><strong>,</strong></span> <span class='ocrx_word' id='word_1_663' title='bbox 2309 2252 2429 2299; x_wconf 92' lang='lat' dir='ltr'><strong>cum</strong></span> <span class='ocrx_word' id='word_1_664' title='bbox 2460 2242 2511 2300; x_wconf 89' lang='lat' dir='ltr'><strong>in</strong></span> <span class='ocrx_word' id='word_1_665' title='bbox 2544 2230 2622 2301; x_wconf 87' lang='lat' dir='ltr'><strong>eis</strong></span> <span class='ocrx_word' id='word_1_666' title='bbox 2650 2230 2799 2325; x_wconf 74' lang='lat' dir='ltr'><strong>fieret</strong></span> <span class='ocrx_word' id='word_1_667' title='bbox 2827 2234 3059 2322; x_wconf 84' lang='lat' dir='ltr'><strong>cognitio</strong></span> <span class='ocrx_word' id='word_1_668' title='bbox 3089 2238 3348 2313; x_wconf 63' lang='lat' dir='ltr'><strong>creatura:</strong></span> <span class='ocrx_word' id='word_1_669' title='bbox 3387 2238 3638 2331; x_wconf 83' lang='lat' dir='ltr'><strong>deinceps</strong></span> 
     </span>
    </p>
   </div>
   <div class='ocr_carea' id='block_1_81' title="bbox 2056 2328 3603 2423">
    <p class='ocr_par' dir='ltr' id='par_1_81' title="bbox 2056 2328 3603 2423">
     <span class='ocr_line' id='line_1_82' title="bbox 2056 2328 3603 2423; baseline 0.014 -38"><span class='ocrx_word' id='word_1_670' title='bbox 2056 2330 2329 2400; x_wconf 57' lang='lat' dir='ltr'><strong>faciendae,</strong></span> <span class='ocrx_word' id='word_1_671' title='bbox 2358 2348 2420 2391; x_wconf 90' lang='lat' dir='ltr'><strong>ac</strong></span> <span class='ocrx_word' id='word_1_672' title='bbox 2444 2328 2634 2395; x_wconf 88' lang='lat' dir='ltr'><strong>deinde</strong></span> <span class='ocrx_word' id='word_1_673' title='bbox 2663 2328 2815 2397; x_wconf 83' lang='lat' dir='ltr'><strong>ﬁeret</strong></span> <span class='ocrx_word' id='word_1_674' title='bbox 2839 2342 2891 2397; x_wconf 89' lang='lat' dir='ltr'><strong>in</strong></span> <span class='ocrx_word' id='word_1_675' title='bbox 2918 2360 3113 2415; x_wconf 78' lang='lat' dir='ltr'><strong>genere</strong></span> <span class='ocrx_word' id='word_1_676' title='bbox 3149 2350 3386 2421; x_wconf 87' lang='lat' dir='ltr'><strong>proprio.</strong></span> <span class='ocrx_word' id='word_1_677' title='bbox 3576 2328 3603 2423; x_wconf 17' lang='grc' dir='ltr'><em>*ν</em></span> 
     </span>
    </p>
   </div>
   <div class='ocr_carea' id='block_1_82' title="bbox 2127 2424 3637 2521">
    <p class='ocr_par' dir='ltr' id='par_1_82' title="bbox 2127 2424 3637 2521">
     <span class='ocr_line' id='line_1_83' title="bbox 2127 2424 3637 2521; baseline 0.013 -42"><span class='ocrx_word' id='word_1_678' title='bbox 2127 2424 2213 2479; x_wconf 79' lang='grc'><strong>19.</strong></span> <span class='ocrx_word' id='word_1_679' title='bbox 2254 2426 2606 2521; x_wconf 74' lang='lat' dir='ltr'><strong>Quapropter,</strong></span> <span class='ocrx_word' id='word_1_680' title='bbox 2630 2431 2741 2503; x_wconf 93' lang='lat' dir='ltr'><strong>jam</strong></span> <span class='ocrx_word' id='word_1_681' title='bbox 2766 2433 2885 2490; x_wconf 90' lang='lat' dir='ltr'><strong>luce</strong></span> <span class='ocrx_word' id='word_1_682' title='bbox 2908 2433 3067 2521; x_wconf 82' lang='lat' dir='ltr'><strong>facta,</strong></span> <span class='ocrx_word' id='word_1_683' title='bbox 3087 2436 3139 2521; x_wconf 85' lang='lat' dir='ltr'><strong>in</strong></span> <span class='ocrx_word' id='word_1_684' title='bbox 3166 2455 3267 2511; x_wconf 90' lang='lat' dir='ltr'><strong>qua</strong></span> <span class='ocrx_word' id='word_1_685' title='bbox 3293 2430 3637 2516; x_wconf 76' lang='lat' dir='ltr'><strong>intelligimus</strong></span> 
     </span>
    </p>
   </div>
   <div class='ocr_carea' id='block_1_83' title="bbox 2055 2508 3637 2604">
    <p class='ocr_par' dir='ltr' id='par_1_83' title="bbox 2055 2508 3637 2604">
     <span class='ocr_line' id='line_1_84' title="bbox 2055 2508 3637 2604; baseline 0.015 -35"><span class='ocrx_word' id='word_1_686' title='bbox 2055 2515 2122 2571; x_wconf 89' lang='lat' dir='ltr'><strong>ab</strong></span> <span class='ocrx_word' id='word_1_687' title='bbox 2144 2520 2339 2572; x_wconf 63' lang='lat' dir='ltr'><strong>alterna</strong></span> <span class='ocrx_word' id='word_1_688' title='bbox 2370 2508 2488 2575; x_wconf 80' lang='lat' dir='ltr'><strong>luce</strong></span> <span class='ocrx_word' id='word_1_689' title='bbox 2517 2508 2793 2578; x_wconf 73' lang='lat' dir='ltr'><strong>lermatam</strong></span> <span class='ocrx_word' id='word_1_690' title='bbox 2824 2510 3133 2584; x_wconf 76' lang='lat' dir='ltr'><strong>rationalem</strong></span> <span class='ocrx_word' id='word_1_691' title='bbox 3165 2541 3457 2588; x_wconf 89' lang='lat' dir='ltr'><strong>creaturam</strong></span> <span class='ocrx_word' id='word_1_692' title='bbox 3477 2577 3493 2604; x_wconf 88' lang='lat'><strong>,</strong></span> <span class='ocrx_word' id='word_1_693' title='bbox 3516 2553 3637 2593; x_wconf 90' lang='lat' dir='ltr'><strong>cum</strong></span> 
     </span>
    </p>
   </div>
   <div class='ocr_carea' id='block_1_84' title="bbox 2056 2602 3637 2705">
    <p class='ocr_par' dir='ltr' id='par_1_84' title="bbox 2056 2602 3637 2705">
     <span class='ocr_line' id='line_1_85' title="bbox 2056 2602 3637 2705; baseline 0.013 -42"><span class='ocrx_word' id='word_1_694' title='bbox 2056 2609 2107 2663; x_wconf 88' lang='lat' dir='ltr'><strong>in</strong></span> <span class='ocrx_word' id='word_1_695' title='bbox 2132 2612 2339 2669; x_wconf 75' lang='lat' dir='ltr'><strong>cmteris</strong></span> <span class='ocrx_word' id='word_1_696' title='bbox 2353 2604 2593 2670; x_wconf 68' lang='lat' dir='ltr'><strong>ereandis’</strong></span> <span class='ocrx_word' id='word_1_697' title='bbox 2614 2602 2774 2673; x_wconf 83' lang='lat' dir='ltr'><strong>rebus</strong></span> <span class='ocrx_word' id='word_1_698' title='bbox 2797 2602 3059 2705; x_wconf 81' lang='lat' dir='ltr'><strong>audimus,</strong></span> <span class='ocrx_word' id='word_1_699' title='bbox 3074 2622 3146 2701; x_wconf 83' lang='lat' dir='ltr'><strong>Et</strong></span> <span class='ocrx_word' id='word_1_700' title='bbox 3164 2625 3289 2679; x_wconf 76' lang='lat' dir='ltr'><strong>dixit</strong></span> <span class='ocrx_word' id='word_1_701' title='bbox 3305 2612 3460 2705; x_wconf 70' lang='lat' dir='ltr'><strong>Deus,</strong></span> <span class='ocrx_word' id='word_1_702' title='bbox 3478 2602 3637 2697; x_wconf 76' lang='lat' dir='ltr'><strong>Fiat;</strong></span> 
     </span>
    </p>
   </div>
   <div class='ocr_carea' id='block_1_85' title="bbox 2055 2698 3635 2795">
    <p class='ocr_par' dir='ltr' id='par_1_85' title="bbox 2055 2698 3635 2795">
     <span class='ocr_line' id='line_1_86' title="bbox 2055 2698 3635 2795; baseline 0.012 -36"><span class='ocrx_word' id='word_1_703' title='bbox 2055 2702 2409 2779; x_wconf 80' lang='lat' dir='ltr'><strong>intelligamus</strong></span> <span class='ocrx_word' id='word_1_704' title='bbox 2449 2700 2514 2763; x_wconf 87' lang='lat' dir='ltr'><strong>ad</strong></span> <span class='ocrx_word' id='word_1_705' title='bbox 2558 2698 2903 2791; x_wconf 68' lang='lat' dir='ltr'><strong>teternitatem</strong></span> <span class='ocrx_word' id='word_1_706' title='bbox 2940 2698 3100 2771; x_wconf 56' lang='lat' dir='ltr'><strong>Verbi</strong></span> <span class='ocrx_word' id='word_1_707' title='bbox 3143 2706 3236 2773; x_wconf 80' lang='lat' dir='ltr'><strong>Dei</strong></span> <span class='ocrx_word' id='word_1_708' title='bbox 3276 2702 3635 2795; x_wconf 78' lang='lat' dir='ltr'><strong>recurrentem</strong></span> 
     </span>
    </p>
   </div>
   <div class='ocr_carea' id='block_1_86' title="bbox 2054 2790 3638 2895">
    <p class='ocr_par' dir='ltr' id='par_1_86' title="bbox 2054 2790 3638 2895">
     <span class='ocr_line' id='line_1_87' title="bbox 2054 2790 3638 2895; baseline 0.008 -40"><span class='ocrx_word' id='word_1_709' title='bbox 2054 2794 2341 2887; x_wconf 63' lang='lat' dir='ltr'><strong>Scriptura}</strong></span> <span class='ocrx_word' id='word_1_710' title='bbox 2371 2792 2901 2895; x_wconf 34' lang='lat' dir='ltr'><strong>intentionem.‘Cum</strong></span> <span class='ocrx_word' id='word_1_711' title='bbox 2931 2822 3058 2863; x_wconf 88' lang='lat' dir='ltr'><strong>vero</strong></span> <span class='ocrx_word' id='word_1_712' title='bbox 3086 2794 3351 2891; x_wconf 72' lang='lat' dir='ltr'><strong>audimus,</strong></span> <span class='ocrx_word' id='word_1_713' title='bbox 3376 2808 3542 2895; x_wconf 32' lang='lat' dir='ltr'><strong>Et‘sic</strong></span> <span class='ocrx_word' id='word_1_714' title='bbox 3566 2802 3638 2895; x_wconf 67' lang='lat' dir='ltr'><strong>est</strong></span> 
     </span>
    </p>
   </div>
   <div class='ocr_carea' id='block_1_87' title="bbox 2053 2876 3634 2977">
    <p class='ocr_par' dir='ltr' id='par_1_87' title="bbox 2053 2876 3634 2977">
     <span class='ocr_line' id='line_1_88' title="bbox 2053 2876 3634 2977; baseline 0.012 -35"><span class='ocrx_word' id='word_1_715' title='bbox 2053 2876 2242 2960; x_wconf 62' lang='lat' dir='ltr'><strong>factum“</strong></span> <span class='ocrx_word' id='word_1_716' title='bbox 2266 2896 2285 2957; x_wconf 65' lang='grc' dir='ltr'><em>ξ</em></span> <span class='ocrx_word' id='word_1_717' title='bbox 2312 2876 2666 2965; x_wconf 81' lang='lat' dir='ltr'><strong>intelligamus</strong></span> <span class='ocrx_word' id='word_1_718' title='bbox 2710 2882 2762 2951; x_wconf 75' lang='lat' dir='ltr'><strong>iri</strong></span> <span class='ocrx_word' id='word_1_719' title='bbox 2789 2888 3031 2955; x_wconf 88' lang='lat' dir='ltr'><strong>creatura</strong></span> <span class='ocrx_word' id='word_1_720' title='bbox 3058 2882 3397 2977; x_wconf 77' lang='lat' dir='ltr'><strong>intellectuali</strong></span> <span class='ocrx_word' id='word_1_721' title='bbox 3444 2880 3634 2961; x_wconf 76' lang='lat' dir='ltr'><strong>laetam</strong></span> 
     </span>
    </p>
   </div>
   <div class='ocr_carea' id='block_1_88' title="bbox 2052 2972 3635 3075">
    <p class='ocr_par' dir='ltr' id='par_1_88' title="bbox 2052 2972 3635 3075">
     <span class='ocr_line' id='line_1_89' title="bbox 2052 2972 3635 3075; baseline 0.013 -39"><span class='ocrx_word' id='word_1_722' title='bbox 2052 2972 2404 3054; x_wconf 75' lang='lat' dir='ltr'><strong>cognitionem</strong></span> <span class='ocrx_word' id='word_1_723' title='bbox 2423 2972 2664 3057; x_wconf 84' lang='lat' dir='ltr'><strong>rationis,</strong></span> <span class='ocrx_word' id='word_1_724' title='bbox 2684 2992 2800 3061; x_wconf 63' lang='lat' dir='ltr'><strong>qua:</strong></span> <span class='ocrx_word' id='word_1_725' title='bbox 2818 2978 2869 3045; x_wconf 89' lang='lat' dir='ltr'><strong>in</strong></span> <span class='ocrx_word' id='word_1_726' title='bbox 2886 2978 3062 3071; x_wconf 74' lang='lat' dir='ltr'><strong>Verbo</strong></span> <span class='ocrx_word' id='word_1_727' title='bbox 3079 2972 3171 3050; x_wconf 87' lang='lat' dir='ltr'><strong>Dei</strong></span> <span class='ocrx_word' id='word_1_728' title='bbox 3190 2988 3289 3063; x_wconf 89' lang='lat' dir='ltr'><strong>est,</strong></span> <span class='ocrx_word' id='word_1_729' title='bbox 3310 2982 3601 3075; x_wconf 74' lang='lat' dir='ltr'><strong>condenda:</strong></span> <span class='ocrx_word' id='word_1_730' title='bbox 3614 3002 3635 3032; x_wconf 83' lang='lat'>&#39;</span> 
     </span>
    </p>
   </div>
   <div class='ocr_carea' id='block_1_89' title="bbox 2052 3070 3637 3171">
    <p class='ocr_par' dir='ltr' id='par_1_89' title="bbox 2052 3070 3637 3171">
     <span class='ocr_line' id='line_1_90' title="bbox 2052 3070 3637 3171; baseline 0.011 -39"><span class='ocrx_word' id='word_1_731' title='bbox 2052 3076 2309 3133; x_wconf 63' lang='lat' dir='ltr'><strong>creaturae</strong></span> <span class='ocrx_word' id='word_1_732' title='bbox 2330 3122 2344 3147; x_wconf 92' lang='lat'><strong>,</strong></span> <span class='ocrx_word' id='word_1_733' title='bbox 2377 3070 2435 3171; x_wconf 62' lang='lat' dir='ltr'><strong>ut</strong></span> <span class='ocrx_word' id='word_1_734' title='bbox 2462 3080 2513 3171; x_wconf 80' lang='lat' dir='ltr'><strong>in</strong></span> <span class='ocrx_word' id='word_1_735' title='bbox 2560 3074 2623 3138; x_wconf 88' lang='lat' dir='ltr'><strong>ea</strong></span> <span class='ocrx_word' id='word_1_736' title='bbox 2668 3088 2852 3171; x_wconf 81' lang='lat' dir='ltr'><strong>natura</strong></span> <span class='ocrx_word' id='word_1_737' title='bbox 2880 3072 3027 3156; x_wconf 83' lang='lat' dir='ltr'><strong>prius</strong></span> <span class='ocrx_word' id='word_1_738' title='bbox 3055 3088 3283 3171; x_wconf 87' lang='lat' dir='ltr'><strong>quodam</strong></span> <span class='ocrx_word' id='word_1_739' title='bbox 3313 3090 3477 3171; x_wconf 49' lang='lat' dir='ltr'><strong>modo,</strong></span> <span class='ocrx_word' id='word_1_740' title='bbox 3501 3074 3637 3149; x_wconf 80' lang='lat' dir='ltr'><strong>facta</strong></span> 
     </span>
    </p>
   </div>
   <div class='ocr_carea' id='block_1_90' title="bbox 2051 3155 3637 3259">
    <p class='ocr_par' dir='ltr' id='par_1_90' title="bbox 2051 3155 3637 3259">
     <span class='ocr_line' id='line_1_91' title="bbox 2051 3155 3637 3259; baseline 0.011 -36"><span class='ocrx_word' id='word_1_741' title='bbox 2051 3160 2139 3235; x_wconf 83' lang='lat' dir='ltr'><strong>sit,</strong></span> <span class='ocrx_word' id='word_1_742' title='bbox 2176 3166 2294 3240; x_wconf 73' lang='lat' dir='ltr'><strong>quae</strong></span> <span class='ocrx_word' id='word_1_743' title='bbox 2335 3155 2599 3257; x_wconf 72' lang='lat' dir='ltr'><strong>anteriore</strong></span> <span class='ocrx_word' id='word_1_744' title='bbox 2630 3160 2854 3255; x_wconf 76' lang='lat' dir='ltr'><strong>quodam</strong></span> <span class='ocrx_word' id='word_1_745' title='bbox 2899 3185 3047 3233; x_wconf 88' lang='lat' dir='ltr'><strong>motu</strong></span> <span class='ocrx_word' id='word_1_746' title='bbox 3094 3166 3289 3259; x_wconf 77' lang='lat' dir='ltr'><strong>inipso</strong></span> <span class='ocrx_word' id='word_1_747' title='bbox 3326 3164 3420 3239; x_wconf 82' lang='lat' dir='ltr'><strong>Dei</strong></span> <span class='ocrx_word' id='word_1_748' title='bbox 3461 3168 3637 3242; x_wconf 75' lang='lat' dir='ltr'><strong>verbo</strong></span> 
     </span>
    </p>
   </div>
   <div class='ocr_carea' id='block_1_91' title="bbox 2050 3250 3637 3351">
    <p class='ocr_par' dir='ltr' id='par_1_91' title="bbox 2050 3250 3637 3351">
     <span class='ocr_line' id='line_1_92' title="bbox 2050 3250 3637 3351; baseline 0.01 -35"><span class='ocrx_word' id='word_1_749' title='bbox 2050 3252 2199 3333; x_wconf 77' lang='lat' dir='ltr'><strong>prior</strong></span> <span class='ocrx_word' id='word_1_750' title='bbox 2224 3250 2517 3320; x_wconf 83' lang='lat' dir='ltr'><strong>faciendam</strong></span> <span class='ocrx_word' id='word_1_751' title='bbox 2546 3250 2663 3321; x_wconf 84' lang='lat' dir='ltr'><strong>esse</strong></span> <span class='ocrx_word' id='word_1_752' title='bbox 2688 3262 2935 3339; x_wconf 74' lang='lat' dir='ltr'><strong>Cognovit</strong></span> <span class='ocrx_word' id='word_1_753' title='bbox 2960 3289 2972 3323; x_wconf 85' lang='lat'><strong>:</strong></span> <span class='ocrx_word' id='word_1_754' title='bbox 2997 3262 3053 3325; x_wconf 82' lang='lat' dir='ltr'><strong>ut</strong></span> <span class='ocrx_word' id='word_1_755' title='bbox 3078 3250 3367 3351; x_wconf 69' lang='lat' dir='ltr'><strong>postremo,</strong></span> <span class='ocrx_word' id='word_1_756' title='bbox 3400 3258 3519 3330; x_wconf 71' lang='lat' dir='ltr'><strong>eum</strong></span> <span class='ocrx_word' id='word_1_757' title='bbox 3544 3266 3637 3332; x_wconf 84' lang='lat' dir='ltr'><strong>au-</strong></span> 
     </span>
    </p>
   </div>
   <div class='ocr_carea' id='block_1_92' title="bbox 2050 3344 3636 3442">
    <p class='ocr_par' dir='ltr' id='par_1_92' title="bbox 2050 3344 3636 3442">
     <span class='ocr_line' id='line_1_93' title="bbox 2050 3344 3636 3442; baseline 0.01 -32"><span class='ocrx_word' id='word_1_758' title='bbox 2050 3346 2228 3414; x_wconf 82' lang='lat' dir='ltr'><strong>dimus</strong></span> <span class='ocrx_word' id='word_1_759' title='bbox 2250 3352 2419 3428; x_wconf 79' lang='lat' dir='ltr'><strong>repeti</strong></span> <span class='ocrx_word' id='word_1_760' title='bbox 2448 3344 2509 3412; x_wconf 81' lang='lat' dir='ltr'><strong>ac</strong></span> <span class='ocrx_word' id='word_1_761' title='bbox 2538 3359 2638 3415; x_wconf 88' lang='lat' dir='ltr'><strong>dici</strong></span> <span class='ocrx_word' id='word_1_762' title='bbox 2670 3346 2811 3432; x_wconf 88' lang='lat' dir='ltr'><strong>quod</strong></span> <span class='ocrx_word' id='word_1_763' title='bbox 2856 3361 3001 3442; x_wconf 77' lang='lat' dir='ltr'><strong>Fecit</strong></span> <span class='ocrx_word' id='word_1_764' title='bbox 3033 3362 3171 3442; x_wconf 76' lang='lat' dir='ltr'><strong>Deus</strong></span> <span class='ocrx_word' id='word_1_765' title='bbox 3194 3409 3208 3433; x_wconf 90' lang='lat'><strong>,</strong></span> <span class='ocrx_word' id='word_1_766' title='bbox 3233 3348 3342 3442; x_wconf 83' lang='lat' dir='ltr'><strong>jam</strong></span> <span class='ocrx_word' id='word_1_767' title='bbox 3372 3352 3636 3442; x_wconf 78' lang='lat' dir='ltr'><strong>intelliga-</strong></span> 
     </span>
    </p>
   </div>
   <div class='ocr_carea' id='block_1_93' title="bbox 2049 3438 3633 3539">
    <p class='ocr_par' dir='ltr' id='par_1_93' title="bbox 2049 3438 3633 3539">
     <span class='ocr_line' id='line_1_94' title="bbox 2049 3438 3633 3539; baseline 0.009 -38"><span class='ocrx_word' id='word_1_768' title='bbox 2049 3444 2168 3503; x_wconf 77' lang='lat' dir='ltr'><strong>‘mus</strong></span> <span class='ocrx_word' id='word_1_769' title='bbox 2199 3450 2250 3503; x_wconf 92' lang='lat' dir='ltr'><strong>in</strong></span> <span class='ocrx_word' id='word_1_770' title='bbox 2282 3466 2378 3503; x_wconf 89' lang='lat' dir='ltr'><strong>suo</strong></span> <span class='ocrx_word' id='word_1_771' title='bbox 2407 3448 2601 3539; x_wconf 68' lang='lat' dir='ltr'><strong>genere</strong></span> <span class='ocrx_word' id='word_1_772' title='bbox 2627 3452 2739 3507; x_wconf 80' lang='lat' dir='ltr'><strong>fieri</strong></span> <span class='ocrx_word' id='word_1_773' title='bbox 2766 3438 2931 3522; x_wconf 85' lang='lat' dir='ltr'><strong>ipsam</strong></span> <span class='ocrx_word' id='word_1_774' title='bbox 2958 3440 3479 3539; x_wconf 56' lang='lat' dir='ltr'><strong>creaturam.l’orro</strong></span> <span class='ocrx_word' id='word_1_775' title='bbox 3514 3442 3633 3516; x_wconf 72' lang='lat' dir='ltr'><strong>enin</strong></span> 
     </span>
    </p>
   </div>
   <div class='ocr_carea' id='block_1_94' title="bbox 2049 3526 3636 3627">
    <p class='ocr_par' dir='ltr' id='par_1_94' title="bbox 2049 3526 3636 3627">
     <span class='ocr_line' id='line_1_95' title="bbox 2049 3526 3636 3627; baseline 0.01 -33"><span class='ocrx_word' id='word_1_776' title='bbox 2049 3529 2291 3595; x_wconf 74' lang='lat' dir='ltr'><strong>abdimus</strong></span> <span class='ocrx_word' id='word_1_777' title='bbox 2311 3585 2325 3609; x_wconf 91' lang='lat'><strong>,</strong></span> <span class='ocrx_word' id='word_1_778' title='bbox 2352 3528 2420 3595; x_wconf 70' lang='lat' dir='ltr'><strong>Et</strong></span> <span class='ocrx_word' id='word_1_779' title='bbox 2456 3526 2577 3597; x_wconf 73' lang='lat' dir='ltr'><strong>vidil</strong></span> <span class='ocrx_word' id='word_1_780' title='bbox 2603 3544 2739 3627; x_wconf 73' lang='lat' dir='ltr'><strong>Deus</strong></span> <span class='ocrx_word' id='word_1_781' title='bbox 2764 3546 2881 3617; x_wconf 84' lang='lat' dir='ltr'><strong>quia</strong></span> <span class='ocrx_word' id='word_1_782' title='bbox 2915 3542 3098 3627; x_wconf 70' lang='lat' dir='ltr'><strong>bonum</strong></span> <span class='ocrx_word' id='word_1_783' title='bbox 3137 3558 3207 3604; x_wconf 85' lang='lat' dir='ltr'><strong>est</strong></span> <span class='ocrx_word' id='word_1_784' title='bbox 3231 3592 3245 3618; x_wconf 91' lang='lat'><strong>,</strong></span> <span class='ocrx_word' id='word_1_785' title='bbox 3276 3532 3636 3627; x_wconf 69' lang='lat' dir='ltr'><strong>intelligamus</strong></span> 
     </span>
    </p>
   </div>
   <div class='ocr_carea' id='block_1_95' title="bbox 2048 3620 3634 3733">
    <p class='ocr_par' dir='ltr' id='par_1_95' title="bbox 2048 3620 3634 3733">
     <span class='ocr_line' id='line_1_96' title="bbox 2048 3620 3634 3733; baseline 0.009 -43"><span class='ocrx_word' id='word_1_786' title='bbox 2048 3630 2357 3706; x_wconf 82' lang='lat' dir='ltr'><strong>benignitati</strong></span> <span class='ocrx_word' id='word_1_787' title='bbox 2376 3638 2466 3691; x_wconf 86' lang='lat' dir='ltr'><strong>Dei</strong></span> <span class='ocrx_word' id='word_1_788' title='bbox 2495 3620 2756 3708; x_wconf 68' lang='lat' dir='ltr'><strong>plaCbiSse</strong></span> <span class='ocrx_word' id='word_1_789' title='bbox 2780 3624 2921 3733; x_wconf 70' lang='lat' dir='ltr'><strong>quod</strong></span> <span class='ocrx_word' id='word_1_790' title='bbox 2943 3642 3137 3719; x_wconf 81' lang='lat' dir='ltr'><strong>factum</strong></span> <span class='ocrx_word' id='word_1_791' title='bbox 3162 3636 3263 3727; x_wconf 85' lang='lat' dir='ltr'><strong>est,</strong></span> <span class='ocrx_word' id='word_1_792' title='bbox 3282 3626 3338 3701; x_wconf 73' lang='lat' dir='ltr'><strong>iii</strong></span> <span class='ocrx_word' id='word_1_793' title='bbox 3359 3620 3634 3733; x_wconf 46' lang='lat' dir='ltr'><strong>piq&#39;iiiqiio</strong></span> 
     </span>
    </p>
   </div>
   <div class='ocr_carea' id='block_1_96' title="bbox 2048 3722 3631 3827">
    <p class='ocr_par' dir='ltr' id='par_1_96' title="bbox 2048 3722 3631 3827">
     <span class='ocr_line' id='line_1_97' title="bbox 2048 3722 3631 3827; baseline 0.009 -45"><span class='ocrx_word' id='word_1_794' title='bbox 2048 3726 2131 3782; x_wconf 81' lang='lat' dir='ltr'><strong>Sui</strong></span> <span class='ocrx_word' id='word_1_795' title='bbox 2160 3729 2367 3799; x_wconf 83' lang='lat' dir='ltr'><strong>generis</strong></span> <span class='ocrx_word' id='word_1_796' title='bbox 2392 3730 2631 3785; x_wconf 86' lang='lat' dir='ltr'><strong>maneret</strong></span> <span class='ocrx_word' id='word_1_797' title='bbox 2659 3722 2799 3815; x_wconf 61' lang='lat' dir='ltr'><strong>quod</strong></span> <span class='ocrx_word' id='word_1_798' title='bbox 2826 3722 3025 3817; x_wconf 22' lang='lat' dir='ltr'><strong>[placuit</strong></span> <span class='ocrx_word' id='word_1_799' title='bbox 3064 3745 3121 3827; x_wconf 78' lang='lat' dir='ltr'><strong>ut</strong></span> <span class='ocrx_word' id='word_1_800' title='bbox 3150 3724 3329 3807; x_wconf 77' lang='lat' dir='ltr'><strong>ﬁeret,</strong></span> <span class='ocrx_word' id='word_1_801' title='bbox 3356 3722 3476 3795; x_wconf 75' lang='lat' dir='ltr'><strong>cum</strong></span> 
     </span>
    </p>
   </div>
   <div class='ocr_carea' id='block_1_97' title="bbox 2046 3818 3257 3898">
    <p class='ocr_par' dir='ltr' id='par_1_97' title="bbox 2046 3818 3257 3898">
     <span class='ocr_line' id='line_1_98' title="bbox 2046 3818 3257 3898; baseline 0.008 -25"><span class='ocrx_word' id='word_1_802' title='bbox 2046 3818 2171 3873; x_wconf 79' lang='lat' dir='ltr'><strong>ritus</strong></span> <span class='ocrx_word' id='word_1_803' title='bbox 2194 3818 2293 3873; x_wconf 84' lang='lat' dir='ltr'><strong>Dei</strong></span> <span class='ocrx_word' id='word_1_804' title='bbox 2318 3822 2721 3898; x_wconf 72' lang='lat' dir='ltr'><strong>superferebatztr</strong></span> <span class='ocrx_word' id='word_1_805' title='bbox 2748 3842 2900 3897; x_wconf 83' lang='lat' dir='ltr'><strong>super</strong></span> <span class='ocrx_word' id='word_1_806' title='bbox 2923 3818 3126 3898; x_wconf 65' lang='lat' dir='ltr'><strong>aquaria.</strong></span> <span class='ocrx_word' id='word_1_807' title='bbox 3256 3894 3257 3897; x_wconf 21' lang='grc' dir='ltr'><strong>η</strong></span> 
     </span>
    </p>
   </div>
   <div class='ocr_carea' id='block_1_98' title="bbox 2382 3894 3455 3995">
    <p class='ocr_par' dir='ltr' id='par_1_98' title="bbox 2382 3894 3455 3995">
     <span class='ocr_line' id='line_1_99' title="bbox 2382 3894 3455 3995; baseline 0.01 -27"><span class='ocrx_word' id='word_1_808' title='bbox 2382 3896 2607 3995; x_wconf 59' lang='lat' dir='ltr'><strong>CAPUT</strong></span> <span class='ocrx_word' id='word_1_809' title='bbox 2767 3894 2839 3960; x_wconf 40' lang='lat'><em>4</em></span> <span class='ocrx_word' id='word_1_810' title='bbox 2867 3919 2946 3975; x_wconf 86' lang='lat' dir='ltr'><strong>De</strong></span> <span class='ocrx_word' id='word_1_811' title='bbox 2968 3894 3139 3992; x_wconf 51' lang='lat' dir='ltr'><strong>ﬁgura</strong></span> <span class='ocrx_word' id='word_1_812' title='bbox 3165 3894 3297 3978; x_wconf 71' lang='lat' dir='ltr'><strong>caeli.</strong></span> <span class='ocrx_word' id='word_1_813' title='bbox 3454 3988 3455 3991; x_wconf 23' lang='grc' dir='ltr'><strong>η</strong></span> 
     </span>
    </p>
   </div>
   <div class='ocr_carea' id='block_1_99' title="bbox 2115 3992 3631 4105">
    <p class='ocr_par' dir='ltr' id='par_1_99' title="bbox 2115 3992 3631 4105">
     <span class='ocr_line' id='line_1_100' title="bbox 2115 3992 3631 4105; baseline 0.009 -46"><span class='ocrx_word' id='word_1_814' title='bbox 2115 3992 2206 4061; x_wconf 57' lang='lat' dir='ltr'><strong>QD.</strong></span> <span class='ocrx_word' id='word_1_815' title='bbox 2242 3992 2419 4072; x_wconf 77' lang='lat' dir='ltr'><strong>Quaeri</strong></span> <span class='ocrx_word' id='word_1_816' title='bbox 2449 3992 2607 4063; x_wconf 73' lang='lat' dir='ltr'><strong>etiarn</strong></span> <span class='ocrx_word' id='word_1_817' title='bbox 2647 3992 2784 4065; x_wconf 80' lang='lat' dir='ltr'><strong>Solet</strong></span> <span class='ocrx_word' id='word_1_818' title='bbox 2820 3998 2939 4082; x_wconf 69' lang='lat' dir='ltr'><strong>quae</strong></span> <span class='ocrx_word' id='word_1_819' title='bbox 2981 3997 3151 4099; x_wconf 82' lang='lat' dir='ltr'><strong>forma</strong></span> <span class='ocrx_word' id='word_1_820' title='bbox 3200 4023 3252 4071; x_wconf 90' lang='lat' dir='ltr'><strong>et</strong></span> <span class='ocrx_word' id='word_1_821' title='bbox 3296 3998 3460 4105; x_wconf 60' lang='lat' dir='ltr'><strong>agilia</strong></span> <span class='ocrx_word' id='word_1_822' title='bbox 3509 4004 3631 4105; x_wconf 53' lang='lat' dir='ltr'><strong>coeli</strong></span> 
     </span>
    </p>
   </div>
   <div class='ocr_carea' id='block_1_100' title="bbox 2047 4092 3627 4191">
    <p class='ocr_par' dir='ltr' id='par_1_100' title="bbox 2047 4092 3627 4191">
     <span class='ocr_line' id='line_1_101' title="bbox 2047 4092 3627 4191; baseline 0.008 -36"><span class='ocrx_word' id='word_1_823' title='bbox 2047 4108 2165 4155; x_wconf 90' lang='lat' dir='ltr'><strong>esse</strong></span> <span class='ocrx_word' id='word_1_824' title='bbox 2198 4092 2459 4157; x_wconf 86' lang='lat' dir='ltr'><strong>credenda</strong></span> <span class='ocrx_word' id='word_1_825' title='bbox 2486 4103 2553 4157; x_wconf 91' lang='lat' dir='ltr'><strong>sit</strong></span> <span class='ocrx_word' id='word_1_826' title='bbox 2578 4096 2870 4191; x_wconf 76' lang='lat' dir='ltr'><strong>Secundum</strong></span> <span class='ocrx_word' id='word_1_827' title='bbox 2898 4092 3197 4177; x_wconf 77' lang='lat' dir='ltr'><strong>SCripturas</strong></span> <span class='ocrx_word' id='word_1_828' title='bbox 3223 4098 3453 4166; x_wconf 87' lang='lat' dir='ltr'><strong>nostras.</strong></span> <span class='ocrx_word' id='word_1_829' title='bbox 3481 4092 3627 4168; x_wconf 82' lang='lat' dir='ltr'><strong>Multi</strong></span> 
     </span>
    </p>
   </div>
   <div class='ocr_carea' id='block_1_101' title="bbox 2047 4180 3629 4287">
    <p class='ocr_par' dir='ltr' id='par_1_101' title="bbox 2047 4180 3629 4287">
     <span class='ocr_line' id='line_1_102' title="bbox 2047 4180 3629 4287; baseline 0.008 -37"><span class='ocrx_word' id='word_1_830' title='bbox 2047 4182 2186 4250; x_wconf 86' lang='lat' dir='ltr'><strong>enim</strong></span> <span class='ocrx_word' id='word_1_831' title='bbox 2236 4180 2461 4251; x_wconf 82' lang='lat' dir='ltr'><strong>multum</strong></span> <span class='ocrx_word' id='word_1_832' title='bbox 2512 4198 2778 4268; x_wconf 88' lang='lat' dir='ltr'><strong>disputant</strong></span> <span class='ocrx_word' id='word_1_833' title='bbox 2820 4180 2885 4255; x_wconf 87' lang='lat' dir='ltr'><strong>de</strong></span> <span class='ocrx_word' id='word_1_834' title='bbox 2924 4190 2987 4256; x_wconf 89' lang='lat' dir='ltr'><strong>iis</strong></span> <span class='ocrx_word' id='word_1_835' title='bbox 3023 4204 3212 4271; x_wconf 84' lang='lat' dir='ltr'><strong>rebus,</strong></span> <span class='ocrx_word' id='word_1_836' title='bbox 3261 4221 3390 4276; x_wconf 91' lang='lat' dir='ltr'><strong>quas</strong></span> <span class='ocrx_word' id='word_1_837' title='bbox 3428 4194 3629 4287; x_wconf 85' lang='lat' dir='ltr'><strong>majore</strong></span> 
     </span>
    </p>
   </div>
   <div class='ocr_carea' id='block_1_102' title="bbox 2046 4282 3627 4379">
    <p class='ocr_par' dir='ltr' id='par_1_102' title="bbox 2046 4282 3627 4379">
     <span class='ocr_line' id='line_1_103' title="bbox 2046 4282 3627 4379; baseline 0.008 -37"><span class='ocrx_word' id='word_1_838' title='bbox 2046 4288 2322 4359; x_wconf 90' lang='lat' dir='ltr'><strong>prudentia</strong></span> <span class='ocrx_word' id='word_1_839' title='bbox 2349 4290 2787 4379; x_wconf 30' lang='lat' dir='ltr'><strong>nostri&#39;auctores</strong></span> <span class='ocrx_word' id='word_1_840' title='bbox 2813 4282 3122 4363; x_wconf 88' lang='lat' dir='ltr'><strong>omiserunt,</strong></span> <span class='ocrx_word' id='word_1_841' title='bbox 3152 4297 3215 4352; x_wconf 89' lang='lat' dir='ltr'><strong>ad</strong></span> <span class='ocrx_word' id='word_1_842' title='bbox 3238 4288 3444 4379; x_wconf 79' lang='lat' dir='ltr'><strong>beatam</strong></span> <span class='ocrx_word' id='word_1_843' title='bbox 3469 4286 3627 4379; x_wconf 70' lang='lat' dir='ltr'><strong>vitam</strong></span> 
     </span>
    </p>
   </div>
   <div class='ocr_carea' id='block_1_103' title="bbox 2045 4366 3626 4469">
    <p class='ocr_par' dir='ltr' id='par_1_103' title="bbox 2045 4366 3626 4469">
     <span class='ocr_line' id='line_1_104' title="bbox 2045 4366 3626 4469; baseline 0.006 -36"><span class='ocrx_word' id='word_1_844' title='bbox 2045 4397 2149 4434; x_wconf 91' lang='lat' dir='ltr'><strong>non</strong></span> <span class='ocrx_word' id='word_1_845' title='bbox 2190 4381 2495 4453; x_wconf 81' lang='lat' dir='ltr'><strong>profuturas</strong></span> <span class='ocrx_word' id='word_1_846' title='bbox 2521 4366 2878 4469; x_wconf 76' lang='lat' dir='ltr'><strong>discentibus;</strong></span> <span class='ocrx_word' id='word_1_847' title='bbox 2912 4376 2963 4441; x_wconf 86' lang='lat' dir='ltr'><strong>et</strong></span> <span class='ocrx_word' id='word_1_848' title='bbox 2992 4376 3331 4463; x_wconf 57' lang='lat' dir='ltr'><strong>occultantes,</strong></span> <span class='ocrx_word' id='word_1_849' title='bbox 3365 4374 3501 4469; x_wconf 79' lang='lat' dir='ltr'><strong>quod</strong></span> <span class='ocrx_word' id='word_1_850' title='bbox 3531 4406 3626 4469; x_wconf 84' lang='lat' dir='ltr'><strong>pe-</strong></span> 
     </span>
    </p>
   </div>
   <div class='ocr_carea' id='block_1_104' title="bbox 2039 4454 3626 4549">
    <p class='ocr_par' dir='ltr' id='par_1_104' title="bbox 2039 4454 3626 4549">
     <span class='ocr_line' id='line_1_105' title="bbox 2039 4454 3626 4549; baseline 0.008 -26"><span class='ocrx_word' id='word_1_851' title='bbox 2039 4470 2127 4540; x_wconf 89' lang='lat' dir='ltr'><strong>jus</strong></span> <span class='ocrx_word' id='word_1_852' title='bbox 2155 4480 2256 4543; x_wconf 81' lang='lat' dir='ltr'><strong>est,</strong></span> <span class='ocrx_word' id='word_1_853' title='bbox 2287 4470 2507 4527; x_wconf 75' lang='lat' dir='ltr'><strong>mnuum</strong></span> <span class='ocrx_word' id='word_1_854' title='bbox 2538 4454 2792 4544; x_wconf 75' lang='lat' dir='ltr'><strong>pretiosa,</strong></span> <span class='ocrx_word' id='word_1_855' title='bbox 2825 4484 2877 4530; x_wconf 91' lang='lat' dir='ltr'><strong>et</strong></span> <span class='ocrx_word' id='word_1_856' title='bbox 2902 4462 3057 4532; x_wconf 89' lang='lat' dir='ltr'><strong>rebus</strong></span> <span class='ocrx_word' id='word_1_857' title='bbox 3088 4454 3383 4533; x_wconf 83' lang='lat' dir='ltr'><strong>salubribus</strong></span> <span class='ocrx_word' id='word_1_858' title='bbox 3416 4464 3626 4549; x_wconf 82' lang='lat' dir='ltr'><strong>impen-</strong></span> 
     </span>
    </p>
   </div>
   <div class='ocr_carea' id='block_1_105' title="bbox 2042 4550 3622 4657">
    <p class='ocr_par' dir='ltr' id='par_1_105' title="bbox 2042 4550 3622 4657">
     <span class='ocr_line' id='line_1_106' title="bbox 2042 4550 3622 4657; baseline 0.008 -42"><span class='ocrx_word' id='word_1_859' title='bbox 2042 4560 2214 4616; x_wconf 89' lang='lat' dir='ltr'><strong>dcnda</strong></span> <span class='ocrx_word' id='word_1_860' title='bbox 2256 4550 2550 4643; x_wconf 80' lang='lat' dir='ltr'><strong>temporum</strong></span> <span class='ocrx_word' id='word_1_861' title='bbox 2580 4568 2768 4645; x_wconf 87' lang='lat' dir='ltr'><strong>spatia.</strong></span> <span class='ocrx_word' id='word_1_862' title='bbox 2801 4552 3099 4655; x_wconf 67' lang='lat' dir='ltr'><strong>Quidenim</strong></span> <span class='ocrx_word' id='word_1_863' title='bbox 3136 4569 3200 4653; x_wconf 82' lang='lat' dir='ltr'><strong>ad</strong></span> <span class='ocrx_word' id='word_1_864' title='bbox 3235 4587 3321 4625; x_wconf 89' lang='lat' dir='ltr'><strong>me</strong></span> <span class='ocrx_word' id='word_1_865' title='bbox 3360 4572 3622 4657; x_wconf 79' lang='lat' dir='ltr'><strong>pertinet,</strong></span> 
     </span>
    </p>
   </div>
   <div class='ocr_carea' id='block_1_106' title="bbox 2042 4654 3624 4741">
    <p class='ocr_par' dir='ltr' id='par_1_106' title="bbox 2042 4654 3624 4741">
     <span class='ocr_line' id='line_1_107' title="bbox 2042 4654 3624 4741; baseline 0.009 -36"><span class='ocrx_word' id='word_1_866' title='bbox 2042 4662 2216 4707; x_wconf 90' lang='lat' dir='ltr'><strong>utrum</strong></span> <span class='ocrx_word' id='word_1_867' title='bbox 2240 4655 2435 4710; x_wconf 76' lang='lat' dir='ltr'><strong>ctelum</strong></span> <span class='ocrx_word' id='word_1_868' title='bbox 2467 4654 2603 4741; x_wconf 75' lang='lat' dir='ltr'><strong>sicut</strong></span> <span class='ocrx_word' id='word_1_869' title='bbox 2631 4657 2839 4727; x_wconf 66' lang='lat' dir='ltr'><strong>Sphmra</strong></span> <span class='ocrx_word' id='word_1_870' title='bbox 2868 4654 3099 4730; x_wconf 88' lang='lat' dir='ltr'><strong>undique</strong></span> <span class='ocrx_word' id='word_1_871' title='bbox 3121 4662 3399 4716; x_wconf 83' lang='lat' dir='ltr'><strong>concludat</strong></span> <span class='ocrx_word' id='word_1_872' title='bbox 3429 4654 3624 4741; x_wconf 70' lang='lat' dir='ltr'><strong>terram</strong></span> 
     </span>
    </p>
   </div>
   <div class='ocr_carea' id='block_1_107' title="bbox 2042 4728 3625 4835">
    <p class='ocr_par' dir='ltr' id='par_1_107' title="bbox 2042 4728 3625 4835">
     <span class='ocr_line' id='line_1_108' title="bbox 2042 4728 3625 4835; baseline 0.008 -36"><span class='ocrx_word' id='word_1_873' title='bbox 2042 4744 2095 4799; x_wconf 89' lang='lat' dir='ltr'><strong>in</strong></span> <span class='ocrx_word' id='word_1_874' title='bbox 2125 4745 2299 4799; x_wconf 86' lang='lat' dir='ltr'><strong>media</strong></span> <span class='ocrx_word' id='word_1_875' title='bbox 2334 4728 2515 4802; x_wconf 81' lang='lat' dir='ltr'><strong>mundi</strong></span> <span class='ocrx_word' id='word_1_876' title='bbox 2554 4736 2692 4804; x_wconf 87' lang='lat' dir='ltr'><strong>mole</strong></span> <span class='ocrx_word' id='word_1_877' title='bbox 2720 4740 2984 4821; x_wconf 87' lang='lat' dir='ltr'><strong>libratam,</strong></span> <span class='ocrx_word' id='word_1_878' title='bbox 3017 4767 3083 4807; x_wconf 92' lang='lat' dir='ltr'><strong>au</strong></span> <span class='ocrx_word' id='word_1_879' title='bbox 3116 4769 3230 4807; x_wconf 87' lang='lat' dir='ltr'><strong>eam</strong></span> <span class='ocrx_word' id='word_1_880' title='bbox 3258 4771 3321 4809; x_wconf 81' lang='lat' dir='ltr'><strong>ex</strong></span> <span class='ocrx_word' id='word_1_881' title='bbox 3350 4742 3451 4809; x_wconf 76' lang='lat' dir='ltr'><strong>una</strong></span> <span class='ocrx_word' id='word_1_882' title='bbox 3474 4738 3625 4827; x_wconf 73' lang='lat' dir='ltr'><strong>pario</strong></span> 
     </span>
    </p>
   </div>
   <div class='ocr_carea' id='block_1_108' title="bbox 2041 4826 3623 4918">
    <p class='ocr_par' dir='ltr' id='par_1_108' title="bbox 2041 4826 3623 4918">
     <span class='ocr_line' id='line_1_109' title="bbox 2041 4826 3623 4918; baseline 0.009 -29"><span class='ocrx_word' id='word_1_883' title='bbox 2041 4834 2271 4906; x_wconf 86' lang='lat' dir='ltr'><strong>desuper</strong></span> <span class='ocrx_word' id='word_1_884' title='bbox 2294 4839 2439 4893; x_wconf 87' lang='lat' dir='ltr'><strong>velut</strong></span> <span class='ocrx_word' id='word_1_885' title='bbox 2464 4826 2640 4895; x_wconf 85' lang='lat' dir='ltr'><strong>discus</strong></span> <span class='ocrx_word' id='word_1_886' title='bbox 2671 4828 2913 4911; x_wconf 82' lang='lat' dir='ltr'><strong>eperiat?</strong></span> <span class='ocrx_word' id='word_1_887' title='bbox 2943 4832 3046 4899; x_wconf 71' lang='lat' dir='ltr'><strong>sed</strong></span> <span class='ocrx_word' id='word_1_888' title='bbox 3075 4846 3195 4915; x_wconf 83' lang='lat' dir='ltr'><strong>quia</strong></span> <span class='ocrx_word' id='word_1_889' title='bbox 3222 4846 3287 4900; x_wconf 88' lang='lat' dir='ltr'><strong>de</strong></span> <span class='ocrx_word' id='word_1_890' title='bbox 3320 4840 3419 4903; x_wconf 75' lang='lat' dir='ltr'><strong>nae</strong></span> <span class='ocrx_word' id='word_1_891' title='bbox 3454 4826 3623 4918; x_wconf 47' lang='lat' dir='ltr'><strong>agetur</strong></span> 
     </span>
    </p>
   </div>
   <div class='ocr_carea' id='block_1_109' title="bbox 2041 4922 3617 5009">
    <p class='ocr_par' dir='ltr' id='par_1_109' title="bbox 2041 4922 3617 5009">
     <span class='ocr_line' id='line_1_110' title="bbox 2041 4922 3617 5009; baseline 0.006 -26"><span class='ocrx_word' id='word_1_892' title='bbox 2041 4927 2451 4999; x_wconf 86' lang='lat' dir='ltr'><strong>Scripturarum,</strong></span> <span class='ocrx_word' id='word_1_893' title='bbox 2473 4942 2688 5002; x_wconf 87' lang='lat' dir='ltr'><strong>propter</strong></span> <span class='ocrx_word' id='word_1_894' title='bbox 2713 4934 2852 4988; x_wconf 87' lang='lat' dir='ltr'><strong>illam</strong></span> <span class='ocrx_word' id='word_1_895' title='bbox 2883 4928 3117 5001; x_wconf 85' lang='lat' dir='ltr'><strong>causam,</strong></span> <span class='ocrx_word' id='word_1_896' title='bbox 3146 4922 3301 5009; x_wconf 86' lang='lat' dir='ltr'><strong>quam</strong></span> <span class='ocrx_word' id='word_1_897' title='bbox 3326 4924 3429 4993; x_wconf 82' lang='lat' dir='ltr'><strong>non</strong></span> <span class='ocrx_word' id='word_1_898' title='bbox 3452 4924 3617 4995; x_wconf 76' lang='lat' dir='ltr'><strong>semel</strong></span> 
     </span>
    </p>
   </div>
   <div class='ocr_carea' id='block_1_110' title="bbox 2039 5016 3619 5115">
    <p class='ocr_par' dir='ltr' id='par_1_110' title="bbox 2039 5016 3619 5115">
     <span class='ocr_line' id='line_1_111' title="bbox 2039 5016 3619 5115; baseline 0.008 -40"><span class='ocrx_word' id='word_1_899' title='bbox 2039 5024 2473 5093; x_wconf 89' lang='lat' dir='ltr'><strong>commemoravi,</strong></span> <span class='ocrx_word' id='word_1_900' title='bbox 2505 5042 2572 5079; x_wconf 91' lang='lat' dir='ltr'><strong>ne</strong></span> <span class='ocrx_word' id='word_1_901' title='bbox 2597 5018 2871 5101; x_wconf 81' lang='lat' dir='ltr'><strong>quisquam</strong></span> <span class='ocrx_word' id='word_1_902' title='bbox 2895 5018 3099 5103; x_wconf 77' lang='lat' dir='ltr'><strong>eloquia</strong></span> <span class='ocrx_word' id='word_1_903' title='bbox 3127 5016 3302 5086; x_wconf 78' lang='lat' dir='ltr'><strong>divina</strong></span> <span class='ocrx_word' id='word_1_904' title='bbox 3327 5048 3433 5086; x_wconf 89' lang='lat' dir='ltr'><strong>non</strong></span> <span class='ocrx_word' id='word_1_905' title='bbox 3460 5033 3619 5115; x_wconf 40' lang='lat' dir='ltr'><strong>intelf</strong></span> 
     </span>
    </p>
   </div>
   <div class='ocr_carea' id='block_1_111' title="bbox 2040 5108 3618 5207">
    <p class='ocr_par' dir='ltr' id='par_1_111' title="bbox 2040 5108 3618 5207">
     <span class='ocr_line' id='line_1_112' title="bbox 2040 5108 3618 5207; baseline 0.008 -43"><span class='ocrx_word' id='word_1_906' title='bbox 2040 5109 2229 5182; x_wconf 79' lang='lat' dir='ltr'><strong>ligens,</strong></span> <span class='ocrx_word' id='word_1_907' title='bbox 2259 5120 2377 5169; x_wconf 82' lang='lat' dir='ltr'><strong>enm</strong></span> <span class='ocrx_word' id='word_1_908' title='bbox 2409 5114 2476 5170; x_wconf 91' lang='lat' dir='ltr'><strong>de</strong></span> <span class='ocrx_word' id='word_1_909' title='bbox 2500 5108 2584 5195; x_wconf 84' lang='lat' dir='ltr'><strong>bis</strong></span> <span class='ocrx_word' id='word_1_910' title='bbox 2612 5108 2771 5172; x_wconf 83' lang='lat' dir='ltr'><strong>rebus</strong></span> <span class='ocrx_word' id='word_1_911' title='bbox 2801 5110 2900 5174; x_wconf 83' lang='lat' dir='ltr'><strong>tale</strong></span> <span class='ocrx_word' id='word_1_912' title='bbox 2938 5116 3133 5190; x_wconf 88' lang='lat' dir='ltr'><strong>aliquid</strong></span> <span class='ocrx_word' id='word_1_913' title='bbox 3166 5122 3251 5176; x_wconf 85' lang='lat' dir='ltr'><strong>vel</strong></span> <span class='ocrx_word' id='word_1_914' title='bbox 3280 5123 3543 5207; x_wconf 78' lang='lat' dir='ltr'><strong>invenerit</strong></span> <span class='ocrx_word' id='word_1_915' title='bbox 3566 5112 3618 5207; x_wconf 81' lang='lat' dir='ltr'><strong>in</strong></span> 
     </span>
    </p>
   </div>
   <div class='ocr_carea' id='block_1_112' title="bbox 2037 5200 3619 5299">
    <p class='ocr_par' dir='ltr' id='par_1_112' title="bbox 2037 5200 3619 5299">
     <span class='ocr_line' id='line_1_113' title="bbox 2037 5200 3619 5299; baseline 0.008 -41"><span class='ocrx_word' id='word_1_916' title='bbox 2037 5204 2212 5263; x_wconf 90' lang='lat' dir='ltr'><strong>Libris</strong></span> <span class='ocrx_word' id='word_1_917' title='bbox 2252 5208 2469 5276; x_wconf 86' lang='lat' dir='ltr'><strong>nostris,</strong></span> <span class='ocrx_word' id='word_1_918' title='bbox 2498 5209 2581 5263; x_wconf 84' lang='lat' dir='ltr'><strong>vel</strong></span> <span class='ocrx_word' id='word_1_919' title='bbox 2611 5226 2674 5264; x_wconf 85' lang='lat' dir='ltr'><strong>ex</strong></span> <span class='ocrx_word' id='word_1_920' title='bbox 2705 5210 2807 5267; x_wconf 89' lang='lat' dir='ltr'><strong>illis</strong></span> <span class='ocrx_word' id='word_1_921' title='bbox 2834 5211 3077 5278; x_wconf 87' lang='lat' dir='ltr'><strong>audierit,</strong></span> <span class='ocrx_word' id='word_1_922' title='bbox 3111 5214 3250 5293; x_wconf 84' lang='lat' dir='ltr'><strong>quod</strong></span> <span class='ocrx_word' id='word_1_923' title='bbox 3279 5200 3545 5299; x_wconf 79' lang='lat' dir='ltr'><strong>perceptis</strong></span> <span class='ocrx_word' id='word_1_924' title='bbox 3588 5200 3619 5270; x_wconf 71' lang='grc' dir='ltr'><strong>ἐι</strong></span> 
     </span>
    </p>
   </div>
   <div class='ocr_carea' id='block_1_113' title="bbox 2037 5286 3615 5389">
    <p class='ocr_par' dir='ltr' id='par_1_113' title="bbox 2037 5286 3615 5389">
     <span class='ocr_line' id='line_1_114' title="bbox 2037 5286 3615 5389; baseline 0.008 -37"><span class='ocrx_word' id='word_1_925' title='bbox 2037 5290 2094 5353; x_wconf 80' lang='lat' dir='ltr'><strong>Se</strong></span> <span class='ocrx_word' id='word_1_926' title='bbox 2122 5300 2415 5356; x_wconf 89' lang='lat' dir='ltr'><strong>rationibus</strong></span> <span class='ocrx_word' id='word_1_927' title='bbox 2440 5302 2461 5332; x_wconf 78' lang='grc'>⁸</span> <span class='ocrx_word' id='word_1_928' title='bbox 2487 5286 2755 5358; x_wconf 69' lang='lat' dir='ltr'><strong>adverSari</strong></span> <span class='ocrx_word' id='word_1_929' title='bbox 2782 5290 3038 5373; x_wconf 86' lang='lat' dir='ltr'><strong>videatur,</strong></span> <span class='ocrx_word' id='word_1_930' title='bbox 3064 5290 3207 5361; x_wconf 88' lang='lat' dir='ltr'><strong>nullo</strong></span> <span class='ocrx_word' id='word_1_931' title='bbox 3228 5307 3386 5363; x_wconf 88' lang='lat' dir='ltr'><strong>modo</strong></span> <span class='ocrx_word' id='word_1_932' title='bbox 3407 5309 3484 5389; x_wconf 86' lang='lat' dir='ltr'><strong>eis</strong></span> <span class='ocrx_word' id='word_1_933' title='bbox 3510 5324 3615 5389; x_wconf 56' lang='lat' dir='ltr'><strong>ee</strong></span> 
     </span>
    </p>
   </div>
   <div class='ocr_carea' id='block_1_114' title="bbox 2036 5382 3619 5477">
    <p class='ocr_par' dir='ltr' id='par_1_114' title="bbox 2036 5382 3619 5477">
     <span class='ocr_line' id='line_1_115' title="bbox 2036 5382 3619 5477; baseline 0.009 -34"><span class='ocrx_word' id='word_1_934' title='bbox 2036 5392 2148 5445; x_wconf 78' lang='lat' dir='ltr'><strong>tera</strong></span> <span class='ocrx_word' id='word_1_935' title='bbox 2181 5392 2325 5448; x_wconf 88' lang='lat' dir='ltr'><strong>utilia</strong></span> <span class='ocrx_word' id='word_1_936' title='bbox 2362 5382 2718 5463; x_wconf 87' lang='lat' dir='ltr'><strong>monentibus,</strong></span> <span class='ocrx_word' id='word_1_937' title='bbox 2750 5397 2832 5451; x_wconf 88' lang='lat' dir='ltr'><strong>vel</strong></span> <span class='ocrx_word' id='word_1_938' title='bbox 2863 5386 3217 5477; x_wconf 79' lang='lat' dir='ltr'><strong>narrantibus,</strong></span> <span class='ocrx_word' id='word_1_939' title='bbox 3248 5399 3332 5477; x_wconf 76' lang='lat' dir='ltr'><strong>vel</strong></span> <span class='ocrx_word' id='word_1_940' title='bbox 3378 5388 3619 5471; x_wconf 85' lang='lat' dir='ltr'><strong>pronun-</strong></span> 
     </span>
    </p>
   </div>
   <div class='ocr_carea' id='block_1_115' title="bbox 2035 5472 3613 5563">
    <p class='ocr_par' dir='ltr' id='par_1_115' title="bbox 2035 5472 3613 5563">
     <span class='ocr_line' id='line_1_116' title="bbox 2035 5472 3613 5563; baseline 0.009 -27"><span class='ocrx_word' id='word_1_941' title='bbox 2035 5472 2291 5540; x_wconf 79' lang='lat' dir='ltr'><strong>tlantibus</strong></span> <span class='ocrx_word' id='word_1_942' title='bbox 2319 5472 2533 5553; x_wconf 83' lang='lat' dir='ltr'><strong>credat;</strong></span> <span class='ocrx_word' id='word_1_943' title='bbox 2562 5489 2793 5544; x_wconf 87' lang='lat' dir='ltr'><strong>breviter</strong></span> <span class='ocrx_word' id='word_1_944' title='bbox 2815 5472 3095 5545; x_wconf 84' lang='lat' dir='ltr'><strong>dicendum</strong></span> <span class='ocrx_word' id='word_1_945' title='bbox 3116 5474 3285 5546; x_wconf 80' lang='lat' dir='ltr'><strong>estde</strong></span> <span class='ocrx_word' id='word_1_946' title='bbox 3306 5492 3471 5563; x_wconf 88' lang='lat' dir='ltr'><strong>ﬁgura</strong></span> <span class='ocrx_word' id='word_1_947' title='bbox 3491 5482 3613 5550; x_wconf 74' lang='lat' dir='ltr'><strong>caeli</strong></span> 
     </span>
    </p>
   </div>
   <div class='ocr_carea' id='block_1_116' title="bbox 2036 5568 3613 5655">
    <p class='ocr_par' dir='ltr' id='par_1_116' title="bbox 2036 5568 3613 5655">
     <span class='ocr_line' id='line_1_117' title="bbox 2036 5568 3613 5655; baseline 0.008 -24"><span class='ocrx_word' id='word_1_948' title='bbox 2036 5576 2138 5632; x_wconf 90' lang='lat' dir='ltr'><strong>hoc</strong></span> <span class='ocrx_word' id='word_1_949' title='bbox 2176 5580 2339 5634; x_wconf 91' lang='lat' dir='ltr'><strong>scisse</strong></span> <span class='ocrx_word' id='word_1_950' title='bbox 2381 5570 2625 5637; x_wconf 85' lang='lat' dir='ltr'><strong>auctores</strong></span> <span class='ocrx_word' id='word_1_951' title='bbox 2662 5568 2872 5638; x_wconf 82' lang='lat' dir='ltr'><strong>neslros</strong></span> <span class='ocrx_word' id='word_1_952' title='bbox 2907 5584 3047 5654; x_wconf 90' lang='lat' dir='ltr'><strong>quod</strong></span> <span class='ocrx_word' id='word_1_953' title='bbox 3074 5585 3270 5641; x_wconf 88' lang='lat' dir='ltr'><strong>veritas</strong></span> <span class='ocrx_word' id='word_1_954' title='bbox 3298 5585 3489 5655; x_wconf 85' lang='lat' dir='ltr'><strong>habet;</strong></span> <span class='ocrx_word' id='word_1_955' title='bbox 3521 5589 3613 5643; x_wconf 88' lang='lat' dir='ltr'><strong>sed</strong></span> 
     </span>
    </p>
   </div>
   <div class='ocr_carea' id='block_1_117' title="bbox 2036 5670 3615 5750">
    <p class='ocr_par' dir='ltr' id='par_1_117' title="bbox 2036 5670 3615 5750">
     <span class='ocr_line' id='line_1_118' title="bbox 2036 5670 3615 5750; baseline 0.008 -25"><span class='ocrx_word' id='word_1_956' title='bbox 2036 5670 2290 5740; x_wconf 87' lang='lat' dir='ltr'><strong>Spiritum</strong></span> <span class='ocrx_word' id='word_1_957' title='bbox 2330 5670 2445 5741; x_wconf 91' lang='lat' dir='ltr'><strong>Dei,</strong></span> <span class='ocrx_word' id='word_1_958' title='bbox 2480 5676 2563 5743; x_wconf 88' lang='lat' dir='ltr'><strong>qui</strong></span> <span class='ocrx_word' id='word_1_959' title='bbox 2596 5694 2689 5745; x_wconf 83' lang='lat' dir='ltr'><strong>per</strong></span> <span class='ocrx_word' id='word_1_960' title='bbox 2718 5678 2859 5747; x_wconf 88' lang='lat' dir='ltr'><strong>ipsos</strong></span> <span class='ocrx_word' id='word_1_961' title='bbox 2886 5677 3216 5750; x_wconf 70' lang='lat' dir='ltr'><strong>loquebatur,</strong></span> <span class='ocrx_word' id='word_1_962' title='bbox 3240 5683 3473 5739; x_wconf 88' lang='lat' dir='ltr'><strong>noluisse</strong></span> <span class='ocrx_word' id='word_1_963' title='bbox 3514 5684 3615 5738; x_wconf 88' lang='lat' dir='ltr'><strong>ista</strong></span> 
     </span>
    </p>
   </div>
   <div class='ocr_carea' id='block_1_118' title="bbox 2033 5696 3161 5849">
    <p class='ocr_par' dir='ltr' id='par_1_118' title="bbox 2033 5696 3161 5840">
     <span class='ocr_line' id='line_1_119' title="bbox 2036 5696 3161 5747; baseline 0.009 -22"><span class='ocrx_word' id='word_1_964' title='bbox 2036 5696 2290 5740; x_wconf 72' lang='lat' dir='ltr'><strong>Dpll&#39;llUlll</strong></span> <span class='ocrx_word' id='word_1_965' title='bbox 2330 5696 2445 5741; x_wconf 76' lang='lat' dir='ltr'><strong>UCI,</strong></span> <span class='ocrx_word' id='word_1_966' title='bbox 2480 5696 2563 5743; x_wconf 85' lang='lat' dir='ltr'><strong>qm</strong></span> <span class='ocrx_word' id='word_1_967' title='bbox 2596 5696 2689 5745; x_wconf 80' lang='lat' dir='ltr'><strong>per</strong></span> <span class='ocrx_word' id='word_1_968' title='bbox 2719 5696 2859 5747; x_wconf 86' lang='lat' dir='ltr'><strong>Ipsos</strong></span> <span class='ocrx_word' id='word_1_969' title='bbox 2886 5696 2936 5731; x_wconf 84' lang='lat'><strong>10</strong></span> <span class='ocrx_word' id='word_1_970' title='bbox 2978 5696 3161 5734; x_wconf 85' lang='lat' dir='ltr'><strong>uenatu</strong></span> 
     </span>
     <span class='ocr_line' id='line_1_120' title="bbox 2033 5696 3161 5840; baseline 0.009 -23"><span class='ocrx_word' id='word_1_971' title='bbox 2033 5760 2228 5819; x_wconf 87' lang='lat' dir='ltr'><strong>docere</strong></span> <span class='ocrx_word' id='word_1_972' title='bbox 2259 5766 2500 5822; x_wconf 89' lang='lat' dir='ltr'><strong>homines</strong></span> <span class='ocrx_word' id='word_1_973' title='bbox 2528 5756 2655 5823; x_wconf 85' lang='lat' dir='ltr'><strong>nulli</strong></span> <span class='ocrx_word' id='word_1_974' title='bbox 2684 5769 2840 5823; x_wconf 82' lang='lat' dir='ltr'><strong>saluti</strong></span> <span class='ocrx_word' id='word_1_975' title='bbox 2872 5696 3161 5840; x_wconf 54' lang='lat' dir='ltr'><strong>prglntura.</strong></span> 
     </span>
    </p>
   </div>
   <div class='ocr_carea' id='block_1_119' title="bbox 2093 5858 3613 5937">
    <p class='ocr_par' dir='ltr' id='par_1_119' title="bbox 2093 5858 3613 5937">
     <span class='ocr_line' id='line_1_121' title="bbox 2093 5858 3613 5937; baseline 0.01 -29"><span class='ocrx_word' id='word_1_976' title='bbox 2093 5858 2111 5890; x_wconf 78' lang='grc'>²</span> <span class='ocrx_word' id='word_1_977' title='bbox 2133 5865 2183 5909; x_wconf 82' lang='lat' dir='ltr'><strong>tn</strong></span> <span class='ocrx_word' id='word_1_978' title='bbox 2217 5862 2411 5933; x_wconf 82' lang='lat' dir='ltr'><strong>excusis</strong></span> <span class='ocrx_word' id='word_1_979' title='bbox 2427 5862 2487 5911; x_wconf 90' lang='lat' dir='ltr'><strong>ad</strong></span> <span class='ocrx_word' id='word_1_980' title='bbox 2508 5876 2676 5937; x_wconf 79' lang='lat' dir='ltr'><strong>v_oe_em</strong></span> <span class='ocrx_word' id='word_1_981' title='bbox 2691 5866 3235 5937; x_wconf 30' lang='lat' dir='ltr'><strong>creaturte‘addebatur,</strong></span> <span class='ocrx_word' id='word_1_982' title='bbox 3262 5858 3419 5936; x_wconf 72' lang='lat' dir='ltr'><strong>pastea</strong></span> <span class='ocrx_word' id='word_1_983' title='bbox 3449 5871 3499 5922; x_wconf 76' lang='lat' dir='ltr'><strong>in</strong></span> <span class='ocrx_word' id='word_1_984' title='bbox 3528 5885 3613 5937; x_wconf 78' lang='lat' dir='ltr'><strong>ge-</strong></span> 
     </span>
    </p>
   </div>
   <div class='ocr_carea' id='block_1_120' title="bbox 2030 5925 3155 5987">
    <p class='ocr_par' dir='ltr' id='par_1_120' title="bbox 2030 5925 3155 5987">
     <span class='ocr_line' id='line_1_122' title="bbox 2030 5925 3155 5987; baseline 0.009 -16"><span class='ocrx_word' id='word_1_985' title='bbox 2030 5932 2144 5987; x_wconf 74' lang='lat' dir='ltr'><strong>nere</strong></span> <span class='ocrx_word' id='word_1_986' title='bbox 2164 5925 2395 5987; x_wconf 76' lang='lat' dir='ltr'><strong>praprio;</strong></span> <span class='ocrx_word' id='word_1_987' title='bbox 2417 5926 2542 5987; x_wconf 88' lang='lat' dir='ltr'><strong>quod</strong></span> <span class='ocrx_word' id='word_1_988' title='bbox 2566 5928 2706 5975; x_wconf 87' lang='lat' dir='ltr'><strong>abest</strong></span> <span class='ocrx_word' id='word_1_989' title='bbox 2727 5929 2788 5976; x_wconf 85' lang='lat' dir='ltr'><strong>ab</strong></span> <span class='ocrx_word' id='word_1_990' title='bbox 2810 5928 3031 5979; x_wconf 81' lang='lat' dir='ltr'><strong>omnibus</strong></span> <span class='ocrx_word' id='word_1_991' title='bbox 3054 5934 3155 5983; x_wconf 67' lang='lat' dir='ltr'><strong>Mss.</strong></span> 
     </span>
    </p>
   </div>
   <div class='ocr_carea' id='block_1_121' title="bbox 2091 5984 2690 6048">
    <p class='ocr_par' dir='ltr' id='par_1_121' title="bbox 2091 5984 2690 6048">
     <span class='ocr_line' id='line_1_123' title="bbox 2091 5984 2690 6048; baseline 0.017 -18"><span class='ocrx_word' id='word_1_992' title='bbox 2091 5984 2112 6048; x_wconf 62' lang='grc' dir='ltr'><strong>ξ</strong></span> <span class='ocrx_word' id='word_1_993' title='bbox 2134 5984 2302 6034; x_wconf 83' lang='lat' dir='ltr'><strong>Plures</strong></span> <span class='ocrx_word' id='word_1_994' title='bbox 2320 5984 2449 6048; x_wconf 69' lang='lat' dir='ltr'><strong>Mss,</strong></span> <span class='ocrx_word' id='word_1_995' title='bbox 2470 5989 2690 6043; x_wconf 56' lang='lat' dir='ltr'><strong>condita.</strong></span> 
     </span>
    </p>
   </div>
   <div class='ocr_carea' id='block_1_122' title="bbox 2094 6045 2931 6111">
    <p class='ocr_par' dir='ltr' id='par_1_122' title="bbox 2094 6045 2931 6111">
     <span class='ocr_line' id='line_1_124' title="bbox 2094 6045 2931 6111; baseline 0.014 -16"><span class='ocrx_word' id='word_1_996' title='bbox 2094 6045 2115 6078; x_wconf 82' lang='grc'><strong><em>³</em></strong></span> <span class='ocrx_word' id='word_1_997' title='bbox 2135 6048 2207 6097; x_wconf 82' lang='lat' dir='ltr'><strong>Sic</strong></span> <span class='ocrx_word' id='word_1_998' title='bbox 2221 6054 2325 6099; x_wconf 76' lang='lat' dir='ltr'><strong>Mss.</strong></span> <span class='ocrx_word' id='word_1_999' title='bbox 2352 6060 2408 6101; x_wconf 78' lang='lat' dir='ltr'><strong>At.</strong></span> <span class='ocrx_word' id='word_1_1000' title='bbox 2429 6045 2561 6109; x_wconf 72' lang='lat' dir='ltr'><strong>editi.</strong></span> <span class='ocrx_word' id='word_1_1001' title='bbox 2580 6053 2931 6111; x_wconf 59' lang='lat' dir='ltr'><strong>assertiadbus.</strong></span> 
     </span>
    </p>
   </div>
  </div>
