4056 6466
453 423 553 480 271

525 542 617 599 21.
645 538 773 607 Sed,
807 537 882 593 ait
912 531 1120 604 aliquis,
1162 527 1429 602 quomodo
1459 541 1564 582 non
1592 532 1676 581 est
1709 521 2036 580 contrarium

455 637 522 692 iis
547 633 638 704 qui
668 631 886 703 ﬁguram
915 625 1140 698 sphaerae
1163 622 1301 679 coelo
1333 620 1589 684 tribuunt,
1617 614 1760 688 quod
1781 614 2036 686 scriptum

455 738 538 785 est
564 727 616 781 in
643 723 859 780 Litteris
884 719 1098 785 nostris,
1135 717 1234 783 Qui
1257 712 1474 770 extendit
1503 712 1682 767 cretum
1705 710 1834 765 sicut
1859 706 2040 778 pellem

454 818 631 892 (Psal.
661 832 773 883 cui,
793 813 888 886 2)?
906 811 989 869 Sit
1011 825 1140 866 sane
1158 806 1503 872 contrarium,
1521 803 1567 858 si
1591 801 1780 858 falsum
1802 808 1884 855 est
1898 796 2042 869 quod

454 891 530 966 illi
577 909 761 965 dicunt
791 923 806 960 :
839 906 940 961 hoc
977 903 1118 960 enim
1167 914 1360 956 verum
1397 906 1482 952 est
1527 894 1667 966 quod
1707 893 1885 948 divina
1913 891 2044 946 dicit

455 1002 764 1068 auctoritas,
787 998 963 1069 potius
989 1009 1148 1066 quam
1178 990 1310 1046 illud
1339 987 1482 1060 quod
1506 986 1735 1040 humana
1763 982 2043 1037 inﬁrmitas

457 1093 692 1165 conjicit.
720 1091 826 1148 Sed
854 1090 898 1145 si
927 1087 1064 1144 forte
1091 1083 1217 1140 illud
1245 1081 1437 1138 talibus
1459 1078 1535 1134 illi
1555 1075 1889 1133 documentis
1919 1087 2044 1144 pro-

455 1188 587 1245 bare
616 1187 906 1258 potuerint,
937 1191 992 1236 ut
1018 1177 1247 1235 dubitari
1281 1174 1406 1231 inde
1430 1187 1535 1228 non
1564 1171 1786 1236 debeat;
1816 1167 2042 1223 demon-

457 1279 737 1334 Strandum
763 1285 845 1332 est
873 1275 975 1329 hoc
997 1270 1138 1342 quod
1163 1268 1304 1341 apud
1331 1281 1427 1322 nos
1460 1264 1530 1322 de
1552 1263 1690 1334 pelle
1717 1261 1914 1317 dictum
1939 1267 2038 1324 est,

407 1335 604 1434 iveris
644 1369 745 1426 illis
784 1365 1082 1423 rationibus
1119 1378 1225 1418 non
1263 1375 1382 1416 esse
1419 1355 1783 1414 contrarium:
1809 1349 2044 1422 alioquin

419 1439 424 1448 Ι
458 1463 787 1520 οοιιῑι-ειιοὶυιη
831 1459 933 1514 erit
979 1457 1138 1514 etiam
1177 1453 1306 1525 ipsis
1349 1453 1402 1509 in
1448 1449 1554 1505 alio
1599 1447 1718 1502 loco
1760 1441 2046 1513 Scripturis

456 1555 678 1621 nostris,
707 1552 799 1608 ubi
825 1551 1018 1607 caelum
1049 1548 1242 1604 dicitur
1267 1544 1416 1601 velut
1436 1555 1650 1598 camera
1672 1553 1793 1596 esse
1823 1549 2049 1606 suspen-

457 1645 750 1719 snm(1sai.
780 1660 865 1710 ιι,
893 1643 982 1708 22,
1005 1657 1106 1695 sec.
1128 1635 1317 1709 LXX).
1341 1635 1480 1704 Quid
1499 1633 1640 1689 enim
1659 1641 1764 1686 tam
1781 1630 2048 1685 diversum

461 1748 522 1799 et
565 1738 780 1794 sibimet
817 1735 1122 1799 adversum,
1162 1744 1321 1800 quam
1349 1727 1506 1797 plana
1537 1725 1688 1796 pellis
1714 1719 1972 1785 extensio,
1997 1724 2052 1773 et

458 1844 688 1888 camerae
710 1842 872 1884 curva
901 1821 1197 1881 convexio?
1221 1819 1375 1890 Quod
1399 1819 1445 1875 si
1467 1824 1696 1887 oportet,
1719 1812 1873 1868 sicuti
1893 1826 2052 1881 epor-

459 1930 559 1988 tet,
590 1921 707 1975 haec
725 1918 834 1975 duo
863 1918 941 1972 sic
964 1913 1281 1985 intelligere,
1309 1921 1367 1967 ut
1390 1909 1717 1966 concordare
1743 1914 2046 1974 utrumque,

458 2027 562 2070 nec
590 2011 804 2067 sibimet
842 2021 1139 2079 repugnare
1175 2003 1508 2067 inveniatur;
1538 2001 1610 2055 ita
1648 2005 1860 2068 oportet
1887 1997 2049 2052 etiam

459 2104 772 2162 utrumlibet
791 2102 983 2158 horum
1011 2099 1117 2155 illis
1143 2112 1253 2154 non
1279 2091 1549 2150 adversari
1575 2089 2048 2162 disputationibus,

459 2201 511 2258 si
537 2214 629 2256 eas
656 2197 794 2253 forte
827 2209 983 2251 veras
1010 2202 1156 2248 certa
1183 2188 1320 2245 ratio
1343 2184 1717 2250 declaraverit,
1746 2182 1937 2255 quibus
1953 2180 2053 2236 do-

463 2303 615 2350 cetur
645 2291 840 2347 caelum
867 2287 1091 2358 sphaerae
1117 2284 1285 2354 ﬁgura
1309 2279 1545 2350 undique
1571 2291 1692 2334 esse
1715 2289 2014 2333 convexum
2034 2313 2051 2340 ,

463 2385 510 2440 si
537 2392 719 2440 tamen
746 2379 1018 2452 probatur.
2015 2439 2017 2441 ι

534 2476 624 2530 22.
679 2476 746 2529 Et
791 2473 880 2527 illa
923 2468 1133 2542 quidem
1167 2464 1308 2538 apud
1343 2479 1444 2521 nos
1480 2477 1709 2519 camera:
1734 2457 2050 2527 similitudo,

459 2571 624 2627 etiam
652 2565 944 2624 secundum
988 2563 1216 2617 litteram
1253 2567 1501 2630 accepta,
1550 2573 1659 2612 non
1702 2554 1927 2627 impedit
1962 2567 2057 2609 eos

467 2664 557 2734 qui
582 2662 846 2732 sphaeram
871 2657 1074 2713 dicunt.
1107 2655 1250 2710 Bene
1277 2655 1472 2725 quippe
1497 2650 1732 2708 creditur
1760 2648 2054 2705 secundum

464 2769 585 2812 eam
613 2761 838 2824 partem,
869 2766 988 2822 quae
1021 2763 1184 2818 super
1208 2761 1307 2803 nos
1333 2754 1432 2812 est,
1463 2744 1532 2800 de
1555 2743 1678 2800 οωιὶ
1713 2742 1881 2814 ﬁgura
1907 2740 2056 2797 Scri-

463 2854 679 2916 pturam
720 2842 869 2912 loqui
897 2840 1147 2896 voluisse.
1181 2837 1242 2893 Si
1283 2849 1411 2907 ergo
1454 2835 1666 2905 sphaera
1702 2849 1810 2888 non
1839 2839 1954 2894 est,
1984 2844 2056 2885 ex

465 2954 573 2994 una
602 2944 754 3009 parte
794 2949 1004 2992 camera
1033 2941 1150 3000 est,
1179 2947 1244 2987 ex
1273 2946 1375 3002 qua
1419 2937 1570 3000 parte
1615 2927 1810 2982 caelum
1857 2934 2057 2980 terram
2098 2938 2110 2951 ’

467 3031 703 3100 contegit
732 3045 746 3082 :
774 3027 819 3083 si
847 3035 1024 3082 autem
1051 3024 1260 3096 Sphrera
1299 3031 1412 3087 est,
1450 3020 1681 3090 undique
1715 3034 1927 3075 camera
1953 3025 2054 3074 est.

467 3121 576 3179 Sed
604 3119 734 3175 illud
760 3119 902 3190 quod
931 3118 998 3174 de
1026 3117 1170 3187 pelle
1193 3115 1392 3169 dictum
1418 3120 1533 3180 est,
1561 3111 1732 3182 magis
1776 3119 1958 3181 urget,
1991 3123 2060 3165 ne

469 3228 576 3269 non
605 3212 828 3284 sphaerae
847 3253 863 3279 ,
893 3209 1035 3281 quod
1066 3209 1360 3262 humanum
1386 3213 1471 3260 est
1503 3202 1642 3258 forte
1665 3209 2058 3270 commentum,

468 3306 566 3364 sed
607 3306 712 3377 ipsi
755 3314 955 3360 nostrae
992 3315 1219 3356 camerae
1261 3298 1544 3353 adversum
1582 3295 1669 3350 sit.
1711 3294 1850 3362 Quid
1881 3303 2060 3350 autem

466 3397 594 3456 hinc
655 3397 941 3468 allegorice
981 3393 1239 3449 senserim
1264 3431 1278 3457 ,
1325 3389 1708 3462 Confessionum
1759 3397 2061 3444 nostrarum

465 3493 605 3550 liber
634 3492 824 3549 tertius
852 3488 1092 3545 decimus
1120 3485 1283 3540 habet
1314 3481 1464 3556 (Cap.
1505 3482 1619 3554 15).
1647 3481 1770 3538 Sive
1799 3482 1956 3552 igitur
1988 3481 2062 3536 ita

466 3594 528 3641 ut
553 3583 625 3640 ibi
657 3583 830 3654 posui,
860 3581 973 3635 sive
1001 3578 1180 3648 aliquo
1207 3576 1312 3630 alio
1352 3574 1512 3631 modo
1551 3573 1950 3644 intelligendum
1992 3571 2063 3626 sit

468 3677 665 3735 caelum
688 3676 826 3732 sicut
850 3672 1005 3744 pellis
1030 3678 1338 3735 extentum;
1371 3677 1589 3738 propter
1617 3667 1874 3723 molestos
1899 3675 1955 3722 et
1975 3666 2060 3740 ni-g

469 3771 610 3827 mios
650 3775 929 3824 exactores
972 3761 1323 3834 expositionis
1365 3760 1432 3815 ad
1476 3759 1730 3826 litteram,
1776 3758 1879 3814 hoc
1904 3757 2056 3825 dico,

471 3861 638 3936 quod,
662 3861 800 3917 sicut
820 3858 1069 3924 arbitror,
1103 3855 1341 3911 omnium
1368 3852 1616 3910 sensibus
1638 3859 1782 3922 patet
1809 3870 1824 3906 :
1852 3860 2062 3907 utrum-

472 3973 578 4030 que
600 3956 745 4011 enim
770 3953 1017 4017 fortasse,
1047 3950 1100 4006 id
1124 3957 1206 4005 est
1227 3957 1282 4004 et
1317 3947 1466 4018 pellis
1488 3955 1545 4002 et
1569 3960 1800 4010 camera,
1840 3943 2064 4016 ﬁgurate

469 4046 694 4117 intelligi
717 4052 927 4117 potest;
949 4049 1232 4112 utrumque
1253 4048 1430 4094 autem
1452 4037 1519 4093 ad
1543 4039 1771 4092 litteram
1791 4037 2063 4108 quomodo

471 4137 665 4211 possit,
682 4135 967 4192 videndum
984 4143 1084 4189 est.
1100 4132 1156 4188 Si
1174 4132 1316 4187 enim
1338 4145 1546 4185 camera
1563 4144 1669 4184 non
1690 4130 1860 4186 solum
1877 4143 2058 4195 curva,

478 4231 576 4287 sed
605 4230 766 4286 etiam
796 4228 952 4299 plana
989 4233 1136 4280 recte
1178 4223 1402 4287 dicitur;
1438 4221 1673 4292 profecto
1696 4231 1750 4276 et
1775 4219 1928 4290 pellis
1956 4233 2064 4274 non

475 4321 650 4378 solum
676 4321 730 4376 in
754 4319 994 4390 planum,
1031 4330 1216 4371 verum
1257 4313 1418 4369 etiam
1462 4314 1516 4368 in
1561 4312 1850 4368 rotundum
1889 4311 2065 4366 sinum

476 4414 802 4472 extenditur.
829 4411 962 4467 Nam
992 4418 1047 4465 et
1071 4417 1190 4463 uter
1214 4409 1348 4462 sicut
1370 4415 1425 4462 et
1450 4405 1647 4473 vesica,
1674 4405 1828 4475 pellis
1856 4413 1959 4460 est.

853 4503 1080 4561 CAPUT
1101 4503 1170 4557 Χ.
1197 4533 1267 4544 -
1291 4500 1372 4555 De
1395 4501 1505 4555 creti
1533 4510 1689 4553 motu.

401 4671 414 4694 ,
548 4602 644 4657 25.
669 4602 748 4656 De
771 4606 917 4654 motu
937 4598 1097 4652 etiam
1117 4596 1236 4651 caeli
1255 4593 1491 4649 nonnulli
1516 4593 1704 4646 fratres
1719 4589 2066 4660 quaestionem

407 4683 415 4723 ἶ
479 4701 721 4761 movent,
750 4699 924 4745 utrum
957 4697 1080 4756 stet,
1109 4703 1175 4742 an
1217 4693 1511 4741 moveatur.
1539 4684 1672 4750 Quia
1705 4683 1748 4737 si
1778 4690 2019 4738 movetur
2050 4723 2066 4748 ,

481 4787 751 4856 inquiunt,
778 4781 1044 4853 quomodo
1073 4780 1464 4835 ﬁrmamentum
1494 4777 1611 4832 est?
1641 4775 1697 4830 Si
1722 4787 1898 4832 autem
1929 4785 2067 4840 stat,

483 4875 752 4950 quomodo
778 4875 950 4931 sidera
972 4889 1090 4945 quae
1120 4873 1172 4927 in
1201 4872 1290 4925 illo
1314 4871 1415 4924 ﬁxa
1440 4869 1748 4935 creduntur,
1778 4870 1844 4924 ab
1864 4870 2070 4924 oriente

481 4985 653 5040 usque
701 4969 768 5023 ad
820 4966 1150 5022 occidentem
1201 4965 1568 5027 circumeunt,
1620 4960 2072 5030 septentrionibus

483 5061 758 5117 breviores
785 5075 944 5132 gyros
965 5058 1114 5130 juxta
1145 5055 1416 5111 cardinem
1445 5052 1849 5122 peragentibus;
1877 5060 1931 5106 ut
1959 5067 2072 5108 cm-

483 5155 620 5224 lum,
651 5155 696 5211 si
724 5165 807 5210 est
833 5154 968 5208 alius
1001 5150 1154 5206 nobis
1181 5147 1420 5202 occultus
1449 5143 1610 5199 cardo
1634 5160 1701 5198 ex
1723 5144 1826 5199 alio
1849 5145 2069 5214 vertice,

485 5249 625 5305 sicut
670 5246 911 5318 sphaera,
955 5243 1001 5299 si
1041 5250 1214 5295 autem
1249 5236 1426 5292 nullus
1448 5233 1586 5289 alius
1607 5233 1768 5288 cardo
1796 5246 1898 5298 est,
1932 5237 2075 5292 velut

485 5341 668 5398 discus
713 5338 877 5394 rotari
921 5329 1198 5388 videatur?
1238 5327 1441 5396 Quibus
1482 5326 1799 5396 respondeo,
1848 5330 2072 5385 multum

486 5431 771 5490 subtilibus
809 5438 865 5484 et
903 5421 1182 5481 laboriosis
1221 5419 1513 5474 rationibus
1555 5419 1657 5474 ista
1706 5422 1971 5492 perquiri,
2018 5430 2077 5478 ut

485 5541 615 5582 vere
658 5522 981 5597 percipiatur
1025 5525 1198 5568 utrum
1249 5513 1323 5567 ita
1369 5527 1436 5566 an
1475 5526 1583 5568 non
1625 5513 1694 5566 ita
1733 5514 1832 5580 sit;
1883 5514 2074 5584 quibus

487 5618 737 5678 ineundis
777 5625 937 5682 atque
978 5605 1270 5662 tractandis
1297 5621 1394 5660 nec
1416 5605 1526 5674 jam
1556 5605 1685 5660 mihi
1717 5617 1924 5675 tempus
1951 5613 2071 5674 est,

490 5726 595 5770 nec
623 5711 730 5767 illis
757 5718 877 5764 esse
904 5700 1086 5766 debet,
1113 5713 1247 5770 quos
1274 5697 1342 5752 ad
1369 5699 1592 5752 salutem
1623 5713 1772 5752 suam
1797 5707 1854 5754 et
1877 5707 2076 5754 sanctae

489 5801 751 5861 Ecclesiae
797 5792 1154 5852 necessariam
1193 5790 1471 5847 utilitatem
1504 5789 1748 5858 cupimus
1778 5789 2072 5846 informari.

489 5893 611 5961 Hoc
631 5906 766 5957 sane
790 5887 1057 5951 noverint.
1085 5899 1188 5944 nec
1209 5898 1406 5942 nomen
1445 5882 1768 5942 ﬁrmamenti
1802 5898 1992 5956 cogere
2017 5893 2076 5942 ut

1371 411 1460 468 DE
1495 405 1743 468 GENESI
1777 404 1872 462 AD
1907 398 2277 468 LITTERAM,
2317 397 2376 456 S.
2416 396 2787 457 AUGUSTINI

3622 397 3734 455 2η

2145 523 2289 572 stare
2332 513 2525 571 caelum
2563 523 2812 586 putemus
2840 507 3252 586 (ﬁrmamentum
3277 509 3421 567 enim
3448 525 3558 567 non
3601 527 3732 583 pro-

2145 618 2265 680 pter
2295 607 2608 671 stationem,
2646 604 2742 660 sed
2778 614 2996 675 propter
3032 603 3370 670 ﬁrmitatem,
3396 613 3485 659 aut
3512 615 3734 676 propter

2146 698 2682 772 intransgressihilem
2702 698 2989 754 terminum
3003 697 3334 766 superiorum
3356 708 3407 754 et
3425 698 3734 756 inferiorum

2147 807 2426 864 aquarum,
2456 800 2701 847 vocatum
2727 790 3025 861 intelligere
3067 788 3244 861 licet);
3288 805 3406 854 nec,
3447 790 3493 845 si
3535 789 3735 846 veritas

2149 885 2345 942 omium
2374 894 2517 940 stare
2543 883 2901 954 persuaserit,
2942 881 3187 952 impediri
3217 897 3316 938 nos
3341 881 3562 938 circuitu
3593 882 3737 938 side-

2149 994 2267 1036 rum
2295 994 2361 1033 ne
2391 977 2495 1034 hoc
2517 977 2814 1049 intelligere
2839 978 3124 1048 possimus.
3158 975 3226 1032 Et
3261 978 3330 1033 ab
3370 977 3500 1048 ipsis
3537 979 3737 1050 quippe

2149 1071 2240 1142 qui
2268 1069 2386 1126 haec
2411 1067 2771 1126 curiosissime
2799 1079 2854 1124 et
2877 1068 3198 1125 otiosissime
3243 1070 3599 1140 quaesierunt,
3648 1061 3736 1124 in?

2151 1171 2369 1218 ventum
2391 1170 2495 1222 est.
2518 1162 2676 1217 etiam
2701 1161 2840 1218 caelo
2873 1177 2980 1218 non
3008 1169 3176 1230 moto,
3198 1162 3245 1217 si
3267 1163 3382 1218 sola
3409 1163 3582 1218 sidera
3611 1177 3737 1217 vcr—

2152 1261 2391 1310 terentur
2414 1253 2454 1318 ¹,
2483 1251 2597 1308 ﬁeri
2623 1254 2859 1323 potuisse
2902 1254 3080 1309 omnia
3109 1269 3231 1324 qua:
3259 1253 3311 1308 in
3345 1254 3474 1324 ipsis
3500 1253 3738 1310 siderum

2151 1345 2588 1403 conversionibus
2612 1345 2980 1402 animadversa
3003 1354 3165 1416 atque
3183 1345 3569 1417 comprehensa
3590 1355 3734 1400 sunt.

2153 1460 2378 1519 CAPUT
2415 1460 2506 1518 XI.
2536 1492 2609 1504 —
2635 1462 2714 1517 De
2739 1478 2869 1518 vers.
2895 1463 2929 1518 9
2953 1470 3002 1517 et
3024 1462 3092 1518 10
3109 1502 3126 1528 ,
3159 1462 3244 1517 ubi
3267 1463 3484 1533 explicat
3519 1461 3642 1534 quid
3678 1461 3744 1516 de

2454 1563 2599 1610 teme
2622 1555 2931 1626 informitate
2956 1555 3334 1627 intelligendum
3351 1557 3436 1612 sit.

2224 1646 2318 1704 24.
2366 1647 2434 1702 Et
2478 1649 2605 1702 dixit
2643 1647 2799 1714 Deus,
2828 1647 3169 1721 Congregetur
3194 1667 3326 1720 aqua
3351 1665 3464 1721 qua:
3500 1651 3591 1705 sub
3616 1650 3742 1706 caelo

2156 1747 2228 1794 est
2265 1741 2318 1794 in
2345 1740 2778 1812 congregationem
2804 1757 2976 1807 unam,
3007 1750 3054 1794 et
3080 1751 3324 1812 appareat
3347 1742 3512 1796 arida.
3557 1741 3621 1795 Et
3657 1744 3742 1814 fa-

2158 1839 2293 1885 ctum
2313 1841 2384 1886 est
2406 1831 2510 1897 sic;
2531 1840 2578 1884 et
2602 1842 2902 1902 congregata
2930 1841 3004 1886 est
3023 1848 3154 1901 aqua
3179 1849 3293 1904 qua:
3315 1833 3410 1888 sub
3437 1833 3561 1888 creto
3592 1841 3663 1887 est
3688 1833 3743 1885 in

2159 1925 2597 1995 congregationem
2635 1940 2809 1991 unam,
2853 1933 2900 1978 et
2946 1924 3183 1995 apparuit
3225 1924 3392 1979 arida.
3439 1922 3508 1978 Et
3553 1924 3746 1978 uocauit

2162 2014 2302 2071 Deus
2331 2017 2532 2070 aridam
2553 2025 2758 2082 terram,
2789 2023 2835 2068 et
2855 2015 3262 2086 congregationes
3282 2033 3529 2086 aquarum
3553 2015 3746 2070 uocauit

2159 2123 2316 2163 mare.
2339 2106 2408 2162 Et
2437 2107 2560 2161 vidit
2588 2105 2729 2161 Deus
2751 2106 2869 2178 quia
2897 2105 3084 2161 bonum
3102 2116 3192 2161 est.
3222 2106 3339 2162 Jam
3364 2107 3432 2162 de
3457 2107 3559 2162 hoc
3583 2121 3749 2177 opere

2160 2199 2255 2256 Dei
2296 2209 2513 2270 propter
2557 2199 2775 2255 alterius
2814 2199 2893 2255 rei
2937 2199 3238 2270 quaerenda:
3263 2201 3658 2267 necessitatem,
3691 2199 3748 2254 in

2160 2294 2335 2364 primo
2383 2303 2566 2349 nostro
2593 2292 2863 2348 volumine
2891 2294 3021 2347 satis
3053 2293 3394 2348 tractavimus
3427 2292 3563 2366 (Lib.
3597 2308 3636 2356 ι,
3668 2307 3747 2345 cc.

2161 2384 2252 2454 12,
2281 2393 2327 2440 et
2356 2385 2468 2458 15).
2511 2384 2609 2440 Hic
2636 2385 2814 2456 itaque
2846 2384 3078 2440 breviter
3105 2385 3475 2452 admonemus,
3507 2393 3564 2440 ut
3587 2398 3750 2454 quem

2161 2476 2300 2533 forte
2345 2493 2452 2533 non
2496 2486 2676 2534 movet
2708 2492 2950 2548 quaerere
2991 2476 3204 2548 quando
3242 2478 3449 2549 species
3491 2491 3750 2548 aquarum

2163 2580 2535 2642 terrarumque
2574 2578 2752 2626 creata
2802 2571 2912 2638 sit,
2962 2572 3186 2642 accipiat
3216 2571 3318 2626 isto
3346 2571 3432 2626 die
3481 2584 3585 2625 non
3627 2583 3752 2626 esse

2163 2665 2381 2732 factum,
2416 2665 2517 2720 nisi
2561 2675 2619 2720 ut
2664 2651 3071 2720 secernerentur
3099 2664 3212 2720 haec
3239 2665 3345 2720 duo
3373 2666 3635 2720 elementa
3666 2663 3754 2718 in-

2164 2757 2381 2814 feriora.
2409 2755 2578 2824 Quem
2606 2771 2735 2811 vero
2759 2765 2942 2810 movet
2969 2771 3065 2810 cur
3090 2755 3142 2810 in
3169 2755 3358 2811 diebus
3387 2755 3521 2811 facta
3556 2755 3626 2810 sit
3662 2755 3756 2809 lux

2164 2861 2221 2908 et
2243 2851 2460 2918 omium,
2489 2859 2638 2904 extra
2664 2848 2782 2904 dies
2805 2857 2982 2906 autem
3011 2849 3094 2905 vel
3124 2859 3248 2904 ante
3272 2865 3460 2904 omnes
3479 2848 3594 2904 dies
3614 2862 3753 2918 aqua

2164 2955 2220 3002 et
2248 2954 2422 3011 terra;
2451 2954 2505 2999 et
2525 2958 2623 2998 cur
2649 2943 2715 2997 ad
2742 2943 2836 2999 Dei
2864 2943 3085 2998 verbum
3115 2943 3253 2998 facta
3273 2943 3378 2997 sint
3406 2941 3518 3007 illa,
3542 2941 3759 2996 dicente

2165 3037 2296 3105 Deo,
2319 3034 2471 3100 Fiat;
2496 3033 2613 3090 haec
2638 3043 2811 3090 autem
2847 3034 3058 3090 dicente
3082 3033 3297 3105 quidem
3333 3033 3443 3088 Deo
3480 3031 3712 3088 discreta
3737 3071 3756 3100 ,

2164 3146 2272 3187 non
2331 3138 2510 3186 autem
2567 3128 2677 3185 Deo
2720 3127 2931 3184 dicente
2977 3128 3112 3183 facta
3158 3127 3493 3182 inveniantur
3533 3144 3548 3180 :
3599 3124 3762 3181 habet

2162 3223 2309 3298 quod
2343 3222 2488 3278 salva
2538 3220 2642 3276 ﬁde
2687 3220 2979 3291 intelligat,
3037 3219 3241 3275 scilicet
3281 3218 3332 3274 id
3368 3216 3511 3288 quod
3554 3215 3760 3272 dictum

2165 3324 2248 3372 est
2269 3324 2392 3370 ante
2413 3313 2624 3369 dierum
2648 3311 3102 3367 enumerationem
3129 3353 3145 3377 ,
3172 3309 3334 3365 Terra
3359 3318 3471 3366 erat
3495 3307 3760 3363 invisibilis

2165 3417 2214 3463 et
2239 3407 2593 3477 incomposita,
2612 3420 2734 3462 cum
2752 3404 3152 3460 commendaret
3165 3401 3438 3473 Scriptura
3459 3399 3759 3472 cuiusmodi

2168 3509 2364 3555 terram
2405 3497 2608 3555 fecerat
2649 3498 2812 3565 Deus,
2847 3498 2972 3568 quia
3013 3496 3350 3568 pra'dixerat,
3394 3494 3465 3550 In
3508 3492 3758 3564 principio

2168 3592 2286 3664 fecit
2314 3590 2454 3645 Deus
2471 3590 2650 3645 calum
2675 3600 2721 3644 ct
2747 3599 2966 3655 terram;
2989 3589 3121 3644 nihil
3138 3588 3284 3644 aliud
3300 3588 3383 3643 his
3400 3587 3580 3648 verbis
3597 3599 3760 3656 quam

2167 3683 2406 3738 materiae
2434 3681 2727 3752 corporalis
2754 3681 3138 3736 informitatem
3165 3681 3437 3736 insinuare
3479 3678 3712 3734 voluisse
3737 3717 3757 3745 ,

2168 3774 2373 3845 eligens
2409 3788 2527 3828 eam
2568 3773 2813 3828 usitatius
2852 3772 3124 3842 appellare
3160 3787 3321 3843 quam
3355 3770 3662 3827 obscurius.
3697 3768 3758 3824 Si

2169 3872 2345 3921 tamen
2376 3864 2527 3918 tardo
2559 3861 2849 3918 intellectui
2879 3878 2986 3918 non
3016 3862 3272 3933 subrepat
3299 3871 3358 3918 ut
3396 3861 3675 3917 materiam
3705 3866 3764 3913 et

2169 3956 2426 4028 speciem,
2452 3956 2577 4027 quia
2606 3955 2782 4010 verbis
2807 3955 3080 4026 Scriptura
3111 3963 3344 4025 separat,
3393 3962 3617 4009 conetur
3650 3949 3765 4005 duo

2169 4047 2474 4104 bmcetiam
2509 4055 2750 4117 tempore
2792 4061 3067 4116 separare,
3115 4056 3362 4115 tanquam
3408 4044 3555 4114 prius
3601 4038 3767 4115 fuerit

2170 4134 2414 4211 materia,
2442 4149 2497 4197 et
2523 4141 2595 4209 ei,
2628 4140 2882 4210 temporis
2907 4139 3187 4194 intervallo
3214 4137 3550 4209 interposito,
3575 4143 3767 4205 postea

2171 4239 2242 4294 sit
2276 4236 2454 4293 addita
2498 4235 2744 4307 species;
2773 4250 2894 4289 cum
2928 4233 3069 4288 Deus
3113 4232 3230 4288 haec
3269 4231 3429 4287 simul
3458 4228 3767 4296 creaverit,

2171 4328 2557 4398 materiamque
2583 4325 2865 4380 formatam
2903 4323 3228 4390 instituerit,
3267 4323 3420 4393 cujus
3457 4320 3766 4376 informiu-

2069 4449 2076 4463 ι
2172 4427 2283 4476 tem
2311 4419 2525 4487 usitato,
2566 4427 2625 4474 ut
2664 4417 2805 4485 dixi,
2853 4416 3112 4472 vocabulo
3154 4415 3239 4471 vel
3285 4426 3443 4470 terra:
3479 4415 3566 4470 vel
3607 4427 3767 4483 aquas

2172 4511 2446 4581 Scriptura
2478 4510 2742 4580 praedixit.
2776 4509 2940 4564 Terra
2980 4508 3120 4563 enim
3165 4517 3221 4563 et
3264 4521 3400 4579 aqua
3448 4505 3606 4561 etiam
3651 4503 3768 4559 suis

2174 4603 2516 4676 qualitatibus
2537 4602 2591 4657 id
2611 4603 2889 4658 existentia
2911 4601 3051 4672 quod
3073 4599 3330 4666 videmus,
3346 4607 3523 4655 tamen
3547 4606 3769 4668 propter

2173 4693 2384 4755 facilem
2411 4695 2804 4765 corruptionem
2833 4693 3211 4765 prepinquiora
3237 4699 3363 4747 sunt
3390 4691 3565 4746 eidem
3592 4686 3768 4743 infor-

2176 4788 2350 4844 mitati
2379 4802 2537 4858 quam
2569 4786 2803 4842 cmleslia
2839 4800 3081 4856 corpora.
3121 4783 3186 4838 Et
3224 4783 3473 4853 quoniam
3505 4796 3600 4850 per
3627 4795 3772 4834 enu-

2169 4881 2524 4938 merationem
2555 4878 2758 4934 dierum
2781 4878 2890 4949 jam
2923 4893 2988 4932 ex
3030 4875 3245 4932 informi
3280 4890 3507 4946 quaeque
3535 4873 3770 4927 formata

2177 4979 2547 5039 numerantur,
2576 4979 2629 5025 et
2655 4984 2721 5024 ex
2750 4970 2848 5023 ista
2875 4967 3137 5038 corporali
3181 4965 3400 5021 materia
3427 4965 3538 5035 jam
3565 4962 3769 5018 factum

2177 5061 2375 5118 caelum
2400 5069 2728 5124 narraverat,
2759 5059 2910 5128 cujus
2936 5058 3160 5113 multum
3186 5057 3349 5111 distat
3373 5059 3580 5126 species
3601 5070 3630 5108 a
3657 5065 3770 5109 ter-

2177 5154 2356 5217 renis;
2399 5153 2508 5224 jam
2549 5150 2690 5221 quod
2735 5166 2800 5204 ex
2840 5165 2902 5205 ea
2933 5148 3266 5204 formandum
3295 5148 3346 5203 in
3377 5163 3553 5203 rerum
3585 5144 3778 5200 inﬁma

2178 5255 2330 5318 parte
2355 5246 2610 5311 restabat,
2639 5243 2808 5297 noluit
2830 5245 2852 5274 ³
2886 5243 2985 5298 sub
3011 5243 3094 5298 his
3132 5245 3306 5298 verbis
3327 5243 3378 5296 in
3407 5257 3586 5297 rerum
3613 5255 3770 5295 crea-

2181 5349 2354 5395 tarnm
2394 5337 2634 5392 ordinem
2675 5337 2930 5400 inserere,
2959 5345 3018 5391 ut
3045 5337 3331 5400 diceretur,
3362 5333 3514 5399 Fiat;
3539 5350 3644 5387 non
3672 5347 3770 5387 ac-

2181 5438 2398 5501 ceptura
2424 5427 2524 5482 ista
2555 5425 2768 5482 residua
2796 5425 3118 5482 infnrmitate
3145 5427 3303 5481 talem
3334 5425 3588 5496 speciem,
3630 5437 3772 5494 qua-

2247 5586 2264 5618 ί
2287 5593 2391 5634 MSS.
2415 5581 2689 5644 duodecim,
2712 5589 3028 5635 moverentur.

2245 5647 2404 5721 {aditi
2424 5680 2439 5705 ,
2475 5645 2635 5721 veniit.
2661 5642 2766 5697 Mss.
2792 5660 2997 5705 omnes,
3035 5642 3202 5696 noluit.
3241 5643 3580 5718 Amplectimur
3605 5659 3619 5694 :
3644 5643 3775 5694 ratio

2245 5722 2363 5759 none
2379 5709 2617 5759 redditur.
2635 5723 2720 5759 cur
2745 5721 2882 5759 aquae
2905 5722 2962 5758 ac
2983 5716 3128 5758 terrae
3153 5709 3484 5758 formationem
3506 5721 3600 5756 non
3631 5714 3777 5756 retu-

2183 5722 2363 5773 quippe
2379 5721 2617 5768 redditur,
2635 5723 2720 5759 cur
2745 5721 2882 5772 aquae
2905 5722 2962 5758 ac
2983 5721 3128 5758 terrae
3153 5721 3484 5758 iormauonem
3506 5721 3600 5756 non
3631 5721 3773 5756 reru-

2182 5769 2297 5844 lerit
2316 5772 2517 5844 genesis
2529 5773 2732 5844 scripth
2749 5774 2840 5844 sub
2855 5771 3126 5844 his_v_erhis,
3145 5779 3199 5819 ut
3213 5770 3479 5844 diceretur,
3502 5768 3606 5844 iiut
3621 5781 3773 5844 aqua,

2182 5832 2290 5906 piat
2311 5839 2442 5906 terra
2455 5868 2469 5893 ,
2501 5829 2642 5884 sicuti
2661 5833 2725 5905 de
2741 5833 2871 5906 prelo
2897 5833 3079 5906 dictum
3098 5833 3345 5906 narravit,
3371 5829 3477 5883 Fiat
3495 5829 3776 5896 [imminen-

2181 5901 2300 5947 tum.
2323 5894 2494 5950 Confer
2515 5896 2780 5957 superioris
2801 5893 2911 5945 libri
2931 5903 3074 5947 caout
3091 5895 3176 5948 l3.”
