  <div class='ocr_page' id='page_1' title='image "/cluster/home/n/w/nwhite01/storage/ocr_20150623/34/hvd.32044015706310/142.png"; bbox 0 0 4056 6446; ppageno 0'>
   <div class='ocr_carea' id='block_1_1' title="bbox 380 371 492 427">
    <p class='ocr_par' dir='ltr' id='par_1_1' title="bbox 380 371 492 427">
     <span class='ocr_line' id='line_1_1' title="bbox 380 371 492 427; baseline 0 0"><span class='ocrx_word' id='word_1_1' title='bbox 380 371 492 427; x_wconf 68' lang='grc'><strong><em>273</em></strong></span> 
     </span>
    </p>
   </div>
   <div class='ocr_carea' id='block_1_2' title="bbox 384 474 1960 553">
    <p class='ocr_par' dir='ltr' id='par_1_2' title="bbox 384 474 1960 553">
     <span class='ocr_line' id='line_1_2' title="bbox 384 474 1960 553; baseline -0.008 -13"><span class='ocrx_word' id='word_1_2' title='bbox 384 485 493 541; x_wconf 90' lang='lat' dir='ltr'><strong><em>lem</em></strong></span> <span class='ocrx_word' id='word_1_3' title='bbox 513 489 794 553; x_wconf 81' lang='lat' dir='ltr'><strong><em>accepth</em></strong></span> <span class='ocrx_word' id='word_1_4' title='bbox 814 479 1033 547; x_wconf 72' lang='lat' dir='ltr'><strong><em>omium,</em></strong></span> <span class='ocrx_word' id='word_1_5' title='bbox 1053 478 1147 535; x_wconf 90' lang='lat' dir='ltr'><strong><em>sed</em></strong></span> <span class='ocrx_word' id='word_1_6' title='bbox 1169 479 1278 550; x_wconf 87' lang='lat' dir='ltr'><strong><em>jam</em></strong></span> <span class='ocrx_word' id='word_1_7' title='bbox 1298 477 1604 534; x_wconf 78' lang='lat' dir='ltr'><strong><em>inferiorem</em></strong></span> <span class='ocrx_word' id='word_1_8' title='bbox 1630 484 1686 534; x_wconf 86' lang='lat' dir='ltr'><strong><em>et</em></strong></span> <span class='ocrx_word' id='word_1_9' title='bbox 1704 474 1960 531; x_wconf 82' lang='lat' dir='ltr'><strong><em>inﬁrmio-</em></strong></span> 
     </span>
    </p>
   </div>
   <div class='ocr_carea' id='block_1_3' title="bbox 382 566 1956 647">
    <p class='ocr_par' dir='ltr' id='par_1_3' title="bbox 382 566 1956 647">
     <span class='ocr_line' id='line_1_3' title="bbox 382 566 1956 647; baseline -0.008 -15"><span class='ocrx_word' id='word_1_10' title='bbox 382 592 499 632; x_wconf 85' lang='lat' dir='ltr'><strong><em>rem</em></strong></span> <span class='ocrx_word' id='word_1_11' title='bbox 518 585 680 647; x_wconf 88' lang='lat' dir='ltr'><strong><em>atque</em></strong></span> <span class='ocrx_word' id='word_1_12' title='bbox 700 573 1009 629; x_wconf 82' lang='lat' dir='ltr'><strong><em>inlormitati</em></strong></span> <span class='ocrx_word' id='word_1_13' title='bbox 1036 572 1328 642; x_wconf 81' lang='lat' dir='ltr'><strong><em>proximam</em></strong></span> <span class='ocrx_word' id='word_1_14' title='bbox 1349 589 1362 625; x_wconf 91' lang='lat'><strong>:</strong></span> <span class='ocrx_word' id='word_1_15' title='bbox 1385 579 1443 626; x_wconf 90' lang='lat' dir='ltr'><strong><em>ut</em></strong></span> <span class='ocrx_word' id='word_1_16' title='bbox 1462 568 1546 623; x_wconf 91' lang='lat' dir='ltr'><strong><em>his</em></strong></span> <span class='ocrx_word' id='word_1_17' title='bbox 1564 568 1741 638; x_wconf 79' lang='lat' dir='ltr'><strong>potius</strong></span> <span class='ocrx_word' id='word_1_18' title='bbox 1760 566 1956 631; x_wconf 84' lang='lat' dir='ltr'><strong><em>verbis,</em></strong></span> 
     </span>
    </p>
   </div>
   <div class='ocr_carea' id='block_1_4' title="bbox 382 659 1953 736">
    <p class='ocr_par' dir='ltr' id='par_1_4' title="bbox 382 659 1953 736">
     <span class='ocr_line' id='line_1_4' title="bbox 382 659 1953 736; baseline -0.008 -14"><span class='ocrx_word' id='word_1_19' title='bbox 382 682 504 723; x_wconf 86' lang='lat' dir='ltr'><strong><em>cum</em></strong></span> <span class='ocrx_word' id='word_1_20' title='bbox 533 666 751 732; x_wconf 89' lang='lat' dir='ltr'><strong><em>dicitur,</em></strong></span> <span class='ocrx_word' id='word_1_21' title='bbox 783 664 1155 736; x_wconf 84' lang='lat' dir='ltr'><strong><em>Congregentur</em></strong></span> <span class='ocrx_word' id='word_1_22' title='bbox 1179 678 1342 733; x_wconf 77' lang='lat' dir='ltr'><strong><em>aquae,</em></strong></span> <span class='ocrx_word' id='word_1_23' title='bbox 1383 670 1457 726; x_wconf 89' lang='lat' dir='ltr'><strong><em>et,</em></strong></span> <span class='ocrx_word' id='word_1_24' title='bbox 1500 668 1743 731; x_wconf 78' lang='lat' dir='ltr'><strong><em>appareat</em></strong></span> <span class='ocrx_word' id='word_1_25' title='bbox 1772 659 1916 711; x_wconf 83' lang='lat' dir='ltr'><strong><em>arida</em></strong></span> <span class='ocrx_word' id='word_1_26' title='bbox 1937 698 1953 725; x_wconf 89' lang='lat'><strong><em>,</em></strong></span> 
     </span>
    </p>
   </div>
   <div class='ocr_carea' id='block_1_5' title="bbox 382 750 1958 828">
    <p class='ocr_par' dir='ltr' id='par_1_5' title="bbox 382 750 1958 828">
     <span class='ocr_line' id='line_1_5' title="bbox 382 750 1958 828; baseline -0.004 -18"><span class='ocrx_word' id='word_1_27' title='bbox 382 757 692 828; x_wconf 86' lang='lat' dir='ltr'><strong><em>acceperint</em></strong></span> <span class='ocrx_word' id='word_1_28' title='bbox 728 756 842 811; x_wconf 60' lang='lat' dir='ltr'><strong><em>haec</em></strong></span> <span class='ocrx_word' id='word_1_29' title='bbox 870 756 974 811; x_wconf 92' lang='lat' dir='ltr'><strong><em>duo</em></strong></span> <span class='ocrx_word' id='word_1_30' title='bbox 1000 755 1207 824; x_wconf 79' lang='lat' dir='ltr'><strong><em>species</em></strong></span> <span class='ocrx_word' id='word_1_31' title='bbox 1231 753 1471 823; x_wconf 88' lang='lat' dir='ltr'><strong><em>proprias</em></strong></span> <span class='ocrx_word' id='word_1_32' title='bbox 1494 752 1620 806; x_wconf 90' lang='lat' dir='ltr'><strong><em>istas</em></strong></span> <span class='ocrx_word' id='word_1_33' title='bbox 1657 750 1958 805; x_wconf 89' lang='lat' dir='ltr'><strong><em>notissimas</em></strong></span> 
     </span>
    </p>
   </div>
   <div class='ocr_carea' id='block_1_6' title="bbox 381 840 1956 919">
    <p class='ocr_par' dir='ltr' id='par_1_6' title="bbox 381 840 1956 919">
     <span class='ocr_line' id='line_1_6' title="bbox 381 840 1956 919; baseline -0.005 -16"><span class='ocrx_word' id='word_1_34' title='bbox 381 848 647 919; x_wconf 89' lang='lat' dir='ltr'><strong><em>nobisque</em></strong></span> <span class='ocrx_word' id='word_1_35' title='bbox 695 846 1018 911; x_wconf 79' lang='lat' dir='ltr'><strong><em>tractabiles,</em></strong></span> <span class='ocrx_word' id='word_1_36' title='bbox 1059 861 1192 917; x_wconf 91' lang='lat' dir='ltr'><strong><em>aqua</em></strong></span> <span class='ocrx_word' id='word_1_37' title='bbox 1223 844 1492 911; x_wconf 85' lang='lat' dir='ltr'><strong><em>mobilem,</em></strong></span> <span class='ocrx_word' id='word_1_38' title='bbox 1525 852 1663 898; x_wconf 89' lang='lat' dir='ltr'><strong><em>terra</em></strong></span> <span class='ocrx_word' id='word_1_39' title='bbox 1708 840 1956 896; x_wconf 89' lang='lat' dir='ltr'><strong><em>immobi-</em></strong></span> 
     </span>
    </p>
   </div>
   <div class='ocr_carea' id='block_1_7' title="bbox 380 932 1959 1007">
    <p class='ocr_par' dir='ltr' id='par_1_7' title="bbox 380 932 1959 1007">
     <span class='ocr_line' id='line_1_7' title="bbox 380 932 1959 1007; baseline -0.003 -13"><span class='ocrx_word' id='word_1_40' title='bbox 380 939 488 995; x_wconf 89' lang='lat' dir='ltr'><strong><em>lem</em></strong></span> <span class='ocrx_word' id='word_1_41' title='bbox 519 956 534 993; x_wconf 90' lang='lat'><strong>:</strong></span> <span class='ocrx_word' id='word_1_42' title='bbox 561 946 616 994; x_wconf 89' lang='lat' dir='ltr'><strong><em>et</em></strong></span> <span class='ocrx_word' id='word_1_43' title='bbox 642 938 763 994; x_wconf 90' lang='lat' dir='ltr'><strong><em>ideo</em></strong></span> <span class='ocrx_word' id='word_1_44' title='bbox 801 938 869 994; x_wconf 92' lang='lat' dir='ltr'><strong><em>de</em></strong></span> <span class='ocrx_word' id='word_1_45' title='bbox 895 938 983 993; x_wconf 88' lang='lat' dir='ltr'><strong><em>illa</em></strong></span> <span class='ocrx_word' id='word_1_46' title='bbox 1007 937 1205 993; x_wconf 89' lang='lat' dir='ltr'><strong><em>dictum</em></strong></span> <span class='ocrx_word' id='word_1_47' title='bbox 1228 945 1340 1003; x_wconf 88' lang='lat' dir='ltr'><strong><em>est,</em></strong></span> <span class='ocrx_word' id='word_1_48' title='bbox 1368 946 1731 1007; x_wconf 88' lang='lat' dir='ltr'><strong><em>congregetur;</em></strong></span> <span class='ocrx_word' id='word_1_49' title='bbox 1757 934 1824 990; x_wconf 90' lang='lat' dir='ltr'><strong><em>de</em></strong></span> <span class='ocrx_word' id='word_1_50' title='bbox 1857 932 1959 990; x_wconf 86' lang='lat' dir='ltr'><strong><em>hac</em></strong></span> 
     </span>
    </p>
   </div>
   <div class='ocr_carea' id='block_1_8' title="bbox 377 1030 1956 1103">
    <p class='ocr_par' dir='ltr' id='par_1_8' title="bbox 377 1030 1956 1103">
     <span class='ocr_line' id='line_1_8' title="bbox 377 1030 1956 1103; baseline -0.001 -17"><span class='ocrx_word' id='word_1_51' title='bbox 377 1043 580 1095; x_wconf 85' lang='lat' dir='ltr'><strong><em>autem,</em></strong></span> <span class='ocrx_word' id='word_1_52' title='bbox 607 1041 849 1103; x_wconf 72' lang='lat' dir='ltr'><strong><em>appareat</em></strong></span> <span class='ocrx_word' id='word_1_53' title='bbox 873 1048 894 1088; x_wconf 88' lang='lat'><strong><em>:</em></strong></span> <span class='ocrx_word' id='word_1_54' title='bbox 918 1047 1053 1102; x_wconf 89' lang='lat' dir='ltr'><strong><em>aqua</em></strong></span> <span class='ocrx_word' id='word_1_55' title='bbox 1081 1031 1222 1086; x_wconf 92' lang='lat' dir='ltr'><strong><em>enim</em></strong></span> <span class='ocrx_word' id='word_1_56' title='bbox 1259 1039 1342 1087; x_wconf 90' lang='lat' dir='ltr'><strong><em>est</em></strong></span> <span class='ocrx_word' id='word_1_57' title='bbox 1363 1030 1594 1093; x_wconf 87' lang='lat' dir='ltr'><strong><em>labiliter</em></strong></span> <span class='ocrx_word' id='word_1_58' title='bbox 1621 1031 1780 1095; x_wconf 82' lang='lat' dir='ltr'><strong><em>ﬂuxa,</em></strong></span> <span class='ocrx_word' id='word_1_59' title='bbox 1813 1035 1956 1084; x_wconf 81' lang='lat' dir='ltr'><strong><em>terra</em></strong></span> 
     </span>
    </p>
   </div>
   <div class='ocr_carea' id='block_1_9' title="bbox 374 1123 798 1179">
    <p class='ocr_par' dir='ltr' id='par_1_9' title="bbox 374 1123 798 1179">
     <span class='ocr_line' id='line_1_9' title="bbox 374 1123 798 1179; baseline 0 0"><span class='ocrx_word' id='word_1_60' title='bbox 374 1123 638 1179; x_wconf 82' lang='lat' dir='ltr'><strong><em>stabiliter</em></strong></span> <span class='ocrx_word' id='word_1_61' title='bbox 677 1124 798 1179; x_wconf 86' lang='lat' dir='ltr'><strong><em>lixa.</em></strong></span> 
     </span>
    </p>
   </div>
   <div class='ocr_carea' id='block_1_10' title="bbox 376 1213 1956 1285">
    <p class='ocr_par' dir='ltr' id='par_1_10' title="bbox 376 1213 1956 1285">
     <span class='ocr_line' id='line_1_10' title="bbox 376 1213 1956 1285; baseline -0.001 -16"><span class='ocrx_word' id='word_1_62' title='bbox 376 1215 606 1270; x_wconf 83' lang='lat' dir='ltr'><strong><em>CAPUT</em></strong></span> <span class='ocrx_word' id='word_1_63' title='bbox 624 1213 739 1270; x_wconf 76' lang='lat' dir='ltr'>XII.</span> <span class='ocrx_word' id='word_1_64' title='bbox 768 1244 838 1256; x_wconf 93' lang='grc'><strong><em>--</em></strong></span> <span class='ocrx_word' id='word_1_65' title='bbox 860 1213 941 1269; x_wconf 89' lang='lat' dir='ltr'><strong><em>De</em></strong></span> <span class='ocrx_word' id='word_1_66' title='bbox 964 1230 1091 1269; x_wconf 89' lang='lat' dir='ltr'><strong><em>vers.</em></strong></span> <span class='ocrx_word' id='word_1_67' title='bbox 1119 1215 1208 1281; x_wconf 79' lang='grc' dir='ltr'>Η,</span> <span class='ocrx_word' id='word_1_68' title='bbox 1233 1215 1302 1270; x_wconf 77' lang='grc'><strong><em>12</em></strong></span> <span class='ocrx_word' id='word_1_69' title='bbox 1330 1224 1378 1269; x_wconf 89' lang='lat' dir='ltr'><strong><em>et</em></strong></span> <span class='ocrx_word' id='word_1_70' title='bbox 1412 1213 1498 1282; x_wconf 75' lang='grc'><strong><em>15,</em></strong></span> <span class='ocrx_word' id='word_1_71' title='bbox 1541 1230 1696 1285; x_wconf 82' lang='lat' dir='ltr'><strong><em>quare</em></strong></span> <span class='ocrx_word' id='word_1_72' title='bbox 1730 1230 1956 1270; x_wconf 86' lang='lat' dir='ltr'><strong><em>seorsum</em></strong></span> 
     </span>
    </p>
   </div>
   <div class='ocr_carea' id='block_1_11' title="bbox 411 1284 1896 1357">
    <p class='ocr_par' dir='ltr' id='par_1_11' title="bbox 411 1284 1896 1357">
     <span class='ocr_line' id='line_1_11' title="bbox 411 1284 1896 1357; baseline -0.001 -18"><span class='ocrx_word' id='word_1_73' title='bbox 411 1286 476 1339; x_wconf 85' lang='lat' dir='ltr'><strong><em>de</em></strong></span> <span class='ocrx_word' id='word_1_74' title='bbox 507 1287 672 1339; x_wconf 90' lang='lat' dir='ltr'><strong><em>herbis</em></strong></span> <span class='ocrx_word' id='word_1_75' title='bbox 697 1295 742 1339; x_wconf 87' lang='lat' dir='ltr'><strong><em>et</em></strong></span> <span class='ocrx_word' id='word_1_76' title='bbox 770 1285 921 1357; x_wconf 85' lang='lat' dir='ltr'><strong><em>lignis</em></strong></span> <span class='ocrx_word' id='word_1_77' title='bbox 938 1284 1126 1339; x_wconf 87' lang='lat' dir='ltr'><strong><em>dictum</em></strong></span> <span class='ocrx_word' id='word_1_78' title='bbox 1145 1287 1232 1351; x_wconf 89' lang='lat' dir='ltr'><strong><em>sit,</em></strong></span> <span class='ocrx_word' id='word_1_79' title='bbox 1265 1286 1333 1340; x_wconf 89' lang='lat' dir='ltr'><strong><em>Et</em></strong></span> <span class='ocrx_word' id='word_1_80' title='bbox 1359 1284 1559 1340; x_wconf 79' lang='lat' dir='ltr'><strong><em>factum</em></strong></span> <span class='ocrx_word' id='word_1_81' title='bbox 1576 1293 1656 1339; x_wconf 90' lang='lat' dir='ltr'><strong><em>est</em></strong></span> <span class='ocrx_word' id='word_1_82' title='bbox 1676 1285 1770 1350; x_wconf 92' lang='lat' dir='ltr'><strong><em>sic,</em></strong></span> <span class='ocrx_word' id='word_1_83' title='bbox 1803 1297 1896 1337; x_wconf 85' lang='lat' dir='ltr'><strong><em>etc.</em></strong></span> 
     </span>
    </p>
   </div>
   <div class='ocr_carea' id='block_1_12' title="bbox 447 1375 1950 1447">
    <p class='ocr_par' dir='ltr' id='par_1_12' title="bbox 447 1375 1950 1447">
     <span class='ocr_line' id='line_1_12' title="bbox 447 1375 1950 1447; baseline -0.003 -14"><span class='ocrx_word' id='word_1_84' title='bbox 447 1378 540 1433; x_wconf 71' lang='grc'><strong><em>25.</em></strong></span> <span class='ocrx_word' id='word_1_85' title='bbox 570 1375 638 1431; x_wconf 86' lang='lat' dir='ltr'><strong><em>Et</em></strong></span> <span class='ocrx_word' id='word_1_86' title='bbox 666 1376 793 1431; x_wconf 71' lang='lat' dir='ltr'><strong><em>dixit</em></strong></span> <span class='ocrx_word' id='word_1_87' title='bbox 825 1376 991 1443; x_wconf 93' lang='lat' dir='ltr'><strong><em>Deus,</em></strong></span> <span class='ocrx_word' id='word_1_88' title='bbox 1021 1375 1270 1431; x_wconf 77' lang='lat' dir='ltr'><strong><em>Germinet</em></strong></span> <span class='ocrx_word' id='word_1_89' title='bbox 1314 1386 1448 1430; x_wconf 88' lang='lat' dir='ltr'><strong><em>terra</em></strong></span> <span class='ocrx_word' id='word_1_90' title='bbox 1491 1376 1695 1431; x_wconf 78' lang='lat' dir='ltr'><strong><em>herbam</em></strong></span> <span class='ocrx_word' id='word_1_91' title='bbox 1738 1375 1950 1447; x_wconf 89' lang='lat' dir='ltr'><strong><em>pabuli,</em></strong></span> 
     </span>
    </p>
   </div>
   <div class='ocr_carea' id='block_1_13' title="bbox 380 1467 1957 1540">
    <p class='ocr_par' dir='ltr' id='par_1_13' title="bbox 380 1467 1957 1540">
     <span class='ocr_line' id='line_1_13' title="bbox 380 1467 1957 1540; baseline -0.001 -17"><span class='ocrx_word' id='word_1_92' title='bbox 380 1469 622 1537; x_wconf 79' lang='lat' dir='ltr'><strong><em>ferentem</em></strong></span> <span class='ocrx_word' id='word_1_93' title='bbox 639 1485 804 1524; x_wconf 85' lang='lat' dir='ltr'><strong><em>semen</em></strong></span> <span class='ocrx_word' id='word_1_94' title='bbox 824 1468 1099 1523; x_wconf 86' lang='lat' dir='ltr'><strong><em>secundum</em></strong></span> <span class='ocrx_word' id='word_1_95' title='bbox 1126 1484 1281 1540; x_wconf 90' lang='lat' dir='ltr'><strong><em>genus</em></strong></span> <span class='ocrx_word' id='word_1_96' title='bbox 1303 1477 1351 1523; x_wconf 92' lang='lat' dir='ltr'><strong><em>et</em></strong></span> <span class='ocrx_word' id='word_1_97' title='bbox 1369 1470 1641 1523; x_wconf 85' lang='lat' dir='ltr'><strong><em>secundum</em></strong></span> <span class='ocrx_word' id='word_1_98' title='bbox 1663 1467 1957 1522; x_wconf 86' lang='lat' dir='ltr'><strong><em>similitudi-</em></strong></span> 
     </span>
    </p>
   </div>
   <div class='ocr_carea' id='block_1_14' title="bbox 376 1559 1953 1632">
    <p class='ocr_par' dir='ltr' id='par_1_14' title="bbox 376 1559 1953 1632">
     <span class='ocr_line' id='line_1_14' title="bbox 376 1559 1953 1632; baseline -0.001 -19"><span class='ocrx_word' id='word_1_99' title='bbox 376 1576 527 1623; x_wconf 88' lang='lat' dir='ltr'><strong><em>nem;</em></strong></span> <span class='ocrx_word' id='word_1_100' title='bbox 558 1570 605 1613; x_wconf 90' lang='lat' dir='ltr'><strong><em>et</em></strong></span> <span class='ocrx_word' id='word_1_101' title='bbox 645 1560 836 1630; x_wconf 82' lang='lat' dir='ltr'><strong>lignum</strong></span> <span class='ocrx_word' id='word_1_102' title='bbox 859 1559 1174 1631; x_wconf 78' lang='lat' dir='ltr'><strong><em>fructiferum</em></strong></span> <span class='ocrx_word' id='word_1_103' title='bbox 1203 1560 1394 1632; x_wconf 78' lang='lat' dir='ltr'><strong><em>faciens</em></strong></span> <span class='ocrx_word' id='word_1_104' title='bbox 1430 1559 1671 1629; x_wconf 80' lang='lat' dir='ltr'><strong><em>fructum,</em></strong></span> <span class='ocrx_word' id='word_1_105' title='bbox 1699 1559 1845 1628; x_wconf 87' lang='lat' dir='ltr'><strong><em>cujus</em></strong></span> <span class='ocrx_word' id='word_1_106' title='bbox 1869 1574 1953 1612; x_wconf 89' lang='lat' dir='ltr'><strong><em>se-</em></strong></span> 
     </span>
    </p>
   </div>
   <div class='ocr_carea' id='block_1_15' title="bbox 377 1652 1954 1723">
    <p class='ocr_par' dir='ltr' id='par_1_15' title="bbox 377 1652 1954 1723">
     <span class='ocr_line' id='line_1_15' title="bbox 377 1652 1954 1723; baseline -0.002 -17"><span class='ocrx_word' id='word_1_107' title='bbox 377 1669 491 1706; x_wconf 79' lang='lat' dir='ltr'><strong><em>men</em></strong></span> <span class='ocrx_word' id='word_1_108' title='bbox 534 1653 601 1707; x_wconf 90' lang='lat' dir='ltr'><strong><em>sit</em></strong></span> <span class='ocrx_word' id='word_1_109' title='bbox 639 1654 694 1706; x_wconf 88' lang='lat' dir='ltr'><strong><em>in</em></strong></span> <span class='ocrx_word' id='word_1_110' title='bbox 730 1654 842 1723; x_wconf 89' lang='lat' dir='ltr'><strong><em>ipso</em></strong></span> <span class='ocrx_word' id='word_1_111' title='bbox 875 1653 1147 1707; x_wconf 87' lang='lat' dir='ltr'><strong><em>secundum</em></strong></span> <span class='ocrx_word' id='word_1_112' title='bbox 1191 1652 1568 1706; x_wconf 76' lang='lat' dir='ltr'><strong>similitudinem</strong></span> <span class='ocrx_word' id='word_1_113' title='bbox 1618 1667 1761 1704; x_wconf 90' lang='lat' dir='ltr'><strong><em>suam</em></strong></span> <span class='ocrx_word' id='word_1_114' title='bbox 1802 1665 1954 1720; x_wconf 85' lang='lat' dir='ltr'><strong><em>super</em></strong></span> 
     </span>
    </p>
   </div>
   <div class='ocr_carea' id='block_1_16' title="bbox 376 1740 1956 1815">
    <p class='ocr_par' dir='ltr' id='par_1_16' title="bbox 376 1740 1956 1815">
     <span class='ocr_line' id='line_1_16' title="bbox 376 1740 1956 1815; baseline -0.001 -19"><span class='ocrx_word' id='word_1_115' title='bbox 376 1753 583 1797; x_wconf 86' lang='lat' dir='ltr'><strong><em>terram.</em></strong></span> <span class='ocrx_word' id='word_1_116' title='bbox 615 1741 686 1796; x_wconf 86' lang='lat' dir='ltr'><strong><em>Et</em></strong></span> <span class='ocrx_word' id='word_1_117' title='bbox 727 1747 918 1814; x_wconf 82' lang='lat' dir='ltr'><strong><em>factum</em></strong></span> <span class='ocrx_word' id='word_1_118' title='bbox 961 1744 1161 1798; x_wconf 86' lang='lat' dir='ltr'><strong><em>estsic.</em></strong></span> <span class='ocrx_word' id='word_1_119' title='bbox 1212 1742 1280 1796; x_wconf 86' lang='lat' dir='ltr'><strong><em>Et</em></strong></span> <span class='ocrx_word' id='word_1_120' title='bbox 1325 1742 1563 1815; x_wconf 76' lang='lat' dir='ltr'><strong><em>produxit</em></strong></span> <span class='ocrx_word' id='word_1_121' title='bbox 1593 1752 1726 1796; x_wconf 89' lang='lat' dir='ltr'><strong><em>terra</em></strong></span> <span class='ocrx_word' id='word_1_122' title='bbox 1751 1740 1956 1795; x_wconf 86' lang='lat' dir='ltr'><strong><em>herbam</em></strong></span> 
     </span>
    </p>
   </div>
   <div class='ocr_carea' id='block_1_17' title="bbox 374 1833 1955 1904">
    <p class='ocr_par' dir='ltr' id='par_1_17' title="bbox 374 1833 1955 1904">
     <span class='ocr_line' id='line_1_17' title="bbox 374 1833 1955 1904; baseline 0.002 -18"><span class='ocrx_word' id='word_1_123' title='bbox 374 1833 571 1902; x_wconf 81' lang='lat' dir='ltr'><strong>pabuli,</strong></span> <span class='ocrx_word' id='word_1_124' title='bbox 605 1849 769 1887; x_wconf 83' lang='lat' dir='ltr'><strong><em>semen</em></strong></span> <span class='ocrx_word' id='word_1_125' title='bbox 810 1834 1069 1888; x_wconf 79' lang='lat' dir='ltr'><strong><em>habentem</em></strong></span> <span class='ocrx_word' id='word_1_126' title='bbox 1107 1834 1380 1888; x_wconf 88' lang='lat' dir='ltr'><strong><em>secundum</em></strong></span> <span class='ocrx_word' id='word_1_127' title='bbox 1405 1851 1581 1904; x_wconf 91' lang='lat' dir='ltr'><strong><em>genus,</em></strong></span> <span class='ocrx_word' id='word_1_128' title='bbox 1610 1842 1655 1887; x_wconf 89' lang='lat' dir='ltr'><strong><em>et</em></strong></span> <span class='ocrx_word' id='word_1_129' title='bbox 1680 1836 1955 1889; x_wconf 89' lang='lat' dir='ltr'><strong><em>secundum</em></strong></span> 
     </span>
    </p>
   </div>
   <div class='ocr_carea' id='block_1_18' title="bbox 373 1924 1951 1998">
    <p class='ocr_par' dir='ltr' id='par_1_18' title="bbox 373 1924 1951 1998">
     <span class='ocr_line' id='line_1_18' title="bbox 373 1924 1951 1998; baseline 0.002 -22"><span class='ocrx_word' id='word_1_130' title='bbox 373 1924 774 1990; x_wconf 83' lang='lat' dir='ltr'><strong>similitudinem,</strong></span> <span class='ocrx_word' id='word_1_131' title='bbox 808 1936 854 1979; x_wconf 91' lang='lat' dir='ltr'><strong><em>et</em></strong></span> <span class='ocrx_word' id='word_1_132' title='bbox 894 1927 1088 1997; x_wconf 85' lang='lat' dir='ltr'><strong><em>lignum</em></strong></span> <span class='ocrx_word' id='word_1_133' title='bbox 1124 1926 1437 1995; x_wconf 75' lang='lat' dir='ltr'><strong><em>fructiferum</em></strong></span> <span class='ocrx_word' id='word_1_134' title='bbox 1478 1927 1667 1997; x_wconf 82' lang='lat' dir='ltr'><strong><em>faciens</em></strong></span> <span class='ocrx_word' id='word_1_135' title='bbox 1694 1929 1914 1998; x_wconf 82' lang='lat' dir='ltr'><strong><em>fructum</em></strong></span> <span class='ocrx_word' id='word_1_136' title='bbox 1935 1967 1951 1993; x_wconf 92' lang='lat'><strong><em>,</em></strong></span> 
     </span>
    </p>
   </div>
   <div class='ocr_carea' id='block_1_19' title="bbox 376 2018 1952 2087">
    <p class='ocr_par' dir='ltr' id='par_1_19' title="bbox 376 2018 1952 2087">
     <span class='ocr_line' id='line_1_19' title="bbox 376 2018 1952 2087; baseline 0.002 -19"><span class='ocrx_word' id='word_1_137' title='bbox 376 2020 523 2083; x_wconf 81' lang='lat' dir='ltr'><strong><em>cujus</em></strong></span> <span class='ocrx_word' id='word_1_138' title='bbox 549 2032 714 2069; x_wconf 85' lang='lat' dir='ltr'><strong><em>semen</em></strong></span> <span class='ocrx_word' id='word_1_139' title='bbox 741 2018 847 2083; x_wconf 82' lang='lat' dir='ltr'><strong><em>ejus</em></strong></span> <span class='ocrx_word' id='word_1_140' title='bbox 867 2018 919 2070; x_wconf 90' lang='lat' dir='ltr'><strong><em>in</em></strong></span> <span class='ocrx_word' id='word_1_141' title='bbox 939 2034 995 2070; x_wconf 89' lang='lat' dir='ltr'><strong><em>eo</em></strong></span> <span class='ocrx_word' id='word_1_142' title='bbox 1017 2018 1079 2069; x_wconf 85' lang='lat' dir='ltr'><strong><em>sit</em></strong></span> <span class='ocrx_word' id='word_1_143' title='bbox 1100 2018 1371 2070; x_wconf 87' lang='lat' dir='ltr'><strong><em>secundum</em></strong></span> <span class='ocrx_word' id='word_1_144' title='bbox 1393 2034 1549 2087; x_wconf 88' lang='lat' dir='ltr'><strong><em>genus</em></strong></span> <span class='ocrx_word' id='word_1_145' title='bbox 1576 2033 1726 2087; x_wconf 89' lang='lat' dir='ltr'><strong><em>super</em></strong></span> <span class='ocrx_word' id='word_1_146' title='bbox 1746 2024 1952 2071; x_wconf 88' lang='lat' dir='ltr'><strong><em>terram.</em></strong></span> 
     </span>
    </p>
   </div>
   <div class='ocr_carea' id='block_1_20' title="bbox 374 2105 1957 2179">
    <p class='ocr_par' dir='ltr' id='par_1_20' title="bbox 374 2105 1957 2179">
     <span class='ocr_line' id='line_1_20' title="bbox 374 2105 1957 2179; baseline 0.001 -20"><span class='ocrx_word' id='word_1_147' title='bbox 374 2105 445 2159; x_wconf 82' lang='lat' dir='ltr'><strong><em>Et</em></strong></span> <span class='ocrx_word' id='word_1_148' title='bbox 474 2108 595 2160; x_wconf 82' lang='lat' dir='ltr'><strong><em>vidit</em></strong></span> <span class='ocrx_word' id='word_1_149' title='bbox 626 2107 761 2162; x_wconf 90' lang='lat' dir='ltr'><strong><em>Deus</em></strong></span> <span class='ocrx_word' id='word_1_150' title='bbox 784 2109 900 2179; x_wconf 89' lang='lat' dir='ltr'><strong><em>quia</em></strong></span> <span class='ocrx_word' id='word_1_151' title='bbox 922 2108 1105 2161; x_wconf 86' lang='lat' dir='ltr'><strong><em>bonum</em></strong></span> <span class='ocrx_word' id='word_1_152' title='bbox 1144 2117 1235 2162; x_wconf 88' lang='lat' dir='ltr'><strong><em>est.</em></strong></span> <span class='ocrx_word' id='word_1_153' title='bbox 1277 2106 1345 2161; x_wconf 86' lang='lat' dir='ltr'><strong><em>Et</em></strong></span> <span class='ocrx_word' id='word_1_154' title='bbox 1388 2110 1524 2179; x_wconf 83' lang='lat' dir='ltr'><strong><em>facta</em></strong></span> <span class='ocrx_word' id='word_1_155' title='bbox 1559 2117 1629 2161; x_wconf 88' lang='lat' dir='ltr'><strong><em>est</em></strong></span> <span class='ocrx_word' id='word_1_156' title='bbox 1654 2122 1880 2177; x_wconf 88' lang='lat' dir='ltr'><strong><em>vespera,</em></strong></span> <span class='ocrx_word' id='word_1_157' title='bbox 1909 2114 1957 2161; x_wconf 80' lang='lat' dir='ltr'><strong><em>et</em></strong></span> 
     </span>
    </p>
   </div>
   <div class='ocr_carea' id='block_1_21' title="bbox 373 2200 1954 2269">
    <p class='ocr_par' dir='ltr' id='par_1_21' title="bbox 373 2200 1954 2269">
     <span class='ocr_line' id='line_1_21' title="bbox 373 2200 1954 2269; baseline 0.001 -17"><span class='ocrx_word' id='word_1_158' title='bbox 373 2200 567 2269; x_wconf 74' lang='lat' dir='ltr'><strong><em>factum</em></strong></span> <span class='ocrx_word' id='word_1_159' title='bbox 593 2211 665 2255; x_wconf 86' lang='lat' dir='ltr'><strong><em>est</em></strong></span> <span class='ocrx_word' id='word_1_160' title='bbox 690 2217 835 2255; x_wconf 87' lang='lat' dir='ltr'><strong><em>mane</em></strong></span> <span class='ocrx_word' id='word_1_161' title='bbox 863 2202 968 2256; x_wconf 90' lang='lat' dir='ltr'><strong><em>dies</em></strong></span> <span class='ocrx_word' id='word_1_162' title='bbox 1003 2202 1194 2255; x_wconf 88' lang='lat' dir='ltr'><strong><em>tertius.</em></strong></span> <span class='ocrx_word' id='word_1_163' title='bbox 1228 2201 1326 2255; x_wconf 84' lang='lat' dir='ltr'><strong><em>Hic</em></strong></span> <span class='ocrx_word' id='word_1_164' title='bbox 1354 2200 1699 2257; x_wconf 84' lang='lat' dir='ltr'><strong><em>moderamen</em></strong></span> <span class='ocrx_word' id='word_1_165' title='bbox 1740 2200 1954 2254; x_wconf 87' lang='lat' dir='ltr'><strong><em>ordina-</em></strong></span> 
     </span>
    </p>
   </div>
   <div class='ocr_carea' id='block_1_22' title="bbox 374 2292 1955 2365">
    <p class='ocr_par' dir='ltr' id='par_1_22' title="bbox 374 2292 1955 2365">
     <span class='ocr_line' id='line_1_22' title="bbox 374 2292 1955 2365; baseline 0.003 -20"><span class='ocrx_word' id='word_1_166' title='bbox 374 2293 508 2346; x_wconf 87' lang='lat' dir='ltr'><strong><em>toris</em></strong></span> <span class='ocrx_word' id='word_1_167' title='bbox 527 2292 907 2349; x_wconf 85' lang='lat' dir='ltr'><strong><em>advertendum</em></strong></span> <span class='ocrx_word' id='word_1_168' title='bbox 934 2304 1033 2359; x_wconf 90' lang='lat' dir='ltr'><strong><em>est,</em></strong></span> <span class='ocrx_word' id='word_1_169' title='bbox 1074 2302 1132 2348; x_wconf 91' lang='lat' dir='ltr'><strong><em>ut</em></strong></span> <span class='ocrx_word' id='word_1_170' title='bbox 1159 2294 1407 2365; x_wconf 86' lang='lat' dir='ltr'><strong><em>quoniam</em></strong></span> <span class='ocrx_word' id='word_1_171' title='bbox 1437 2293 1683 2349; x_wconf 86' lang='lat' dir='ltr'><strong><em>distincta</em></strong></span> <span class='ocrx_word' id='word_1_172' title='bbox 1713 2293 1955 2363; x_wconf 76' lang='lat' dir='ltr'><strong><em>quaedam</em></strong></span> 
     </span>
    </p>
   </div>
   <div class='ocr_carea' id='block_1_23' title="bbox 372 2384 1956 2457">
    <p class='ocr_par' dir='ltr' id='par_1_23' title="bbox 372 2384 1956 2457">
     <span class='ocr_line' id='line_1_23' title="bbox 372 2384 1956 2457; baseline 0.002 -20"><span class='ocrx_word' id='word_1_173' title='bbox 372 2392 623 2439; x_wconf 82' lang='lat' dir='ltr'><strong><em>creatura</em></strong></span> <span class='ocrx_word' id='word_1_174' title='bbox 657 2393 738 2439; x_wconf 89' lang='lat' dir='ltr'><strong><em>est</em></strong></span> <span class='ocrx_word' id='word_1_175' title='bbox 762 2384 1045 2440; x_wconf 89' lang='lat' dir='ltr'><strong><em>herbarum</em></strong></span> <span class='ocrx_word' id='word_1_176' title='bbox 1082 2398 1241 2457; x_wconf 88' lang='lat' dir='ltr'><strong><em>atque</em></strong></span> <span class='ocrx_word' id='word_1_177' title='bbox 1266 2386 1524 2456; x_wconf 91' lang='lat' dir='ltr'><strong><em>lignorum</em></strong></span> <span class='ocrx_word' id='word_1_178' title='bbox 1550 2386 1618 2440; x_wconf 91' lang='lat' dir='ltr'><strong><em>ab</em></strong></span> <span class='ocrx_word' id='word_1_179' title='bbox 1643 2387 1821 2455; x_wconf 90' lang='lat' dir='ltr'><strong><em>specie</em></strong></span> <span class='ocrx_word' id='word_1_180' title='bbox 1848 2394 1956 2440; x_wconf 83' lang='lat' dir='ltr'><strong><em>ter-</em></strong></span> 
     </span>
    </p>
   </div>
   <div class='ocr_carea' id='block_1_24' title="bbox 371 2478 1955 2547">
    <p class='ocr_par' dir='ltr' id='par_1_24' title="bbox 371 2478 1955 2547">
     <span class='ocr_line' id='line_1_24' title="bbox 371 2478 1955 2547; baseline 0.002 -16"><span class='ocrx_word' id='word_1_181' title='bbox 371 2491 560 2531; x_wconf 89' lang='lat' dir='ltr'><strong><em>rarum</em></strong></span> <span class='ocrx_word' id='word_1_182' title='bbox 586 2484 643 2531; x_wconf 90' lang='lat' dir='ltr'><strong><em>et</em></strong></span> <span class='ocrx_word' id='word_1_183' title='bbox 668 2492 921 2547; x_wconf 87' lang='lat' dir='ltr'><strong><em>aquarum</em></strong></span> <span class='ocrx_word' id='word_1_184' title='bbox 954 2520 967 2541; x_wconf 90' lang='lat'><strong>,</strong></span> <span class='ocrx_word' id='word_1_185' title='bbox 1016 2487 1073 2533; x_wconf 91' lang='lat' dir='ltr'><strong><em>ut</em></strong></span> <span class='ocrx_word' id='word_1_186' title='bbox 1111 2494 1165 2532; x_wconf 81' lang='lat' dir='ltr'><strong><em>in</em></strong></span> <span class='ocrx_word' id='word_1_187' title='bbox 1211 2479 1489 2534; x_wconf 88' lang='lat' dir='ltr'><strong><em>elementis</em></strong></span> <span class='ocrx_word' id='word_1_188' title='bbox 1536 2478 1805 2535; x_wconf 90' lang='lat' dir='ltr'><strong><em>numerari</em></strong></span> <span class='ocrx_word' id='word_1_189' title='bbox 1847 2493 1955 2534; x_wconf 91' lang='lat' dir='ltr'><strong><em>non</em></strong></span> 
     </span>
    </p>
   </div>
   <div class='ocr_carea' id='block_1_25' title="bbox 372 2568 1952 2639">
    <p class='ocr_par' dir='ltr' id='par_1_25' title="bbox 372 2568 1952 2639">
     <span class='ocr_line' id='line_1_25' title="bbox 372 2568 1952 2639; baseline 0.004 -19"><span class='ocrx_word' id='word_1_190' title='bbox 372 2568 601 2638; x_wconf 79' lang='lat' dir='ltr'><strong>possint,</strong></span> <span class='ocrx_word' id='word_1_191' title='bbox 632 2584 871 2623; x_wconf 85' lang='lat' dir='ltr'><strong><em>seorsum</em></strong></span> <span class='ocrx_word' id='word_1_192' title='bbox 898 2569 965 2625; x_wconf 90' lang='lat' dir='ltr'><strong><em>de</em></strong></span> <span class='ocrx_word' id='word_1_193' title='bbox 992 2570 1094 2623; x_wconf 89' lang='lat' dir='ltr'><strong>illis</strong></span> <span class='ocrx_word' id='word_1_194' title='bbox 1109 2570 1376 2625; x_wconf 84' lang='lat' dir='ltr'><strong><em>diceretur</em></strong></span> <span class='ocrx_word' id='word_1_195' title='bbox 1397 2578 1453 2625; x_wconf 92' lang='lat' dir='ltr'><strong><em>ut</em></strong></span> <span class='ocrx_word' id='word_1_196' title='bbox 1473 2569 1683 2627; x_wconf 83' lang='lat' dir='ltr'><strong><em>exirent</em></strong></span> <span class='ocrx_word' id='word_1_197' title='bbox 1702 2570 1769 2627; x_wconf 91' lang='lat' dir='ltr'><strong><em>de</em></strong></span> <span class='ocrx_word' id='word_1_198' title='bbox 1791 2579 1952 2639; x_wconf 86' lang='lat' dir='ltr'><strong><em>terra;</em></strong></span> 
     </span>
    </p>
   </div>
   <div class='ocr_carea' id='block_1_26' title="bbox 373 2660 1953 2730">
    <p class='ocr_par' dir='ltr' id='par_1_26' title="bbox 373 2660 1953 2730">
     <span class='ocr_line' id='line_1_26' title="bbox 373 2660 1953 2730; baseline 0.001 -15"><span class='ocrx_word' id='word_1_199' title='bbox 373 2668 433 2715; x_wconf 90' lang='lat' dir='ltr'><strong><em>et</em></strong></span> <span class='ocrx_word' id='word_1_200' title='bbox 454 2674 692 2714; x_wconf 88' lang='lat' dir='ltr'><strong><em>seorsum</em></strong></span> <span class='ocrx_word' id='word_1_201' title='bbox 724 2660 831 2713; x_wconf 92' lang='lat' dir='ltr'><strong>illis</strong></span> <span class='ocrx_word' id='word_1_202' title='bbox 855 2660 1200 2715; x_wconf 72' lang='lat' dir='ltr'><strong><em>redderentur</em></strong></span> <span class='ocrx_word' id='word_1_203' title='bbox 1223 2662 1309 2716; x_wconf 90' lang='lat' dir='ltr'><strong><em>illa</em></strong></span> <span class='ocrx_word' id='word_1_204' title='bbox 1333 2661 1492 2717; x_wconf 88' lang='lat' dir='ltr'><strong><em>solita</em></strong></span> <span class='ocrx_word' id='word_1_205' title='bbox 1513 2702 1529 2728; x_wconf 94' lang='lat'><strong>,</strong></span> <span class='ocrx_word' id='word_1_206' title='bbox 1568 2669 1625 2716; x_wconf 91' lang='lat' dir='ltr'><strong><em>ut</em></strong></span> <span class='ocrx_word' id='word_1_207' title='bbox 1655 2662 1953 2730; x_wconf 82' lang='lat' dir='ltr'><strong><em>diceretur,</em></strong></span> 
     </span>
    </p>
   </div>
   <div class='ocr_carea' id='block_1_27' title="bbox 374 2748 1954 2824">
    <p class='ocr_par' dir='ltr' id='par_1_27' title="bbox 374 2748 1954 2824">
     <span class='ocr_line' id='line_1_27' title="bbox 374 2748 1954 2824; baseline 0.003 -21"><span class='ocrx_word' id='word_1_208' title='bbox 374 2748 445 2803; x_wconf 86' lang='lat' dir='ltr'><strong><em>Et</em></strong></span> <span class='ocrx_word' id='word_1_209' title='bbox 470 2753 660 2822; x_wconf 81' lang='lat' dir='ltr'><strong><em>factum</em></strong></span> <span class='ocrx_word' id='word_1_210' title='bbox 686 2752 885 2817; x_wconf 87' lang='lat' dir='ltr'><strong><em>estsic;</em></strong></span> <span class='ocrx_word' id='word_1_211' title='bbox 913 2767 975 2806; x_wconf 89' lang='lat' dir='ltr'><strong><em>ac</em></strong></span> <span class='ocrx_word' id='word_1_212' title='bbox 998 2752 1190 2807; x_wconf 90' lang='lat' dir='ltr'><strong><em>deinde</em></strong></span> <span class='ocrx_word' id='word_1_213' title='bbox 1218 2761 1551 2823; x_wconf 82' lang='lat' dir='ltr'><strong><em>repeteretur</em></strong></span> <span class='ocrx_word' id='word_1_214' title='bbox 1574 2752 1716 2824; x_wconf 90' lang='lat' dir='ltr'><strong><em>quod</em></strong></span> <span class='ocrx_word' id='word_1_215' title='bbox 1756 2753 1954 2809; x_wconf 83' lang='lat' dir='ltr'><strong><em>factum</em></strong></span> 
     </span>
    </p>
   </div>
   <div class='ocr_carea' id='block_1_28' title="bbox 373 2843 1956 2915">
    <p class='ocr_par' dir='ltr' id='par_1_28' title="bbox 373 2843 1956 2915">
     <span class='ocr_line' id='line_1_28' title="bbox 373 2843 1956 2915; baseline 0.003 -20"><span class='ocrx_word' id='word_1_216' title='bbox 373 2848 462 2895; x_wconf 86' lang='lat' dir='ltr'><strong><em>est</em></strong></span> <span class='ocrx_word' id='word_1_217' title='bbox 489 2859 503 2894; x_wconf 92' lang='lat'><strong>:</strong></span> <span class='ocrx_word' id='word_1_218' title='bbox 536 2856 774 2896; x_wconf 89' lang='lat' dir='ltr'><strong><em>seorsum</em></strong></span> <span class='ocrx_word' id='word_1_219' title='bbox 805 2858 1013 2914; x_wconf 90' lang='lat' dir='ltr'><strong><em>quoque</em></strong></span> <span class='ocrx_word' id='word_1_220' title='bbox 1059 2843 1379 2901; x_wconf 89' lang='lat' dir='ltr'><strong><em>indicaretur</em></strong></span> <span class='ocrx_word' id='word_1_221' title='bbox 1405 2844 1570 2899; x_wconf 90' lang='lat' dir='ltr'><strong><em>Deum</em></strong></span> <span class='ocrx_word' id='word_1_222' title='bbox 1598 2843 1794 2899; x_wconf 87' lang='lat' dir='ltr'><strong><em>vidisse</em></strong></span> <span class='ocrx_word' id='word_1_223' title='bbox 1834 2844 1956 2915; x_wconf 85' lang='lat' dir='ltr'><strong><em>quia</em></strong></span> 
     </span>
    </p>
   </div>
   <div class='ocr_carea' id='block_1_29' title="bbox 372 2930 1957 3005">
    <p class='ocr_par' dir='ltr' id='par_1_29' title="bbox 372 2930 1957 3005">
     <span class='ocr_line' id='line_1_29' title="bbox 372 2930 1957 3005; baseline 0.004 -20"><span class='ocrx_word' id='word_1_224' title='bbox 372 2930 573 2986; x_wconf 88' lang='lat' dir='ltr'><strong><em>bonum</em></strong></span> <span class='ocrx_word' id='word_1_225' title='bbox 609 2942 724 2997; x_wconf 84' lang='lat' dir='ltr'><strong><em>est;</em></strong></span> <span class='ocrx_word' id='word_1_226' title='bbox 764 2943 938 2989; x_wconf 89' lang='lat' dir='ltr'><strong><em>tamen</em></strong></span> <span class='ocrx_word' id='word_1_227' title='bbox 980 2935 1098 3005; x_wconf 82' lang='lat' dir='ltr'><strong><em>quia</em></strong></span> <span class='ocrx_word' id='word_1_228' title='bbox 1132 2934 1233 2989; x_wconf 82' lang='lat' dir='ltr'><strong><em>ﬁxa</em></strong></span> <span class='ocrx_word' id='word_1_229' title='bbox 1274 2934 1542 2991; x_wconf 86' lang='lat' dir='ltr'><strong><em>radicibus</em></strong></span> <span class='ocrx_word' id='word_1_230' title='bbox 1583 2936 1957 2992; x_wconf 80' lang='lat' dir='ltr'><strong><em>continuantur</em></strong></span> 
     </span>
    </p>
   </div>
   <div class='ocr_carea' id='block_1_30' title="bbox 376 3024 1955 3099">
    <p class='ocr_par' dir='ltr' id='par_1_30' title="bbox 376 3024 1955 3099">
     <span class='ocr_line' id='line_1_30' title="bbox 376 3024 1955 3099; baseline 0.004 -23"><span class='ocrx_word' id='word_1_231' title='bbox 376 3024 535 3077; x_wconf 90' lang='lat' dir='ltr'><strong><em>terris</em></strong></span> <span class='ocrx_word' id='word_1_232' title='bbox 560 3032 614 3078; x_wconf 90' lang='lat' dir='ltr'><strong><em>et</em></strong></span> <span class='ocrx_word' id='word_1_233' title='bbox 640 3033 1025 3080; x_wconf 90' lang='lat' dir='ltr'><strong><em>connectuntur</em></strong></span> <span class='ocrx_word' id='word_1_234' title='bbox 1047 3068 1062 3094; x_wconf 91' lang='lat'><strong><em>,</em></strong></span> <span class='ocrx_word' id='word_1_235' title='bbox 1088 3027 1187 3081; x_wconf 88' lang='lat' dir='ltr'><strong><em>ista</em></strong></span> <span class='ocrx_word' id='word_1_236' title='bbox 1212 3041 1423 3099; x_wconf 89' lang='lat' dir='ltr'><strong><em>quoque</em></strong></span> <span class='ocrx_word' id='word_1_237' title='bbox 1448 3025 1516 3081; x_wconf 87' lang='lat' dir='ltr'><strong><em>ad</em></strong></span> <span class='ocrx_word' id='word_1_238' title='bbox 1541 3026 1788 3084; x_wconf 87' lang='lat' dir='ltr'><strong><em>eumdem</em></strong></span> <span class='ocrx_word' id='word_1_239' title='bbox 1813 3026 1955 3083; x_wconf 90' lang='lat' dir='ltr'><strong><em>diem</em></strong></span> 
     </span>
    </p>
   </div>
   <div class='ocr_carea' id='block_1_31' title="bbox 372 3118 910 3185">
    <p class='ocr_par' dir='ltr' id='par_1_31' title="bbox 372 3118 910 3185">
     <span class='ocr_line' id='line_1_31' title="bbox 372 3118 910 3185; baseline 0.002 -16"><span class='ocrx_word' id='word_1_240' title='bbox 372 3118 644 3185; x_wconf 85' lang='lat' dir='ltr'><strong><em>pertinere</em></strong></span> <span class='ocrx_word' id='word_1_241' title='bbox 668 3119 910 3173; x_wconf 79' lang='lat' dir='ltr'><strong><em>voluerit.</em></strong></span> 
     </span>
    </p>
   </div>
   <div class='ocr_carea' id='block_1_32' title="bbox 370 3206 1957 3283">
    <p class='ocr_par' dir='ltr' id='par_1_32' title="bbox 370 3206 1957 3283">
     <span class='ocr_line' id='line_1_32' title="bbox 370 3206 1957 3283; baseline 0.006 -22"><span class='ocrx_word' id='word_1_242' title='bbox 370 3206 607 3263; x_wconf 84' lang='lat' dir='ltr'><strong>CAPUT</strong></span> <span class='ocrx_word' id='word_1_243' title='bbox 646 3209 783 3265; x_wconf 83' lang='lat' dir='ltr'>XIII.</span> <span class='ocrx_word' id='word_1_244' title='bbox 805 3241 877 3252; x_wconf 90' lang='lat'><strong><em>—-</em></strong></span> <span class='ocrx_word' id='word_1_245' title='bbox 898 3211 976 3265; x_wconf 90' lang='lat' dir='ltr'><strong><em>De</em></strong></span> <span class='ocrx_word' id='word_1_246' title='bbox 999 3230 1127 3267; x_wconf 87' lang='lat' dir='ltr'><strong><em>vers.</em></strong></span> <span class='ocrx_word' id='word_1_247' title='bbox 1170 3215 1255 3277; x_wconf 80' lang='lat' dir='ltr'><strong>M,</strong></span> <span class='ocrx_word' id='word_1_248' title='bbox 1297 3215 1363 3269; x_wconf 80' lang='grc'><strong><em>15</em></strong></span> <span class='ocrx_word' id='word_1_249' title='bbox 1381 3256 1396 3279; x_wconf 90' lang='grc'><strong><em>,</em></strong></span> <span class='ocrx_word' id='word_1_250' title='bbox 1424 3221 1547 3283; x_wconf 83' lang='lat' dir='ltr'><strong><em>etc.,</em></strong></span> <span class='ocrx_word' id='word_1_251' title='bbox 1572 3232 1663 3270; x_wconf 83' lang='lat' dir='ltr'><strong><em>cur</em></strong></span> <span class='ocrx_word' id='word_1_252' title='bbox 1684 3216 1957 3271; x_wconf 81' lang='lat' dir='ltr'><strong><em>luminaria</em></strong></span> 
     </span>
    </p>
   </div>
   <div class='ocr_carea' id='block_1_33' title="bbox 886 3283 1407 3354">
    <p class='ocr_par' dir='ltr' id='par_1_33' title="bbox 886 3283 1407 3354">
     <span class='ocr_line' id='line_1_33' title="bbox 886 3283 1407 3354; baseline 0.008 -19"><span class='ocrx_word' id='word_1_253' title='bbox 886 3283 967 3335; x_wconf 89' lang='lat' dir='ltr'><strong><em>die</em></strong></span> <span class='ocrx_word' id='word_1_254' title='bbox 987 3293 1164 3354; x_wconf 85' lang='lat' dir='ltr'><strong><em>quarto</em></strong></span> <span class='ocrx_word' id='word_1_255' title='bbox 1188 3286 1407 3339; x_wconf 89' lang='lat' dir='ltr'><strong><em>condita.</em></strong></span> 
     </span>
    </p>
   </div>
   <div class='ocr_carea' id='block_1_34' title="bbox 444 3368 1954 3447">
    <p class='ocr_par' dir='ltr' id='par_1_34' title="bbox 444 3368 1954 3447">
     <span class='ocr_line' id='line_1_34' title="bbox 444 3368 1954 3447; baseline 0.007 -24"><span class='ocrx_word' id='word_1_256' title='bbox 444 3368 535 3423; x_wconf 71' lang='lat'><strong><em>26.</em></strong></span> <span class='ocrx_word' id='word_1_257' title='bbox 567 3368 630 3423; x_wconf 86' lang='lat' dir='ltr'><strong><em>Et</em></strong></span> <span class='ocrx_word' id='word_1_258' title='bbox 668 3372 795 3425; x_wconf 79' lang='lat' dir='ltr'><strong><em>dixit</em></strong></span> <span class='ocrx_word' id='word_1_259' title='bbox 842 3372 994 3437; x_wconf 87' lang='lat' dir='ltr'><strong><em>Deus,</em></strong></span> <span class='ocrx_word' id='word_1_260' title='bbox 1042 3373 1197 3428; x_wconf 86' lang='lat' dir='ltr'><strong><em>Fiant</em></strong></span> <span class='ocrx_word' id='word_1_261' title='bbox 1233 3376 1507 3430; x_wconf 86' lang='lat' dir='ltr'><strong><em>luminaria</em></strong></span> <span class='ocrx_word' id='word_1_262' title='bbox 1543 3378 1597 3431; x_wconf 89' lang='lat' dir='ltr'><strong><em>in</em></strong></span> <span class='ocrx_word' id='word_1_263' title='bbox 1635 3378 1954 3447; x_wconf 77' lang='lat' dir='ltr'><strong><em>ﬁrmamento</em></strong></span> 
     </span>
    </p>
   </div>
   <div class='ocr_carea' id='block_1_35' title="bbox 373 3458 1956 3533">
    <p class='ocr_par' dir='ltr' id='par_1_35' title="bbox 373 3458 1956 3533">
     <span class='ocr_line' id='line_1_35' title="bbox 373 3458 1956 3533; baseline 0.008 -22"><span class='ocrx_word' id='word_1_264' title='bbox 373 3458 487 3512; x_wconf 71' lang='lat' dir='ltr'><strong><em>ccli</em></strong></span> <span class='ocrx_word' id='word_1_265' title='bbox 512 3461 553 3526; x_wconf 72' lang='grc' dir='ltr'>ί,</span> <span class='ocrx_word' id='word_1_266' title='bbox 582 3469 637 3513; x_wconf 80' lang='grc' dir='ltr'><strong><em>ιιι</em></strong></span> <span class='ocrx_word' id='word_1_267' title='bbox 661 3462 859 3516; x_wconf 89' lang='lat' dir='ltr'><strong><em>luceant</em></strong></span> <span class='ocrx_word' id='word_1_268' title='bbox 889 3480 1039 3533; x_wconf 83' lang='lat' dir='ltr'><strong><em>super</em></strong></span> <span class='ocrx_word' id='word_1_269' title='bbox 1068 3475 1277 3533; x_wconf 88' lang='lat' dir='ltr'><strong><em>terram,</em></strong></span> <span class='ocrx_word' id='word_1_270' title='bbox 1311 3468 1362 3520; x_wconf 90' lang='lat' dir='ltr'><strong><em>in</em></strong></span> <span class='ocrx_word' id='word_1_271' title='bbox 1392 3467 1760 3523; x_wconf 85' lang='lat' dir='ltr'><strong><em>inchoationem</em></strong></span> <span class='ocrx_word' id='word_1_272' title='bbox 1789 3470 1888 3523; x_wconf 87' lang='lat' dir='ltr'><strong><em>diei</em></strong></span> <span class='ocrx_word' id='word_1_273' title='bbox 1908 3478 1956 3525; x_wconf 88' lang='lat' dir='ltr'><strong><em>et</em></strong></span> 
     </span>
    </p>
   </div>
   <div class='ocr_carea' id='block_1_36' title="bbox 371 3552 1955 3624">
    <p class='ocr_par' dir='ltr' id='par_1_36' title="bbox 371 3552 1955 3624">
     <span class='ocr_line' id='line_1_36' title="bbox 371 3552 1955 3624; baseline 0.008 -21"><span class='ocrx_word' id='word_1_274' title='bbox 371 3552 555 3613; x_wconf 83' lang='lat' dir='ltr'><strong><em>noctis,</em></strong></span> <span class='ocrx_word' id='word_1_275' title='bbox 592 3561 638 3606; x_wconf 90' lang='lat' dir='ltr'><strong><em>et</em></strong></span> <span class='ocrx_word' id='word_1_276' title='bbox 663 3562 718 3605; x_wconf 89' lang='lat' dir='ltr'><strong><em>ut</em></strong></span> <span class='ocrx_word' id='word_1_277' title='bbox 746 3553 970 3608; x_wconf 83' lang='lat' dir='ltr'><strong><em>dividant</em></strong></span> <span class='ocrx_word' id='word_1_278' title='bbox 998 3557 1129 3610; x_wconf 89' lang='lat' dir='ltr'><strong><em>inter</em></strong></span> <span class='ocrx_word' id='word_1_279' title='bbox 1153 3557 1286 3611; x_wconf 88' lang='lat' dir='ltr'><strong><em>diem</em></strong></span> <span class='ocrx_word' id='word_1_280' title='bbox 1322 3567 1370 3612; x_wconf 88' lang='lat' dir='ltr'><strong><em>et</em></strong></span> <span class='ocrx_word' id='word_1_281' title='bbox 1405 3567 1630 3624; x_wconf 89' lang='lat' dir='ltr'><strong><em>noctem;</em></strong></span> <span class='ocrx_word' id='word_1_282' title='bbox 1672 3568 1721 3614; x_wconf 92' lang='lat' dir='ltr'><strong><em>et</em></strong></span> <span class='ocrx_word' id='word_1_283' title='bbox 1761 3561 1862 3614; x_wconf 85' lang='lat' dir='ltr'><strong><em>sint</em></strong></span> <span class='ocrx_word' id='word_1_284' title='bbox 1900 3562 1955 3616; x_wconf 89' lang='lat' dir='ltr'><strong><em>in</em></strong></span> 
     </span>
    </p>
   </div>
   <div class='ocr_carea' id='block_1_37' title="bbox 372 3642 1955 3716">
    <p class='ocr_par' dir='ltr' id='par_1_37' title="bbox 372 3642 1955 3716">
     <span class='ocr_line' id='line_1_37' title="bbox 372 3642 1955 3716; baseline 0.008 -23"><span class='ocrx_word' id='word_1_285' title='bbox 372 3642 520 3712; x_wconf 89' lang='lat' dir='ltr'><strong><em>signa</em></strong></span> <span class='ocrx_word' id='word_1_286' title='bbox 569 3652 617 3695; x_wconf 91' lang='lat' dir='ltr'><strong><em>et</em></strong></span> <span class='ocrx_word' id='word_1_287' title='bbox 666 3653 922 3716; x_wconf 88' lang='lat' dir='ltr'><strong><em>tempora,</em></strong></span> <span class='ocrx_word' id='word_1_288' title='bbox 969 3656 1015 3700; x_wconf 91' lang='lat' dir='ltr'><strong><em>et</em></strong></span> <span class='ocrx_word' id='word_1_289' title='bbox 1043 3647 1096 3701; x_wconf 87' lang='lat' dir='ltr'><strong><em>in</em></strong></span> <span class='ocrx_word' id='word_1_290' title='bbox 1120 3648 1245 3712; x_wconf 89' lang='lat' dir='ltr'><strong><em>dies,</em></strong></span> <span class='ocrx_word' id='word_1_291' title='bbox 1277 3659 1323 3702; x_wconf 84' lang='lat' dir='ltr'><strong><em>et</em></strong></span> <span class='ocrx_word' id='word_1_292' title='bbox 1361 3650 1414 3702; x_wconf 88' lang='lat' dir='ltr'><strong><em>in</em></strong></span> <span class='ocrx_word' id='word_1_293' title='bbox 1459 3666 1638 3715; x_wconf 90' lang='lat' dir='ltr'><strong><em>annos,</em></strong></span> <span class='ocrx_word' id='word_1_294' title='bbox 1671 3658 1717 3704; x_wconf 87' lang='lat' dir='ltr'><strong><em>et</em></strong></span> <span class='ocrx_word' id='word_1_295' title='bbox 1754 3651 1852 3704; x_wconf 85' lang='lat' dir='ltr'><strong><em>sint</em></strong></span> <span class='ocrx_word' id='word_1_296' title='bbox 1901 3653 1955 3706; x_wconf 88' lang='lat' dir='ltr'><strong><em>in</em></strong></span> 
     </span>
    </p>
   </div>
   <div class='ocr_carea' id='block_1_38' title="bbox 371 3735 1949 3813">
    <p class='ocr_par' dir='ltr' id='par_1_38' title="bbox 371 3735 1949 3813">
     <span class='ocr_line' id='line_1_38' title="bbox 371 3735 1949 3813; baseline 0.006 -27"><span class='ocrx_word' id='word_1_297' title='bbox 371 3735 690 3803; x_wconf 86' lang='lat' dir='ltr'><strong><em>splendorem</em></strong></span> <span class='ocrx_word' id='word_1_298' title='bbox 712 3738 764 3790; x_wconf 93' lang='lat' dir='ltr'><strong><em>in</em></strong></span> <span class='ocrx_word' id='word_1_299' title='bbox 788 3739 1103 3807; x_wconf 78' lang='lat' dir='ltr'><strong><em>ﬁrmamento</em></strong></span> <span class='ocrx_word' id='word_1_300' title='bbox 1129 3740 1260 3804; x_wconf 75' lang='lat' dir='ltr'><strong><em>caeli,</em></strong></span> <span class='ocrx_word' id='word_1_301' title='bbox 1280 3751 1335 3795; x_wconf 90' lang='lat' dir='ltr'><strong><em>ut</em></strong></span> <span class='ocrx_word' id='word_1_302' title='bbox 1356 3741 1553 3795; x_wconf 89' lang='lat' dir='ltr'><strong><em>luceant</em></strong></span> <span class='ocrx_word' id='word_1_303' title='bbox 1575 3758 1727 3813; x_wconf 84' lang='lat' dir='ltr'><strong><em>super</em></strong></span> <span class='ocrx_word' id='word_1_304' title='bbox 1746 3752 1949 3796; x_wconf 90' lang='lat' dir='ltr'><strong><em>terram.</em></strong></span> 
     </span>
    </p>
   </div>
   <div class='ocr_carea' id='block_1_39' title="bbox 371 3823 1953 3903">
    <p class='ocr_par' dir='ltr' id='par_1_39' title="bbox 371 3823 1953 3903">
     <span class='ocr_line' id='line_1_39' title="bbox 371 3823 1953 3903; baseline 0.006 -26"><span class='ocrx_word' id='word_1_305' title='bbox 371 3823 445 3877; x_wconf 88' lang='lat' dir='ltr'><strong><em>Et</em></strong></span> <span class='ocrx_word' id='word_1_306' title='bbox 466 3829 656 3896; x_wconf 76' lang='lat' dir='ltr'><strong><em>factum</em></strong></span> <span class='ocrx_word' id='word_1_307' title='bbox 680 3838 750 3881; x_wconf 84' lang='lat' dir='ltr'><strong><em>est</em></strong></span> <span class='ocrx_word' id='word_1_308' title='bbox 777 3830 869 3883; x_wconf 91' lang='lat' dir='ltr'><strong><em>sic.</em></strong></span> <span class='ocrx_word' id='word_1_309' title='bbox 901 3828 967 3882; x_wconf 86' lang='lat' dir='ltr'><strong><em>Et</em></strong></span> <span class='ocrx_word' id='word_1_310' title='bbox 991 3830 1109 3900; x_wconf 76' lang='lat' dir='ltr'><strong><em>fecit</em></strong></span> <span class='ocrx_word' id='word_1_311' title='bbox 1134 3830 1272 3885; x_wconf 86' lang='lat' dir='ltr'><strong><em>Deus</em></strong></span> <span class='ocrx_word' id='word_1_312' title='bbox 1300 3832 1400 3885; x_wconf 90' lang='lat' dir='ltr'><strong><em>duo</em></strong></span> <span class='ocrx_word' id='word_1_313' title='bbox 1427 3832 1696 3886; x_wconf 87' lang='lat' dir='ltr'><strong><em>luminaria</em></strong></span> <span class='ocrx_word' id='word_1_314' title='bbox 1729 3849 1953 3903; x_wconf 87' lang='lat' dir='ltr'><strong><em>magna;</em></strong></span> 
     </span>
    </p>
   </div>
   <div class='ocr_carea' id='block_1_40' title="bbox 374 3917 1954 3991">
    <p class='ocr_par' dir='ltr' id='par_1_40' title="bbox 374 3917 1954 3991">
     <span class='ocr_line' id='line_1_40' title="bbox 374 3917 1954 3991; baseline 0.008 -22"><span class='ocrx_word' id='word_1_315' title='bbox 374 3917 627 3972; x_wconf 85' lang='lat' dir='ltr'><strong><em>luminare</em></strong></span> <span class='ocrx_word' id='word_1_316' title='bbox 650 3922 813 3991; x_wconf 85' lang='lat' dir='ltr'><strong><em>majus</em></strong></span> <span class='ocrx_word' id='word_1_317' title='bbox 838 3922 890 3975; x_wconf 90' lang='lat' dir='ltr'><strong><em>in</em></strong></span> <span class='ocrx_word' id='word_1_318' title='bbox 914 3923 1282 3978; x_wconf 87' lang='lat' dir='ltr'><strong><em>inchoationem</em></strong></span> <span class='ocrx_word' id='word_1_319' title='bbox 1306 3924 1424 3991; x_wconf 87' lang='lat' dir='ltr'><strong>diei,</strong></span> <span class='ocrx_word' id='word_1_320' title='bbox 1450 3934 1500 3980; x_wconf 89' lang='lat' dir='ltr'><strong><em>et</em></strong></span> <span class='ocrx_word' id='word_1_321' title='bbox 1524 3926 1771 3981; x_wconf 88' lang='lat' dir='ltr'><strong><em>luminare</em></strong></span> <span class='ocrx_word' id='word_1_322' title='bbox 1788 3928 1954 3982; x_wconf 88' lang='lat' dir='ltr'><strong><em>minus</em></strong></span> 
     </span>
    </p>
   </div>
   <div class='ocr_carea' id='block_1_41' title="bbox 369 4010 1953 4088">
    <p class='ocr_par' dir='ltr' id='par_1_41' title="bbox 369 4010 1953 4088">
     <span class='ocr_line' id='line_1_41' title="bbox 369 4010 1953 4088; baseline 0.008 -27"><span class='ocrx_word' id='word_1_323' title='bbox 369 4010 426 4062; x_wconf 90' lang='lat' dir='ltr'><strong><em>in</em></strong></span> <span class='ocrx_word' id='word_1_324' title='bbox 456 4010 822 4065; x_wconf 87' lang='lat' dir='ltr'><strong><em>inchoationem</em></strong></span> <span class='ocrx_word' id='word_1_325' title='bbox 851 4015 1044 4079; x_wconf 84' lang='lat' dir='ltr'><strong><em>noctis;</em></strong></span> <span class='ocrx_word' id='word_1_326' title='bbox 1073 4025 1119 4068; x_wconf 90' lang='lat' dir='ltr'><strong><em>et</em></strong></span> <span class='ocrx_word' id='word_1_327' title='bbox 1146 4015 1359 4070; x_wconf 78' lang='lat' dir='ltr'><strong><em>stellas‘:</em></strong></span> <span class='ocrx_word' id='word_1_328' title='bbox 1382 4024 1427 4070; x_wconf 88' lang='lat' dir='ltr'><strong><em>et</em></strong></span> <span class='ocrx_word' id='word_1_329' title='bbox 1454 4019 1620 4088; x_wconf 88' lang='lat' dir='ltr'><strong><em>posuit</em></strong></span> <span class='ocrx_word' id='word_1_330' title='bbox 1655 4035 1716 4073; x_wconf 90' lang='lat' dir='ltr'><strong><em>ea</em></strong></span> <span class='ocrx_word' id='word_1_331' title='bbox 1750 4020 1771 4052; x_wconf 84' lang='grc'><strong><em>²</em></strong></span> <span class='ocrx_word' id='word_1_332' title='bbox 1814 4018 1953 4074; x_wconf 86' lang='lat' dir='ltr'><strong><em>Deus</em></strong></span> 
     </span>
    </p>
   </div>
   <div class='ocr_carea' id='block_1_42' title="bbox 370 4100 1953 4178">
    <p class='ocr_par' dir='ltr' id='par_1_42' title="bbox 370 4100 1953 4178">
     <span class='ocr_line' id='line_1_42' title="bbox 370 4100 1953 4178; baseline 0.007 -26"><span class='ocrx_word' id='word_1_333' title='bbox 370 4100 427 4153; x_wconf 86' lang='lat' dir='ltr'><strong><em>in</em></strong></span> <span class='ocrx_word' id='word_1_334' title='bbox 459 4101 772 4169; x_wconf 83' lang='lat' dir='ltr'><strong><em>ﬁrmamento</em></strong></span> <span class='ocrx_word' id='word_1_335' title='bbox 798 4105 927 4169; x_wconf 78' lang='lat' dir='ltr'><strong><em>caeli,</em></strong></span> <span class='ocrx_word' id='word_1_336' title='bbox 956 4114 1010 4158; x_wconf 89' lang='lat' dir='ltr'><strong><em>ut</em></strong></span> <span class='ocrx_word' id='word_1_337' title='bbox 1033 4106 1232 4160; x_wconf 88' lang='lat' dir='ltr'><strong><em>luceant</em></strong></span> <span class='ocrx_word' id='word_1_338' title='bbox 1255 4123 1406 4178; x_wconf 85' lang='lat' dir='ltr'><strong><em>super</em></strong></span> <span class='ocrx_word' id='word_1_339' title='bbox 1439 4118 1643 4175; x_wconf 84' lang='lat' dir='ltr'><strong><em>terram,</em></strong></span> <span class='ocrx_word' id='word_1_340' title='bbox 1673 4116 1719 4161; x_wconf 91' lang='lat' dir='ltr'><strong><em>et</em></strong></span> <span class='ocrx_word' id='word_1_341' title='bbox 1758 4117 1811 4162; x_wconf 89' lang='lat' dir='ltr'><strong><em>ut</em></strong></span> <span class='ocrx_word' id='word_1_342' title='bbox 1853 4109 1953 4163; x_wconf 85' lang='lat' dir='ltr'><strong><em>sint</em></strong></span> 
     </span>
    </p>
   </div>
   <div class='ocr_carea' id='block_1_43' title="bbox 370 4192 1953 4263">
    <p class='ocr_par' dir='ltr' id='par_1_43' title="bbox 370 4192 1953 4263">
     <span class='ocr_line' id='line_1_43' title="bbox 370 4192 1953 4263; baseline 0.008 -18"><span class='ocrx_word' id='word_1_343' title='bbox 370 4192 428 4245; x_wconf 87' lang='lat' dir='ltr'><strong><em>in</em></strong></span> <span class='ocrx_word' id='word_1_344' title='bbox 455 4192 824 4248; x_wconf 71' lang='lat' dir='ltr'><strong><em>inchoationem</em></strong></span> <span class='ocrx_word' id='word_1_345' title='bbox 854 4197 954 4250; x_wconf 88' lang='lat' dir='ltr'><strong><em>diei</em></strong></span> <span class='ocrx_word' id='word_1_346' title='bbox 977 4207 1025 4252; x_wconf 91' lang='lat' dir='ltr'><strong><em>et</em></strong></span> <span class='ocrx_word' id='word_1_347' title='bbox 1048 4200 1226 4263; x_wconf 88' lang='lat' dir='ltr'><strong><em>noctis,</em></strong></span> <span class='ocrx_word' id='word_1_348' title='bbox 1251 4209 1295 4253; x_wconf 90' lang='lat' dir='ltr'><strong><em>et</em></strong></span> <span class='ocrx_word' id='word_1_349' title='bbox 1321 4210 1374 4253; x_wconf 89' lang='lat' dir='ltr'><strong><em>ut</em></strong></span> <span class='ocrx_word' id='word_1_350' title='bbox 1399 4200 1624 4255; x_wconf 86' lang='lat' dir='ltr'><strong><em>dividant</em></strong></span> <span class='ocrx_word' id='word_1_351' title='bbox 1642 4203 1773 4256; x_wconf 89' lang='lat' dir='ltr'><strong><em>inter</em></strong></span> <span class='ocrx_word' id='word_1_352' title='bbox 1791 4203 1953 4258; x_wconf 88' lang='lat' dir='ltr'><strong><em>lucem</em></strong></span> 
     </span>
    </p>
   </div>
   <div class='ocr_carea' id='block_1_44' title="bbox 369 4287 1953 4368">
    <p class='ocr_par' dir='ltr' id='par_1_44' title="bbox 369 4287 1953 4368">
     <span class='ocr_line' id='line_1_44' title="bbox 369 4287 1953 4368; baseline 0.008 -31"><span class='ocrx_word' id='word_1_353' title='bbox 369 4293 419 4338; x_wconf 82' lang='lat' dir='ltr'><strong><em>et</em></strong></span> <span class='ocrx_word' id='word_1_354' title='bbox 449 4288 698 4341; x_wconf 90' lang='lat' dir='ltr'><strong><em>tenebras.</em></strong></span> <span class='ocrx_word' id='word_1_355' title='bbox 739 4287 809 4341; x_wconf 92' lang='lat' dir='ltr'><strong><em>Et</em></strong></span> <span class='ocrx_word' id='word_1_356' title='bbox 836 4290 959 4344; x_wconf 82' lang='lat' dir='ltr'><strong><em>vidit</em></strong></span> <span class='ocrx_word' id='word_1_357' title='bbox 985 4289 1123 4345; x_wconf 87' lang='lat' dir='ltr'><strong><em>Deus</em></strong></span> <span class='ocrx_word' id='word_1_358' title='bbox 1146 4293 1263 4364; x_wconf 87' lang='lat' dir='ltr'><strong><em>quia</em></strong></span> <span class='ocrx_word' id='word_1_359' title='bbox 1292 4291 1474 4348; x_wconf 89' lang='lat' dir='ltr'><strong><em>bonum</em></strong></span> <span class='ocrx_word' id='word_1_360' title='bbox 1497 4302 1587 4349; x_wconf 87' lang='lat' dir='ltr'><strong><em>est.</em></strong></span> <span class='ocrx_word' id='word_1_361' title='bbox 1630 4294 1698 4348; x_wconf 84' lang='lat' dir='ltr'><strong><em>Et</em></strong></span> <span class='ocrx_word' id='word_1_362' title='bbox 1723 4302 1856 4368; x_wconf 76' lang='lat' dir='ltr'><strong><em>facta</em></strong></span> <span class='ocrx_word' id='word_1_363' title='bbox 1881 4305 1953 4350; x_wconf 87' lang='lat' dir='ltr'><strong><em>est</em></strong></span> 
     </span>
    </p>
   </div>
   <div class='ocr_carea' id='block_1_45' title="bbox 366 4383 1953 4458">
    <p class='ocr_par' dir='ltr' id='par_1_45' title="bbox 366 4383 1953 4458">
     <span class='ocr_line' id='line_1_45' title="bbox 366 4383 1953 4458; baseline 0.009 -29"><span class='ocrx_word' id='word_1_364' title='bbox 366 4393 595 4447; x_wconf 87' lang='lat' dir='ltr'><strong><em>vespera,</em></strong></span> <span class='ocrx_word' id='word_1_365' title='bbox 621 4388 668 4432; x_wconf 91' lang='lat' dir='ltr'><strong><em>et</em></strong></span> <span class='ocrx_word' id='word_1_366' title='bbox 696 4383 885 4451; x_wconf 82' lang='lat' dir='ltr'><strong><em>factum</em></strong></span> <span class='ocrx_word' id='word_1_367' title='bbox 912 4394 984 4436; x_wconf 84' lang='lat' dir='ltr'><strong><em>est</em></strong></span> <span class='ocrx_word' id='word_1_368' title='bbox 1006 4400 1153 4438; x_wconf 85' lang='lat' dir='ltr'><strong><em>mane</em></strong></span> <span class='ocrx_word' id='word_1_369' title='bbox 1174 4384 1280 4438; x_wconf 85' lang='lat' dir='ltr'><strong><em>dies</em></strong></span> <span class='ocrx_word' id='word_1_370' title='bbox 1303 4394 1527 4454; x_wconf 86' lang='lat' dir='ltr'><strong><em>quartus.</em></strong></span> <span class='ocrx_word' id='word_1_371' title='bbox 1558 4386 1614 4441; x_wconf 89' lang='lat' dir='ltr'><strong><em>In</em></strong></span> <span class='ocrx_word' id='word_1_372' title='bbox 1643 4386 1744 4441; x_wconf 89' lang='lat' dir='ltr'><strong><em>hoc</em></strong></span> <span class='ocrx_word' id='word_1_373' title='bbox 1762 4397 1953 4458; x_wconf 86' lang='lat' dir='ltr'><strong><em>quarto</em></strong></span> 
     </span>
    </p>
   </div>
   <div class='ocr_carea' id='block_1_46' title="bbox 367 4469 1953 4551">
    <p class='ocr_par' dir='ltr' id='par_1_46' title="bbox 367 4469 1953 4551">
     <span class='ocr_line' id='line_1_46' title="bbox 367 4469 1953 4551; baseline 0.009 -28"><span class='ocrx_word' id='word_1_374' title='bbox 367 4469 457 4525; x_wconf 88' lang='lat' dir='ltr'><strong><em>die</em></strong></span> <span class='ocrx_word' id='word_1_375' title='bbox 489 4473 828 4539; x_wconf 73' lang='lat' dir='ltr'><strong><em>qumrendum</em></strong></span> <span class='ocrx_word' id='word_1_376' title='bbox 871 4484 969 4542; x_wconf 90' lang='lat' dir='ltr'><strong><em>est,</em></strong></span> <span class='ocrx_word' id='word_1_377' title='bbox 1002 4477 1129 4547; x_wconf 89' lang='lat' dir='ltr'><strong><em>quid</em></strong></span> <span class='ocrx_word' id='word_1_378' title='bbox 1157 4477 1258 4531; x_wconf 89' lang='lat' dir='ltr'><strong>sibi</strong></span> <span class='ocrx_word' id='word_1_379' title='bbox 1286 4480 1413 4534; x_wconf 87' lang='lat' dir='ltr'><strong><em>velit</em></strong></span> <span class='ocrx_word' id='word_1_380' title='bbox 1444 4479 1542 4536; x_wconf 86' lang='lat' dir='ltr'><strong><em>ista</em></strong></span> <span class='ocrx_word' id='word_1_381' title='bbox 1576 4481 1860 4551; x_wconf 87' lang='lat' dir='ltr'><strong><em>ordinatio,</em></strong></span> <span class='ocrx_word' id='word_1_382' title='bbox 1894 4491 1953 4538; x_wconf 87' lang='lat' dir='ltr'><strong><em>ut</em></strong></span> 
     </span>
    </p>
   </div>
   <div class='ocr_carea' id='block_1_47' title="bbox 368 4564 1947 4644">
    <p class='ocr_par' dir='ltr' id='par_1_47' title="bbox 368 4564 1947 4644">
     <span class='ocr_line' id='line_1_47' title="bbox 368 4564 1947 4644; baseline 0.011 -30"><span class='ocrx_word' id='word_1_383' title='bbox 368 4564 521 4632; x_wconf 88' lang='lat' dir='ltr'><strong><em>prius</em></strong></span> <span class='ocrx_word' id='word_1_384' title='bbox 545 4566 625 4618; x_wconf 85' lang='lat' dir='ltr'><strong><em>vel</em></strong></span> <span class='ocrx_word' id='word_1_385' title='bbox 672 4567 877 4635; x_wconf 83' lang='lat' dir='ltr'><strong><em>tierent,</em></strong></span> <span class='ocrx_word' id='word_1_386' title='bbox 923 4570 1004 4623; x_wconf 86' lang='lat' dir='ltr'><strong><em>vel</em></strong></span> <span class='ocrx_word' id='word_1_387' title='bbox 1035 4581 1444 4627; x_wconf 90' lang='lat' dir='ltr'><strong><em>secernerentur</em></strong></span> <span class='ocrx_word' id='word_1_388' title='bbox 1485 4588 1622 4644; x_wconf 89' lang='lat' dir='ltr'><strong><em>aqua</em></strong></span> <span class='ocrx_word' id='word_1_389' title='bbox 1671 4584 1725 4629; x_wconf 91' lang='lat' dir='ltr'><strong><em>et</em></strong></span> <span class='ocrx_word' id='word_1_390' title='bbox 1767 4586 1905 4630; x_wconf 90' lang='lat' dir='ltr'><strong><em>terra</em></strong></span> <span class='ocrx_word' id='word_1_391' title='bbox 1930 4617 1947 4643; x_wconf 93' lang='lat'><strong><em>,</em></strong></span> 
     </span>
    </p>
   </div>
   <div class='ocr_carea' id='block_1_48' title="bbox 369 4654 1951 4733">
    <p class='ocr_par' dir='ltr' id='par_1_48' title="bbox 369 4654 1951 4733">
     <span class='ocr_line' id='line_1_48' title="bbox 369 4654 1951 4733; baseline 0.013 -29"><span class='ocrx_word' id='word_1_392' title='bbox 369 4654 625 4724; x_wconf 86' lang='lat' dir='ltr'><strong><em>priusque</em></strong></span> <span class='ocrx_word' id='word_1_393' title='bbox 655 4665 792 4712; x_wconf 89' lang='lat' dir='ltr'><strong><em>terra</em></strong></span> <span class='ocrx_word' id='word_1_394' title='bbox 835 4662 1177 4730; x_wconf 89' lang='lat' dir='ltr'><strong><em>germinaret,</em></strong></span> <span class='ocrx_word' id='word_1_395' title='bbox 1205 4680 1361 4733; x_wconf 88' lang='lat' dir='ltr'><strong><em>quam</em></strong></span> <span class='ocrx_word' id='word_1_396' title='bbox 1398 4665 1449 4719; x_wconf 91' lang='lat' dir='ltr'><strong><em>in</em></strong></span> <span class='ocrx_word' id='word_1_397' title='bbox 1489 4667 1626 4721; x_wconf 82' lang='lat' dir='ltr'><strong><em>coelo</em></strong></span> <span class='ocrx_word' id='word_1_398' title='bbox 1652 4665 1826 4723; x_wconf 85' lang='lat' dir='ltr'><strong><em>sidera</em></strong></span> <span class='ocrx_word' id='word_1_399' title='bbox 1856 4669 1951 4724; x_wconf 80' lang='lat' dir='ltr'><strong><em>lie-</em></strong></span> 
     </span>
    </p>
   </div>
   <div class='ocr_carea' id='block_1_49' title="bbox 366 4746 1950 4832">
    <p class='ocr_par' dir='ltr' id='par_1_49' title="bbox 366 4746 1950 4832">
     <span class='ocr_line' id='line_1_49' title="bbox 366 4746 1950 4832; baseline 0.014 -35"><span class='ocrx_word' id='word_1_400' title='bbox 366 4753 508 4798; x_wconf 89' lang='lat' dir='ltr'><strong><em>rent.</em></strong></span> <span class='ocrx_word' id='word_1_401' title='bbox 538 4746 717 4817; x_wconf 87' lang='lat' dir='ltr'><strong><em>Neque</em></strong></span> <span class='ocrx_word' id='word_1_402' title='bbox 734 4750 873 4803; x_wconf 87' lang='lat' dir='ltr'><strong><em>enim</em></strong></span> <span class='ocrx_word' id='word_1_403' title='bbox 897 4767 1178 4820; x_wconf 88' lang='lat' dir='ltr'><strong><em>possumus</em></strong></span> <span class='ocrx_word' id='word_1_404' title='bbox 1195 4754 1371 4811; x_wconf 89' lang='lat' dir='ltr'><strong><em>dicere</em></strong></span> <span class='ocrx_word' id='word_1_405' title='bbox 1390 4754 1557 4812; x_wconf 90' lang='lat' dir='ltr'><strong><em>electa</em></strong></span> <span class='ocrx_word' id='word_1_406' title='bbox 1584 4773 1703 4814; x_wconf 88' lang='lat' dir='ltr'><strong><em>esse</em></strong></span> <span class='ocrx_word' id='word_1_407' title='bbox 1726 4775 1950 4832; x_wconf 75' lang='lat' dir='ltr'><strong><em>quaeque</em></strong></span> 
     </span>
    </p>
   </div>
   <div class='ocr_carea' id='block_1_50' title="bbox 371 4837 1951 4920">
    <p class='ocr_par' dir='ltr' id='par_1_50' title="bbox 371 4837 1951 4920">
     <span class='ocr_line' id='line_1_50' title="bbox 371 4837 1951 4920; baseline 0.015 -32"><span class='ocrx_word' id='word_1_408' title='bbox 371 4837 613 4902; x_wconf 85' lang='lat' dir='ltr'><strong><em>meliora,</em></strong></span> <span class='ocrx_word' id='word_1_409' title='bbox 645 4841 835 4909; x_wconf 84' lang='lat' dir='ltr'><strong><em>quibus</em></strong></span> <span class='ocrx_word' id='word_1_410' title='bbox 878 4843 1083 4899; x_wconf 87' lang='lat' dir='ltr'><strong><em>dierum</em></strong></span> <span class='ocrx_word' id='word_1_411' title='bbox 1122 4846 1287 4901; x_wconf 88' lang='lat' dir='ltr'><strong><em>series</em></strong></span> <span class='ocrx_word' id='word_1_412' title='bbox 1317 4848 1387 4903; x_wconf 89' lang='lat' dir='ltr'><strong><em>ita</em></strong></span> <span class='ocrx_word' id='word_1_413' title='bbox 1414 4848 1862 4920; x_wconf 81' lang='lat' dir='ltr'><strong><em>distingueretur,</em></strong></span> <span class='ocrx_word' id='word_1_414' title='bbox 1891 4864 1951 4911; x_wconf 85' lang='lat' dir='ltr'><strong><em>ut</em></strong></span> 
     </span>
    </p>
   </div>
   <div class='ocr_carea' id='block_1_51' title="bbox 364 4926 1946 5014">
    <p class='ocr_par' dir='ltr' id='par_1_51' title="bbox 364 4926 1946 5014">
     <span class='ocr_line' id='line_1_51' title="bbox 364 4926 1946 5014; baseline 0.013 -33"><span class='ocrx_word' id='word_1_415' title='bbox 364 4926 491 4983; x_wconf 85' lang='lat' dir='ltr'><strong><em>ﬁnis</em></strong></span> <span class='ocrx_word' id='word_1_416' title='bbox 518 4941 572 4984; x_wconf 91' lang='lat' dir='ltr'><strong><em>et</em></strong></span> <span class='ocrx_word' id='word_1_417' title='bbox 602 4932 833 4987; x_wconf 86' lang='lat' dir='ltr'><strong><em>medium</em></strong></span> <span class='ocrx_word' id='word_1_418' title='bbox 871 4937 1100 4991; x_wconf 83' lang='lat' dir='ltr'><strong><em>maxime</em></strong></span> <span class='ocrx_word' id='word_1_419' title='bbox 1120 4939 1358 4993; x_wconf 89' lang='lat' dir='ltr'><strong><em>ornatius</em></strong></span> <span class='ocrx_word' id='word_1_420' title='bbox 1379 4941 1677 4997; x_wconf 87' lang='lat' dir='ltr'><strong><em>eminerent</em></strong></span> <span class='ocrx_word' id='word_1_421' title='bbox 1702 4960 1715 4997; x_wconf 89' lang='lat'>:</span> <span class='ocrx_word' id='word_1_422' title='bbox 1743 4954 1946 5014; x_wconf 83' lang='lat' dir='ltr'><strong><em>septem</em></strong></span> 
     </span>
    </p>
   </div>
   <div class='ocr_carea' id='block_1_52' title="bbox 363 5024 1947 5100">
    <p class='ocr_par' dir='ltr' id='par_1_52' title="bbox 363 5024 1947 5100">
     <span class='ocr_line' id='line_1_52' title="bbox 363 5024 1947 5100; baseline 0.013 -27"><span class='ocrx_word' id='word_1_423' title='bbox 363 5024 561 5093; x_wconf 61' lang='lat' dir='ltr'><strong><em>quippe</em></strong></span> <span class='ocrx_word' id='word_1_424' title='bbox 610 5024 815 5081; x_wconf 90' lang='lat' dir='ltr'><strong><em>dierum</em></strong></span> <span class='ocrx_word' id='word_1_425' title='bbox 854 5028 1057 5085; x_wconf 89' lang='lat' dir='ltr'><strong><em>medius</em></strong></span> <span class='ocrx_word' id='word_1_426' title='bbox 1100 5041 1319 5100; x_wconf 87' lang='lat' dir='ltr'><strong><em>quartus</em></strong></span> <span class='ocrx_word' id='word_1_427' title='bbox 1364 5042 1465 5089; x_wconf 91' lang='lat' dir='ltr'><strong><em>est.</em></strong></span> <span class='ocrx_word' id='word_1_428' title='bbox 1515 5035 1757 5092; x_wconf 88' lang='lat' dir='ltr'><strong><em>Occurrit</em></strong></span> <span class='ocrx_word' id='word_1_429' title='bbox 1804 5039 1947 5094; x_wconf 91' lang='lat' dir='ltr'><strong><em>enim</em></strong></span> 
     </span>
    </p>
   </div>
   <div class='ocr_carea' id='block_1_53' title="bbox 365 5114 1945 5187">
    <p class='ocr_par' dir='ltr' id='par_1_53' title="bbox 365 5114 1945 5187">
     <span class='ocr_line' id='line_1_53' title="bbox 365 5114 1945 5187; baseline 0.013 -22"><span class='ocrx_word' id='word_1_430' title='bbox 365 5114 495 5168; x_wconf 89' lang='lat' dir='ltr'><strong><em>illud</em></strong></span> <span class='ocrx_word' id='word_1_431' title='bbox 520 5118 640 5185; x_wconf 88' lang='lat' dir='ltr'><strong><em>quia</em></strong></span> <span class='ocrx_word' id='word_1_432' title='bbox 673 5120 903 5187; x_wconf 89' lang='lat' dir='ltr'><strong><em>septimo</em></strong></span> <span class='ocrx_word' id='word_1_433' title='bbox 933 5120 1020 5177; x_wconf 92' lang='lat' dir='ltr'><strong><em>die</em></strong></span> <span class='ocrx_word' id='word_1_434' title='bbox 1056 5138 1161 5177; x_wconf 92' lang='lat' dir='ltr'><strong><em>non</em></strong></span> <span class='ocrx_word' id='word_1_435' title='bbox 1185 5133 1265 5178; x_wconf 90' lang='lat' dir='ltr'><strong><em>est</em></strong></span> <span class='ocrx_word' id='word_1_436' title='bbox 1289 5126 1420 5179; x_wconf 83' lang='lat' dir='ltr'><strong><em>facta</em></strong></span> <span class='ocrx_word' id='word_1_437' title='bbox 1446 5126 1550 5181; x_wconf 89' lang='lat' dir='ltr'><strong><em>ulla</em></strong></span> <span class='ocrx_word' id='word_1_438' title='bbox 1572 5138 1834 5183; x_wconf 87' lang='lat' dir='ltr'><strong><em>creatura.</em></strong></span> <span class='ocrx_word' id='word_1_439' title='bbox 1863 5131 1945 5187; x_wconf 84' lang='lat' dir='ltr'><strong><em>An</em></strong></span> 
     </span>
    </p>
   </div>
   <div class='ocr_carea' id='block_1_54' title="bbox 359 5204 1947 5291">
    <p class='ocr_par' dir='ltr' id='par_1_54' title="bbox 359 5204 1947 5291">
     <span class='ocr_line' id='line_1_54' title="bbox 359 5204 1947 5291; baseline 0.014 -34"><span class='ocrx_word' id='word_1_440' title='bbox 359 5204 503 5259; x_wconf 77' lang='lat' dir='ltr'><strong><em>forte</em></strong></span> <span class='ocrx_word' id='word_1_441' title='bbox 531 5207 616 5261; x_wconf 79' lang='lat' dir='ltr'><strong><em>lux</em></strong></span> <span class='ocrx_word' id='word_1_442' title='bbox 645 5209 802 5280; x_wconf 88' lang='lat' dir='ltr'><strong><em>primi</em></strong></span> <span class='ocrx_word' id='word_1_443' title='bbox 837 5211 941 5267; x_wconf 92' lang='lat' dir='ltr'><strong><em>diei</em></strong></span> <span class='ocrx_word' id='word_1_444' title='bbox 979 5214 1144 5285; x_wconf 88' lang='lat' dir='ltr'><strong><em>magis</em></strong></span> <span class='ocrx_word' id='word_1_445' title='bbox 1172 5216 1458 5286; x_wconf 88' lang='lat' dir='ltr'><strong><em>respondet</em></strong></span> <span class='ocrx_word' id='word_1_446' title='bbox 1484 5219 1550 5274; x_wconf 90' lang='lat' dir='ltr'><strong><em>ad</em></strong></span> <span class='ocrx_word' id='word_1_447' title='bbox 1579 5221 1811 5291; x_wconf 87' lang='lat' dir='ltr'><strong><em>quietem</em></strong></span> <span class='ocrx_word' id='word_1_448' title='bbox 1840 5223 1947 5280; x_wconf 93' lang='lat' dir='ltr'><strong><em>diei</em></strong></span> 
     </span>
    </p>
   </div>
   <div class='ocr_carea' id='block_1_55' title="bbox 360 5300 1946 5373">
    <p class='ocr_par' dir='ltr' id='par_1_55' title="bbox 360 5300 1946 5373">
     <span class='ocr_line' id='line_1_55' title="bbox 360 5300 1946 5373; baseline 0.015 -24"><span class='ocrx_word' id='word_1_449' title='bbox 360 5300 613 5367; x_wconf 83' lang='lat' dir='ltr'><strong><em>septimi,</em></strong></span> <span class='ocrx_word' id='word_1_450' title='bbox 643 5311 701 5355; x_wconf 90' lang='lat' dir='ltr'><strong><em>ut</em></strong></span> <span class='ocrx_word' id='word_1_451' title='bbox 721 5316 788 5356; x_wconf 89' lang='lat' dir='ltr'><strong><em>eo</em></strong></span> <span class='ocrx_word' id='word_1_452' title='bbox 814 5303 974 5359; x_wconf 94' lang='lat' dir='ltr'><strong><em>modo</em></strong></span> <span class='ocrx_word' id='word_1_453' title='bbox 997 5307 1400 5365; x_wconf 88' lang='lat' dir='ltr'><strong><em>concinentibus</em></strong></span> <span class='ocrx_word' id='word_1_454' title='bbox 1438 5310 1632 5368; x_wconf 83' lang='lat' dir='ltr'><strong><em>ﬁnibus</em></strong></span> <span class='ocrx_word' id='word_1_455' title='bbox 1672 5314 1771 5370; x_wconf 87' lang='lat' dir='ltr'><strong><em>iste</em></strong></span> <span class='ocrx_word' id='word_1_456' title='bbox 1814 5316 1946 5373; x_wconf 90' lang='lat' dir='ltr'><strong><em>ordo</em></strong></span> 
     </span>
    </p>
   </div>
   <div class='ocr_carea' id='block_1_56' title="bbox 360 5393 1947 5464">
    <p class='ocr_par' dir='ltr' id='par_1_56' title="bbox 360 5393 1947 5464">
     <span class='ocr_line' id='line_1_56' title="bbox 360 5393 1947 5464; baseline 0.015 -24"><span class='ocrx_word' id='word_1_457' title='bbox 360 5396 594 5458; x_wconf 81' lang='lat' dir='ltr'><strong><em>texatur,</em></strong></span> <span class='ocrx_word' id='word_1_458' title='bbox 622 5393 980 5451; x_wconf 89' lang='lat' dir='ltr'><strong><em>eminentibus</em></strong></span> <span class='ocrx_word' id='word_1_459' title='bbox 1016 5396 1084 5453; x_wconf 91' lang='lat' dir='ltr'><strong><em>de</em></strong></span> <span class='ocrx_word' id='word_1_460' title='bbox 1122 5398 1299 5455; x_wconf 90' lang='lat' dir='ltr'><strong><em>medio</em></strong></span> <span class='ocrx_word' id='word_1_461' title='bbox 1326 5400 1612 5459; x_wconf 91' lang='lat' dir='ltr'><strong><em>luminibus</em></strong></span> <span class='ocrx_word' id='word_1_462' title='bbox 1642 5406 1804 5461; x_wconf 72' lang='lat' dir='ltr'><strong><em>caeli?</em></strong></span> <span class='ocrx_word' id='word_1_463' title='bbox 1839 5407 1947 5464; x_wconf 90' lang='lat' dir='ltr'><strong><em>Sed</em></strong></span> 
     </span>
    </p>
   </div>
   <div class='ocr_carea' id='block_1_57' title="bbox 360 5482 1945 5569">
    <p class='ocr_par' dir='ltr' id='par_1_57' title="bbox 360 5482 1945 5569">
     <span class='ocr_line' id='line_1_57' title="bbox 360 5482 1945 5569; baseline 0.013 -32"><span class='ocrx_word' id='word_1_464' title='bbox 360 5482 406 5537; x_wconf 87' lang='lat' dir='ltr'><strong><em>si</em></strong></span> <span class='ocrx_word' id='word_1_465' title='bbox 431 5484 635 5552; x_wconf 89' lang='lat' dir='ltr'><strong><em>primus</em></strong></span> <span class='ocrx_word' id='word_1_466' title='bbox 664 5484 779 5541; x_wconf 89' lang='lat' dir='ltr'><strong><em>dies</em></strong></span> <span class='ocrx_word' id='word_1_467' title='bbox 805 5490 1033 5558; x_wconf 86' lang='lat' dir='ltr'><strong><em>septimo</em></strong></span> <span class='ocrx_word' id='word_1_468' title='bbox 1057 5492 1307 5560; x_wconf 87' lang='lat' dir='ltr'><strong><em>concinit,</em></strong></span> <span class='ocrx_word' id='word_1_469' title='bbox 1331 5495 1490 5553; x_wconf 89' lang='lat' dir='ltr'><strong><em>debet</em></strong></span> <span class='ocrx_word' id='word_1_470' title='bbox 1515 5513 1644 5569; x_wconf 85' lang='lat' dir='ltr'><strong><em>ergo</em></strong></span> <span class='ocrx_word' id='word_1_471' title='bbox 1670 5509 1724 5555; x_wconf 92' lang='lat' dir='ltr'><strong><em>et</em></strong></span> <span class='ocrx_word' id='word_1_472' title='bbox 1751 5516 1945 5557; x_wconf 86' lang='lat' dir='ltr'><strong><em>secun-</em></strong></span> 
     </span>
    </p>
   </div>
   <div class='ocr_carea' id='block_1_58' title="bbox 357 5572 1947 5651">
    <p class='ocr_par' dir='ltr' id='par_1_58' title="bbox 357 5572 1947 5651">
     <span class='ocr_line' id='line_1_58' title="bbox 357 5572 1947 5651; baseline 0.014 -23"><span class='ocrx_word' id='word_1_473' title='bbox 357 5572 465 5629; x_wconf 81' lang='lat' dir='ltr'><strong><em>dus</em></strong></span> <span class='ocrx_word' id='word_1_474' title='bbox 492 5586 643 5631; x_wconf 88' lang='lat' dir='ltr'><strong><em>sexto</em></strong></span> <span class='ocrx_word' id='word_1_475' title='bbox 671 5580 973 5637; x_wconf 89' lang='lat' dir='ltr'><strong><em>concinere.</em></strong></span> <span class='ocrx_word' id='word_1_476' title='bbox 1020 5583 1157 5651; x_wconf 85' lang='lat' dir='ltr'><strong><em>Quid</em></strong></span> <span class='ocrx_word' id='word_1_477' title='bbox 1192 5598 1365 5643; x_wconf 89' lang='lat' dir='ltr'><strong><em>autem</em></strong></span> <span class='ocrx_word' id='word_1_478' title='bbox 1388 5590 1561 5646; x_wconf 91' lang='lat' dir='ltr'><strong><em>simile</em></strong></span> <span class='ocrx_word' id='word_1_479' title='bbox 1581 5591 1741 5649; x_wconf 87' lang='lat' dir='ltr'><strong><em>habet</em></strong></span> <span class='ocrx_word' id='word_1_480' title='bbox 1767 5594 1947 5650; x_wconf 85' lang='lat' dir='ltr'><strong><em>ﬁrma-</em></strong></span> 
     </span>
    </p>
   </div>
   <div class='ocr_carea' id='block_1_59' title="bbox 420 5688 1948 5771">
    <p class='ocr_par' dir='ltr' id='par_1_59' title="bbox 420 5688 1948 5771">
     <span class='ocr_line' id='line_1_59' title="bbox 420 5688 1948 5771; baseline 0.018 -37"><span class='ocrx_word' id='word_1_481' title='bbox 420 5688 762 5771; x_wconf 40' lang='lat' dir='ltr'><strong><em>:slagnipaurs</em></strong></span> <span class='ocrx_word' id='word_1_482' title='bbox 909 5693 1063 5771; x_wconf 69' lang='lat' dir='ltr'><strong><em>Ilicet</em></strong></span> <span class='ocrx_word' id='word_1_483' title='bbox 1086 5696 1206 5747; x_wconf 79' lang='lat' dir='ltr'><strong><em>inira</em></strong></span> <span class='ocrx_word' id='word_1_484' title='bbox 1226 5706 1501 5754; x_wconf 80' lang='lat' dir='ltr'><strong><em>constanter</em></strong></span> <span class='ocrx_word' id='word_1_485' title='bbox 1520 5702 1690 5767; x_wconf 81' lang='lat' dir='ltr'><strong><em>habet,</em></strong></span> <span class='ocrx_word' id='word_1_486' title='bbox 1708 5702 1761 5757; x_wconf 85' lang='lat' dir='ltr'><strong><em>in</em></strong></span> <span class='ocrx_word' id='word_1_487' title='bbox 1781 5704 1948 5771; x_wconf 77' lang='lat' dir='ltr'><strong><em>ﬁrma-</em></strong></span> 
     </span>
    </p>
   </div>
   <div class='ocr_carea' id='block_1_60' title="bbox 352 5750 1057 5813">
    <p class='ocr_par' dir='ltr' id='par_1_60' title="bbox 352 5750 1057 5813">
     <span class='ocr_line' id='line_1_60' title="bbox 352 5750 1057 5813; baseline 0.01 -13"><span class='ocrx_word' id='word_1_488' title='bbox 352 5756 515 5801; x_wconf 79' lang='lat' dir='ltr'><strong><em>mento</em></strong></span> <span class='ocrx_word' id='word_1_489' title='bbox 534 5750 669 5813; x_wconf 63' lang='lat' dir='ltr'><strong><em>Caeli,</em></strong></span> <span class='ocrx_word' id='word_1_490' title='bbox 693 5751 762 5803; x_wconf 80' lang='lat' dir='ltr'><strong><em>sic</em></strong></span> <span class='ocrx_word' id='word_1_491' title='bbox 786 5760 835 5804; x_wconf 90' lang='lat' dir='ltr'><strong><em>ut</em></strong></span> <span class='ocrx_word' id='word_1_492' title='bbox 854 5755 1057 5807; x_wconf 84' lang='lat' dir='ltr'><strong><em>luceant.</em></strong></span> 
     </span>
    </p>
   </div>
   <div class='ocr_carea' id='block_1_61' title="bbox 420 5813 1118 5882">
    <p class='ocr_par' dir='ltr' id='par_1_61' title="bbox 420 5813 1118 5882">
     <span class='ocr_line' id='line_1_61' title="bbox 420 5813 1118 5882; baseline 0.017 -20"><span class='ocrx_word' id='word_1_493' title='bbox 420 5813 1118 5882; x_wconf 70' lang='lat' dir='ltr'><strong><em>&#39;sicuss.Atineditis,eas.</em></strong></span> 
     </span>
    </p>
   </div>
   <div class='ocr_carea' id='block_1_62' title="bbox 1687 352 2299 416">
    <p class='ocr_par' dir='ltr' id='par_1_62' title="bbox 1687 352 2299 416">
     <span class='ocr_line' id='line_1_62' title="bbox 1687 352 2299 416; baseline -0.007 0"><span class='ocrx_word' id='word_1_494' title='bbox 1687 359 1892 416; x_wconf 81' lang='lat' dir='ltr'><strong>LIBER</strong></span> <span class='ocrx_word' id='word_1_495' title='bbox 1928 352 2299 415; x_wconf 87' lang='lat' dir='ltr'><strong><em>SECUNDUS.</em></strong></span> 
     </span>
    </p>
   </div>
   <div class='ocr_carea' id='block_1_63' title="bbox 3534 371 3643 429">
    <p class='ocr_par' dir='ltr' id='par_1_63' title="bbox 3534 371 3643 429">
     <span class='ocr_line' id='line_1_63' title="bbox 3534 371 3643 429; baseline 0.018 -2"><span class='ocrx_word' id='word_1_496' title='bbox 3534 371 3643 429; x_wconf 67' lang='grc' dir='ltr'>επ</span> 
     </span>
    </p>
   </div>
   <div class='ocr_carea' id='block_1_64' title="bbox 2067 477 3631 556">
    <p class='ocr_par' dir='ltr' id='par_1_64' title="bbox 2067 477 3631 556">
     <span class='ocr_line' id='line_1_64' title="bbox 2067 477 3631 556; baseline 0.011 -28"><span class='ocrx_word' id='word_1_497' title='bbox 2067 484 2300 531; x_wconf 92' lang='lat' dir='ltr'><strong><em>mentum</em></strong></span> <span class='ocrx_word' id='word_1_498' title='bbox 2321 477 2441 533; x_wconf 74' lang='grc' dir='ltr'><strong><em>εωιί</em></strong></span> <span class='ocrx_word' id='word_1_499' title='bbox 2460 492 2579 534; x_wconf 83' lang='grc' dir='ltr'>ειιιιι</span> <span class='ocrx_word' id='word_1_500' title='bbox 2602 479 2812 537; x_wconf 89' lang='lat' dir='ltr'><strong><em>homine</em></strong></span> <span class='ocrx_word' id='word_1_501' title='bbox 2832 481 2970 538; x_wconf 82' lang='lat' dir='ltr'><strong><em>facto</em></strong></span> <span class='ocrx_word' id='word_1_502' title='bbox 2991 483 3057 538; x_wconf 90' lang='lat' dir='ltr'><strong><em>ad</em></strong></span> <span class='ocrx_word' id='word_1_503' title='bbox 3083 485 3365 556; x_wconf 81' lang='lat' dir='ltr'><strong><em>imaginem</em></strong></span> <span class='ocrx_word' id='word_1_504' title='bbox 3387 487 3523 545; x_wconf 83' lang='lat' dir='ltr'><strong><em>Dei?</em></strong></span> <span class='ocrx_word' id='word_1_505' title='bbox 3549 492 3631 545; x_wconf 83' lang='lat' dir='ltr'><strong><em>An</em></strong></span> 
     </span>
    </p>
   </div>
   <div class='ocr_carea' id='block_1_65' title="bbox 2065 567 3631 652">
    <p class='ocr_par' dir='ltr' id='par_1_65' title="bbox 2065 567 3631 652">
     <span class='ocr_line' id='line_1_65' title="bbox 2065 567 3631 652; baseline 0.011 -34"><span class='ocrx_word' id='word_1_506' title='bbox 2065 567 2187 635; x_wconf 82' lang='lat' dir='ltr'><strong><em>quia</em></strong></span> <span class='ocrx_word' id='word_1_507' title='bbox 2204 569 2396 623; x_wconf 88' lang='lat' dir='ltr'><strong><em>coelum</em></strong></span> <span class='ocrx_word' id='word_1_508' title='bbox 2416 578 2579 625; x_wconf 88' lang='lat' dir='ltr'><strong><em>totam</em></strong></span> <span class='ocrx_word' id='word_1_509' title='bbox 2607 574 2933 641; x_wconf 90' lang='lat' dir='ltr'><strong><em>superiorem</em></strong></span> <span class='ocrx_word' id='word_1_510' title='bbox 2955 576 3135 631; x_wconf 91' lang='lat' dir='ltr'><strong><em>mundi</em></strong></span> <span class='ocrx_word' id='word_1_511' title='bbox 3158 586 3360 647; x_wconf 89' lang='lat' dir='ltr'><strong><em>partem</em></strong></span> <span class='ocrx_word' id='word_1_512' title='bbox 3383 590 3631 652; x_wconf 86' lang='lat' dir='ltr'><strong><em>occupat,</em></strong></span> 
     </span>
    </p>
   </div>
   <div class='ocr_carea' id='block_1_66' title="bbox 2064 658 3637 737">
    <p class='ocr_par' dir='ltr' id='par_1_66' title="bbox 2064 658 3637 737">
     <span class='ocr_line' id='line_1_66' title="bbox 2064 658 3637 737; baseline 0.011 -27"><span class='ocrx_word' id='word_1_513' title='bbox 2064 667 2118 711; x_wconf 87' lang='grc' dir='ltr'><strong><em>ει</em></strong></span> <span class='ocrx_word' id='word_1_514' title='bbox 2155 658 2351 713; x_wconf 92' lang='lat' dir='ltr'><strong><em>homini</em></strong></span> <span class='ocrx_word' id='word_1_515' title='bbox 2403 660 2458 714; x_wconf 90' lang='lat' dir='ltr'><strong><em>in</em></strong></span> <span class='ocrx_word' id='word_1_516' title='bbox 2497 670 2658 716; x_wconf 89' lang='lat' dir='ltr'><strong><em>totam</em></strong></span> <span class='ocrx_word' id='word_1_517' title='bbox 2700 663 3000 720; x_wconf 79' lang='lat' dir='ltr'><strong><em>inferiorem</em></strong></span> <span class='ocrx_word' id='word_1_518' title='bbox 3051 678 3287 737; x_wconf 89' lang='lat' dir='ltr'><strong><em>potestas</em></strong></span> <span class='ocrx_word' id='word_1_519' title='bbox 3327 670 3637 730; x_wconf 87' lang='lat' dir='ltr'><strong><em>dominandi</em></strong></span> 
     </span>
    </p>
   </div>
   <div class='ocr_carea' id='block_1_67' title="bbox 2065 749 3638 828">
    <p class='ocr_par' dir='ltr' id='par_1_67' title="bbox 2065 749 3638 828">
     <span class='ocr_line' id='line_1_67' title="bbox 2065 749 3638 828; baseline 0.01 -26"><span class='ocrx_word' id='word_1_520' title='bbox 2065 749 2256 803; x_wconf 89' lang='lat' dir='ltr'><strong><em>tributa</em></strong></span> <span class='ocrx_word' id='word_1_521' title='bbox 2309 751 2431 805; x_wconf 86' lang='lat' dir='ltr'><strong><em>est?</em></strong></span> <span class='ocrx_word' id='word_1_522' title='bbox 2475 752 2579 807; x_wconf 92' lang='lat' dir='ltr'><strong><em>Sed</em></strong></span> <span class='ocrx_word' id='word_1_523' title='bbox 2627 755 2750 823; x_wconf 91' lang='lat' dir='ltr'><strong><em>quid</em></strong></span> <span class='ocrx_word' id='word_1_524' title='bbox 2793 756 2995 826; x_wconf 82' lang='lat' dir='ltr'><strong><em>agimus</em></strong></span> <span class='ocrx_word' id='word_1_525' title='bbox 3041 756 3108 813; x_wconf 87' lang='lat' dir='ltr'><strong><em>de</em></strong></span> <span class='ocrx_word' id='word_1_526' title='bbox 3155 760 3436 828; x_wconf 84' lang='lat' dir='ltr'><strong><em>pecoribus</em></strong></span> <span class='ocrx_word' id='word_1_527' title='bbox 3479 770 3534 816; x_wconf 90' lang='lat' dir='ltr'><strong><em>et</em></strong></span> <span class='ocrx_word' id='word_1_528' title='bbox 3568 761 3638 816; x_wconf 79' lang='lat' dir='ltr'><strong><em>do</em></strong></span> 
     </span>
    </p>
   </div>
   <div class='ocr_carea' id='block_1_68' title="bbox 2063 839 3622 925">
    <p class='ocr_par' dir='ltr' id='par_1_68' title="bbox 2063 839 3622 925">
     <span class='ocr_line' id='line_1_68' title="bbox 2063 839 3622 925; baseline 0.011 -32"><span class='ocrx_word' id='word_1_529' title='bbox 2063 839 2265 909; x_wconf 90' lang='lat' dir='ltr'><strong><em>bestiis,</em></strong></span> <span class='ocrx_word' id='word_1_530' title='bbox 2293 857 2423 911; x_wconf 88' lang='lat' dir='ltr'><strong><em>quas</em></strong></span> <span class='ocrx_word' id='word_1_531' title='bbox 2466 844 2579 913; x_wconf 90' lang='lat' dir='ltr'><strong><em>ipso</em></strong></span> <span class='ocrx_word' id='word_1_532' title='bbox 2621 846 2705 902; x_wconf 90' lang='lat' dir='ltr'><strong><em>die</em></strong></span> <span class='ocrx_word' id='word_1_533' title='bbox 2734 856 2881 904; x_wconf 86' lang='lat' dir='ltr'><strong><em>sexto</em></strong></span> <span class='ocrx_word' id='word_1_534' title='bbox 2911 848 2964 903; x_wconf 91' lang='lat' dir='ltr'><strong><em>in</em></strong></span> <span class='ocrx_word' id='word_1_535' title='bbox 2991 866 3088 905; x_wconf 91' lang='lat' dir='ltr'><strong><em>suo</em></strong></span> <span class='ocrx_word' id='word_1_536' title='bbox 3117 866 3310 921; x_wconf 83' lang='lat' dir='ltr'><strong><em>genere</em></strong></span> <span class='ocrx_word' id='word_1_537' title='bbox 3335 862 3476 909; x_wconf 85' lang='lat' dir='ltr'><strong><em>terra</em></strong></span> <span class='ocrx_word' id='word_1_538' title='bbox 3504 868 3622 925; x_wconf 87' lang='lat' dir='ltr'><strong><em>pro-</em></strong></span> 
     </span>
    </p>
   </div>
   <div class='ocr_carea' id='block_1_69' title="bbox 2063 931 3447 1009">
    <p class='ocr_par' dir='ltr' id='par_1_69' title="bbox 2063 931 3447 1009">
     <span class='ocr_line' id='line_1_69' title="bbox 2063 931 3447 1009; baseline 0.01 -24"><span class='ocrx_word' id='word_1_539' title='bbox 2063 931 2244 986; x_wconf 85' lang='lat' dir='ltr'><strong><em>duxit?</em></strong></span> <span class='ocrx_word' id='word_1_540' title='bbox 2270 950 2387 1003; x_wconf 83' lang='lat' dir='ltr'><strong><em>quae</em></strong></span> <span class='ocrx_word' id='word_1_541' title='bbox 2414 934 2516 990; x_wconf 89' lang='lat' dir='ltr'><strong><em>illis</em></strong></span> <span class='ocrx_word' id='word_1_542' title='bbox 2541 952 2659 991; x_wconf 93' lang='lat' dir='ltr'><strong><em>cum</em></strong></span> <span class='ocrx_word' id='word_1_543' title='bbox 2688 940 2823 993; x_wconf 78' lang='lat' dir='ltr'><strong><em>ccelo</em></strong></span> <span class='ocrx_word' id='word_1_544' title='bbox 2851 950 3023 1009; x_wconf 90' lang='lat' dir='ltr'><strong><em>potest</em></strong></span> <span class='ocrx_word' id='word_1_545' title='bbox 3050 956 3167 997; x_wconf 79' lang='lat' dir='ltr'><strong><em>esse</em></strong></span> <span class='ocrx_word' id='word_1_546' title='bbox 3195 944 3447 1000; x_wconf 82' lang='lat' dir='ltr'><strong><em>collatio?</em></strong></span> 
     </span>
    </p>
   </div>
   <div class='ocr_carea' id='block_1_70' title="bbox 2131 1023 3634 1108">
    <p class='ocr_par' dir='ltr' id='par_1_70' title="bbox 2131 1023 3634 1108">
     <span class='ocr_line' id='line_1_70' title="bbox 2131 1023 3634 1108; baseline 0.011 -32"><span class='ocrx_word' id='word_1_547' title='bbox 2131 1023 2220 1077; x_wconf 75' lang='lat'><strong><em>27.</em></strong></span> <span class='ocrx_word' id='word_1_548' title='bbox 2243 1025 2323 1079; x_wconf 83' lang='lat' dir='ltr'><strong><em>An</em></strong></span> <span class='ocrx_word' id='word_1_549' title='bbox 2351 1028 2526 1096; x_wconf 90' lang='lat' dir='ltr'><strong><em>potius</em></strong></span> <span class='ocrx_word' id='word_1_550' title='bbox 2545 1070 2559 1094; x_wconf 89' lang='lat'><strong>,</strong></span> <span class='ocrx_word' id='word_1_551' title='bbox 2581 1030 2826 1099; x_wconf 88' lang='lat' dir='ltr'><strong><em>quoniam</em></strong></span> <span class='ocrx_word' id='word_1_552' title='bbox 2857 1033 3021 1100; x_wconf 88' lang='lat' dir='ltr'><strong><em>primo</em></strong></span> <span class='ocrx_word' id='word_1_553' title='bbox 3051 1034 3184 1089; x_wconf 82' lang='lat' dir='ltr'><strong><em>facta</em></strong></span> <span class='ocrx_word' id='word_1_554' title='bbox 3216 1035 3525 1108; x_wconf 80' lang='lat' dir='ltr'><strong><em>intelligitur</em></strong></span> <span class='ocrx_word' id='word_1_555' title='bbox 3554 1038 3634 1093; x_wconf 89' lang='grc' dir='ltr'>Ιιι-</span> 
     </span>
    </p>
   </div>
   <div class='ocr_carea' id='block_1_71' title="bbox 2061 1116 3633 1199">
    <p class='ocr_par' dir='ltr' id='par_1_71' title="bbox 2061 1116 3633 1199">
     <span class='ocr_line' id='line_1_71' title="bbox 2061 1116 3633 1199; baseline 0.011 -30"><span class='ocrx_word' id='word_1_556' title='bbox 2061 1116 2139 1170; x_wconf 90' lang='lat' dir='ltr'><strong><em>cis</em></strong></span> <span class='ocrx_word' id='word_1_557' title='bbox 2162 1117 2374 1172; x_wconf 91' lang='lat' dir='ltr'><strong><em>nomine</em></strong></span> <span class='ocrx_word' id='word_1_558' title='bbox 2401 1120 2686 1189; x_wconf 87' lang='lat' dir='ltr'><strong><em>spiritualis</em></strong></span> <span class='ocrx_word' id='word_1_559' title='bbox 2711 1131 2968 1194; x_wconf 81' lang='lat' dir='ltr'><strong><em>creaturae</em></strong></span> <span class='ocrx_word' id='word_1_560' title='bbox 2992 1125 3238 1180; x_wconf 83' lang='lat' dir='ltr'><strong><em>formatio</em></strong></span> <span class='ocrx_word' id='word_1_561' title='bbox 3258 1169 3271 1190; x_wconf 92' lang='lat'><strong><em>,</em></strong></span> <span class='ocrx_word' id='word_1_562' title='bbox 3297 1143 3633 1199; x_wconf 82' lang='lat' dir='ltr'><strong><em>consequens</em></strong></span> 
     </span>
    </p>
   </div>
   <div class='ocr_carea' id='block_1_72' title="bbox 2062 1214 3635 1286">
    <p class='ocr_par' dir='ltr' id='par_1_72' title="bbox 2062 1214 3635 1286">
     <span class='ocr_line' id='line_1_72' title="bbox 2062 1214 3635 1286; baseline 0.011 -22"><span class='ocrx_word' id='word_1_563' title='bbox 2062 1218 2178 1265; x_wconf 91' lang='lat' dir='ltr'><strong><em>erat</em></strong></span> <span class='ocrx_word' id='word_1_564' title='bbox 2202 1219 2258 1264; x_wconf 90' lang='lat' dir='ltr'><strong><em>ut</em></strong></span> <span class='ocrx_word' id='word_1_565' title='bbox 2284 1214 2572 1282; x_wconf 89' lang='lat' dir='ltr'><strong><em>corporalis</em></strong></span> <span class='ocrx_word' id='word_1_566' title='bbox 2597 1230 2807 1286; x_wconf 91' lang='lat' dir='ltr'><strong><em>quoque</em></strong></span> <span class='ocrx_word' id='word_1_567' title='bbox 2830 1229 3090 1285; x_wconf 84' lang='lat' dir='ltr'><strong><em>creatura,</em></strong></span> <span class='ocrx_word' id='word_1_568' title='bbox 3118 1221 3169 1275; x_wconf 87' lang='lat' dir='ltr'><strong><em>id</em></strong></span> <span class='ocrx_word' id='word_1_569' title='bbox 3190 1231 3272 1276; x_wconf 92' lang='lat' dir='ltr'><strong><em>est</em></strong></span> <span class='ocrx_word' id='word_1_570' title='bbox 3289 1223 3513 1278; x_wconf 87' lang='lat' dir='ltr'><strong><em>mundus</em></strong></span> <span class='ocrx_word' id='word_1_571' title='bbox 3536 1226 3635 1281; x_wconf 90' lang='lat' dir='ltr'><strong><em>iste</em></strong></span> 
     </span>
    </p>
   </div>
   <div class='ocr_carea' id='block_1_73' title="bbox 2060 1298 3636 1385">
    <p class='ocr_par' dir='ltr' id='par_1_73' title="bbox 2060 1298 3636 1385">
     <span class='ocr_line' id='line_1_73' title="bbox 2060 1298 3636 1385; baseline 0.012 -33"><span class='ocrx_word' id='word_1_572' title='bbox 2060 1298 2282 1355; x_wconf 88' lang='lat' dir='ltr'><strong><em>visibilis</em></strong></span> <span class='ocrx_word' id='word_1_573' title='bbox 2312 1301 2497 1366; x_wconf 86' lang='lat' dir='ltr'><strong><em>ﬁeret;</em></strong></span> <span class='ocrx_word' id='word_1_574' title='bbox 2528 1306 2616 1375; x_wconf 92' lang='lat' dir='ltr'><strong><em>qui</em></strong></span> <span class='ocrx_word' id='word_1_575' title='bbox 2648 1306 2812 1361; x_wconf 81' lang='lat' dir='ltr'><strong><em>lactus</em></strong></span> <span class='ocrx_word' id='word_1_576' title='bbox 2842 1318 2923 1364; x_wconf 90' lang='lat' dir='ltr'><strong><em>est</em></strong></span> <span class='ocrx_word' id='word_1_577' title='bbox 2946 1309 3104 1365; x_wconf 91' lang='lat' dir='ltr'><strong><em>biduo</em></strong></span> <span class='ocrx_word' id='word_1_578' title='bbox 3128 1320 3341 1382; x_wconf 87' lang='lat' dir='ltr'><strong><em>propter</em></strong></span> <span class='ocrx_word' id='word_1_579' title='bbox 3366 1314 3496 1370; x_wconf 89' lang='lat' dir='ltr'><strong><em>duas</em></strong></span> <span class='ocrx_word' id='word_1_580' title='bbox 3515 1331 3636 1385; x_wconf 90' lang='lat' dir='ltr'><strong><em>par-</em></strong></span> 
     </span>
    </p>
   </div>
   <div class='ocr_carea' id='block_1_74' title="bbox 2064 1398 3634 1472">
    <p class='ocr_par' dir='ltr' id='par_1_74' title="bbox 2064 1398 3634 1472">
     <span class='ocr_line' id='line_1_74' title="bbox 2064 1398 3634 1472; baseline 0.012 -28"><span class='ocrx_word' id='word_1_581' title='bbox 2064 1399 2140 1445; x_wconf 89' lang='lat' dir='ltr'><strong><em>tes</em></strong></span> <span class='ocrx_word' id='word_1_582' title='bbox 2179 1407 2300 1448; x_wconf 87' lang='lat' dir='ltr'><strong><em>suas</em></strong></span> <span class='ocrx_word' id='word_1_583' title='bbox 2338 1398 2626 1466; x_wconf 84' lang='lat' dir='ltr'><strong><em>maximas,</em></strong></span> <span class='ocrx_word' id='word_1_584' title='bbox 2656 1400 2844 1469; x_wconf 90' lang='lat' dir='ltr'><strong><em>quibus</em></strong></span> <span class='ocrx_word' id='word_1_585' title='bbox 2868 1412 3073 1458; x_wconf 87' lang='lat' dir='ltr'><strong><em>constat</em></strong></span> <span class='ocrx_word' id='word_1_586' title='bbox 3101 1406 3410 1472; x_wconf 87' lang='lat' dir='ltr'><strong><em>universus,</em></strong></span> <span class='ocrx_word' id='word_1_587' title='bbox 3442 1409 3634 1463; x_wconf 67' lang='lat' dir='ltr'><strong><em>caelum</em></strong></span> 
     </span>
    </p>
   </div>
   <div class='ocr_carea' id='block_1_75' title="bbox 2061 1484 3633 1558">
    <p class='ocr_par' dir='ltr' id='par_1_75' title="bbox 2061 1484 3633 1558">
     <span class='ocr_line' id='line_1_75' title="bbox 2061 1484 3633 1558; baseline 0.009 -19"><span class='ocrx_word' id='word_1_588' title='bbox 2061 1484 2262 1540; x_wconf 87' lang='lat' dir='ltr'><strong><em>scilicet</em></strong></span> <span class='ocrx_word' id='word_1_589' title='bbox 2298 1496 2352 1541; x_wconf 90' lang='lat' dir='ltr'><strong><em>et</em></strong></span> <span class='ocrx_word' id='word_1_590' title='bbox 2391 1496 2586 1544; x_wconf 87' lang='lat' dir='ltr'><strong><em>terram</em></strong></span> <span class='ocrx_word' id='word_1_591' title='bbox 2611 1533 2626 1558; x_wconf 94' lang='lat'><strong><em>,</em></strong></span> <span class='ocrx_word' id='word_1_592' title='bbox 2667 1494 2955 1547; x_wconf 89' lang='lat' dir='ltr'><strong><em>secundum</em></strong></span> <span class='ocrx_word' id='word_1_593' title='bbox 2984 1494 3118 1550; x_wconf 89' lang='lat' dir='ltr'><strong><em>hanc</em></strong></span> <span class='ocrx_word' id='word_1_594' title='bbox 3144 1499 3363 1554; x_wconf 88' lang='lat' dir='ltr'><strong><em>rationis</em></strong></span> <span class='ocrx_word' id='word_1_595' title='bbox 3391 1500 3633 1555; x_wconf 88' lang='lat' dir='ltr'><strong><em>collatio-</em></strong></span> 
     </span>
    </p>
   </div>
   <div class='ocr_carea' id='block_1_76' title="bbox 2062 1581 3635 1659">
    <p class='ocr_par' dir='ltr' id='par_1_76' title="bbox 2062 1581 3635 1659">
     <span class='ocr_line' id='line_1_76' title="bbox 2062 1581 3635 1659; baseline 0.011 -31"><span class='ocrx_word' id='word_1_596' title='bbox 2062 1590 2180 1629; x_wconf 91' lang='lat' dir='ltr'><strong><em>nem</em></strong></span> <span class='ocrx_word' id='word_1_597' title='bbox 2207 1619 2221 1642; x_wconf 93' lang='lat'><strong>,</strong></span> <span class='ocrx_word' id='word_1_598' title='bbox 2252 1593 2353 1647; x_wconf 90' lang='lat' dir='ltr'><strong><em>qua</em></strong></span> <span class='ocrx_word' id='word_1_599' title='bbox 2381 1588 2435 1633; x_wconf 89' lang='lat' dir='ltr'><strong><em>et</em></strong></span> <span class='ocrx_word' id='word_1_600' title='bbox 2462 1581 2573 1650; x_wconf 88' lang='lat' dir='ltr'><strong><em>ipsa</em></strong></span> <span class='ocrx_word' id='word_1_601' title='bbox 2603 1585 2847 1639; x_wconf 88' lang='lat' dir='ltr'><strong><em>universa</em></strong></span> <span class='ocrx_word' id='word_1_602' title='bbox 2873 1595 3113 1642; x_wconf 85' lang='lat' dir='ltr'><strong><em>creatura</em></strong></span> <span class='ocrx_word' id='word_1_603' title='bbox 3137 1590 3424 1659; x_wconf 87' lang='lat' dir='ltr'><strong><em>spiritualis</em></strong></span> <span class='ocrx_word' id='word_1_604' title='bbox 3444 1601 3496 1645; x_wconf 90' lang='lat' dir='ltr'><strong><em>et</em></strong></span> <span class='ocrx_word' id='word_1_605' title='bbox 3515 1605 3635 1645; x_wconf 88' lang='lat' dir='ltr'><strong><em>cor-</em></strong></span> 
     </span>
    </p>
   </div>
   <div class='ocr_carea' id='block_1_77' title="bbox 2060 1670 3635 1755">
    <p class='ocr_par' dir='ltr' id='par_1_77' title="bbox 2060 1670 3635 1755">
     <span class='ocr_line' id='line_1_77' title="bbox 2060 1670 3635 1755; baseline 0.011 -33"><span class='ocrx_word' id='word_1_606' title='bbox 2060 1670 2254 1738; x_wconf 86' lang='lat' dir='ltr'><strong><em>poralis</em></strong></span> <span class='ocrx_word' id='word_1_607' title='bbox 2298 1686 2441 1742; x_wconf 82' lang='lat' dir='ltr'><strong><em>saepe</em></strong></span> <span class='ocrx_word' id='word_1_608' title='bbox 2495 1676 2685 1730; x_wconf 62' lang='lat' dir='ltr'><strong><em>coelum</em></strong></span> <span class='ocrx_word' id='word_1_609' title='bbox 2712 1688 2768 1731; x_wconf 89' lang='lat' dir='ltr'><strong><em>et</em></strong></span> <span class='ocrx_word' id='word_1_610' title='bbox 2798 1688 2936 1733; x_wconf 90' lang='lat' dir='ltr'><strong><em>terra</em></strong></span> <span class='ocrx_word' id='word_1_611' title='bbox 2966 1682 3267 1736; x_wconf 90' lang='lat' dir='ltr'><strong><em>nominatur</em></strong></span> <span class='ocrx_word' id='word_1_612' title='bbox 3296 1700 3309 1737; x_wconf 91' lang='lat'><strong>:</strong></span> <span class='ocrx_word' id='word_1_613' title='bbox 3340 1684 3409 1739; x_wconf 89' lang='lat' dir='ltr'><strong><em>ita</em></strong></span> <span class='ocrx_word' id='word_1_614' title='bbox 3438 1693 3492 1739; x_wconf 92' lang='lat' dir='ltr'><strong><em>ut</em></strong></span> <span class='ocrx_word' id='word_1_615' title='bbox 3518 1685 3635 1755; x_wconf 86' lang='lat' dir='ltr'><strong><em>glo-</em></strong></span> 
     </span>
    </p>
   </div>
   <div class='ocr_carea' id='block_1_78' title="bbox 2060 1759 3637 1845">
    <p class='ocr_par' dir='ltr' id='par_1_78' title="bbox 2060 1759 3637 1845">
     <span class='ocr_line' id='line_1_78' title="bbox 2060 1759 3637 1845; baseline 0.012 -32"><span class='ocrx_word' id='word_1_616' title='bbox 2060 1759 2159 1814; x_wconf 91' lang='lat' dir='ltr'><strong><em>bus</em></strong></span> <span class='ocrx_word' id='word_1_617' title='bbox 2190 1777 2398 1832; x_wconf 89' lang='lat' dir='ltr'><strong><em>quoque</em></strong></span> <span class='ocrx_word' id='word_1_618' title='bbox 2428 1765 2527 1820; x_wconf 89' lang='lat' dir='ltr'><strong><em>iste</em></strong></span> <span class='ocrx_word' id='word_1_619' title='bbox 2556 1767 2950 1825; x_wconf 88' lang='lat' dir='ltr'><strong><em>turbulentioris</em></strong></span> <span class='ocrx_word' id='word_1_620' title='bbox 2978 1774 3115 1827; x_wconf 90' lang='lat' dir='ltr'><strong><em>aeris</em></strong></span> <span class='ocrx_word' id='word_1_621' title='bbox 3137 1783 3361 1829; x_wconf 65' lang='lat' dir='ltr'><strong><em>terrente</em></strong></span> <span class='ocrx_word' id='word_1_622' title='bbox 3386 1778 3517 1845; x_wconf 89' lang='lat' dir='ltr'><strong><em>parti</em></strong></span> <span class='ocrx_word' id='word_1_623' title='bbox 3544 1778 3637 1831; x_wconf 88' lang='lat' dir='ltr'><strong><em>de-</em></strong></span> 
     </span>
    </p>
   </div>
   <div class='ocr_carea' id='block_1_79' title="bbox 2058 1854 3635 1936">
    <p class='ocr_par' dir='ltr' id='par_1_79' title="bbox 2058 1854 3635 1936">
     <span class='ocr_line' id='line_1_79' title="bbox 2058 1854 3635 1936; baseline 0.012 -32"><span class='ocrx_word' id='word_1_624' title='bbox 2058 1860 2307 1921; x_wconf 90' lang='lat' dir='ltr'><strong><em>putetur;</em></strong></span> <span class='ocrx_word' id='word_1_625' title='bbox 2348 1854 2766 1915; x_wconf 87' lang='lat' dir='ltr'><strong><em>exhalationibus</em></strong></span> <span class='ocrx_word' id='word_1_626' title='bbox 2798 1863 2993 1932; x_wconf 91' lang='lat' dir='ltr'><strong><em>quippe</em></strong></span> <span class='ocrx_word' id='word_1_627' title='bbox 3019 1864 3248 1919; x_wconf 91' lang='lat' dir='ltr'><strong><em>humidis</em></strong></span> <span class='ocrx_word' id='word_1_628' title='bbox 3273 1869 3595 1936; x_wconf 86' lang='lat' dir='ltr'><strong><em>corporascit</em></strong></span> <span class='ocrx_word' id='word_1_629' title='bbox 3620 1889 3635 1925; x_wconf 91' lang='lat'><strong>:</strong></span> 
     </span>
    </p>
   </div>
   <div class='ocr_carea' id='block_1_80' title="bbox 2061 1944 3638 2029">
    <p class='ocr_par' dir='ltr' id='par_1_80' title="bbox 2061 1944 3638 2029">
     <span class='ocr_line' id='line_1_80' title="bbox 2061 1944 3638 2029; baseline 0.011 -32"><span class='ocrx_word' id='word_1_630' title='bbox 2061 1944 2107 1998; x_wconf 91' lang='lat' dir='ltr'><strong><em>si</em></strong></span> <span class='ocrx_word' id='word_1_631' title='bbox 2130 1945 2254 2012; x_wconf 89' lang='lat' dir='ltr'><strong><em>quid</em></strong></span> <span class='ocrx_word' id='word_1_632' title='bbox 2278 1962 2402 2001; x_wconf 90' lang='lat' dir='ltr'><strong><em>vero</em></strong></span> <span class='ocrx_word' id='word_1_633' title='bbox 2430 1951 2696 2021; x_wconf 89' lang='lat' dir='ltr'><strong><em>tranquilli</em></strong></span> <span class='ocrx_word' id='word_1_634' title='bbox 2722 1954 2861 2008; x_wconf 89' lang='lat' dir='ltr'><strong><em>aeris</em></strong></span> <span class='ocrx_word' id='word_1_635' title='bbox 2886 1964 2987 2018; x_wconf 84' lang='lat' dir='ltr'><strong><em>est,</em></strong></span> <span class='ocrx_word' id='word_1_636' title='bbox 3013 1955 3100 2010; x_wconf 92' lang='lat' dir='ltr'><strong><em>ubi</em></strong></span> <span class='ocrx_word' id='word_1_637' title='bbox 3121 1960 3323 2011; x_wconf 85' lang='lat' dir='ltr'><strong><em>ventosi</em></strong></span> <span class='ocrx_word' id='word_1_638' title='bbox 3340 1969 3496 2029; x_wconf 90' lang='lat' dir='ltr'><strong><em>atque</em></strong></span> <span class='ocrx_word' id='word_1_639' title='bbox 3519 1976 3638 2027; x_wconf 90' lang='lat' dir='ltr'><strong><em>pro-</em></strong></span> 
     </span>
    </p>
   </div>
   <div class='ocr_carea' id='block_1_81' title="bbox 2060 2036 3641 2121">
    <p class='ocr_par' dir='ltr' id='par_1_81' title="bbox 2060 2036 3641 2121">
     <span class='ocr_line' id='line_1_81' title="bbox 2060 2036 3641 2121; baseline 0.01 -31"><span class='ocrx_word' id='word_1_640' title='bbox 2060 2036 2241 2090; x_wconf 89' lang='lat' dir='ltr'><strong><em>cellosi</em></strong></span> <span class='ocrx_word' id='word_1_641' title='bbox 2267 2048 2441 2093; x_wconf 90' lang='lat' dir='ltr'><strong><em>motus</em></strong></span> <span class='ocrx_word' id='word_1_642' title='bbox 2467 2056 2570 2094; x_wconf 92' lang='lat' dir='ltr'><strong><em>non</em></strong></span> <span class='ocrx_word' id='word_1_643' title='bbox 2601 2051 2821 2110; x_wconf 88' lang='lat' dir='ltr'><strong><em>possunt</em></strong></span> <span class='ocrx_word' id='word_1_644' title='bbox 2846 2045 3075 2101; x_wconf 80' lang='lat' dir='ltr'><strong><em>existere</em></strong></span> <span class='ocrx_word' id='word_1_645' title='bbox 3093 2088 3108 2112; x_wconf 94' lang='lat'><strong><em>,</em></strong></span> <span class='ocrx_word' id='word_1_646' title='bbox 3133 2047 3198 2101; x_wconf 90' lang='lat' dir='ltr'><strong><em>ad</em></strong></span> <span class='ocrx_word' id='word_1_647' title='bbox 3224 2049 3497 2104; x_wconf 63' lang='lat' dir='ltr'><strong><em>coalestem</em></strong></span> <span class='ocrx_word' id='word_1_648' title='bbox 3526 2067 3641 2121; x_wconf 87' lang='lat' dir='ltr'><strong><em>par-</em></strong></span> 
     </span>
    </p>
   </div>
   <div class='ocr_carea' id='block_1_82' title="bbox 2060 2132 3640 2211">
    <p class='ocr_par' dir='ltr' id='par_1_82' title="bbox 2060 2132 3640 2211">
     <span class='ocr_line' id='line_1_82' title="bbox 2060 2132 3640 2211; baseline 0.011 -30"><span class='ocrx_word' id='word_1_649' title='bbox 2060 2134 2166 2182; x_wconf 90' lang='lat' dir='ltr'><strong><em>tem</em></strong></span> <span class='ocrx_word' id='word_1_650' title='bbox 2188 2132 2448 2198; x_wconf 88' lang='lat' dir='ltr'><strong><em>pertineat</em></strong></span> <span class='ocrx_word' id='word_1_651' title='bbox 2471 2150 2482 2184; x_wconf 91' lang='lat'><strong>:</strong></span> <span class='ocrx_word' id='word_1_652' title='bbox 2510 2141 2630 2202; x_wconf 84' lang='lat' dir='ltr'><strong><em>post</em></strong></span> <span class='ocrx_word' id='word_1_653' title='bbox 2649 2134 2784 2190; x_wconf 89' lang='lat' dir='ltr'><strong><em>hanc</em></strong></span> <span class='ocrx_word' id='word_1_654' title='bbox 2799 2137 3192 2195; x_wconf 81' lang='lat' dir='ltr'><strong><em>universitatem</em></strong></span> <span class='ocrx_word' id='word_1_655' title='bbox 3205 2141 3359 2195; x_wconf 90' lang='lat' dir='ltr'><strong><em>molis</em></strong></span> <span class='ocrx_word' id='word_1_656' title='bbox 3370 2157 3640 2211; x_wconf 62' lang='lat' dir='ltr'><strong><em>corporea:</em></strong></span> 
     </span>
    </p>
   </div>
   <div class='ocr_carea' id='block_1_83' title="bbox 2061 2219 3643 2300">
    <p class='ocr_par' dir='ltr' id='par_1_83' title="bbox 2061 2219 3643 2300">
     <span class='ocr_line' id='line_1_83' title="bbox 2061 2219 3643 2300; baseline 0.01 -26"><span class='ocrx_word' id='word_1_657' title='bbox 2061 2219 2369 2278; x_wconf 82' lang='lat' dir='ltr'><strong><em>fabricatam</em></strong></span> <span class='ocrx_word' id='word_1_658' title='bbox 2387 2264 2400 2289; x_wconf 94' lang='lat'><strong><em>,</em></strong></span> <span class='ocrx_word' id='word_1_659' title='bbox 2430 2239 2547 2294; x_wconf 66' lang='lat' dir='ltr'><strong><em>qua:</em></strong></span> <span class='ocrx_word' id='word_1_660' title='bbox 2574 2241 2681 2281; x_wconf 92' lang='lat' dir='ltr'><strong><em>uno</em></strong></span> <span class='ocrx_word' id='word_1_661' title='bbox 2707 2228 2824 2281; x_wconf 91' lang='lat' dir='ltr'><strong><em>loco</em></strong></span> <span class='ocrx_word' id='word_1_662' title='bbox 2855 2238 2963 2283; x_wconf 88' lang='lat' dir='ltr'><strong><em>tota</em></strong></span> <span class='ocrx_word' id='word_1_663' title='bbox 2984 2238 3094 2295; x_wconf 91' lang='lat' dir='ltr'><strong><em>est,</em></strong></span> <span class='ocrx_word' id='word_1_664' title='bbox 3118 2246 3221 2300; x_wconf 93' lang='lat' dir='ltr'><strong><em>quo</em></strong></span> <span class='ocrx_word' id='word_1_665' title='bbox 3244 2233 3535 2290; x_wconf 90' lang='lat' dir='ltr'><strong><em>collocatus</em></strong></span> <span class='ocrx_word' id='word_1_666' title='bbox 3559 2244 3643 2289; x_wconf 90' lang='lat' dir='ltr'><strong><em>est</em></strong></span> 
     </span>
    </p>
   </div>
   <div class='ocr_carea' id='block_1_84' title="bbox 2061 2312 3640 2390">
    <p class='ocr_par' dir='ltr' id='par_1_84' title="bbox 2061 2312 3640 2390">
     <span class='ocr_line' id='line_1_84' title="bbox 2061 2312 3640 2390; baseline 0.008 -24"><span class='ocrx_word' id='word_1_667' title='bbox 2061 2312 2313 2381; x_wconf 91' lang='lat' dir='ltr'><strong><em>mundus,</em></strong></span> <span class='ocrx_word' id='word_1_668' title='bbox 2343 2329 2677 2386; x_wconf 90' lang='lat' dir='ltr'><strong><em>consequens</em></strong></span> <span class='ocrx_word' id='word_1_669' title='bbox 2702 2326 2814 2373; x_wconf 90' lang='lat' dir='ltr'><strong><em>erat</em></strong></span> <span class='ocrx_word' id='word_1_670' title='bbox 2833 2328 2894 2373; x_wconf 90' lang='lat' dir='ltr'><strong><em>ut</em></strong></span> <span class='ocrx_word' id='word_1_671' title='bbox 2919 2320 3231 2389; x_wconf 89' lang='lat' dir='ltr'><strong><em>impleretur</em></strong></span> <span class='ocrx_word' id='word_1_672' title='bbox 3250 2323 3483 2390; x_wconf 90' lang='lat' dir='ltr'><strong><em>partibus</em></strong></span> <span class='ocrx_word' id='word_1_673' title='bbox 3505 2325 3640 2379; x_wconf 89' lang='lat' dir='ltr'><strong><em>intra</em></strong></span> 
     </span>
    </p>
   </div>
   <div class='ocr_carea' id='block_1_85' title="bbox 2060 2406 3641 2484">
    <p class='ocr_par' dir='ltr' id='par_1_85' title="bbox 2060 2406 3641 2484">
     <span class='ocr_line' id='line_1_85' title="bbox 2060 2406 3641 2484; baseline 0.008 -26"><span class='ocrx_word' id='word_1_674' title='bbox 2060 2406 2365 2465; x_wconf 82' lang='lat' dir='ltr'><strong><em>universum</em></strong></span> <span class='ocrx_word' id='word_1_675' title='bbox 2385 2449 2402 2475; x_wconf 92' lang='lat'><strong><em>,</em></strong></span> <span class='ocrx_word' id='word_1_676' title='bbox 2448 2424 2567 2479; x_wconf 79' lang='lat' dir='ltr'><strong><em>quae</em></strong></span> <span class='ocrx_word' id='word_1_677' title='bbox 2604 2409 2671 2465; x_wconf 88' lang='lat' dir='ltr'><strong><em>de</em></strong></span> <span class='ocrx_word' id='word_1_678' title='bbox 2700 2410 2816 2465; x_wconf 92' lang='lat' dir='ltr'><strong><em>loco</em></strong></span> <span class='ocrx_word' id='word_1_679' title='bbox 2844 2410 2898 2465; x_wconf 90' lang='lat' dir='ltr'><strong><em>in</em></strong></span> <span class='ocrx_word' id='word_1_680' title='bbox 2931 2411 3102 2467; x_wconf 92' lang='lat' dir='ltr'><strong><em>locum</em></strong></span> <span class='ocrx_word' id='word_1_681' title='bbox 3133 2415 3380 2484; x_wconf 86' lang='lat' dir='ltr'><strong><em>congruis</em></strong></span> <span class='ocrx_word' id='word_1_682' title='bbox 3410 2417 3641 2471; x_wconf 88' lang='lat' dir='ltr'><strong><em>motibus</em></strong></span> 
     </span>
    </p>
   </div>
   <div class='ocr_carea' id='block_1_86' title="bbox 2060 2497 3640 2573">
    <p class='ocr_par' dir='ltr' id='par_1_86' title="bbox 2060 2497 3640 2573">
     <span class='ocr_line' id='line_1_86' title="bbox 2060 2497 3640 2573; baseline 0.008 -24"><span class='ocrx_word' id='word_1_683' title='bbox 2060 2498 2381 2567; x_wconf 80' lang='lat' dir='ltr'><strong><em>agerentur?</em></strong></span> <span class='ocrx_word' id='word_1_684' title='bbox 2424 2497 2586 2568; x_wconf 84' lang='lat' dir='ltr'><strong><em>Cujus</em></strong></span> <span class='ocrx_word' id='word_1_685' title='bbox 2627 2501 2837 2571; x_wconf 89' lang='lat' dir='ltr'><strong><em>generis</em></strong></span> <span class='ocrx_word' id='word_1_686' title='bbox 2873 2501 3053 2557; x_wconf 61' lang='lat' dir='ltr'><strong><em>herbae</em></strong></span> <span class='ocrx_word' id='word_1_687' title='bbox 3096 2512 3254 2573; x_wconf 90' lang='lat' dir='ltr'><strong><em>atque</em></strong></span> <span class='ocrx_word' id='word_1_688' title='bbox 3293 2505 3511 2560; x_wconf 88' lang='lat' dir='ltr'><strong><em>arbores</em></strong></span> <span class='ocrx_word' id='word_1_689' title='bbox 3535 2521 3640 2561; x_wconf 91' lang='lat' dir='ltr'><strong><em>non</em></strong></span> 
     </span>
    </p>
   </div>
   <div class='ocr_carea' id='block_1_87' title="bbox 2062 2588 3640 2665">
    <p class='ocr_par' dir='ltr' id='par_1_87' title="bbox 2062 2588 3640 2665">
     <span class='ocr_line' id='line_1_87' title="bbox 2062 2588 3640 2665; baseline 0.006 -24"><span class='ocrx_word' id='word_1_690' title='bbox 2062 2596 2203 2642; x_wconf 88' lang='lat' dir='ltr'><strong><em>sunt.</em></strong></span> <span class='ocrx_word' id='word_1_691' title='bbox 2233 2588 2518 2645; x_wconf 82' lang='lat' dir='ltr'><strong><em>Radicibus</em></strong></span> <span class='ocrx_word' id='word_1_692' title='bbox 2544 2591 2737 2660; x_wconf 89' lang='lat' dir='ltr'><strong><em>quippe</em></strong></span> <span class='ocrx_word' id='word_1_693' title='bbox 2758 2592 2857 2646; x_wconf 90' lang='lat' dir='ltr'><strong><em>ista</em></strong></span> <span class='ocrx_word' id='word_1_694' title='bbox 2884 2592 2987 2647; x_wconf 85' lang='lat' dir='ltr'><strong><em>ﬁxa</em></strong></span> <span class='ocrx_word' id='word_1_695' title='bbox 3016 2602 3140 2648; x_wconf 87' lang='lat' dir='ltr'><strong><em>sunt</em></strong></span> <span class='ocrx_word' id='word_1_696' title='bbox 3160 2602 3314 2649; x_wconf 69' lang='lat' dir='ltr'><strong><em>terra:</em></strong></span> <span class='ocrx_word' id='word_1_697' title='bbox 3340 2614 3353 2649; x_wconf 88' lang='lat'><strong>:</strong></span> <span class='ocrx_word' id='word_1_698' title='bbox 3379 2605 3433 2650; x_wconf 90' lang='lat' dir='ltr'><strong><em>et</em></strong></span> <span class='ocrx_word' id='word_1_699' title='bbox 3452 2612 3640 2665; x_wconf 90' lang='lat' dir='ltr'><strong><em>quam-</em></strong></span> 
     </span>
    </p>
   </div>
   <div class='ocr_carea' id='block_1_88' title="bbox 2060 2678 3642 2751">
    <p class='ocr_par' dir='ltr' id='par_1_88' title="bbox 2060 2678 3642 2751">
     <span class='ocr_line' id='line_1_88' title="bbox 2060 2678 3642 2751; baseline 0.007 -19"><span class='ocrx_word' id='word_1_700' title='bbox 2060 2678 2141 2733; x_wconf 89' lang='lat' dir='ltr'><strong><em>vis</em></strong></span> <span class='ocrx_word' id='word_1_701' title='bbox 2183 2678 2416 2734; x_wconf 87' lang='lat' dir='ltr'><strong><em>babeant</em></strong></span> <span class='ocrx_word' id='word_1_702' title='bbox 2451 2689 2626 2735; x_wconf 91' lang='lat' dir='ltr'><strong><em>motus</em></strong></span> <span class='ocrx_word' id='word_1_703' title='bbox 2654 2681 3100 2738; x_wconf 89' lang='lat' dir='ltr'><strong><em>incrementorum</em></strong></span> <span class='ocrx_word' id='word_1_704' title='bbox 3130 2700 3349 2741; x_wconf 91' lang='lat' dir='ltr'><strong><em>suorum</em></strong></span> <span class='ocrx_word' id='word_1_705' title='bbox 3371 2728 3385 2751; x_wconf 88' lang='lat'><strong>,</strong></span> <span class='ocrx_word' id='word_1_706' title='bbox 3417 2686 3484 2742; x_wconf 93' lang='lat' dir='ltr'><strong><em>de</em></strong></span> <span class='ocrx_word' id='word_1_707' title='bbox 3511 2689 3642 2744; x_wconf 91' lang='lat' dir='ltr'><strong><em>locis</em></strong></span> 
     </span>
    </p>
   </div>
   <div class='ocr_carea' id='block_1_89' title="bbox 2061 2771 3642 2845">
    <p class='ocr_par' dir='ltr' id='par_1_89' title="bbox 2061 2771 3642 2845">
     <span class='ocr_line' id='line_1_89' title="bbox 2061 2771 3642 2845; baseline 0.008 -22"><span class='ocrx_word' id='word_1_708' title='bbox 2061 2779 2241 2825; x_wconf 90' lang='lat' dir='ltr'><strong><em>tamen</em></strong></span> <span class='ocrx_word' id='word_1_709' title='bbox 2281 2771 2509 2841; x_wconf 90' lang='lat' dir='ltr'><strong><em>propriis</em></strong></span> <span class='ocrx_word' id='word_1_710' title='bbox 2554 2789 2658 2827; x_wconf 92' lang='lat' dir='ltr'><strong><em>non</em></strong></span> <span class='ocrx_word' id='word_1_711' title='bbox 2698 2783 2978 2830; x_wconf 89' lang='lat' dir='ltr'><strong><em>moventur</em></strong></span> <span class='ocrx_word' id='word_1_712' title='bbox 3010 2777 3212 2833; x_wconf 85' lang='lat' dir='ltr'><strong><em>nisibus</em></strong></span> <span class='ocrx_word' id='word_1_713' title='bbox 3251 2780 3398 2845; x_wconf 88' lang='lat' dir='ltr'><strong><em>suis;</em></strong></span> <span class='ocrx_word' id='word_1_714' title='bbox 3431 2780 3524 2835; x_wconf 88' lang='lat' dir='ltr'><strong><em>sed</em></strong></span> <span class='ocrx_word' id='word_1_715' title='bbox 3552 2781 3642 2837; x_wconf 91' lang='lat' dir='ltr'><strong><em>ubi</em></strong></span> 
     </span>
    </p>
   </div>
   <div class='ocr_carea' id='block_1_90' title="bbox 2060 2863 3642 2942">
    <p class='ocr_par' dir='ltr' id='par_1_90' title="bbox 2060 2863 3642 2942">
     <span class='ocr_line' id='line_1_90' title="bbox 2060 2863 3642 2942; baseline 0.006 -24"><span class='ocrx_word' id='word_1_716' title='bbox 2060 2863 2165 2919; x_wconf 83' lang='lat' dir='ltr'><strong><em>ﬁxa</em></strong></span> <span class='ocrx_word' id='word_1_717' title='bbox 2208 2874 2358 2932; x_wconf 90' lang='lat' dir='ltr'><strong><em>sunt,</em></strong></span> <span class='ocrx_word' id='word_1_718' title='bbox 2408 2865 2479 2919; x_wconf 90' lang='lat' dir='ltr'><strong><em>ibi</em></strong></span> <span class='ocrx_word' id='word_1_719' title='bbox 2521 2866 2736 2921; x_wconf 89' lang='lat' dir='ltr'><strong><em>aluntur</em></strong></span> <span class='ocrx_word' id='word_1_720' title='bbox 2773 2876 2826 2921; x_wconf 85' lang='lat' dir='ltr'><strong><em>et</em></strong></span> <span class='ocrx_word' id='word_1_721' title='bbox 2851 2879 3097 2923; x_wconf 86' lang='lat' dir='ltr'><strong><em>crescunt</em></strong></span> <span class='ocrx_word' id='word_1_722' title='bbox 3126 2887 3139 2922; x_wconf 90' lang='lat'>:</span> <span class='ocrx_word' id='word_1_723' title='bbox 3168 2878 3446 2939; x_wconf 88' lang='lat' dir='ltr'><strong><em>propterea</em></strong></span> <span class='ocrx_word' id='word_1_724' title='bbox 3475 2872 3642 2942; x_wconf 85' lang='lat' dir='ltr'><strong><em>magis</em></strong></span> 
     </span>
    </p>
   </div>
   <div class='ocr_carea' id='block_1_91' title="bbox 2060 2955 3642 3033">
    <p class='ocr_par' dir='ltr' id='par_1_91' title="bbox 2060 2955 3642 3033">
     <span class='ocr_line' id='line_1_91' title="bbox 2060 2955 3642 3033; baseline 0.004 -22"><span class='ocrx_word' id='word_1_725' title='bbox 2060 2957 2328 3025; x_wconf 87' lang='lat' dir='ltr'><strong><em>pertinent</em></strong></span> <span class='ocrx_word' id='word_1_726' title='bbox 2367 2955 2435 3010; x_wconf 88' lang='lat' dir='ltr'><strong><em>ad</em></strong></span> <span class='ocrx_word' id='word_1_727' title='bbox 2474 2965 2669 3011; x_wconf 91' lang='lat' dir='ltr'><strong><em>terram</em></strong></span> <span class='ocrx_word' id='word_1_728' title='bbox 2689 2998 2705 3024; x_wconf 95' lang='lat'><strong>,</strong></span> <span class='ocrx_word' id='word_1_729' title='bbox 2736 2973 2894 3028; x_wconf 88' lang='lat' dir='ltr'><strong><em>quam</em></strong></span> <span class='ocrx_word' id='word_1_730' title='bbox 2923 2959 2991 3013; x_wconf 89' lang='lat' dir='ltr'><strong><em>ad</em></strong></span> <span class='ocrx_word' id='word_1_731' title='bbox 3018 2975 3211 3030; x_wconf 86' lang='lat' dir='ltr'><strong><em>genera</em></strong></span> <span class='ocrx_word' id='word_1_732' title='bbox 3239 2977 3417 3016; x_wconf 90' lang='lat' dir='ltr'><strong><em>rerum</em></strong></span> <span class='ocrx_word' id='word_1_733' title='bbox 3445 2979 3563 3033; x_wconf 81' lang='lat' dir='ltr'><strong><em>quae</em></strong></span> <span class='ocrx_word' id='word_1_734' title='bbox 3588 2964 3642 3019; x_wconf 90' lang='lat' dir='ltr'><strong><em>in</em></strong></span> 
     </span>
    </p>
   </div>
   <div class='ocr_carea' id='block_1_92' title="bbox 2058 3047 3643 3123">
    <p class='ocr_par' dir='ltr' id='par_1_92' title="bbox 2058 3047 3643 3123">
     <span class='ocr_line' id='line_1_92' title="bbox 2058 3047 3643 3123; baseline 0.004 -20"><span class='ocrx_word' id='word_1_735' title='bbox 2058 3047 2209 3119; x_wconf 84' lang='lat' dir='ltr'><strong><em>aquis</em></strong></span> <span class='ocrx_word' id='word_1_736' title='bbox 2255 3056 2310 3103; x_wconf 92' lang='lat' dir='ltr'><strong><em>et</em></strong></span> <span class='ocrx_word' id='word_1_737' title='bbox 2355 3048 2515 3103; x_wconf 90' lang='lat' dir='ltr'><strong><em>terris</em></strong></span> <span class='ocrx_word' id='word_1_738' title='bbox 2556 3059 2860 3106; x_wconf 92' lang='lat' dir='ltr'><strong><em>moventur.</em></strong></span> <span class='ocrx_word' id='word_1_739' title='bbox 2901 3051 3034 3117; x_wconf 87' lang='lat' dir='ltr'><strong><em>Quia</em></strong></span> <span class='ocrx_word' id='word_1_740' title='bbox 3072 3068 3198 3123; x_wconf 87' lang='lat' dir='ltr'><strong><em>ergo</em></strong></span> <span class='ocrx_word' id='word_1_741' title='bbox 3223 3054 3418 3108; x_wconf 90' lang='lat' dir='ltr'><strong><em>visibili</em></strong></span> <span class='ocrx_word' id='word_1_742' title='bbox 3442 3055 3643 3110; x_wconf 92' lang='lat' dir='ltr'><strong><em>mundo</em></strong></span> 
     </span>
    </p>
   </div>
   <div class='ocr_carea' id='block_1_93' title="bbox 2059 3138 3639 3211">
    <p class='ocr_par' dir='ltr' id='par_1_93' title="bbox 2059 3138 3639 3211">
     <span class='ocr_line' id='line_1_93' title="bbox 2059 3138 3639 3211; baseline 0.004 -16"><span class='ocrx_word' id='word_1_743' title='bbox 2059 3139 2428 3195; x_wconf 89' lang='lat' dir='ltr'><strong><em>constituendo</em></strong></span> <span class='ocrx_word' id='word_1_744' title='bbox 2446 3180 2462 3207; x_wconf 92' lang='lat'><strong><em>,</em></strong></span> <span class='ocrx_word' id='word_1_745' title='bbox 2494 3138 2597 3196; x_wconf 90' lang='lat' dir='ltr'><strong><em>hoc</em></strong></span> <span class='ocrx_word' id='word_1_746' title='bbox 2622 3150 2703 3196; x_wconf 91' lang='lat' dir='ltr'><strong><em>est</em></strong></span> <span class='ocrx_word' id='word_1_747' title='bbox 2730 3142 2867 3196; x_wconf 68' lang='lat' dir='ltr'><strong><em>creto</em></strong></span> <span class='ocrx_word' id='word_1_748' title='bbox 2894 3150 2948 3196; x_wconf 89' lang='lat' dir='ltr'><strong><em>et</em></strong></span> <span class='ocrx_word' id='word_1_749' title='bbox 2975 3151 3131 3198; x_wconf 65' lang='lat' dir='ltr'><strong><em>terrae</em></strong></span> <span class='ocrx_word' id='word_1_750' title='bbox 3156 3186 3170 3211; x_wconf 93' lang='lat'><strong>,</strong></span> <span class='ocrx_word' id='word_1_751' title='bbox 3204 3144 3309 3199; x_wconf 84' lang='lat' dir='ltr'><strong><em>duo</em></strong></span> <span class='ocrx_word' id='word_1_752' title='bbox 3339 3153 3464 3200; x_wconf 90' lang='lat' dir='ltr'><strong><em>sunt</em></strong></span> <span class='ocrx_word' id='word_1_753' title='bbox 3489 3147 3639 3201; x_wconf 85' lang='lat' dir='ltr'><strong><em>attri-</em></strong></span> 
     </span>
    </p>
   </div>
   <div class='ocr_carea' id='block_1_94' title="bbox 2058 3229 3640 3308">
    <p class='ocr_par' dir='ltr' id='par_1_94' title="bbox 2058 3229 3640 3308">
     <span class='ocr_line' id='line_1_94' title="bbox 2058 3229 3640 3308; baseline 0.005 -23"><span class='ocrx_word' id='word_1_754' title='bbox 2058 3229 2172 3285; x_wconf 88' lang='lat' dir='ltr'><strong><em>buti</em></strong></span> <span class='ocrx_word' id='word_1_755' title='bbox 2201 3230 2315 3285; x_wconf 88' lang='lat' dir='ltr'><strong><em>dies</em></strong></span> <span class='ocrx_word' id='word_1_756' title='bbox 2332 3272 2349 3299; x_wconf 93' lang='lat'><strong>,</strong></span> <span class='ocrx_word' id='word_1_757' title='bbox 2375 3239 2541 3286; x_wconf 89' lang='lat' dir='ltr'><strong><em>restat</em></strong></span> <span class='ocrx_word' id='word_1_758' title='bbox 2569 3238 2627 3285; x_wconf 92' lang='lat' dir='ltr'><strong><em>ut</em></strong></span> <span class='ocrx_word' id='word_1_759' title='bbox 2655 3232 2739 3287; x_wconf 89' lang='lat' dir='ltr'><strong><em>his</em></strong></span> <span class='ocrx_word' id='word_1_760' title='bbox 2766 3233 3048 3289; x_wconf 91' lang='lat' dir='ltr'><strong><em>mobilibus</em></strong></span> <span class='ocrx_word' id='word_1_761' title='bbox 3075 3244 3129 3290; x_wconf 90' lang='lat' dir='ltr'><strong><em>et</em></strong></span> <span class='ocrx_word' id='word_1_762' title='bbox 3155 3236 3450 3293; x_wconf 87' lang='lat' dir='ltr'><strong><em>visibilibus</em></strong></span> <span class='ocrx_word' id='word_1_763' title='bbox 3476 3239 3640 3308; x_wconf 87' lang='lat' dir='ltr'><strong><em>parti-</em></strong></span> 
     </span>
    </p>
   </div>
   <div class='ocr_carea' id='block_1_95' title="bbox 2057 3320 3645 3399">
    <p class='ocr_par' dir='ltr' id='par_1_95' title="bbox 2057 3320 3645 3399">
     <span class='ocr_line' id='line_1_95' title="bbox 2057 3320 3645 3399; baseline 0.006 -24"><span class='ocrx_word' id='word_1_764' title='bbox 2057 3320 2158 3376; x_wconf 87' lang='lat' dir='ltr'><strong><em>bus</em></strong></span> <span class='ocrx_word' id='word_1_765' title='bbox 2179 3361 2196 3389; x_wconf 94' lang='lat'><strong><em>,</em></strong></span> <span class='ocrx_word' id='word_1_766' title='bbox 2242 3337 2359 3391; x_wconf 72' lang='lat' dir='ltr'><strong><em>qua:</em></strong></span> <span class='ocrx_word' id='word_1_767' title='bbox 2405 3332 2656 3377; x_wconf 90' lang='lat' dir='ltr'><strong><em>creantur</em></strong></span> <span class='ocrx_word' id='word_1_768' title='bbox 2691 3324 2827 3378; x_wconf 91' lang='lat' dir='ltr'><strong><em>intra</em></strong></span> <span class='ocrx_word' id='word_1_769' title='bbox 2854 3324 3031 3390; x_wconf 91' lang='lat' dir='ltr'><strong>illum,</strong></span> <span class='ocrx_word' id='word_1_770' title='bbox 3061 3334 3169 3381; x_wconf 89' lang='lat' dir='ltr'><strong><em>tres</em></strong></span> <span class='ocrx_word' id='word_1_771' title='bbox 3197 3327 3312 3383; x_wconf 90' lang='lat' dir='ltr'><strong><em>dies</em></strong></span> <span class='ocrx_word' id='word_1_772' title='bbox 3336 3328 3523 3399; x_wconf 91' lang='lat' dir='ltr'><strong><em>reliqui</em></strong></span> <span class='ocrx_word' id='word_1_773' title='bbox 3550 3329 3645 3385; x_wconf 90' lang='lat' dir='ltr'><strong><em>de-</em></strong></span> 
     </span>
    </p>
   </div>
   <div class='ocr_carea' id='block_1_96' title="bbox 2060 3413 3643 3487">
    <p class='ocr_par' dir='ltr' id='par_1_96' title="bbox 2060 3413 3643 3487">
     <span class='ocr_line' id='line_1_96' title="bbox 2060 3413 3643 3487; baseline 0.007 -22"><span class='ocrx_word' id='word_1_774' title='bbox 2060 3420 2328 3481; x_wconf 91' lang='lat' dir='ltr'><strong><em>putentur.</em></strong></span> <span class='ocrx_word' id='word_1_775' title='bbox 2374 3413 2441 3465; x_wconf 85' lang='lat' dir='ltr'><strong><em>Et</em></strong></span> <span class='ocrx_word' id='word_1_776' title='bbox 2484 3414 2605 3482; x_wconf 90' lang='lat' dir='ltr'><strong><em>quia</em></strong></span> <span class='ocrx_word' id='word_1_777' title='bbox 2639 3415 2777 3469; x_wconf 92' lang='lat' dir='ltr'><strong><em>sicut</em></strong></span> <span class='ocrx_word' id='word_1_778' title='bbox 2808 3416 2952 3483; x_wconf 90' lang='lat' dir='ltr'><strong><em>prius</em></strong></span> <span class='ocrx_word' id='word_1_779' title='bbox 2979 3418 3171 3473; x_wconf 72' lang='lat' dir='ltr'><strong><em>coelum</em></strong></span> <span class='ocrx_word' id='word_1_780' title='bbox 3202 3419 3397 3474; x_wconf 80' lang='lat' dir='ltr'><strong><em>factum</em></strong></span> <span class='ocrx_word' id='word_1_781' title='bbox 3427 3430 3537 3487; x_wconf 90' lang='lat' dir='ltr'><strong><em>est,</em></strong></span> <span class='ocrx_word' id='word_1_782' title='bbox 3570 3422 3643 3477; x_wconf 92' lang='lat' dir='ltr'><strong><em>ita</em></strong></span> 
     </span>
    </p>
   </div>
   <div class='ocr_carea' id='block_1_97' title="bbox 2059 3492 3644 3581">
    <p class='ocr_par' dir='ltr' id='par_1_97' title="bbox 2059 3492 3644 3581">
     <span class='ocr_line' id='line_1_97' title="bbox 2059 3492 3644 3581; baseline 0.008 -26"><span class='ocrx_word' id='word_1_783' title='bbox 2059 3492 2206 3571; x_wconf 81' lang='lat' dir='ltr'><strong><em>prius</em></strong></span> <span class='ocrx_word' id='word_1_784' title='bbox 2243 3510 2323 3556; x_wconf 90' lang='lat' dir='ltr'><strong><em>est</em></strong></span> <span class='ocrx_word' id='word_1_785' title='bbox 2357 3502 2651 3559; x_wconf 89' lang='lat' dir='ltr'><strong><em>ornandum</em></strong></span> <span class='ocrx_word' id='word_1_786' title='bbox 2682 3505 2985 3574; x_wconf 87' lang='lat' dir='ltr'><strong><em>hujusmodi</em></strong></span> <span class='ocrx_word' id='word_1_787' title='bbox 3014 3509 3250 3577; x_wconf 89' lang='lat' dir='ltr'><strong><em>partibus</em></strong></span> <span class='ocrx_word' id='word_1_788' title='bbox 3276 3510 3422 3577; x_wconf 92' lang='lat' dir='ltr'><strong><em>suis;</em></strong></span> <span class='ocrx_word' id='word_1_789' title='bbox 3455 3522 3644 3581; x_wconf 91' lang='lat' dir='ltr'><strong><em>quarto</em></strong></span> 
     </span>
    </p>
   </div>
   <div class='ocr_carea' id='block_1_98' title="bbox 2059 3594 3644 3668">
    <p class='ocr_par' dir='ltr' id='par_1_98' title="bbox 2059 3594 3644 3668">
     <span class='ocr_line' id='line_1_98' title="bbox 2059 3594 3644 3668; baseline 0.008 -20"><span class='ocrx_word' id='word_1_790' title='bbox 2059 3594 2145 3649; x_wconf 91' lang='lat' dir='ltr'><strong><em>die</em></strong></span> <span class='ocrx_word' id='word_1_791' title='bbox 2189 3594 2322 3648; x_wconf 88' lang='lat' dir='ltr'><strong><em>ﬁunt</em></strong></span> <span class='ocrx_word' id='word_1_792' title='bbox 2357 3595 2530 3650; x_wconf 89' lang='lat' dir='ltr'><strong><em>sidera</em></strong></span> <span class='ocrx_word' id='word_1_793' title='bbox 2552 3637 2565 3661; x_wconf 95' lang='lat'><strong>,</strong></span> <span class='ocrx_word' id='word_1_794' title='bbox 2599 3597 2789 3667; x_wconf 91' lang='lat' dir='ltr'><strong><em>quibus</em></strong></span> <span class='ocrx_word' id='word_1_795' title='bbox 2818 3613 2977 3668; x_wconf 87' lang='lat' dir='ltr'><strong><em>super</em></strong></span> <span class='ocrx_word' id='word_1_796' title='bbox 3004 3608 3199 3655; x_wconf 89' lang='lat' dir='ltr'><strong><em>terram</em></strong></span> <span class='ocrx_word' id='word_1_797' title='bbox 3228 3602 3524 3659; x_wconf 90' lang='lat' dir='ltr'><strong><em>lucentibus</em></strong></span> <span class='ocrx_word' id='word_1_798' title='bbox 3549 3604 3644 3660; x_wconf 82' lang='lat' dir='ltr'><strong><em>ha-</em></strong></span> 
     </span>
    </p>
   </div>
   <div class='ocr_carea' id='block_1_99' title="bbox 2059 3686 3645 3765">
    <p class='ocr_par' dir='ltr' id='par_1_99' title="bbox 2059 3686 3645 3765">
     <span class='ocr_line' id='line_1_99' title="bbox 2059 3686 3645 3765; baseline 0.008 -26"><span class='ocrx_word' id='word_1_799' title='bbox 2059 3686 2244 3740; x_wconf 90' lang='lat' dir='ltr'><strong><em>bitatio</em></strong></span> <span class='ocrx_word' id='word_1_800' title='bbox 2270 3701 2478 3756; x_wconf 89' lang='lat' dir='ltr'><strong><em>quoque</em></strong></span> <span class='ocrx_word' id='word_1_801' title='bbox 2505 3687 2798 3743; x_wconf 90' lang='lat' dir='ltr'><strong><em>illustretur</em></strong></span> <span class='ocrx_word' id='word_1_802' title='bbox 2824 3689 3062 3757; x_wconf 84' lang='lat' dir='ltr'><strong><em>inferior,</em></strong></span> <span class='ocrx_word' id='word_1_803' title='bbox 3092 3707 3162 3746; x_wconf 90' lang='lat' dir='ltr'><strong><em>ne</em></strong></span> <span class='ocrx_word' id='word_1_804' title='bbox 3183 3692 3508 3749; x_wconf 88' lang='lat' dir='ltr'><strong><em>habitatores</em></strong></span> <span class='ocrx_word' id='word_1_805' title='bbox 3528 3695 3645 3765; x_wconf 88' lang='lat' dir='ltr'><strong><em>ejus</em></strong></span> 
     </span>
    </p>
   </div>
   <div class='ocr_carea' id='block_1_100' title="bbox 2058 3778 3642 3860">
    <p class='ocr_par' dir='ltr' id='par_1_100' title="bbox 2058 3778 3642 3860">
     <span class='ocr_line' id='line_1_100' title="bbox 2058 3778 3642 3860; baseline 0.008 -29"><span class='ocrx_word' id='word_1_806' title='bbox 2058 3778 2113 3833; x_wconf 90' lang='lat' dir='ltr'><strong><em>in</em></strong></span> <span class='ocrx_word' id='word_1_807' title='bbox 2140 3778 2517 3834; x_wconf 90' lang='lat' dir='ltr'><strong><em>habitationem</em></strong></span> <span class='ocrx_word' id='word_1_808' title='bbox 2541 3781 2875 3838; x_wconf 85' lang='lat' dir='ltr'><strong><em>tenebrosam.</em></strong></span> <span class='ocrx_word' id='word_1_809' title='bbox 2900 3784 3236 3840; x_wconf 90' lang='lat' dir='ltr'><strong><em>inducantur.</em></strong></span> <span class='ocrx_word' id='word_1_810' title='bbox 3256 3786 3325 3841; x_wconf 89' lang='lat' dir='ltr'><strong><em>Et</em></strong></span> <span class='ocrx_word' id='word_1_811' title='bbox 3344 3787 3494 3855; x_wconf 92' lang='lat' dir='ltr'><strong><em>ideo,</em></strong></span> <span class='ocrx_word' id='word_1_812' title='bbox 3519 3791 3642 3860; x_wconf 81' lang='lat' dir='ltr'><strong><em>quia</em></strong></span> 
     </span>
    </p>
   </div>
   <div class='ocr_carea' id='block_1_101' title="bbox 2058 3871 3645 3949">
    <p class='ocr_par' dir='ltr' id='par_1_101' title="bbox 2058 3871 3645 3949">
     <span class='ocr_line' id='line_1_101' title="bbox 2058 3871 3645 3949; baseline 0.009 -25"><span class='ocrx_word' id='word_1_813' title='bbox 2058 3871 2267 3927; x_wconf 82' lang='lat' dir='ltr'><strong><em>inﬁrma</em></strong></span> <span class='ocrx_word' id='word_1_814' title='bbox 2305 3888 2528 3943; x_wconf 90' lang='lat' dir='ltr'><strong><em>corpora</em></strong></span> <span class='ocrx_word' id='word_1_815' title='bbox 2568 3873 2877 3931; x_wconf 87' lang='lat' dir='ltr'><strong><em>inferiorum</em></strong></span> <span class='ocrx_word' id='word_1_816' title='bbox 2906 3877 3262 3934; x_wconf 87' lang='lat' dir='ltr'><strong><em>habitatorum</em></strong></span> <span class='ocrx_word' id='word_1_817' title='bbox 3283 3924 3299 3949; x_wconf 88' lang='lat'><strong><em>,</em></strong></span> <span class='ocrx_word' id='word_1_818' title='bbox 3327 3883 3645 3940; x_wconf 86' lang='lat' dir='ltr'><strong><em>succedente</em></strong></span> 
     </span>
    </p>
   </div>
   <div class='ocr_carea' id='block_1_102' title="bbox 2057 3965 3643 4037">
    <p class='ocr_par' dir='ltr' id='par_1_102' title="bbox 2057 3965 3643 4037">
     <span class='ocr_line' id='line_1_102' title="bbox 2057 3965 3643 4037; baseline 0.008 -18"><span class='ocrx_word' id='word_1_819' title='bbox 2057 3965 2287 4021; x_wconf 89' lang='lat' dir='ltr'><strong><em>motibus</em></strong></span> <span class='ocrx_word' id='word_1_820' title='bbox 2312 3966 2489 4036; x_wconf 89' lang='lat' dir='ltr'><strong><em>quiete</em></strong></span> <span class='ocrx_word' id='word_1_821' title='bbox 2518 3977 2849 4037; x_wconf 89' lang='lat' dir='ltr'><strong><em>reparantur,</em></strong></span> <span class='ocrx_word' id='word_1_822' title='bbox 2874 3969 3071 4026; x_wconf 82' lang='lat' dir='ltr'><strong><em>factum</em></strong></span> <span class='ocrx_word' id='word_1_823' title='bbox 3099 3981 3180 4027; x_wconf 91' lang='lat' dir='ltr'><strong><em>est</em></strong></span> <span class='ocrx_word' id='word_1_824' title='bbox 3206 3982 3261 4028; x_wconf 89' lang='lat' dir='ltr'><strong><em>ut</em></strong></span> <span class='ocrx_word' id='word_1_825' title='bbox 3281 3975 3643 4032; x_wconf 89' lang='lat' dir='ltr'><strong><em>circumeunte</em></strong></span> 
     </span>
    </p>
   </div>
   <div class='ocr_carea' id='block_1_103' title="bbox 2058 4058 3644 4137">
    <p class='ocr_par' dir='ltr' id='par_1_103' title="bbox 2058 4058 3644 4137">
     <span class='ocr_line' id='line_1_103' title="bbox 2058 4058 3644 4137; baseline 0.008 -25"><span class='ocrx_word' id='word_1_826' title='bbox 2058 4058 2172 4114; x_wconf 90' lang='lat' dir='ltr'><strong><em>sole</em></strong></span> <span class='ocrx_word' id='word_1_827' title='bbox 2190 4100 2205 4123; x_wconf 93' lang='lat'><strong><em>,</em></strong></span> <span class='ocrx_word' id='word_1_828' title='bbox 2251 4059 2355 4114; x_wconf 90' lang='lat' dir='ltr'><strong><em>diei</em></strong></span> <span class='ocrx_word' id='word_1_829' title='bbox 2400 4061 2676 4130; x_wconf 91' lang='lat' dir='ltr'><strong><em>noctisque</em></strong></span> <span class='ocrx_word' id='word_1_830' title='bbox 2702 4062 3068 4119; x_wconf 89' lang='lat' dir='ltr'><strong><em>vicissitudine</em></strong></span> <span class='ocrx_word' id='word_1_831' title='bbox 3093 4106 3106 4130; x_wconf 94' lang='lat'><strong><em>,</em></strong></span> <span class='ocrx_word' id='word_1_832' title='bbox 3139 4075 3356 4137; x_wconf 89' lang='lat' dir='ltr'><strong><em>pr0pter</em></strong></span> <span class='ocrx_word' id='word_1_833' title='bbox 3378 4069 3644 4124; x_wconf 57' lang='lat' dir='ltr'><strong><em>vicissitu-</em></strong></span> 
     </span>
    </p>
   </div>
   <div class='ocr_carea' id='block_1_104' title="bbox 2056 4150 3645 4227">
    <p class='ocr_par' dir='ltr' id='par_1_104' title="bbox 2056 4150 3645 4227">
     <span class='ocr_line' id='line_1_104' title="bbox 2056 4150 3645 4227; baseline 0.008 -22"><span class='ocrx_word' id='word_1_834' title='bbox 2056 4150 2235 4206; x_wconf 90' lang='lat' dir='ltr'><strong><em>dinem</em></strong></span> <span class='ocrx_word' id='word_1_835' title='bbox 2285 4152 2584 4207; x_wconf 90' lang='lat' dir='ltr'><strong><em>dormiendi</em></strong></span> <span class='ocrx_word' id='word_1_836' title='bbox 2629 4162 2683 4208; x_wconf 89' lang='lat' dir='ltr'><strong><em>et</em></strong></span> <span class='ocrx_word' id='word_1_837' title='bbox 2731 4155 2985 4225; x_wconf 88' lang='lat' dir='ltr'><strong><em>vigilandi</em></strong></span> <span class='ocrx_word' id='word_1_838' title='bbox 3013 4157 3311 4227; x_wconf 88' lang='lat' dir='ltr'><strong><em>potirentur</em></strong></span> <span class='ocrx_word' id='word_1_839' title='bbox 3343 4176 3359 4213; x_wconf 93' lang='lat'><strong>:</strong></span> <span class='ocrx_word' id='word_1_840' title='bbox 3387 4175 3493 4215; x_wconf 83' lang='lat' dir='ltr'><strong><em>nox</em></strong></span> <span class='ocrx_word' id='word_1_841' title='bbox 3517 4177 3645 4217; x_wconf 91' lang='lat' dir='ltr'><strong><em>vero</em></strong></span> 
     </span>
    </p>
   </div>
   <div class='ocr_carea' id='block_1_105' title="bbox 2060 4240 3641 4313">
    <p class='ocr_par' dir='ltr' id='par_1_105' title="bbox 2060 4240 3641 4313">
     <span class='ocr_line' id='line_1_105' title="bbox 2060 4240 3641 4313; baseline 0.007 -19"><span class='ocrx_word' id='word_1_842' title='bbox 2060 4240 2151 4295; x_wconf 86' lang='lat' dir='ltr'><strong><em>illa</em></strong></span> <span class='ocrx_word' id='word_1_843' title='bbox 2203 4257 2307 4295; x_wconf 86' lang='lat' dir='ltr'><strong><em>non</em></strong></span> <span class='ocrx_word' id='word_1_844' title='bbox 2354 4243 2600 4298; x_wconf 91' lang='lat' dir='ltr'><strong><em>indecora</em></strong></span> <span class='ocrx_word' id='word_1_845' title='bbox 2646 4256 2979 4313; x_wconf 89' lang='lat' dir='ltr'><strong><em>remaneret,</em></strong></span> <span class='ocrx_word' id='word_1_846' title='bbox 3024 4246 3118 4302; x_wconf 88' lang='lat' dir='ltr'><strong><em>sed</em></strong></span> <span class='ocrx_word' id='word_1_847' title='bbox 3156 4248 3295 4303; x_wconf 65' lang='lat' dir='ltr'><strong><em>lunae</em></strong></span> <span class='ocrx_word' id='word_1_848' title='bbox 3320 4264 3381 4304; x_wconf 92' lang='lat' dir='ltr'><strong><em>ac</em></strong></span> <span class='ocrx_word' id='word_1_849' title='bbox 3407 4250 3641 4305; x_wconf 87' lang='lat' dir='ltr'><strong><em>siderum</em></strong></span> 
     </span>
    </p>
   </div>
   <div class='ocr_carea' id='block_1_106' title="bbox 2056 4331 3642 4411">
    <p class='ocr_par' dir='ltr' id='par_1_106' title="bbox 2056 4331 3642 4411">
     <span class='ocr_line' id='line_1_106' title="bbox 2056 4331 3642 4411; baseline 0.008 -27"><span class='ocrx_word' id='word_1_850' title='bbox 2056 4331 2204 4397; x_wconf 92' lang='lat' dir='ltr'><strong><em>luce,</em></strong></span> <span class='ocrx_word' id='word_1_851' title='bbox 2241 4342 2295 4388; x_wconf 89' lang='lat' dir='ltr'><strong><em>et</em></strong></span> <span class='ocrx_word' id='word_1_852' title='bbox 2319 4334 2463 4403; x_wconf 87' lang='lat' dir='ltr'><strong><em>ipsos</em></strong></span> <span class='ocrx_word' id='word_1_853' title='bbox 2492 4336 2859 4391; x_wconf 58' lang='lat' dir='ltr'><strong><em>consolaretur</em></strong></span> <span class='ocrx_word' id='word_1_854' title='bbox 2884 4338 3128 4394; x_wconf 89' lang='lat' dir='ltr'><strong><em>homines</em></strong></span> <span class='ocrx_word' id='word_1_855' title='bbox 3146 4381 3161 4404; x_wconf 92' lang='lat'><strong>,</strong></span> <span class='ocrx_word' id='word_1_856' title='bbox 3190 4340 3381 4409; x_wconf 90' lang='lat' dir='ltr'><strong><em>quibus</em></strong></span> <span class='ocrx_word' id='word_1_857' title='bbox 3411 4343 3642 4411; x_wconf 88' lang='lat' dir='ltr'><strong><em>plerum-</em></strong></span> 
     </span>
    </p>
   </div>
   <div class='ocr_carea' id='block_1_107' title="bbox 2055 4428 3644 4504">
    <p class='ocr_par' dir='ltr' id='par_1_107' title="bbox 2055 4428 3644 4504">
     <span class='ocr_line' id='line_1_107' title="bbox 2055 4428 3644 4504; baseline 0.005 -24"><span class='ocrx_word' id='word_1_858' title='bbox 2055 4443 2159 4497; x_wconf 90' lang='lat' dir='ltr'><strong><em>que</em></strong></span> <span class='ocrx_word' id='word_1_859' title='bbox 2195 4428 2448 4497; x_wconf 90' lang='lat' dir='ltr'><strong><em>operandi</em></strong></span> <span class='ocrx_word' id='word_1_860' title='bbox 2486 4437 2569 4483; x_wconf 89' lang='lat' dir='ltr'><strong><em>est</em></strong></span> <span class='ocrx_word' id='word_1_861' title='bbox 2602 4431 2761 4485; x_wconf 89' lang='lat' dir='ltr'><strong><em>etiam</em></strong></span> <span class='ocrx_word' id='word_1_862' title='bbox 2794 4439 3052 4485; x_wconf 89' lang='lat' dir='ltr'><strong><em>nocturna</em></strong></span> <span class='ocrx_word' id='word_1_863' title='bbox 3091 4434 3418 4498; x_wconf 88' lang='lat' dir='ltr'><strong><em>necessitas;</em></strong></span> <span class='ocrx_word' id='word_1_864' title='bbox 3447 4442 3501 4487; x_wconf 89' lang='lat' dir='ltr'><strong><em>et</em></strong></span> <span class='ocrx_word' id='word_1_865' title='bbox 3524 4434 3644 4504; x_wconf 85' lang='lat' dir='ltr'><strong><em>qui-</em></strong></span> 
     </span>
    </p>
   </div>
   <div class='ocr_carea' id='block_1_108' title="bbox 2055 4520 3639 4596">
    <p class='ocr_par' dir='ltr' id='par_1_108' title="bbox 2055 4520 3639 4596">
     <span class='ocr_line' id='line_1_108' title="bbox 2055 4520 3639 4596; baseline 0.003 -21"><span class='ocrx_word' id='word_1_866' title='bbox 2055 4520 2276 4575; x_wconf 88' lang='lat' dir='ltr'><strong><em>busdam</em></strong></span> <span class='ocrx_word' id='word_1_867' title='bbox 2317 4520 2665 4580; x_wconf 83' lang='lat' dir='ltr'><strong><em>animalibus.</em></strong></span> <span class='ocrx_word' id='word_1_868' title='bbox 2708 4537 2826 4590; x_wconf 71' lang='lat' dir='ltr'><strong><em>qua:</em></strong></span> <span class='ocrx_word' id='word_1_869' title='bbox 2860 4522 3031 4577; x_wconf 94' lang='lat' dir='ltr'><strong><em>lucem</em></strong></span> <span class='ocrx_word' id='word_1_870' title='bbox 3064 4523 3191 4578; x_wconf 90' lang='lat' dir='ltr'><strong><em>solis</em></strong></span> <span class='ocrx_word' id='word_1_871' title='bbox 3220 4524 3360 4579; x_wconf 80' lang='lat' dir='ltr'><strong><em>ferre</em></strong></span> <span class='ocrx_word' id='word_1_872' title='bbox 3384 4538 3493 4580; x_wconf 92' lang='lat' dir='ltr'><strong><em>non</em></strong></span> <span class='ocrx_word' id='word_1_873' title='bbox 3518 4540 3639 4596; x_wconf 84' lang='lat' dir='ltr'><strong><em>pos-</em></strong></span> 
     </span>
    </p>
   </div>
   <div class='ocr_carea' id='block_1_109' title="bbox 2055 4612 3118 4684">
    <p class='ocr_par' dir='ltr' id='par_1_109' title="bbox 2055 4612 3118 4684">
     <span class='ocr_line' id='line_1_109' title="bbox 2055 4612 3118 4684; baseline 0.001 -16"><span class='ocrx_word' id='word_1_874' title='bbox 2055 4621 2205 4676; x_wconf 90' lang='lat' dir='ltr'><strong><em>sunt,</em></strong></span> <span class='ocrx_word' id='word_1_875' title='bbox 2234 4612 2299 4666; x_wconf 90' lang='lat' dir='ltr'><strong><em>ad</em></strong></span> <span class='ocrx_word' id='word_1_876' title='bbox 2326 4612 2690 4667; x_wconf 81' lang='lat' dir='ltr'><strong><em>sufﬁcientiam</em></strong></span> <span class='ocrx_word' id='word_1_877' title='bbox 2716 4623 3118 4684; x_wconf 90' lang='lat' dir='ltr'><strong><em>temperaretur.</em></strong></span> 
     </span>
    </p>
   </div>
   <div class='ocr_carea' id='block_1_110' title="bbox 2127 4706 3628 4787">
    <p class='ocr_par' dir='ltr' id='par_1_110' title="bbox 2127 4706 3628 4787">
     <span class='ocr_line' id='line_1_110' title="bbox 2127 4706 3628 4787; baseline 0.005 -24"><span class='ocrx_word' id='word_1_878' title='bbox 2127 4706 2350 4763; x_wconf 82' lang='lat' dir='ltr'><strong><em>CAPUT</em></strong></span> <span class='ocrx_word' id='word_1_879' title='bbox 2380 4706 2518 4761; x_wconf 84' lang='lat' dir='ltr'><strong><em>XIV.</em></strong></span> <span class='ocrx_word' id='word_1_880' title='bbox 2545 4737 2616 4749; x_wconf 89' lang='lat'><strong><em>——-</em></strong></span> <span class='ocrx_word' id='word_1_881' title='bbox 2648 4707 2911 4774; x_wconf 87' lang='lat' dir='ltr'><strong><em>Quomodo</em></strong></span> <span class='ocrx_word' id='word_1_882' title='bbox 2939 4712 3208 4767; x_wconf 88' lang='lat' dir='ltr'><strong><em>luminaria</em></strong></span> <span class='ocrx_word' id='word_1_883' title='bbox 3236 4713 3337 4769; x_wconf 82' lang='lat' dir='ltr'><strong><em>sint</em></strong></span> <span class='ocrx_word' id='word_1_884' title='bbox 3361 4714 3413 4769; x_wconf 90' lang='lat' dir='ltr'><strong><em>in</em></strong></span> <span class='ocrx_word' id='word_1_885' title='bbox 3425 4714 3515 4787; x_wconf 88' lang='lat' dir='ltr'><strong><em>sig</em></strong></span> <span class='ocrx_word' id='word_1_886' title='bbox 3527 4731 3628 4770; x_wconf 83' lang='lat' dir='ltr'><strong><em>nae</em></strong></span> 
     </span>
    </p>
   </div>
   <div class='ocr_carea' id='block_1_111' title="bbox 2467 4803 3217 4870">
    <p class='ocr_par' dir='ltr' id='par_1_111' title="bbox 2467 4803 3217 4870">
     <span class='ocr_line' id='line_1_111' title="bbox 2467 4803 3217 4870; baseline 0.011 -17"><span class='ocrx_word' id='word_1_887' title='bbox 2467 4810 2692 4870; x_wconf 89' lang='lat' dir='ltr'><strong><em>tempora</em></strong></span> <span class='ocrx_word' id='word_1_888' title='bbox 2709 4843 2725 4868; x_wconf 93' lang='lat'><strong><em>,</em></strong></span> <span class='ocrx_word' id='word_1_889' title='bbox 2757 4803 2809 4856; x_wconf 83' lang='lat' dir='ltr'><strong><em>in</em></strong></span> <span class='ocrx_word' id='word_1_890' title='bbox 2838 4803 2944 4858; x_wconf 89' lang='lat' dir='ltr'><strong><em>dies</em></strong></span> <span class='ocrx_word' id='word_1_891' title='bbox 2967 4814 3013 4859; x_wconf 90' lang='lat' dir='ltr'><strong><em>et</em></strong></span> <span class='ocrx_word' id='word_1_892' title='bbox 3037 4822 3217 4861; x_wconf 87' lang='lat' dir='ltr'><strong><em>annos.</em></strong></span> 
     </span>
    </p>
   </div>
   <div class='ocr_carea' id='block_1_112' title="bbox 2122 4892 3639 4974">
    <p class='ocr_par' dir='ltr' id='par_1_112' title="bbox 2122 4892 3639 4974">
     <span class='ocr_line' id='line_1_112' title="bbox 2122 4892 3639 4974; baseline 0.005 -25"><span class='ocrx_word' id='word_1_893' title='bbox 2122 4892 2211 4949; x_wconf 71' lang='lat'><strong><em>28.</em></strong></span> <span class='ocrx_word' id='word_1_894' title='bbox 2244 4892 2375 4948; x_wconf 91' lang='lat' dir='ltr'><strong><em>Illud</em></strong></span> <span class='ocrx_word' id='word_1_895' title='bbox 2403 4902 2578 4949; x_wconf 91' lang='lat' dir='ltr'><strong><em>autem</em></strong></span> <span class='ocrx_word' id='word_1_896' title='bbox 2606 4894 2748 4965; x_wconf 91' lang='lat' dir='ltr'><strong><em>quod</em></strong></span> <span class='ocrx_word' id='word_1_897' title='bbox 2774 4895 2972 4952; x_wconf 90' lang='lat' dir='ltr'><strong><em>dictum</em></strong></span> <span class='ocrx_word' id='word_1_898' title='bbox 2996 4908 3108 4965; x_wconf 90' lang='lat' dir='ltr'><strong><em>est,</em></strong></span> <span class='ocrx_word' id='word_1_899' title='bbox 3142 4898 3208 4953; x_wconf 87' lang='lat' dir='ltr'><strong><em>Et</em></strong></span> <span class='ocrx_word' id='word_1_900' title='bbox 3230 4899 3330 4954; x_wconf 88' lang='lat' dir='ltr'><strong><em>sint</em></strong></span> <span class='ocrx_word' id='word_1_901' title='bbox 3351 4900 3405 4955; x_wconf 89' lang='lat' dir='ltr'><strong><em>in</em></strong></span> <span class='ocrx_word' id='word_1_902' title='bbox 3425 4901 3571 4974; x_wconf 84' lang='lat' dir='ltr'><strong><em>signa</em></strong></span> <span class='ocrx_word' id='word_1_903' title='bbox 3591 4912 3639 4957; x_wconf 90' lang='lat' dir='ltr'><strong><em>et</em></strong></span> 
     </span>
    </p>
   </div>
   <div class='ocr_carea' id='block_1_113' title="bbox 2053 4986 3639 5062">
    <p class='ocr_par' dir='ltr' id='par_1_113' title="bbox 2053 4986 3639 5062">
     <span class='ocr_line' id='line_1_113' title="bbox 2053 4986 3639 5062; baseline 0.006 -24"><span class='ocrx_word' id='word_1_904' title='bbox 2053 4994 2276 5056; x_wconf 86' lang='lat' dir='ltr'><strong><em>tempora</em></strong></span> <span class='ocrx_word' id='word_1_905' title='bbox 2295 5027 2309 5052; x_wconf 90' lang='lat'><strong><em>,</em></strong></span> <span class='ocrx_word' id='word_1_906' title='bbox 2338 4995 2382 5039; x_wconf 91' lang='lat' dir='ltr'><strong><em>et</em></strong></span> <span class='ocrx_word' id='word_1_907' title='bbox 2403 4987 2455 5039; x_wconf 88' lang='lat' dir='ltr'><strong><em>in</em></strong></span> <span class='ocrx_word' id='word_1_908' title='bbox 2478 4986 2584 5040; x_wconf 86' lang='lat' dir='ltr'><strong><em>dies</em></strong></span> <span class='ocrx_word' id='word_1_909' title='bbox 2603 5029 2617 5054; x_wconf 92' lang='lat'><strong><em>,</em></strong></span> <span class='ocrx_word' id='word_1_910' title='bbox 2641 4998 2685 5041; x_wconf 91' lang='lat' dir='ltr'><strong><em>et</em></strong></span> <span class='ocrx_word' id='word_1_911' title='bbox 2705 4988 2760 5042; x_wconf 90' lang='lat' dir='ltr'><strong><em>in</em></strong></span> <span class='ocrx_word' id='word_1_912' title='bbox 2782 5004 2943 5044; x_wconf 89' lang='lat' dir='ltr'><strong><em>annos</em></strong></span> <span class='ocrx_word' id='word_1_913' title='bbox 2962 5030 2978 5057; x_wconf 94' lang='lat'><strong><em>,</em></strong></span> <span class='ocrx_word' id='word_1_914' title='bbox 3002 4991 3121 5061; x_wconf 89' lang='lat' dir='ltr'><strong><em>quis</em></strong></span> <span class='ocrx_word' id='word_1_915' title='bbox 3146 5007 3252 5047; x_wconf 91' lang='lat' dir='ltr'><strong><em>non</em></strong></span> <span class='ocrx_word' id='word_1_916' title='bbox 3282 4991 3456 5047; x_wconf 88' lang='lat' dir='ltr'><strong><em>videat</em></strong></span> <span class='ocrx_word' id='word_1_917' title='bbox 3478 5007 3639 5062; x_wconf 89' lang='lat' dir='ltr'><strong><em>quam</em></strong></span> 
     </span>
    </p>
   </div>
   <div class='ocr_carea' id='block_1_114' title="bbox 2052 5076 3649 5157">
    <p class='ocr_par' dir='ltr' id='par_1_114' title="bbox 2052 5076 3649 5157">
     <span class='ocr_line' id='line_1_114' title="bbox 2052 5076 3649 5157; baseline 0.004 -22"><span class='ocrx_word' id='word_1_918' title='bbox 2052 5079 2280 5136; x_wconf 88' lang='lat' dir='ltr'><strong><em>obscure</em></strong></span> <span class='ocrx_word' id='word_1_919' title='bbox 2319 5080 2549 5150; x_wconf 91' lang='lat' dir='ltr'><strong><em>positum</em></strong></span> <span class='ocrx_word' id='word_1_920' title='bbox 2595 5082 2697 5147; x_wconf 91' lang='lat' dir='ltr'><strong><em>sit,</em></strong></span> <span class='ocrx_word' id='word_1_921' title='bbox 2745 5091 2936 5152; x_wconf 88' lang='lat' dir='ltr'><strong><em>quarto</em></strong></span> <span class='ocrx_word' id='word_1_922' title='bbox 2972 5083 3060 5139; x_wconf 92' lang='lat' dir='ltr'><strong><em>die</em></strong></span> <span class='ocrx_word' id='word_1_923' title='bbox 3096 5085 3323 5155; x_wconf 61' lang='lat' dir='ltr'><strong><em>cepisse</em></strong></span> <span class='ocrx_word' id='word_1_924' title='bbox 3364 5076 3649 5157; x_wconf 76' lang='lat' dir='ltr'><strong><em>tempora,&#39;</em></strong></span> 
     </span>
    </p>
   </div>
   <div class='ocr_carea' id='block_1_115' title="bbox 2050 5173 3642 5248">
    <p class='ocr_par' dir='ltr' id='par_1_115' title="bbox 2050 5173 3642 5248">
     <span class='ocr_line' id='line_1_115' title="bbox 2050 5173 3642 5248; baseline 0.006 -21"><span class='ocrx_word' id='word_1_925' title='bbox 2050 5173 2200 5243; x_wconf 91' lang='lat' dir='ltr'><strong><em>quasi</em></strong></span> <span class='ocrx_word' id='word_1_926' title='bbox 2230 5174 2475 5243; x_wconf 90' lang='lat' dir='ltr'><strong><em>superius</em></strong></span> <span class='ocrx_word' id='word_1_927' title='bbox 2495 5173 2725 5228; x_wconf 87' lang='lat' dir='ltr'><strong><em>triduum</em></strong></span> <span class='ocrx_word' id='word_1_928' title='bbox 2751 5176 2866 5230; x_wconf 91' lang='lat' dir='ltr'><strong><em>sine</em></strong></span> <span class='ocrx_word' id='word_1_929' title='bbox 2892 5185 3132 5246; x_wconf 82' lang='lat' dir='ltr'><strong><em>tempore</em></strong></span> <span class='ocrx_word' id='word_1_930' title='bbox 3159 5176 3430 5247; x_wconf 82' lang='lat' dir='ltr'><strong><em>praeterire</em></strong></span> <span class='ocrx_word' id='word_1_931' title='bbox 3455 5187 3642 5248; x_wconf 89' lang='lat' dir='ltr'><strong><em>potue-</em></strong></span> 
     </span>
    </p>
   </div>
   <div class='ocr_carea' id='block_1_116' title="bbox 2051 5264 3639 5339">
    <p class='ocr_par' dir='ltr' id='par_1_116' title="bbox 2051 5264 3639 5339">
     <span class='ocr_line' id='line_1_116' title="bbox 2051 5264 3639 5339; baseline 0.004 -20"><span class='ocrx_word' id='word_1_932' title='bbox 2051 5264 2163 5319; x_wconf 79' lang='lat' dir='ltr'><strong><em>rit?</em></strong></span> <span class='ocrx_word' id='word_1_933' title='bbox 2200 5264 2330 5331; x_wconf 86' lang='lat' dir='ltr'><strong><em>Quis</em></strong></span> <span class='ocrx_word' id='word_1_934' title='bbox 2365 5280 2493 5336; x_wconf 81' lang='lat' dir='ltr'><strong><em>ergo</em></strong></span> <span class='ocrx_word' id='word_1_935' title='bbox 2528 5266 2706 5321; x_wconf 90' lang='lat' dir='ltr'><strong><em>animo</em></strong></span> <span class='ocrx_word' id='word_1_936' title='bbox 2732 5276 2972 5335; x_wconf 88' lang='lat' dir='ltr'><strong><em>penetrat</em></strong></span> <span class='ocrx_word' id='word_1_937' title='bbox 2995 5268 3262 5339; x_wconf 88' lang='lat' dir='ltr'><strong><em>quomodo</em></strong></span> <span class='ocrx_word' id='word_1_938' title='bbox 3288 5269 3361 5324; x_wconf 90' lang='lat' dir='ltr'><strong><em>illi</em></strong></span> <span class='ocrx_word' id='word_1_939' title='bbox 3388 5278 3497 5325; x_wconf 91' lang='lat' dir='ltr'><strong><em>tres</em></strong></span> <span class='ocrx_word' id='word_1_940' title='bbox 3523 5270 3639 5327; x_wconf 91' lang='lat' dir='ltr'><strong><em>dies</em></strong></span> 
     </span>
    </p>
   </div>
   <div class='ocr_carea' id='block_1_117' title="bbox 2051 5357 3641 5434">
    <p class='ocr_par' dir='ltr' id='par_1_117' title="bbox 2051 5357 3641 5434">
     <span class='ocr_line' id='line_1_117' title="bbox 2051 5357 3641 5434; baseline 0.004 -22"><span class='ocrx_word' id='word_1_941' title='bbox 2051 5357 2376 5424; x_wconf 89' lang='lat' dir='ltr'><strong><em>transierint,</em></strong></span> <span class='ocrx_word' id='word_1_942' title='bbox 2402 5367 2684 5429; x_wconf 88' lang='lat' dir='ltr'><strong><em>antequam</em></strong></span> <span class='ocrx_word' id='word_1_943' title='bbox 2711 5360 3009 5431; x_wconf 89' lang='lat' dir='ltr'><strong><em>inciperent</em></strong></span> <span class='ocrx_word' id='word_1_944' title='bbox 3028 5369 3286 5430; x_wconf 89' lang='lat' dir='ltr'><strong><em>tempora,</em></strong></span> <span class='ocrx_word' id='word_1_945' title='bbox 3309 5376 3429 5433; x_wconf 82' lang='lat' dir='ltr'><strong><em>quae</em></strong></span> <span class='ocrx_word' id='word_1_946' title='bbox 3449 5373 3641 5434; x_wconf 88' lang='lat' dir='ltr'><strong><em>quarto</em></strong></span> 
     </span>
    </p>
   </div>
   <div class='ocr_carea' id='block_1_118' title="bbox 2049 5449 3641 5525">
    <p class='ocr_par' dir='ltr' id='par_1_118' title="bbox 2049 5449 3641 5525">
     <span class='ocr_line' id='line_1_118' title="bbox 2049 5449 3641 5525; baseline 0.003 -19"><span class='ocrx_word' id='word_1_947' title='bbox 2049 5450 2139 5507; x_wconf 90' lang='lat' dir='ltr'><strong><em>die</em></strong></span> <span class='ocrx_word' id='word_1_948' title='bbox 2175 5449 2424 5505; x_wconf 89' lang='lat' dir='ltr'><strong><em>dicuntur</em></strong></span> <span class='ocrx_word' id='word_1_949' title='bbox 2458 5451 2730 5521; x_wconf 90' lang='lat' dir='ltr'><strong><em>incipere;</em></strong></span> <span class='ocrx_word' id='word_1_950' title='bbox 2769 5453 2855 5509; x_wconf 90' lang='lat' dir='ltr'><strong><em>vel</em></strong></span> <span class='ocrx_word' id='word_1_951' title='bbox 2882 5462 3056 5509; x_wconf 92' lang='lat' dir='ltr'><strong><em>utrum</em></strong></span> <span class='ocrx_word' id='word_1_952' title='bbox 3083 5454 3305 5510; x_wconf 90' lang='lat' dir='ltr'><strong><em>omnino</em></strong></span> <span class='ocrx_word' id='word_1_953' title='bbox 3330 5457 3641 5525; x_wconf 80' lang='lat' dir='ltr'><strong><em>transierint</em></strong></span> 
     </span>
    </p>
   </div>
   <div class='ocr_carea' id='block_1_119' title="bbox 2050 5543 3639 5620">
    <p class='ocr_par' dir='ltr' id='par_1_119' title="bbox 2050 5543 3639 5620">
     <span class='ocr_line' id='line_1_119' title="bbox 2050 5543 3639 5620; baseline 0.004 -20"><span class='ocrx_word' id='word_1_954' title='bbox 2050 5543 2165 5600; x_wconf 89' lang='lat' dir='ltr'><strong><em>dies</em></strong></span> <span class='ocrx_word' id='word_1_955' title='bbox 2205 5543 2319 5599; x_wconf 88' lang='lat' dir='ltr'><strong><em>illi?</em></strong></span> <span class='ocrx_word' id='word_1_956' title='bbox 2359 5546 2441 5599; x_wconf 88' lang='lat' dir='ltr'><strong><em>An</em></strong></span> <span class='ocrx_word' id='word_1_957' title='bbox 2480 5544 2620 5600; x_wconf 88' lang='lat' dir='ltr'><strong><em>circa</em></strong></span> <span class='ocrx_word' id='word_1_958' title='bbox 2654 5547 2887 5617; x_wconf 89' lang='lat' dir='ltr'><strong><em>speciem</em></strong></span> <span class='ocrx_word' id='word_1_959' title='bbox 2914 5546 3069 5601; x_wconf 81' lang='lat' dir='ltr'><strong><em>factae</em></strong></span> <span class='ocrx_word' id='word_1_960' title='bbox 3096 5546 3172 5603; x_wconf 90' lang='lat' dir='ltr'><strong><em>rei</em></strong></span> <span class='ocrx_word' id='word_1_961' title='bbox 3200 5547 3315 5603; x_wconf 89' lang='lat' dir='ltr'><strong><em>dies</em></strong></span> <span class='ocrx_word' id='word_1_962' title='bbox 3343 5550 3639 5620; x_wconf 90' lang='lat' dir='ltr'><strong><em>appellatus</em></strong></span> 
     </span>
    </p>
   </div>
   <div class='ocr_carea' id='block_1_120' title="bbox 2050 5638 3638 5713">
    <p class='ocr_par' dir='ltr' id='par_1_120' title="bbox 2050 5638 3638 5713">
     <span class='ocr_line' id='line_1_120' title="bbox 2050 5638 3638 5713; baseline 0.003 -19"><span class='ocrx_word' id='word_1_963' title='bbox 2050 5638 2155 5707; x_wconf 88' lang='lat' dir='ltr'><strong><em>sit,</em></strong></span> <span class='ocrx_word' id='word_1_964' title='bbox 2187 5645 2239 5693; x_wconf 91' lang='lat' dir='ltr'><strong><em>et</em></strong></span> <span class='ocrx_word' id='word_1_965' title='bbox 2266 5638 2407 5693; x_wconf 87' lang='lat' dir='ltr'><strong><em>circa</em></strong></span> <span class='ocrx_word' id='word_1_966' title='bbox 2435 5639 2781 5709; x_wconf 88' lang='lat' dir='ltr'><strong><em>privationem</em></strong></span> <span class='ocrx_word' id='word_1_967' title='bbox 2809 5654 2914 5696; x_wconf 84' lang='lat' dir='ltr'><strong><em>nox</em></strong></span> <span class='ocrx_word' id='word_1_968' title='bbox 2941 5658 2954 5694; x_wconf 89' lang='lat'><strong>:</strong></span> <span class='ocrx_word' id='word_1_969' title='bbox 2982 5647 3042 5695; x_wconf 92' lang='lat' dir='ltr'><strong><em>ut</em></strong></span> <span class='ocrx_word' id='word_1_970' title='bbox 3064 5640 3298 5697; x_wconf 85' lang='lat' dir='ltr'><strong><em>nondum</em></strong></span> <span class='ocrx_word' id='word_1_971' title='bbox 3325 5642 3504 5713; x_wconf 89' lang='lat' dir='ltr'><strong><em>specie</em></strong></span> <span class='ocrx_word' id='word_1_972' title='bbox 3524 5641 3638 5699; x_wconf 72' lang='lat' dir='ltr'><strong><em>for-</em></strong></span> 
     </span>
    </p>
   </div>
   <div class='ocr_carea' id='block_1_121' title="bbox 2050 5729 3640 5799">
    <p class='ocr_par' dir='ltr' id='par_1_121' title="bbox 2050 5729 3640 5799">
     <span class='ocr_line' id='line_1_121' title="bbox 2050 5729 3640 5799; baseline 0.004 -14"><span class='ocrx_word' id='word_1_973' title='bbox 2050 5736 2193 5785; x_wconf 90' lang='lat' dir='ltr'><strong><em>mata</em></strong></span> <span class='ocrx_word' id='word_1_974' title='bbox 2220 5730 2442 5785; x_wconf 90' lang='lat' dir='ltr'><strong><em>materia</em></strong></span> <span class='ocrx_word' id='word_1_975' title='bbox 2467 5745 2571 5785; x_wconf 84' lang='lat' dir='ltr'><strong><em>nox</em></strong></span> <span class='ocrx_word' id='word_1_976' title='bbox 2595 5729 2734 5786; x_wconf 89' lang='lat' dir='ltr'><strong><em>dicta</em></strong></span> <span class='ocrx_word' id='word_1_977' title='bbox 2758 5732 2859 5799; x_wconf 89' lang='lat' dir='ltr'><strong><em>sit,</em></strong></span> <span class='ocrx_word' id='word_1_978' title='bbox 2886 5731 3029 5788; x_wconf 92' lang='lat' dir='ltr'><strong><em>unde</em></strong></span> <span class='ocrx_word' id='word_1_979' title='bbox 3055 5731 3328 5790; x_wconf 83' lang='lat' dir='ltr'><strong><em>formanda</em></strong></span> <span class='ocrx_word' id='word_1_980' title='bbox 3355 5743 3509 5790; x_wconf 88' lang='lat' dir='ltr'><strong><em>erant</em></strong></span> <span class='ocrx_word' id='word_1_981' title='bbox 3535 5749 3640 5792; x_wconf 70' lang='lat' dir='ltr'><strong><em>ete-</em></strong></span> 
     </span>
    </p>
   </div>
   <div class='ocr_carea' id='block_1_122' title="bbox 2050 5824 3639 5898">
    <p class='ocr_par' dir='ltr' id='par_1_122' title="bbox 2050 5824 3639 5898">
     <span class='ocr_line' id='line_1_122' title="bbox 2050 5824 3639 5898; baseline 0 -16"><span class='ocrx_word' id='word_1_982' title='bbox 2050 5835 2165 5882; x_wconf 89' lang='lat' dir='ltr'><strong><em>tera</em></strong></span> <span class='ocrx_word' id='word_1_983' title='bbox 2189 5840 2204 5892; x_wconf 88' lang='lat'>;</span> <span class='ocrx_word' id='word_1_984' title='bbox 2231 5824 2364 5879; x_wconf 89' lang='lat' dir='ltr'><strong><em>sicut</em></strong></span> <span class='ocrx_word' id='word_1_985' title='bbox 2386 5832 2558 5895; x_wconf 89' lang='lat' dir='ltr'><strong><em>potest</em></strong></span> <span class='ocrx_word' id='word_1_986' title='bbox 2580 5826 2825 5895; x_wconf 89' lang='lat' dir='ltr'><strong><em>quamvis</em></strong></span> <span class='ocrx_word' id='word_1_987' title='bbox 2850 5825 2903 5881; x_wconf 91' lang='lat' dir='ltr'><strong><em>in</em></strong></span> <span class='ocrx_word' id='word_1_988' title='bbox 2926 5826 3087 5883; x_wconf 84' lang='lat' dir='ltr'><strong><em>rebus</em></strong></span> <span class='ocrx_word' id='word_1_989' title='bbox 3112 5824 3353 5884; x_wconf 81' lang='lat' dir='ltr'><strong><em>formatis</em></strong></span> <span class='ocrx_word' id='word_1_990' title='bbox 3372 5869 3388 5895; x_wconf 95' lang='lat'><strong><em>,</em></strong></span> <span class='ocrx_word' id='word_1_991' title='bbox 3414 5827 3639 5898; x_wconf 83' lang='lat' dir='ltr'><strong><em>intelligi</em></strong></span> 
     </span>
    </p>
   </div>
  </div>
