2028 3229
182 677 195 741 ἒ
208 701 320 732 qttenter
332 696 469 724 exordium
485 705 491 723 :
508 704 541 724 an
556 697 642 732 aliqua
656 697 705 723 alia
719 697 786 724 ratio
796 696 931 724 sitltorum
941 703 1013 733 ver-_

210 174 264 202 37-5

212 238 303 261 tamen
322 232 349 260 in
369 232 424 267 ipsa
448 232 621 260 mutabilitate
635 232 783 260 informitas
798 232 934 260 materiae:
950 239 1002 259 non

211 279 283 307 enim
301 278 393 314 spatiis
405 278 447 306 vel
463 278 580 305 locorum
595 278 670 313 quasi
685 278 828 311 remotior,
844 278 884 305 vel
898 282 1003 312 tempo-

210 333 269 353 rum
282 325 357 361 qoasi
370 324 619 357 anterior,discerui
634 324 740 360 potest?
755 325 794 351 An
809 324 896 359 potitts
911 325 935 351 in
947 324 1003 359 ipsa

211 380 240 400 re
254 372 322 400 facta
333 376 412 408 atque
423 372 535 399 formata
546 371 638 399 eadem
650 371 811 398 mutabilitas
822 392 828 403 ,
842 371 893 398 hoc
905 376 944 398 est
957 370 1004 398 de-

211 418 316 449 iiciendi
326 440 333 452 ,
353 423 384 446 ut
403 418 437 445 ita
457 418 567 446 dixerim
579 439 586 451 ,
601 417 761 453 possibilitas
772 438 779 451 ,
794 425 847 445 nox
871 417 1003 453 appellata

210 465 264 497 sit;
286 464 347 500 quia
367 465 437 492 inest
456 464 535 492 rebus
554 463 643 496 factis,
666 464 836 491 etiamsinon
850 468 1000 496 mutentur,

209 518 289 545 posse
309 510 427 539 mutari?
441 511 554 545 Vespera
567 514 655 538 autem
670 514 697 538 et
709 517 787 537 mane
800 516 852 536 non
867 510 941 544 quasi
957 517 1003 544 per

211 557 339 591 temporis
353 557 559 592 prteteritionem
574 560 601 584 et
612 556 753 584 adventum
764 577 771 589 ,
786 556 832 584 sed
848 562 895 591 per
908 563 1002 591 quem-

210 601 271 629 dam
294 603 434 630 terminum
445 623 452 635 ,
473 610 525 637 quo
540 602 693 638 intelligitur
704 610 840 638 quousque
853 603 890 629 sit
902 607 1002 629 natura:

208 650 333 685 proprius
347 650 356 665 ¹
376 649 484 683 modtts,
500 652 528 676 et
541 650 610 677 unde
626 650 659 677 sit
673 653 773 677 natura;
784 649 893 677 alterius
906 656 1001 676 conse-

185 742 189 750 '
207 743 302 771 borum
317 743 467 779 diligentius
481 742 655 779 vestiganda?

192 783 198 815 ἱ
241 789 287 817 29.
311 789 376 823 Quis
398 790 424 817 in
445 794 696 818 tautttm'secrctutn
718 789 794 817 facile
814 790 959 824 irrumpat,
973 793 1002 816 et

205 843 264 871 quas
286 836 360 872 signa
383 836 470 868 dicat,
492 844 551 863 etim
574 836 638 864 dicit
658 836 691 863 de
704 835 851 868 sideribus,
866 835 960 862 Etsint
974 836 1001 862 in

165 898 169 903 -
205 883 277 918 signa
287 883 300 909 γ
319 882 410 917 Neque
430 883 500 910 enim
517 882 558 909 illa
572 882 635 909 dicit
649 890 708 918 qutc
723 882 865 910 observare
878 881 1000 909 vanitatis

205 932 261 961 est;
276 923 323 956 sed
336 929 425 964 utique
436 929 519 961 utilia,
536 933 562 956 et
577 929 654 963 hujus
663 929 726 955 vita:
739 928 828 955 usibus
838 927 998 959 necessaria,

204 982 265 1009 qua:
285 974 327 1002 vel
350 978 436 1001 nauta:
449 974 591 1002 observant
607 974 632 1001 in
647 973 833 1010 gubernando,
852 973 892 1000 vel
907 979 1000 999 omnes

205 1021 327 1049 homines
342 1021 375 1049 ad
389 1021 572 1056 pra-ridendas
583 1021 802 1056 aeris‘qualitates
813 1028 861 1056 per
880 1024 998 1047 :estatetn

205 1071 232 1094 et
247 1067 361 1095 hiemem
372 1089 379 1099 ,
397 1071 424 1094 ct
437 1068 615 1094 autumnalem
632 1067 820 1101 vernalemque‘
832 1065 996 1100 temperiem.

203 1113 237 1141 Et
247 1114 372 1142 nimirum
383 1114 440 1141 haec
453 1118 530 1141 vocat
543 1119 660 1148 tentpora
671 1134 678 1146 ,
690 1121 748 1148 quze
761 1121 808 1148 per
821 1112 908 1140 sidera
923 1106 996 1143 finiit,

202 1167 255 1187 non
277 1161 362 1195 spatia
384 1168 537 1192 morarttm,
560 1159 607 1187 sed
620 1159 814 1187 vicissitudines
828 1158 997 1186 alfeetionum

201 1206 264 1234 coeli
289 1206 376 1241 hujus.
400 1206 466 1234 Nam
490 1206 511 1233 si
534 1197 630 1241 aliquis
647 1205 689 1232 vel
703 1204 904 1240 corporalisWt-l
918 1204 997 1239 spiri-

200 1253 279 1281 tualis
291 1256 379 1280 motus
394 1252 572 1280 conditionem
584 1250 697 1279 istorum
706 1243 873 1278 lum'ina'rium
883 1258 997 1286 prteces-

199 1299 249 1332 δὴ,
272 1302 302 1326 ιιι
321 1298 420 1334 aliqttid
434 1306 449 1326 a
464 1298 551 1326 futura
564 1298 761 1333 exspectatione
776 1305 823 1332 per
837 1305 954 1332 prtesens
970 1298 995 1324 iu

199 1346 365 1381 praeteritum
380 1346 514 1382 trajiceret
524 1367 531 1379 ,
548 1346 605 1374 sine
621 1350 740 1381 tempore
755 1353 815 1373 esse
830 1354 882 1372 non
900 1346 994 1380 potuit.

199 1391 232 1419 Et
252 1392 311 1427 quis
334 1391 453 1420 obtineat
471 1400 524 1420 non
548 1392 628 1420 fuisse
648 1393 696 1420 nisi
711 1393 743 1419 ab
755 1392 865 1419 exordio
878 1392 994 1419 siderum

198 1432 388 1467 conditorum?
400 1439 453 1467 Sed
467 1444 546 1467 certze
562 1439 650 1471 ltortc,
667 1443 693 1466 et
708 1439 779 1471 dies,
796 1433 822 1484 et
835 1439 897 1466 anni
909 1460 915 1470 ,
928 1432 996 1474 quos

198 1486 295 1514 usitate
316 1487 457 1519 novimus,
479 1495 531 1513 non
556 1487 651 1514 fierent
674 1486 723 1512 nisi
738 1486 852 1513 motibus
866 1486 992 1513 siderum.

196 1533 288 1569 ltaqtte
303 1534 326 1561 si
341 1533 392 1561 hoc
405 1534 485 1561 modo
499 1522 676 1569 intelligamus
688 1537 806 1568 tempora
817 1554 823 1564 ,
836 1532 892 1560 dies
908 1527 994 1560 etau-

197 1587 264 1613 nos,
286 1571 448 1619 ut‘tempora
463 1580 590 1606 articulos
604 1579 733 1619 quosdam
747 1575 757 1594 ⁵
774 1586 841 1613 qttos
852 1586 900 1613 per
913 1570 993 1605 horo-

198 1627 268 1662 logia
290 1616 489 1662 computamus,
516 1626 558 1653 V01
578 1626 603 1653 iu
619 1626 686 1653 cmlo
702 1616 871 1658 notissimos,
888 1633 947 1652 cum
961 1626 994 1652 ab

196 1673 299 1701 oriettte
312 1662 395 1708 usque
407 1673 432 1699 in
444 1672 617 1699 meridianam
630 1662 795 1698 altitudinem
808 1672 848 1699 sol
862 1671 975 1706 insurgit
984 1660 996 1704 ,Δ

195 1724 274 1757 atque
290 1720 351 1747 inde
364 1727 456 1747 rursus
471 1727 553 1761 usque
566 1718 590 1745 in
602 1718 767 1746 occidentem
780 1718 882 1753 vergit;
894 1712 994 1759 utpos-

195 1768 229 1795 sit
252 1767 377 1802 deinceps
400 1764 568 1794 adverti'vel
595 1765 657 1792 luna
680 1765 722 1794 vel
742 1764 849 1800 aliquod
871 1763 944 1791 sidus
960 1763 994 1791 ab

195 1813 298 1841 oriente
322 1801 410 1841 statim
435 1815 496 1847 post
519 1801 727 1840 oceas'ttm'isolis
749 1817 904 1844 emergere;
922 1809 992 1845 quod

179 1887 181 1889 ,
196 1859 261 1886 item
283 1867 344 1886 cum
367 1848 409 1886 ad‘
423 1856 538 1886 mediam
552 1857 611 1885 coeli
627 1851 728 1883 venerit
740 1856 923 1889 altitudinem,
939 1851 994 1882 me-

196 1904 269 1932 dittm
294 1897 379 1932 noctis
402 1895 528 1936 indicet,
544 1908 605 1930 lttuc
627 1902 729 1930 scilicet
743 1896 910 1929 occasurum
931 1893 991 1928 cum

196 1952 252 1978 sole
277 1941 405 1979 redeunte
427 1950 457 1978 fit
478 1941 556 1978 mane
580 1958 587 1977 :
611 1942 668 1976 dies
689 1942 778 1976 autem
800 1953 869 1976 totos
881 1940 944 1983 solis
960 1948 993 1976 ab

196 1997 299 2024 oriente
314 1989 444 2024 usquead
457 1989 586 2023 orientem
599 1995 608 2010 ³
622 1994 748 2022 circuitus
761 2003 767 2020 :
782 2001 866 2021 annos
878 2002 940 2021 vero
951 1994 992 2021 vel

197 2004 299 2024 Ol‘lcnlc
314 2004 344 2023 US
365 2004 396 2024 tle
457 2004 586 2023 Orienleln
599 2004 608 2010 “”
622 2004 748 2022 (ΣΙΓΟΠΗΙῘΞ
761 2004 767 2020 ἶ
782 2004 866 2021 annos
878 2004 940 2021 VCFO
951 2004 991 2021 VCI

197 2035 270 2070 istos.
285 2004 395 2070 ttsitziios
410 2042 473 2069 solis
489 2034 639 2074 anfractus,
655 2049 707 2068 non
723 2048 782 2067 cum
797 2039 830 2067 ad
844 2040 991 2074 orientem,

196 2089 266 2124 quod
283 2081 401 2123 quotidie
416 2088 478 2117 facit
489 2080 501 2122 ,”
514 2079 560 2115 sed
575 2096 635 2115 cum
649 2088 682 2114 ad
696 2086 788 2114 cadctn
804 2087 861 2114 loca
875 2087 991 2123 siderum

196 2126 282 2167 redit,
294 2128 369 2170 {quod
385 2143 437 2161 non
453 2133 515 2161 facit
529 2133 579 2160 nisi
594 2133 708 2169 peractis
724 2133 848 2160 trecentis
856 2134 992 2168 sexaginta

196 2180 312 2216 quinque
325 2176 418 2207 diebus
433 2184 460 2207 et
471 2173 518 2207 ‘scx
535 2179 607 2206 horis
620 2200 626 2211 ,
641 2179 667 2206 id
682 2184 720 2206 cst
730 2200 737 2211 ,
754 2179 899 2214 quadrante
911 2180 991 2206 totius

196 2227 265 2261 diei,
291 2236 349 2263 quae
373 2235 434 2263 pars
454 2231 548 2265 quater
570 2217 647 2252 dticta
659 2246 665 2257 ,
679 2225 748 2260 cogit
764 2225 894 2260 interponi
910 2233 991 2252 unum

196 2272 283 2305 diem,
301 2269 374 2308 quod
397 2265 508 2311 Romani
531 2271 677 2298 bissextum
696 2276 807 2304 vocant,
828 2276 855 2298 ιιι
869 2271 901 2298 ad
915 2266 991 2299 eum-

196 2318 258 2345 dem
274 2318 413 2346 circuitum
428 2310 552 2345 redeatur
565 2326 571 2349 ;
588 2318 629 2345 vel
641 2317 719 2344 etiam
733 2317 847 2353 majores
860 2322 885 2345 ct
899 2310 989 2344 oecui-

196 2365 278 2392 tiores
292 2359 376 2392 annos
392 2374 398 2392 ε
413 2373 473 2392 nam
487 2364 626 2399 completis
639 2365 750 2391 aliortttn
762 2364 877 2391 siderum
887 2357 989 2400 spatiis,

197 2411 314 2446 majores
334 2412 396 2439 anni
418 2411 473 2439 fieri
489 2411 613 2438 dicuntur
629 2420 634 2438 :
651 2411 673 2438 si
688 2419 751 2446 ergo
767 2411 801 2438 ita
815 2411 991 2446 intelligamus

196 2449 315 2493 tempora
329 2480 336 2491 ,
352 2449 411 2486 dies
426 2463 452 2486 et
467 2448 550 2485 annos
562 2479 569 2492 ,
585 2466 664 2486 nemo
676 2458 778 2485 dubitat
789 2457 846 2484 haec
860 2449 991 2485 sideribus

196 2509 222 2531 ct
233 2496 406 2532 luminaribus
421 2504 487 2533 fieri.
498 2503 536 2531 ita
552 2504 623 2531 enim
635 2503 747 2538 positttm
759 2507 808 2535 est,
820 2507 847 2530 ut
860 2504 989 2530 incertum

197 2551 231 2577 sit
246 2543 333 2577 utrum
347 2550 379 2577 ad
395 2550 483 2577 omnia
498 2550 584 2577 sidera
602 2540 731 2583 pertineat
745 2548 815 2583 quod
826 2549 924 2575 dictum
938 2553 988 2581 est,

197 2588 257 2624 Sint
274 2596 300 2623 in
319 2597 391 2632 signa
410 2601 432 2623 et
453 2601 566 2631 tempora
577 2617 583 2627 ,
603 2600 626 2622 et
644 2595 670 2621 in
688 2595 756 2627 dics,
771 2599 793 2621 ct
806 2595 831 2621 in
844 2603 923 2621 annos
935 2602 944 2626 ;
956 2603 989 2622 an

196 2644 271 2678 signa
287 2648 313 2670 ct
329 2648 446 2678 tempora
461 2643 494 2669 ad
507 2646 602 2669 cmtcra
614 2662 621 2675 ,
634 2641 691 2669 dies
705 2648 767 2668 vero
782 2645 807 2668 et
821 2641 883 2667 anni
898 2641 931 2668 ad
947 2633 991 2668 so;

196 2689 249 2716 ietn
265 2689 457 2716 tantummodo.

285 2735 398 2763 CAPUT
415 2735 473 2762 XV.
487 2750 522 2754 —
541 2734 614 2761 Luna
626 2733 708 2768 qualis
720 2737 803 2759 creata
817 2733 900 2768 fuerit.

232 2771 278 2799 50.
295 2771 386 2804 Qualis
399 2772 478 2799 etiam
493 2770 554 2797 luna
570 2769 635 2796 facta
648 2769 698 2800 sit,
713 2768 789 2795 multi
805 2768 991 2803 loquacissime

227 2828 236 2844 ί
249 2832 303 2854 Mss.
314 2835 389 2860 prope
399 2833 493 2860 omnes,
504 2825 618 2860 propria}.

226 2860 236 2880 1
248 2856 476 2888 lov.,‘ut'articutos
486 2856 618 2888 quosdam;
629 2857 733 2887 om‘mo,
746 2857 866 2887 tempora,
883 2857 947 2888 quod
966 2858 991 2883 tu

195 2878 511 2921 wtéﬁé'im¥t§}1§gl§}iiuil

216 2921 240 2939 Ἰ
249 2920 318 2954 ΕΔΜ,
330 2918 362 2947 ad
375 2918 527 2946 occidentem.
538 2918 583 2944 Sed
592 2919 681 2944 melius
691 2922 755 2951 Mss,
765 2918 797 2944 ad
809 2919 931 2945 orientem.

674 174 718 202 DE
737 174 860 203 GENESI
879 174 925 202 AD
944 172 1129 206 LITTERAM,
1149 173 1177 202 S.
1197 173 1380 203 AUGUSTINI

1798 178 1851 213 πη

1059 232 1214 267 inquirunt;
1239 238 1318 269 atque
1339 233 1440 262 utinam
1463 234 1626 269 inquirente:
1645 234 1801 270 loquantur.
1816 243 1848 265 ac

1058 285 1109 304 non
1123 278 1209 312 potius
1219 279 1316 306 docere
1325 283 1453 308 conantes
1464 280 1471 308 ι
1486 279 1581 308 Dicunt
1590 281 1660 309 enim
1673 281 1733 309 ideo
1744 282 1849 317 plenam

1058 324 1162 358 lactant,
1176 326 1237 360 quia
1250 334 1302 353 non
1313 325 1424 353 decebat
1434 330 1462 353 ut
1476 326 1543 354 Deus
1556 327 1738 362 imperfectum
1750 328 1850 364 aliquid

1057 370 1102 397 illo
1125 371 1168 398 die
1192 371 1289 398 faceret
1313 372 1338 398 in
1359 372 1504 405 sideribus,
1519 380 1572 408 quo
1584 375 1712 408 scriptum
1723 378 1767 404 est
1777 374 1850 410 quod

1057 417 1124 445 facta
1146 419 1199 446 sint
1218 419 1314 446 sidera.
1336 419 1385 453 Qui
1399 424 1487 453 autem
1502 421 1645 455 resistunt,
1660 421 1752 449 dicunt
1767 431 1775 449 ς
1789 421 1849 457 ipsa

1056 471 1119 500 ergo
1133 464 1225 492 debuit
1237 465 1322 499 prima
1337 465 1398 492 luna
1409 465 1471 498 dici,
1484 473 1537 493 non
1547 471 1641 502 quarta
1654 467 1757 495 decima
1770 476 1778 501 ;
1789 468 1849 503 quis

1056 512 1126 539 enim
1148 512 1239 547 inetptt
1251 513 1286 540 ita
1300 514 1479 541 enumerare?
1492 515 1547 550 Ego
1559 518 1647 542 autem
1662 515 1765 544 medius
1780 515 1849 543 inter

1057 558 1121 586 istos
1134 557 1172 585 ita
1182 566 1255 592 sutn,
1271 564 1299 586 ut
1313 565 1435 587 neutrum
1451 568 1569 588 asseram
1582 570 1589 593 ;
1601 562 1648 589 sed
1660 562 1739 596 plane
1749 562 1847 595 dicam,

1055 603 1112 631 sive
1125 604 1236 642 prunam
1249 605 1305 633 sive
1319 605 1424 640 plenam
1440 606 1529 633 lunam
1545 606 1615 633 Deus
1631 606 1738 640 fecerit,
1755 607 1849 635 fecisse

1056 644 1218 692 perfectam:
1233 649 1351 695 ipsarum
1371 651 1440 678 enim
1455 655 1608 678 naturarum
1622 657 1662 679 est
1678 650 1746 693 Deus
1757 647 1849 680 auctor

1055 700 1082 733 et
1095 689 1224 724 conditor.
1236 689 1433 724 )Omnis'au'tcm
1447 705 1491 725 res
1504 692 1630 733 quidquid
1644 689 1784 734 progressu
1799 707 1847 726 na-

1057 743 1132 770 turali
1142 735 1192 778 per
1207 748 1325 779 tempora
1335 752 1450 783 congrua
1462 742 1657 780 quodammodo
1672 745 1758 780 prodit
1768 751 1849 781 atque

1055 784 1184 825 explicat,
1207 786 1284 818 etiam
1306 787 1366 819 ante
1387 787 1708 826 continebatoccultum,
1729 791 1778 820 etsi
1794 791 1849 820 non

1055 832 1144 871 specie
1157 838 1197 864 vel
1210 837 1281 865 mole
1294 838 1413 873 corporis
1424 834 1466 865 sui
1477 860 1483 871 ,
1502 828 1589 866 tamen
1602 836 1706 866 rationc’
1717 836 1846 866 ua'turte‘.

1054 878 1108 909 Nisi
1125 882 1191 910 forte
1205 874 1284 910 arbor
1292 878 1407 919 t‘ltta‘rpcr
1418 878 1532 911 hiemem
1541 881 1626 921 pomis
1635 878 1848 921 vacua‘folii'sq'ue

1054 922 1151 955 nudata
1170 923 1227 962 est,
1244 934 1304 956 tunc
1319 924 1472 965 imperfecta
1486 918 1596 957 dic'e‘ndri
1611 920 1667 963 est;
1684 926 1728 957 aut
1742 926 1846 958 vero‘in

1054 975 1205 1009 primordiis
1220 975 1300 1002 etiam
1313 976 1378 1009 suis,
1392 983 1452 1003 cum
1466 976 1552 1004 adhuc
1564 971 1665 1004 nulium‘
1677 976 1791 1004 fructum
1800 977 1847 1005 dc-

1052 1016 1151 1054 disset,
1169 1018 1320 1056 imperfecta
1337 1026 1393 1049 crat
1408 1016 1451 1049 illa
1467 1018 1660 1056 natura.‘Quo'd
1676 1019 1728 1050 non
1744 1027 1847 1051 tantutn

1052 1058 1086 1095 de
1101 1060 1209 1107 arbore,
1227 1069 1274 1095 sed
1289 1077 1337 1096 nec
1352 1063 1406 1095 dei
1421 1077 1458 1096 »ευ
1471 1068 1527 1123 eius
1542 1069 1642 1097 semine
1658 1064 1729 1098 recte
1742 1063 1846 1098 dicere?

1054 1107 1095 1135 Itir
1129 1115 1172 1135 niti
1188 1107 1276 1135 hin‘nid
1291 1113 1349 1135 ηιίτι
1363 1079 1639 1135 ηιιῆἱνι-ηεειίῐωηηηνίο
1651 1109 1846 1135 ηιΪΛΗὶη-Ϊιῖνιηιῑη

1054 1107 1095 1141 tur
1107 1135 1113 1148 ,
1129 1115 1172 1141 ubi
1188 1107 1277 1142 ciuilia
1291 1113 1349 1151 quac
1363 1107 1505 1150 proﬁrcssit
1514 1117 1640 1151 temporis
1651 1109 1846 1152 qu'odammodo

1053 1154 1326 1195 t'irocetlttnt,”'modis
1347 1154 1520 1189 itivisiiuilibits
1541 1159 1632 1191 latent.
1653 1153 1810 1199 Quanquam
1823 1162 1846 1192 si

1051 1207 1149 1242 aliquid
1160 1200 1236 1235 licus
1247 1197 1434 1243 imperfectum
1449 1208 1542 1237 fecisse
1555 1200 1703 1242 diceretur,

1051 1253 1112 1281 inde
1125 1254 1180 1288 ipse
1196 1248 1350 1289 perficeret,
1368 1249 1430 1290 quid
1445 1248 1658 1289 reprehensionis
1673 1248 1845 1289 haberet'ista

1050 1288 1204 1340 sententia?
1224 1290 1294 1345 ,I't't'r'e'
1309 1288 1579 1335 auteriidisplieeret‘,
1596 1301 1618 1328 si
1631 1300 1658 1340 id
1670 1293 1787 1337 qttod'ab
1798 1293 1846 1330 ita;

1050 1343 1202 1387 Ῐιιριιοςιῑιιιῐι
1218 1341 1288 1387 esset
1298 1367 1304 1378 ,
1317 1345 1349 1373 ab
1359 1343 1411 1373 alio
1423 1346 1554 1373 diceretur
1564 1353 1623 1374 esse
1634 1341 1789 1382 perfectum.
1822 1341 1834 1347 ”“

1066 1383 1068 1388 λ
1140 1383 1142 1385 ’
1154 1388 1203 1436 Qui
1226 1383 1289 1436 ergo
1310 1390 1343 1420 de
1359 1386 1428 1420 terra
1444 1401 1496 1420 non
1510 1388 1675 1428 queruntur,
1686 1386 1767 1430 quam
1782 1394 1846 1423 fecit

1050 1430 1137 1477 Deus,
1152 1430 1212 1465 cum
1228 1430 1398 1484 itt'prittcipiti
1414 1437 1474 1474 fecit
1489 1439 1558 1466 Deus
1573 1439 1670 1467 caelum
1685 1434 1843 1478 et'terram,‘

1049 1481 1110 1519 quia
1134 1479 1273 1524 invisibilis
1291 1479 1396 1512 erat'ct
1411 1486 1583 1523 incomposita
1595 1508 1601 1520 ,
1618 1491 1644 1514 et
1657 1482 1748 1522 postea
1765 1483 1844 1516 tertio

1049 1523 1102 1557 die“
1116 1520 1258 1565 conspicual
1280 1522 1399 1558 redditur
1414 1520 1498 1567 aique
1513 1520 1698 1567 componitur;
1714 1529 1777 1569 quid
1793 1531 1844 1562 Sibi

1048 1577 1081 1621 de
1092 1578 1152 1622 luna
1164 1578 1291 1622 tenebras
1300 1578 1398 1624 faciupt
1412 1579 1588 1613 qumstiouum
1599 1579 1610 1606 ?
1623 1579 1677 1607 Aut
1690 1580 1711 1607 si
1725 1581 1794 1616 quod
1810 1581 1844 1609 de

1049 1622 1119 1653 terra
1130 1625 1229 1652 dictum
1245 1630 1303 1659 cst,
1320 1622 1376 1662 non
1388 1626 1514 1661 temporis
1530 1625 1680 1659 intervallo,
1691 1635 1752 1654 cum
1763 1627 1843 1655 simul

1049 1671 1118 1707 Deus
1133 1671 1271 1698 materiam
1287 1671 1366 1699 rebus
1380 1672 1561 1699 conereavcrit
1574 1673 1584 1687 ¹
1597 1692 1604 1705 ,
1621 1672 1668 1700 sed
1683 1674 1842 1702 narrationis

1047 1718 1233 1754 distributione
1244 1718 1394 1754 intelligunt
1405 1718 1520 1754 dictum;
1533 1726 1580 1752 cur
1590 1718 1616 1746 in
1628 1719 1677 1755 hoc
1683 1720 1843 1755 quodetiam

1047 1765 1131 1799 oculis
1154 1765 1238 1799 videri
1261 1769 1366 1801 potest,
1384 1772 1435 1800 non
1451 1765 1586 1794 intuentur
1600 1765 1731 1801 integrum
1744 1774 1842 1802 corpus

1047 1810 1146 1838 habere
1167 1811 1274 1843 lunam,
1297 1814 1324 1838 et
1343 1814 1397 1837 tota
1420 1818 1466 1845 sua
1489 1811 1649 1838 rotunditate
1669 1811 1815 1846 perfectum
1832 1832 1840 1846 ,

1047 1857 1127 1889 etiam
1140 1864 1201 1884 ettm
1216 1856 1315 1892 lumine
1329 1856 1491 1893 corniculato
1503 1877 1510 1890 ,
1526 1857 1582 1891 sive
1596 1856 1724 1892 incipiens
1737 1857 1770 1891 ad
1786 1862 1840 1885 ter-

1048 1911 1090 1931 ras
1105 1903 1195 1943 lucere
1205 1924 1214 1937 ,
1228 1903 1284 1931 sive
1294 1902 1419 1937 desinens
1430 1902 1533 1941 fulget?
1548 1902 1575 1938 δῇ
1589 1909 1652 1939 ergo
1668 1902 1756 1937 iumen
1770 1903 1795 1945 in
1808 1910 1840 1931 ea

1047 1950 1160 1983 crescit,
1182 1949 1223 1981 vel
1243 1949 1392 1984 perﬁcitur,
1414 1948 1454 1984 vel
1473 1948 1618 1985 minuitur;
1637 1956 1690 1976 non
1710 1949 1841 1980 luminare

1048 1996 1132 2031 ipsum
1144 2016 1152 2029 ,
1174 1995 1221 2024 sed
1236 1995 1299 2035 illud
1314 1994 1385 2030 quod
1399 1995 1551 2029 accenditur
1564 1995 1681 2028 variatur
1694 2004 1700 2022 :
1716 1995 1738 2030 si
1751 2000 1840 2023 autem

1048 2049 1081 2070 ex
1104 2048 1155 2068 una
1178 2040 1319 2076 spba‘rulze
1340 2048 1395 2068 sum
1416 2045 1490 2075 parte
1502 2040 1704 2079 semperlucet,
1718 2040 1765 2068 sed
1776 2040 1839 2075 dum

1047 2096 1104 2118 eam
1127 2092 1228 2123 partem
1249 2087 1378 2121 convertit
1397 2087 1430 2120 ad
1450 2091 1563 2122 terram,
1583 2087 1668 2114 donec
1680 2090 1762 2115 totam
1775 2094 1840 2114 con-

1047 2138 1150 2167 vertat,
1163 2133 1232 2169 qttod
1248 2141 1263 2160 a
1278 2133 1362 2168 pritua
1377 2140 1461 2174 usque
1473 2132 1506 2160 ad
1520 2137 1640 2168 quartam
1653 2132 1783 2160 decimam
1799 2132 1838 2166 fit,

1046 2188 1167 2209 crescere
1176 2179 1280 2208 videtur
1291 2188 1298 2213 ;
1311 2186 1416 2214 semper
1427 2183 1468 2206 est
1481 2178 1557 2214 plena
1566 2200 1574 2212 ,
1587 2178 1634 2207 sed
1646 2183 1723 2209 teme
1735 2178 1840 2213 habita-

1047 2227 1148 2255 toribus
1165 2234 1217 2253 nou
1232 2233 1338 2260 semper
1351 2229 1469 2260 apparet.
1485 2224 1547 2260 llaec
1559 2224 1651 2252 eadem
1664 2224 1731 2251 ratio
1745 2230 1801 2256 est,
1813 2228 1840 2259 et

1046 2274 1068 2302 si
1087 2273 1149 2302 solis
1167 2273 1248 2301 radiis
1263 2272 1420 2307 illustratur.
1436 2271 1493 2299 Non
1507 2271 1576 2299 enim
1591 2275 1678 2307 potest
1689 2271 1768 2298 etiam
1782 2270 1820 2297 sic
1830 2291 1838 2304 ,

1045 2327 1105 2348 cum
1117 2319 1167 2351 soli
1176 2318 1296 2355 proxima
1310 2323 1368 2351 est,
1380 2318 1431 2352 nisi
1446 2318 1538 2345 lucidis
1551 2318 1676 2352 cornibus
1689 2325 1817 2359 apparere
1830 2325 1838 2353 ἱ

1046 2374 1105 2402 quia
1120 2370 1216 2405 caetera
1229 2373 1291 2400 pars
1301 2386 1308 2397 ,
1322 2373 1381 2400 qua:
1394 2369 1447 2393 tota
1462 2365 1488 2392 in
1504 2364 1595 2392 orbem
1609 2364 1770 2395 illustratur,
1785 2371 1838 2391 nou

1045 2417 1086 2446 est
1105 2412 1138 2440 ad
1154 2416 1236 2447 terras
1250 2416 1279 2446 ut
1292 2411 1374 2445 videri
1390 2411 1489 2446 possit,
1506 2410 1556 2438 nisi
1571 2418 1630 2437 cum
1643 2410 1693 2438 soli
1706 2410 1838 2439 contraria

1046 2464 1086 2492 est
1095 2481 1102 2493 ,
1116 2464 1146 2488 ut
1158 2464 1241 2491 totum
1255 2461 1333 2491 terris
1343 2462 1468 2494 appareat
1479 2458 1549 2492 qttod
1563 2457 1619 2492 ejus
1629 2457 1801 2485 illuminatur.

1080 2505 1125 2539 '52.
1135 2505 1191 2532 Non
1205 2505 1299 2537 desunt
1308 2509 1396 2532 tamen
1404 2504 1449 2539 qui
1463 2512 1515 2537 non
1529 2511 1560 2531 eo
1571 2511 1600 2531 sc
1614 2504 1736 2531 arbitrari
1747 2503 1839 2533 dicunt

1045 2551 1135 2579 lunam
1150 2550 1272 2586 primitus
1283 2558 1298 2578 a
1313 2550 1367 2578 Deo
1381 2554 1499 2584 quartam
1511 2549 1642 2577 decimam
1654 2549 1761 2583 factam,
1774 2550 1835 2585 quia

1045 2598 1123 2633 plena
1137 2596 1204 2629 facta
1220 2595 1352 2628 credenda
1364 2600 1422 2629 est;
1438 2595 1484 2622 sed
1507 2595 1568 2630 quia
1584 2595 1611 2622 in
1630 2595 1774 2635 Scripturis
1791 2596 1838 2627 Dei

1046 2643 1126 2672 verba
1136 2643 1174 2671 sic
1185 2642 1293 2674 habent,
1305 2642 1391 2669 lunam
1404 2644 1497 2677 factum
1507 2642 1534 2676 in
1545 2641 1727 2676 ittcltoationem
1738 2642 1817 2669 noctis
1828 2650 1838 2675 ;

1046 2695 1109 2719 tunc
1121 2694 1210 2717 autent
1222 2688 1309 2721 noctis
1334 2688 1443 2720 exordio
1467 2688 1579 2720 videtur,
1602 2695 1662 2715 cum
1678 2688 1755 2723 plena
1775 2692 1837 2716 est:

1047 2736 1112 2766 alias
1121 2743 1184 2764 vero
1198 2740 1224 2763 et
1235 2743 1282 2770 per
1290 2735 1360 2770 diem
1370 2735 1460 2769 incipit
1470 2734 1554 2767 videri
1562 2737 1623 2771 ante
1634 2733 1836 2769 plenitudinem,

1046 2787 1072 2812 et
1084 2783 1109 2809 in
1121 2789 1263 2817 progressu
1273 2781 1359 2810 noctis
1367 2785 1441 2808 tanto
1450 2781 1578 2817 ampliore
1588 2784 1687 2815 quanto
1697 2780 1835 2808 minuitur.

1047 2828 1099 2870 Sed
1113 2829 1158 2873 qui
1182 2836 1229 2870 per
1251 2827 1446 2869 inchoationem
1471 2827 1555 2854 noctis
1579 2834 1630 2867 non
1646 2826 1767 2864 intelligit
1781 2826 1832 2854 nisi

1077 2890 1085 2904 ¹
1095 2892 1148 2922 Mss.
1159 2892 1219 2918 tres,
1228 2887 1345 2922 corporis,
1353 2886 1376 2912 vi
1386 2889 1464 2912 tamen
1473 2888 1496 2911 et
1506 2885 1710 2922 ταιίσιιιψαιιινιε.

1079 2921 1087 2934 ²
1097 2921 1131 2944 sic
1144 2925 1194 2945 MSS.
1208 2923 1234 2944 At
1246 2920 1313 2951 editi,
1326 2922 1391 2944 Dem
1402 2924 1440 2944 να
1451 2920 1619 2944 moreover“.
