4056 6458
432 409 543 466 379

434 515 659 574 ueritate
713 511 999 569 distribuit.
1048 506 1345 580 Aliquando
1382 513 1559 561 autem
1601 502 1762 558 iidem
1803 500 2018 556 nefandi

439 605 662 680 spiritus
689 605 849 661 etiam
869 617 989 674 quae
1035 600 1136 673 ipsi
1177 598 1361 654 facturi
1387 604 1529 658 sunt,
1550 593 1696 649 velut
1732 592 2017 648 divinando

437 700 755 773 praedicunt.
806 697 1139 767 Quapropter
1166 693 1306 748 bono
1329 689 1638 753 christiano,
1671 688 1783 743 sive
1813 687 2019 742 mathe-

437 790 638 858 matici,
657 791 771 846 sive
790 788 1008 859 quilibet
1027 786 1186 856 impie
1204 782 1568 842 divinantium,
1588 780 1818 834 maxime
1834 779 2018 834 dicen-

438 893 521 939 tes
543 897 690 944 vera,
709 879 929 936 cavendi
955 885 1096 941 sunt,
1113 890 1181 930 ne
1202 873 1472 930 consortio
1491 871 1876 927 daemoniorum
1897 871 2016 926 ani-

442 989 585 1030 mam
606 973 900 1042 deceptam,
935 980 1086 1040 pacto
1105 967 1335 1040 quodam
1358 966 1626 1023 societatis
1647 965 1909 1019 irretiant.

444 1062 672 1120 CAPUT
711 1061 895 1118 XVIII.
923 1090 994 1102 —
1015 1058 1297 1130 Difﬁcultas
1325 1057 1389 1112 de
1407 1057 1674 1122 sideribus,
1701 1071 1769 1109 an
1795 1072 1884 1125 per
1909 1055 2016 1125 spi-

826 1155 952 1206 ritus
978 1160 1216 1222 regantur
1239 1159 1285 1205 et
1312 1151 1614 1204 animentur.

507 1245 597 1302 38.
642 1244 788 1302 Solet
814 1244 973 1298 etiam
1026 1243 1212 1313 quaeri,
1243 1251 1420 1297 utrum
1450 1239 1566 1296 caeli
1594 1236 1878 1294 luminaria
1919 1237 2018 1292 ista

438 1341 720 1411 conspicua
741 1352 962 1407 corpora
981 1337 1092 1391 sola
1121 1337 1247 1403 sint,
1265 1351 1330 1389 an
1349 1335 1577 1388 habeant
1599 1339 1833 1387 rectores
1849 1343 2014 1400 quos-

369 1493 374 1497 ,
433 1429 557 1487 dam
595 1430 811 1499 spiritus
838 1443 966 1483 suos
994 1447 1007 1482 :
1037 1436 1092 1484 et
1133 1427 1178 1482 si
1212 1427 1430 1489 habent,
1458 1435 1633 1479 utrum
1659 1423 1726 1477 ab
1755 1421 1835 1477 eis
1858 1421 2017 1476 etiam

434 1520 665 1576 vitaliter
692 1520 1036 1591 inspirentur,
1069 1519 1203 1574 sicut
1243 1518 1544 1571 animantur
1567 1527 1755 1569 carnes
1781 1527 1877 1582 per
1897 1510 2015 1565 ani-

434 1627 552 1670 mas
576 1612 902 1678 animalium,
943 1627 1012 1666 an
1061 1611 1174 1665 sola
1199 1609 1316 1665 sine
1353 1609 1461 1663 ulla
1492 1605 1848 1678 permixtione
1877 1619 2016 1674 prae-

1353 395 1444 450 DE
1480 389 1726 454 GENESI
1762 389 1855 446 AD
1881 383 2258 458 LlTTEtLAM,
2298 389 2360 447 S.
2398 389 2760 447 AUGUSTIN]

3607 401 3716 461 280

2123 501 2313 557 sentia.
2341 502 2493 572 Quod
2520 503 2644 559 licet
2668 488 2997 573 in‘praesenti
3034 523 3140 564 non
3173 488 3335 569 facile
3357 514 3712 586 comprehen-

2123 595 2175 650 di
2208 597 2404 666 possit;
2434 597 2661 651 arbitror
2707 605 2884 654 tamen
2923 600 2976 655 in
3023 617 3275 672 processu
3313 609 3708 668 tractandarum

2123 685 2515 757 Scripturarum
2546 690 2924 758 opportuniora
2957 692 3066 747 IOCa
3100 709 3255 764 posse
3283 713 3592 768 occurrere,
3620 703 3712 759 ubi

2124 779 2276 833 nobis
2301 779 2369 834 de
2395 779 2493 833 hac
2520 795 2599 841 re.
2628 781 2921 836 secundum
2953 795 3150 840 sanctae
3190 791 3518 847 auctoritatis
3547 810 3706 865 regu-

2123 869 2222 936 las,
2242 871 2341 926 etsi
2363 886 2469 926 non
2493 873 2775 928 ostendere
2800 884 3005 930 certum
3036 878 3255 948 aliquid,
3283 890 3458 938 tamen
3489 887 3713 944 credere

2123 962 2321 1017 licebit.
2353 961 2503 1019 Nunc
2530 976 2708 1020 autem
2751 977 2957 1022 servata
2983 983 3198 1040 semper
3221 972 3585 1034 moderatione
3613 983 3714 1050 pia:

2122 1055 2413 1126 gravitatis,
2445 1058 2574 1111 nihil
2605 1059 2824 1114 credere
2843 1061 2912 1116 de
2951 1077 3010 1117 re
3050 1063 3273 1119 obscura
3311 1076 3511 1125 temere
3550 1072 3715 1127 debe-

2122 1162 2281 1214 mus;
2309 1164 2378 1204 ne
2405 1148 2546 1204 forte
2571 1151 2711 1220 quod
2735 1161 2914 1221 postea
2944 1155 3142 1210 veritas
3163 1156 3490 1226 patefecerit,
3517 1179 3709 1232 quam-

2122 1242 2204 1295 vis
2231 1241 2380 1297 libris
2421 1243 2618 1297 sanctis
2658 1245 2771 1298 sive
2816 1244 3144 1303 Testamenti
3172 1247 3376 1305 Veteris
3427 1253 3540 1307 sive
3578 1253 3711 1311 Novi

2123 1332 2272 1387 nullo
2286 1332 2444 1416 modo
2463 1348 2582 1389 esse
2607 1336 2772 1405 possit
2788 1336 3092 1405 adversum,
3113 1346 3291 1394 tamen
3319 1354 3535 1413 propter
3553 1361 3711 1401 amo-

2123 1437 2238 1477 rem
2263 1425 2432 1479 nostri
2471 1427 2670 1482 erroris
2705 1427 2994 1483 oderimus.
3030 1429 3181 1486 Nunc
3205 1432 3272 1488 ad
3303 1433 3494 1490 librum
3522 1439 3698 1507 operis

2123 1517 2290 1572 nostri
2310 1517 2422 1588 jam
2445 1520 2657 1576 tertium
2684 1530 3039 1579 transeamus.

431 1715 3701 1744 Μ

1437 1795 1917 1908 LIBER
2008 1793 2311 1900 TER
2333 1794 2491 1901 T1
2517 1793 2720 1902 US.

972 1997 1194 2042 Devers.
1218 1987 1280 2039 20
1304 2000 1317 2036 :
1345 1981 1548 2037 adimit
1573 1991 1729 2042 Deus,
1753 1977 2165 2043 Rducmttaquat,
2189 1976 3245 2049 etreliquisusqueadprimicapitisilnen.

1919 2102 2237 2160 «me

430 2247 658 2306 CAPUT
679 2246 964 2304 PRIMUM.
983 2277 1053 2287 ——-
1079 2242 1388 2299 Animalium
1411 2255 1475 2294 ea:
1495 2237 1639 2307 aquis
1658 2233 1857 2290 eductio
1877 2233 2021 2303 prius

507 2353 748 2399 narratur
789 2357 943 2414 quam
986 2354 1098 2409 qua:
1137 2338 1199 2390 de
1240 2345 1410 2399 terra;
1435 2331 1568 2404 quod
1609 2345 1743 2400 aqua
1769 2327 1902 2390 aeri,
1936 2341 2023 2378 aer

502 2435 629 2490 coelo
657 2433 942 2506 proximum
971 2433 1266 2486 elementum
1289 2429 1374 2482 sit.

509 2528 564 2582 1.
591 2525 661 2580 Et
686 2526 814 2581 diust
843 2524 983 2580 Deus
1001 2564 1017 2590 ,
1056 2521 1294 2576 Educaut
1319 2534 1465 2588 aqua:
1491 2515 1693 2584 reptilia
1735 2513 2022 2566 animarum

432 2620 680 2684 vivarum,
705 2628 752 2672 et
780 2617 1004 2672 volatilia
1025 2630 1175 2685 super
1201 2623 1404 2676 terram,
1431 2606 1705 2663 secundum
1732 2605 2021 2674 ﬁrmamen-

434 2722 540 2768 tum
569 2711 703 2767 coeli.
734 2710 802 2765 Et
827 2713 1016 2784 factum
1042 2707 1229 2762 estsic.
1260 2704 1328 2759 Et
1353 2703 1467 2774 fecit
1496 2700 1635 2755 Deus
1656 2707 1790 2754 cetos
1811 2714 2022 2767 magnos

429 2813 480 2859 et
513 2819 662 2860 omne
689 2801 882 2857 animal
910 2801 1186 2870 replitium,
1217 2811 1331 2868 qua:
1356 2794 1635 2849 eduxerunt
1663 2805 1808 2860 aqua:
1838 2805 2018 2844 secun-

429 2894 552 2949 dum
571 2910 727 2965 genus
751 2908 956 2957 eorum;
977 2900 1021 2944 et
1051 2905 1196 2943 omne
1223 2885 1426 2941 uolatile
1453 2891 1725 2954 pennatum
1744 2879 2021 2935 secundum

429 3003 610 3059 genus.
634 2985 703 3040 Et
722 2985 845 3038 uidit
864 2983 1004 3037 Deus
1022 2984 1141 3052 quia
1160 2981 1290 3035 bona
1309 2987 1446 3044 sunt,
1470 2974 1783 3044 etbenedixit
1805 2990 1864 3028 ea
1884 2971 2021 3026 Deus

431 3080 607 3134 dicens
634 3094 654 3134 :
685 3074 899 3134 Crescite
923 3085 969 3131 et
1004 3072 1439 3143 multiplicamini,
1481 3079 1528 3123 et
1555 3067 1740 3139 replete
1778 3082 1934 3138 aquas
1968 3066 2021 3118 in

429 3170 580 3236 mari,
605 3177 654 3224 et
689 3167 916 3222 volatilia
943 3165 1344 3236 multiplicemur
1371 3177 1522 3231 super
1548 3169 1754 3214 terram.
1787 3157 1854 3211 Et
1885 3161 2021 3228 facta

429 3270 503 3315 est
527 3235 766 3330 uespera,
799 3267 846 3310 et
893 3235 1184 3328 factumest
1211 3269 1358 3307 mane
1383 3252 1489 3304 dies
1521 3251 1742 3320 quintus.
1788 3235 1938 3302 Nunc
1966 3248 2018 3300 in

429 3351 687 3407 inferiore
712 3359 860 3420 parte
888 3347 1090 3411 mundi,
1122 3362 1182 3400 ea
1209 3359 1327 3415 qua:
1355 3343 1544 3412 spiritu
1570 3342 1691 3396 vita:
1717 3347 2016 3402 moventur,

429 3445 584 3512 fiunt,
616 3451 670 3498 et
699 3443 924 3513 primum
966 3455 1254 3509 aquarum,
1286 3435 1426 3507 quod
1455 3435 1596 3490 aeris
1622 3432 1863 3504 qualitati
1894 3445 2018 3500 pro-

426 3540 629 3590 ximum
659 3535 982 3589 elementum
1010 3539 1126 3597 est;
1158 3529 1280 3600 quia
1321 3527 1444 3582 huic
1471 3526 1639 3589 cmlo,
1667 3523 1722 3580 in
1765 3538 1870 3594 quo
1897 3530 2022 3598 sunt

426 3627 729 3694 luminaria,
758 3626 829 3680 ita
860 3625 1064 3679 vicinus
1084 3631 1166 3677 est
1204 3637 1316 3687 aer,
1349 3627 1404 3673 ut
1431 3626 1486 3672 et
1529 3618 1643 3687 ipse
1665 3615 1787 3672 caeli
1826 3629 2016 3670 nomen

427 3718 730 3788 acceperit;
757 3716 850 3771 sed
882 3715 1061 3770 nescio
1090 3725 1266 3768 utrum
1299 3712 1456 3766 etiam
1480 3708 1866 3764 firmamentum
1892 3722 2016 3778 pos-

427 3813 496 3868 sit
525 3811 724 3868 vocari.
756 3811 1012 3865 Dicuntur
1047 3817 1225 3862 autem
1268 3804 1390 3861 caeli
1420 3803 1698 3873 pluraliter
1721 3801 1774 3856 in
1799 3815 1903 3854 una
1929 3814 2020 3855 ea-

429 3905 659 3975 demque
696 3917 787 3968 re,
819 3916 937 3971 qua:
966 3899 1164 3954 dicitur
1198 3912 1358 3952 unum
1396 3896 1614 3951 cmlum.
1644 3892 1777 3949 Nam
1805 3908 1926 3949 cum
1963 3892 2017 3947 in

427 3997 532 4052 hoc
560 3995 697 4051 libro
731 3992 984 4063 singulari
1022 4005 1246 4045 numero
1274 3989 1480 4044 dicatur
1507 3986 1722 4053 coelum,
1763 3986 1902 4056 quod
1931 3983 2017 4038 di-

426 4089 560 4145 vidit
600 4089 739 4143 inter
764 4101 929 4156 aquas
957 4099 1074 4155 qua:
1101 4097 1258 4153 supra
1276 4121 1292 4149 ,
1337 4089 1391 4136 et
1419 4094 1512 4136 eas
1540 4093 1658 4148 quae
1686 4076 1824 4132 infra
1851 4083 2014 4141 sunt;

428 4185 485 4238 in
515 4182 606 4237 illo
644 4189 818 4235 tamen
854 4177 1077 4247 psalmo,
1113 4175 1179 4229 Et
1202 4189 1366 4244 aquis,
1391 4169 1582 4240 inquit,
1609 4184 1723 4240 quo:
1746 4183 1896 4239 super
1913 4183 2016 4222 coe-

426 4279 503 4333 los
526 4286 664 4343 sunt,
696 4273 903 4330 laudent
929 4287 1110 4325 nomen
1148 4267 1376 4323 Domini.
1404 4266 1470 4319 Et
1495 4265 1659 4319 caelos
1687 4262 1940 4316 caelorum
1972 4260 2017 4314 si

422 4369 562 4425 bene
595 4366 940 4435 intelligimus
985 4361 1222 4416 sidereos
1259 4359 1548 4423 aeriorum,
1581 4365 1827 4426 tanquam
1853 4369 2014 4423 supe-

422 4459 595 4514 riores
619 4457 950 4518 inferiorum,
984 4461 1035 4507 et
1060 4451 1159 4505 hos
1191 4451 1242 4504 in
1270 4447 1456 4504 eodem
1478 4447 1684 4517 psalmo
1703 4444 2012 4514 accipimus,

424 4551 511 4606 ubi
559 4550 758 4604 dictum
799 4554 903 4609 est,
949 4544 1176 4598 Laudate
1221 4559 1356 4606 eum,
1399 4540 1509 4596 caeli
1554 4539 1792 4595 calorum
1834 4537 2013 4608 (Psal.

423 4658 638 4704 CXLVIII,
669 4641 724 4703 4,
752 4641 784 4696 5
803 4639 844 4712 ).
872 4637 1016 4693 Satis
1045 4644 1265 4707 apparet
1305 4635 1448 4690 hunc
1475 4647 1672 4699 aerem,
1706 4647 1816 4686 non
1839 4631 2016 4687 solum

425 4737 643 4798 omium,
673 4733 766 4788 sed
795 4732 951 4787 etiam
981 4731 1147 4785 caelos
1169 4728 1272 4783 dici
1294 4745 1306 4779 :
1327 4727 1462 4782 sicut
1490 4725 1740 4780 dicuntur
1759 4735 1813 4780 et
1832 4733 2013 4795 terrae,

425 4845 526 4884 nec
575 4825 717 4882 aliud
757 4823 1121 4894 significatur,
1172 4835 1330 4891 quam
1375 4818 1462 4874 illa
1511 4834 1628 4888 qum
1676 4818 2017 4888 singulariter

421 4930 564 4975 terra
590 4918 789 4976 dicitur.
835 4912 1049 4986 quando
1075 4910 1297 4967 dicimus
1317 4908 1501 4965 orbem
1530 4915 1810 4976 terrarum,
1842 4916 1896 4964 et
1923 4923 2014 4964 or—

422 5012 541 5068 bem
564 5022 742 5070 terra.

421 5012 752 5161 33:31..
773 5130 848 5143 -—
867 5098 1031 5158 Cales
1063 5096 1250 5154 diluvio
1275 5096 1499 5169 periisse,
1535 5101 1582 5148 et
1605 5109 1771 5147 aerem
1791 5004 2052 5279 ὺπῦ

957 5201 1194 5249 naturam
1220 5189 1478 5245 transisse.
1921 5172 1967 5236 ἴ

957 5201 1194 5249 naturam
1220 5189 1478 5245 transisse.

489 5288 546 5345 2.
567 5287 679 5345 Bos
703 5287 865 5345 etiam
889 5286 1067 5342 aerios
1089 5283 1256 5342 celos
1273 5281 1538 5354 quondam
1565 5278 1790 5350 periisse
1813 5278 2012 5338 diluVio

418 5383 475 5439 in
495 5381 724 5452 quadam
748 5396 930 5437 earum
957 5394 1076 5450 quae
1095 5376 1366 5432 canonica;
1391 5372 1748 5444 appellantur,
1772 5371 2010 5443 Epistola

419 5474 650 5546 legimus
665 5473 738 5543 (ll
759 5471 876 5528 Pet.
895 5489 970 5537 ιιι,
1001 5470 1081 5542 6).
1098 5468 1280 5537 Neque
1300 5468 1438 5522 cnim
1463 5465 1679 5520 humida
1695 5465 1785 5520 illa
1799 5475 2006 5533 natura,

420 5582 541 5640 qua;
557 5567 630 5622 ita
645 5572 1013 5630 concreverat,
1031 5571 1091 5618 ut
1105 5558 1297 5617 cubitis
1313 5557 1613 5630 quindecim
1629 5556 2008 5612 altissimorum

421 5658 684 5716 montium
715 5654 1118 5712 transcenderet
1144 5651 1370 5707 vertices
1399 5647 1550 5720 (Gen.
1575 5663 1671 5716 vn,
1696 5647 1811 5720 20),
1842 5649 2011 5718 potuit

419 5750 490 5807 ad
506 5749 681 5807 sidera
697 5747 991 5821 pervenire.
1013 5745 1118 5801 Sed
1134 5744 1256 5815 quia
1274 5741 1430 5811 hujus
1446 5740 1585 5795 aeris
1602 5739 1930 5805 humidioris,
1953 5740 2004 5794 in

424 5859 534 5916 quo
556 5857 684 5902 aves
707 5842 950 5910 volitant,
977 5839 1060 5896 vel
1080 5847 1190 5894 tota
1218 5835 1304 5895 vel
1329 5849 1495 5908 prope
1515 5841 1626 5890 tota
1653 5832 1823 5905 spatia
1851 5847 2003 5890 com-

2126 2228 2378 2321 pleverat,
2410 2232 2635 2302 periisse
2670 2235 2760 2306 qui
2790 2234 3000 2293 fuerant
3035 2241 3204 2299 oculos
3244 2243 3299 2301 in
3337 2245 3424 2301 illa
3473 2249 3712 2321 Epistula

2125 2319 2399 2424 scribitur.
2421 2321 2572 2389 Quod
2599 2327 2780 2381 nescio
2803 2331 3250 2398 quemadmodum
3273 2337 3440 2405 possit
3465 2319 3710 2412 intelligi,

2125 2423 2227 2514 nisi
2257 2423 2309 2468 in
2337 2430 2592 2486 aquarum
2638 2429 2880 2475 naturam
2922 2423 3211 2493 pinguioris
3238 2425 3394 2499 hujus
3421 2431 3560 2486 aeris
3584 2449 3713 2503 qua-

2126 2504 2274 2560 litate
2300 2521 2598 2565 conversa:
2628 2509 2860 2580 alioquin
2887 2529 2990 2568 non
3012 2517 3282 2586 perierunt
3307 2529 3431 2577 tunc
3459 2523 3543 2579 isti
3567 2526 3709 2591 cmli,

2126 2598 2220 2652 sed
2249 2599 2529 2656 sublimius
2551 2605 2718 2658 erecti
2742 2614 2886 2673 sunt,
2910 2621 3030 2660 cum
3056 2607 3228 2663 locum
3256 2626 3440 2668 eorum
3465 2629 3599 2686 aqua
3623 2631 3714 2673 oc-

2125 2703 2428 2760 cupaverat.
2453 2693 2633 2764 Itaque
2656 2695 2858 2752 facilius
2879 2713 2973 2754 eos
2989 2702 3277 2757 secundum
3303 2704 3441 2760 illius
3461 2706 3714 2776 Epistolas

2126 2787 2495 2841 auctoritatem
2522 2788 2744 2856 periisse
2767 2791 3055 2859 credimus,
3079 2802 3133 2847 et
3155 2794 3305 2861 alios,
3333 2797 3468 2852 sicut
3493 2799 3563 2853 ibi
3589 2803 3715 2856 scri-

2126 2874 2287 2939 bitur,
2319 2878 2584 2946 repositos
2606 2878 2625 2950 (
2643 2879 2686 2934 ll
2718 2877 2859 2935 Petr.
2893 2898 2969 2949 Ill,
2997 2883 3150 2956 5-7),
3177 2889 3476 2944 extenuais
3503 2891 3519 2921 ¹
3559 2891 3710 2946 vide-

2125 2964 2250 3020 licet
2271 2966 2718 3037 exhalationibus,
2745 2987 2904 3042 quam
2932 2976 3008 3029 sic
3034 2985 3263 3044 erectos,
3292 2987 3351 3033 ut
3375 2981 3454 3035 eis
3475 2983 3715 3052 superio—
3769 3007 3784 3015 ί

2124 3057 2200 3111 ris
2224 3057 2344 3114 caeli
2376 3067 2562 3115 natura
2593 3061 2710 3116 loco
2736 3077 2834 3117 suo
2862 3064 3097 3119 cederet.
3394 3079 3398 3084 '

2197 3150 2248 3205 5.
2294 3149 2585 3221 Oporlebat
2627 3153 2803 3224 itaque
2841 3165 2900 3210 ut
2952 3158 3006 3212 iu
3043 3159 3287 3215 creandis
3329 3160 3714 3222 habitatoribus

2125 3241 2394 3297 inferioris
2421 3243 2580 3314 hujus
2603 3246 2787 3301 mundi
2811 3249 2996 3318 partis,
3019 3266 3138 3320 quae
3159 3267 3298 3322 saepe
3321 3261 3474 3309 terra}
3500 3257 3715 3315 nomine

2129 3339 2237 3387 tota
2281 3345 2766 3404 commemoratur,
2801 3340 2946 3409 prius
2994 3342 3413 3410 producerentur
3455 3362 3522 3402 ex
3564 3351 3718 3421 aquis

2125 3427 2398 3494 animalia,
2422 3438 2606 3499 postea
2629 3446 2759 3486 vero
2785 3424 2854 3487 de
2883 3441 3024 3489 terra
3048 3452 3061 3489 :
3089 3436 3230 3506 quod
3252 3438 3321 3491 ita
3348 3439 3418 3494 sit
3439 3440 3551 3496 aeri
3579 3457 3717 3513 aqua

2124 3521 2337 3588 similis,
2370 3535 2426 3577 ut
2459 3523 2575 3593 ejus
2601 3523 3024 3583 exhalationibus
3072 3529 3417 3600 pinguescere
3440 3534 3712 3604 probetur,

2125 3621 2181 3667 ut
2202 3619 2258 3668 et
2276 3614 2521 3684 spiritum
2547 3616 2790 3685 procellae
2812 3616 2986 3684 faciat,
3015 3619 3066 3674 id
3093 3629 3176 3675 est
3194 3631 3429 3691 ventum,
3455 3634 3510 3681 et
3531 3626 3713 3684 nubila

2131 3706 2434 3772 contrahat,
2462 3714 2517 3762 et
2545 3709 2710 3777 possit
2737 3711 2944 3765 volatus
2972 3715 3148 3769 avium
3174 3717 3455 3773 sustinere.
3483 3718 3718 3789 Quapro-

2124 3806 2242 3867 pter
2269 3798 2482 3853 etiamsi
2521 3814 2706 3855 verum
2747 3801 2880 3857 dixit
2919 3805 3132 3874 quidam
3162 3809 3497 3865 saecularium
3526 3819 3714 3882 poeta-

2121 3903 2262 3956 rum,
2297 3887 2472 3944 Nubes
2494 3892 2687 3946 excedit
2721 3891 2990 3966 Olympus,
3013 3906 3088 3966 et,
3112 3897 3300 3955 Pacem
3327 3919 3527 3957 summa
3544 3911 3717 3959 tenent

2122 3977 2425 4053 (Lucanus,
2458 3981 2548 4036 lib.
2575 3982 2683 4055 2);
2708 3986 2831 4055 quia
2862 3987 3168 4057 perhibetur
3196 3993 3250 4047 in
3279 3993 3489 4066 Olympi
3514 3997 3716 4053 vertice

2121 4085 2216 4127 aer
2243 4087 2366 4128 esse
2395 4081 2502 4127 tam
2533 4074 2708 4129 tenuis
2727 4116 2742 4141 ,
2774 4084 2833 4131 ut
2877 4093 3052 4149 neque
3090 4082 3320 4140 nubibus
3345 4084 3712 4154 obumbretur,

2121 4178 2297 4234 neque
2323 4165 2565 4221 turbetur
2591 4177 2770 4232 vento,
2806 4183 2977 4239 neque
3001 4179 3300 4229 sustentare
3328 4175 3482 4232 alites
3523 4178 3714 4248 possit,

2121 4271 2296 4326 neque
2322 4257 2468 4326 ipsos
2494 4258 2584 4328 qui
2611 4258 2748 4314 forte
2775 4261 3112 4318 ascenderint
3141 4266 3404 4336 homines,
3434 4271 3716 4328 crassioris

2121 4361 2266 4402 aurae
2295 4349 2484 4418 spiritu
2521 4349 2685 4416 alere,
2726 4353 2862 4407 sicut
2899 4354 2951 4408 in
2991 4354 3095 4411 isto
3130 4371 3254 4414 aere
3280 4372 3713 4418 consueverunt:

2127 4447 2302 4494 tamen
2329 4448 2384 4494 et
2409 4440 2524 4508 ipse
2548 4456 2640 4495 aer
2660 4451 2762 4511 est,
2787 4444 2926 4500 unde
2951 4447 3104 4518 aquis
3131 4449 3302 4505 vicina
3331 4453 3584 4520 qualitate
3607 4454 3716 4510 dif-

2122 4532 2384 4600 funditur,
2416 4543 2472 4590 et
2501 4545 2780 4604 propterea
2811 4537 2924 4604 ipse
2948 4555 3158 4612 quoque
3185 4543 3238 4597 in
3263 4542 3533 4600 humidam
3561 4556 3716 4602 natu-

2123 4639 2240 4680 ram
2271 4639 2567 4682 conversus
2596 4625 2782 4682 diluvii
2815 4637 3053 4700 tempore
3078 4632 3332 4689 creditur.
3359 4635 3540 4707 Neque
3568 4640 3715 4695 enim

2121 4716 2490 4773 arbitrandum
2533 4727 2618 4774 est
2653 4720 2851 4792 aliquid
2879 4721 2947 4778 de
2975 4725 3160 4794 spatiis
3187 4725 3382 4783 siderei
3409 4731 3528 4786 cmli
3557 4747 3715 4787 usur-

2119 4823 2299 4879 passe,
2321 4823 2442 4864 cum
2466 4818 2654 4868 omnes
2679 4813 2839 4868 etiam
2863 4813 3151 4872 altissimos
3178 4829 3389 4876 montes
3407 4836 3543 4893 aqua
3568 4830 3716 4880 tran-

2117 4899 2422 4957 scanderat.

2116 4990 2348 5050 CAPUT
2378 4991 2464 5048 lll.
2491 5023 2564 5035 —
2585 4993 2664 5050 De
2691 4997 3049 5054 elementorum
3091 5004 3478 5061 commutatione
3510 5014 3715 5062 satien-

2251 5085 2353 5140 tite.
2383 5085 2484 5140 Aer
2508 5087 2562 5140 in
2593 5085 2800 5143 Genesis
2826 5090 3041 5146 historia
3063 5110 3165 5149 non
3193 5099 3577 5168 prsetermissus.

2188 5176 2243 5230 4.
2273 5174 2587 5249 Quanquam
2621 5178 2690 5234 de
2713 5184 3066 5242 conversione
3095 5187 3506 5259 elementorum,
3549 5191 3714 5248 etiam

2116 5267 2260 5325 inter
2288 5269 2435 5339 ipsos
2463 5269 2551 5341 qui
2585 5269 2703 5326 haec
2736 5273 2904 5329 otiosa
2928 5289 3057 5332 cura
3097 5277 3442 5337 subtilissime
3471 5297 3718 5353 perscru-

2116 5359 2214 5415 tati
2239 5369 2380 5425 sunt,
2405 5376 2508 5415 non
2532 5377 2698 5432 parva
2721 5367 2945 5436 qumstio
2970 5378 3072 5424 est.
3101 5369 3203 5425 Alii
3233 5372 3374 5428 enim
3393 5373 3578 5430 dicunt
3599 5391 3717 5432 om-

2115 5451 2204 5507 nia
2250 5452 2306 5507 in
2334 5453 2515 5508 omnia
2543 5469 2702 5525 posse
2728 5459 2940 5526 mutari,
2972 5469 3130 5532 atque
3155 5466 3394 5520 converti
3427 5484 3440 5522 :
3467 5467 3558 5522 alii
3585 5483 3718 5525 vero

2115 5557 2235 5600 esse
2265 5544 2464 5614 aliquid
2489 5546 2713 5602 omnino
2741 5551 3014 5621 proprium
3041 5553 3262 5625 singulis
3290 5556 3574 5628 perhibent
3598 5560 3714 5615 ele-

2114 5635 2311 5692 mentis
2337 5677 2351 5701 ,
2399 5637 2541 5707 quod
2587 5639 2638 5692 in
2677 5639 2898 5698 alterius
2942 5643 3192 5701 elementi
3219 5648 3524 5719 qualitatem
3567 5651 3716 5708 nullo

2114 5730 2275 5786 modo
2299 5740 2565 5787 vertatur.
2597 5731 2749 5790 Unde
2788 5734 3029 5794 fortassis
3060 5755 3158 5797 suo
3195 5739 3347 5812 loco,
3377 5743 3423 5800 si
3451 5743 3710 5808 Dominus

2178 5842 2194 5874 ί
2213 5847 2319 5892 Mss.
2354 5840 2462 5893 fere
2484 5855 2674 5909 omnes,
2695 5850 2916 5900 eum.
