4056 6450
280 422 382 479 281

284 537 535 604 voluerit,
553 531 855 605 diligentius
869 523 1283 599 disputabimus:
1300 534 1443 578 nunc
1464 528 1639 575 autem
1660 517 1799 589 quod
1814 516 1882 573 ad

178 679 193 689 .
284 638 607 703 praesentem
625 635 926 681 sermonem
938 617 1146 679 attinet,
1163 615 1276 670 haec
1292 611 1753 669 commemoranda
1771 610 1883 663 exi-

288 721 532 786 stimavi,
557 728 617 774 ut
640 715 998 783 intelligamus
1017 718 1282 764 servatum
1305 721 1422 761 esse
1442 704 1681 759 ordinem
1703 718 1880 758 rerum

286 831 397 888 quo
426 814 577 885 prius
600 808 835 881 oportuit
873 818 1127 876 aquarum
1152 799 1397 856 animalia
1422 812 1578 871 quam
1623 804 1881 851 terrarum

288 905 499 960 narrari
524 910 722 957 creata.

362 996 417 1051 5.
448 994 557 1049 Nec
591 992 700 1046 ullo
741 987 899 1044 modo
940 982 1303 1041 arbitrandum
1344 989 1430 1037 est
1467 979 1880 1051 praetermissum

281 1102 409 1144 esse
439 1086 493 1140 in
516 1084 618 1139 hac
642 1081 917 1150 Scriptura
946 1078 1112 1133 ullum
1138 1074 1319 1131 mundi
1344 1073 1503 1142 hujus
1533 1072 1877 1135 elementum,

282 1195 406 1234 cum
439 1185 667 1248 quatuor
694 1170 988 1228 notissimis
1013 1185 1134 1225 eum
1161 1176 1405 1223 constare
1443 1179 1754 1235 persuasum
1790 1165 1878 1231 sit,

282 1274 407 1340 quia
447 1269 657 1323 videtur
695 1264 782 1319 hic
805 1264 1020 1325 malum,
1054 1270 1108 1315 et
1131 1274 1289 1329 aqua,
1316 1266 1371 1313 et
1390 1266 1528 1311 terra
1554 1270 1880 1309 commemo-

285 1365 395 1419 rari
423 1404 439 1425 ,
474 1362 541 1416 de
580 1374 703 1415 aere
731 1365 908 1411 autem
940 1354 1122 1409 taceri.
1163 1350 1504 1407 Consuetudo
1545 1350 1740 1419 quippe
1780 1362 1879 1402 no—

282 1466 521 1509 strarum
557 1452 947 1521 Scripturarum
974 1454 1092 1513 est,
1122 1454 1212 1498 aut
1242 1443 1360 1498 εωιὶ
1391 1452 1445 1496 et
1476 1452 1629 1496 terra:
1667 1440 1881 1494 nomine

281 1546 550 1603 mundum
599 1543 901 1613 appellare,
932 1548 1024 1594 aut
1070 1538 1332 1595 interdum
1378 1534 1576 1590 addere
1616 1544 1667 1588 et
1711 1549 1877 1589 mare.

282 1641 396 1693 Aer
427 1638 605 1707 itaque
628 1635 710 1689 vel
735 1633 799 1688 ad
830 1632 1026 1687 coelum
1054 1630 1319 1699 pertinere
1350 1626 1675 1696 intelligitur,
1710 1625 1753 1678 si
1777 1640 1881 1694 qua

283 1739 414 1783 sunt
453 1730 505 1782 in
536 1728 652 1797 ejus
695 1723 1061 1796 superioribus
1086 1721 1323 1791 partibus
1363 1717 1791 1788 tranquillissima
1829 1725 1883 1771 et

286 1822 633 1893 pacatissima
678 1818 845 1888 spatia
872 1832 887 1881 ;
916 1816 1002 1871 vel
1027 1814 1094 1869 ad
1137 1823 1331 1868 terram
1362 1820 1576 1882 propter
1601 1809 1739 1863 hunc
1766 1817 1879 1863 tur-

286 1916 565 1969 bulentum
596 1921 650 1967 et
674 1910 1016 1981 caliginosum
1043 1907 1215 1961 locum
1242 1945 1256 1970 ,
1287 1904 1376 1974 qui
1410 1901 1625 1957 humida
1662 1901 1882 1956 exhala-

286 2009 437 2062 tione
467 2002 782 2077 pinguescit,
812 1999 1053 2072 quamvis
1079 2006 1134 2054 et
1162 1998 1275 2068 ipse
1299 1995 1496 2066 saepius
1519 1995 1638 2049 coeli
1667 1993 1883 2047 nomine

285 2108 631 2169 nuncupetur
655 2115 667 2149 :
696 2110 759 2150 ac
785 2109 881 2164 per
909 2092 1011 2147 hoc
1039 2106 1147 2146 non
1177 2090 1430 2160 scriptum
1456 2097 1557 2152 est,
1582 2085 1885 2141 Producant

291 2209 449 2263 aqua:
494 2188 707 2260 replilia
751 2188 1047 2242 animarum
1100 2185 1376 2248 vivarum,
1419 2190 1473 2236 et
1500 2180 1753 2250 producat
1792 2194 1885 2233 aer

288 2286 531 2341 volatilia
578 2281 807 2336 volantia
853 2294 1013 2351 super
1053 2287 1288 2340 terram;
1335 2274 1429 2329 sed
1459 2282 1747 2342 utrumque
1784 2272 1885 2326 hoc

293 2375 647 2431 animantium
667 2386 836 2442 genus
860 2385 922 2424 ex
953 2368 1105 2439 aquis
1135 2366 1447 2435 productum
1474 2379 1593 2419 esse
1617 2372 1879 2418 narratur.

292 2465 565 2537 Quidquid
588 2479 715 2534 ergo
736 2477 991 2532 aquarum
1016 2461 1126 2515 sive
1154 2460 1382 2513 labiliter
1406 2458 1669 2513 undosum
1698 2465 1749 2511 et
1769 2454 1885 2510 ﬂui-

289 2560 421 2617 dum
449 2566 551 2625 est,
582 2558 694 2611 sive
716 2554 1037 2625 vaporaliter
1059 2561 1328 2607 tenuatum
1358 2562 1515 2621 atque
1544 2564 1885 2620 suspensum,

293 2662 353 2709 ut
380 2650 510 2705 illud
542 2648 822 2718 reptilibus
845 2646 1143 2700 animarum
1176 2644 1433 2708 vivarum,
1461 2642 1562 2696 hoc
1589 2640 1886 2696 volatilibus

295 2756 553 2818 appareat
575 2743 937 2808 distributum,
967 2747 1250 2810 utrumque
1276 2748 1450 2793 tamen
1480 2735 1709 2790 humidae
1735 2744 1887 2789 natu-

291 2853 369 2894 rae
397 2837 701 2905 deputatur.

328 2928 557 2986 CAPUT
596 2927 685 2983 1V.
707 2956 778 2966 —
814 2924 1045 2995 Quinque
1072 2939 1246 2978 sensus
1272 2922 1340 2975 ad
1365 2928 1579 2992 quatuor
1608 2919 1850 2975 elementa

992 3017 1192 3087 referri.
1877 3000 1883 3007 ⁴

366 3114 421 3169 6.
460 3114 695 3182 Ideoque
738 3119 862 3166 sunt
890 3110 1047 3165 etiam
1079 3108 1169 3179 qui
1214 3106 1555 3162 subtilissima
1579 3104 1885 3160 considera-

298 3205 443 3260 tione
482 3204 718 3273 quinque
760 3202 892 3255 istos
934 3199 1396 3254 manifestissimos
1435 3196 1673 3265 corporis
1700 3209 1888 3251 sensus

296 3293 594 3351 secundum
626 3301 849 3361 quatuor
893 3290 1082 3344 usitata
1126 3289 1385 3342 elementa
1416 3286 1487 3339 ita
1529 3285 1884 3355 distinguant,

296 3397 355 3442 ut
379 3387 568 3441 oculos
607 3384 670 3438 ad
698 3385 894 3454 ignem,
922 3396 1078 3436 aures
1108 3380 1173 3435 ad
1195 3395 1373 3435 aerem
1405 3380 1581 3435 dicant
1601 3379 1885 3448 pertinere.

295 3476 589 3533 Olfaciendi
615 3484 794 3530 autem
823 3472 1170 3544 gustandique
1195 3487 1407 3527 sensum
1433 3478 1633 3524 naturae
1660 3469 1890 3524 humidas

295 3569 593 3624 attribuunt
634 3586 645 3619 :
676 3578 730 3621 et
758 3564 1009 3620 olfactum
1049 3562 1262 3634 quidem
1311 3563 1424 3617 istis
1462 3562 1891 3617 exhalationibus

297 3659 531 3713 humidis
552 3699 567 3724 ,
595 3657 787 3727 quibus
812 3665 1081 3710 crassatur
1116 3654 1218 3709 hoc
1255 3654 1519 3723 spatium,
1549 3654 1601 3707 in
1632 3669 1737 3723 quo
1766 3668 1892 3709 aves

296 3753 521 3807 volitant
545 3768 561 3815 ;
592 3758 857 3819 gustatum
884 3763 1011 3803 vero
1040 3748 1157 3802 istis
1183 3746 1505 3801 ﬂuxibilibus
1534 3754 1587 3799 et
1611 3745 1895 3815 corpulen-

299 3845 367 3898 tis
390 3841 730 3897 bumoribus.
755 3839 883 3894 Nam
909 3853 1254 3909 quacumque
1279 3837 1333 3892 in
1357 3852 1449 3891 ore
1472 3837 1702 3907 sapiunt,
1726 3836 1894 3906 ipsius

296 3935 413 3990 oris
438 3935 650 3988 humori
696 3932 1109 3988 commiscentur
1152 3940 1213 3983 ut
1241 3930 1480 3999 sapiant,
1512 3928 1718 3983 etiamsi
1744 3927 1892 3983 arida

298 4040 423 4083 cum
443 4026 811 4095 acciperentur
841 4023 1002 4077 fuisse
1025 4022 1321 4076 videantur.
1348 4020 1487 4090 Ignis
1517 4030 1689 4075 tamen
1718 4020 1890 4074 omnia

295 4128 562 4193 penetrat,
596 4129 655 4174 ut
678 4126 879 4174 motum
910 4120 961 4172 in
1006 4120 1082 4173 eis
1112 4118 1284 4172 faciat.
1308 4116 1440 4171 Nam
1470 4123 1526 4171 et
1550 4116 1741 4169 humor
1776 4116 1892 4184 pri-

296 4214 514 4268 vatione
534 4211 727 4267 caloris
752 4211 1093 4281 congelascit,
1117 4219 1169 4265 et
1194 4226 1311 4264 cum
1334 4210 1539 4280 possint
1559 4210 1854 4265 fervescere
1875 4208 1892 4240 ί

298 4314 498 4361 caetera
526 4303 810 4367 elementa,
842 4301 977 4371 ignis
1006 4300 1289 4370 frigescere
1313 4315 1419 4353 non
1446 4307 1619 4369 potest
1647 4315 1660 4352 τ
1690 4299 1894 4355 facilius

300 4398 500 4467 quippe
531 4395 890 4463 exstinguitur
915 4434 927 4457 ,
959 4404 1014 4447 ut
1042 4394 1176 4463 ignis
1210 4408 1315 4447 non
1343 4393 1447 4456 sit,
1476 4407 1632 4461 quam
1679 4392 1894 4462 frigidus

300 4496 555 4559 maneat,
600 4495 692 4541 aut
733 4486 803 4540 sit
864 4485 1086 4553 alicujus
1132 4483 1306 4554 frigidi
1360 4491 1604 4539 contactu
1648 4483 1891 4555 tepidior.

195 4580 209 4585 ’
302 4581 501 4634 Tactus
528 4589 706 4634 autem
733 4620 746 4644 ,
782 4578 872 4648 qui
915 4587 997 4632 est
1046 4577 1261 4647 quintus
1291 4577 1345 4631 in
1379 4578 1652 4645 sensibus,
1685 4590 1895 4634 terreno

302 4673 572 4727 elemento
619 4671 783 4741 magis
814 4670 1060 4740 congruit
1097 4687 1108 4721 :
1139 4670 1360 4739 proinde
1389 4685 1483 4739 per
1510 4678 1674 4725 totum
1703 4685 1895 4739 corpus

299 4762 612 4828 animantis,
654 4761 796 4832 quod
837 4761 1067 4815 maxime
1096 4774 1164 4814 ex
1205 4767 1345 4814 terra
1372 4768 1472 4825 est,
1506 4775 1727 4830 qumque
1755 4768 1893 4813 tacta

301 4857 625 4912 sentiuntur.
674 4855 864 4909 Dicunt
905 4855 1064 4909 etiam
1095 4868 1194 4907 nec
1222 4852 1389 4906 videri
1431 4853 1544 4906 sine
1576 4852 1694 4921 igne
1736 4866 1894 4922 posse

299 4948 534 5018 aliquid,
575 4962 677 5002 nec
715 4948 856 5017 tangi
896 4946 1011 5001 sine
1045 4954 1209 4999 terra.
1246 4947 1322 4998 Ac
1362 4960 1455 5013 per
1496 4944 1598 4999 hoc
1632 4945 1893 4998 elementa

301 5041 482 5095 omnia
517 5040 570 5093 in
601 5037 850 5093 omnibus
882 5038 1086 5101 inesse;
1127 5035 1222 5089 sed
1266 5033 1679 5104 unumquodque
1708 5048 1892 5088 eorum

298 5148 367 5189 ex
395 5146 461 5187 eo
489 5131 633 5202 quod
662 5130 892 5199 amplius
918 5128 1077 5183 habet
1105 5127 1375 5196 accepisse
1404 5126 1741 5181 vocabulum.
1771 5126 1894 5181 ideo

296 5233 483 5279 autem
510 5222 707 5278 caloris
740 5221 1054 5292 privatione,
1082 5235 1202 5274 cum
1232 5234 1425 5290 corpus
1452 5220 1610 5273 nimie
1640 5218 1892 5288 frigescit,

296 5316 527 5373 obtundi
567 5329 809 5381 sensum,
840 5314 962 5384 quia
1007 5322 1183 5367 motus
1221 5313 1486 5382 pigrescit,
1515 5312 1603 5382 qui
1630 5327 1694 5366 ex
1719 5312 1896 5366 calore

296 5408 445 5463 inest
464 5407 699 5477 corpori,
725 5406 851 5460 dum
880 5405 1014 5475 ignis
1038 5419 1239 5470 aerem,
1267 5414 1320 5457 et
1345 5419 1436 5458 aer
1466 5404 1699 5469 humida,
1728 5412 1779 5458 et
1800 5402 1899 5457 hu-

295 5515 420 5556 mor
449 5509 660 5553 terrena
691 5511 912 5567 quaeque
935 5494 1113 5563 afﬁcit,
1147 5494 1508 5550 subtilioribus
1535 5494 1734 5551 scilicet
1754 5509 1896 5552 cras-

296 5593 443 5648 siora
467 5589 892 5660 penetrantibus.

373 5686 428 5739 7.
471 5683 682 5751 Quanto
719 5691 893 5736 autem
936 5680 1168 5752 quidque
1203 5680 1446 5735 subtilius
1485 5687 1568 5735 est
1608 5679 1662 5734 in
1706 5687 1895 5737 natura

299 5776 593 5848 corporali,
622 5784 770 5829 tanto
794 5783 877 5830 est
900 5774 1120 5829 vicinius
1147 5783 1347 5829 naturae
1373 5773 1632 5845 spirituali
1658 5791 1673 5842 ;
1704 5789 1892 5847 quam-

368 5892 390 5925 ³
407 5889 547 5954 liciti,
571 5888 850 5955 frigescere.
869 5894 926 5942 At
940 5896 1045 5941 Mss.
1064 5886 1310 5953 plerique,
1331 5888 1612 5951 fervescere.

1657 401 1862 459 LIBER
1897 399 2211 459 TERTIUS.

3456 408 3566 465 282

1988 519 2070 570 vis
2098 516 2252 593 longe
2276 516 2504 574 distante
2526 533 2741 590 genere,
2766 518 3193 592 quandoquidem
3222 521 3349 579 illud
3375 538 3566 595 corpus

1988 619 2089 676 est,
2121 609 2249 663 illud
2279 626 2381 665 non
2412 621 2511 665 est.

1988 700 2211 758 CAPUT
2240 702 2301 757 V.
2341 733 2410 743 ——
2443 702 2510 758 Ut
2538 704 2607 757 ad
2633 712 2849 776 quatuor
2884 705 3125 759 elementa
3150 706 3287 760 varie
3324 722 3378 762 se
3420 706 3567 765 habet

2305 797 2547 851 sentiendi
2580 799 2652 853 vis
2683 800 2733 851 in
2760 799 2977 868 quinque
3002 800 3246 854 sensibus.

2058 890 2137 945 Ac
2188 905 2282 959 per
2319 888 2419 944 hoc
2476 891 2721 961 quoniam
2781 892 2976 947 sentire
3024 908 3127 946 non
3182 902 3262 947 est
3305 894 3563 962 corporis,

1987 981 2081 1037 sed
2102 983 2290 1036 animae
2314 998 2408 1053 per
2428 998 2637 1052 corpus,
2658 984 2779 1039 licet
2798 994 2949 1037 acute
2970 984 3261 1039 disseratur
3275 987 3564 1044 secundum

1987 1074 2342 1130 diversitatem
2381 1091 2755 1145 corporeorum
2795 1078 3177 1132 elementorum
3218 1093 3407 1134 sensus
3443 1095 3563 1137 esse

1987 1169 2225 1238 corporis
2268 1170 2615 1237 distributos;
2644 1172 2816 1226 anima
2855 1180 3029 1226 tamen
3070 1173 3155 1227 cui
3194 1174 3453 1228 sentiendi
3485 1176 3564 1230 vis

1988 1261 2143 1325 inest,
2174 1277 2292 1316 cum
2322 1278 2576 1333 corporea
2604 1280 2708 1318 non
2735 1266 2821 1329 sit,
2846 1281 2941 1335 per
2969 1266 3210 1321 subtilius
3235 1282 3427 1337 corpus
3456 1269 3567 1338 agi-

1990 1365 2063 1410 tat
2089 1357 2318 1426 vigorem
2346 1359 2627 1414 sentiendi.
2653 1360 2866 1414 lnchoat
2892 1360 3066 1431 itaque
3090 1372 3292 1416 motum
3319 1362 3369 1415 in
3392 1363 3565 1417 omni-

1987 1450 2087 1506 bus
2128 1451 2372 1506 sensibus
2400 1468 2429 1506 a
2461 1454 2750 1507 subtilitate
2791 1453 2922 1523 ignis
2947 1495 2960 1515 ,
2989 1453 3079 1508 scd
3110 1469 3212 1509 non
3240 1455 3291 1509 in
3322 1455 3566 1511 omnibus

1986 1541 2053 1596 ad
2079 1543 2215 1598 idem
2246 1545 2506 1615 pervenit.
2538 1545 2593 1599 In
2625 1546 2737 1600 visu
2775 1547 2913 1599 enim
2941 1546 3179 1614 pervenit
3206 1562 3448 1616 represso
3474 1562 3563 1601 ca-

1989 1633 2101 1690 lore
2129 1650 2295 1706 usque
2328 1637 2395 1691 ad
2424 1637 2541 1707 ejus
2570 1639 2761 1693 lucem.
2792 1638 2848 1692 In
2888 1638 3071 1693 auditu
3108 1654 3274 1710 usque.
3313 1639 3376 1694 ad
3407 1640 3565 1710 liqui-

1987 1727 2189 1784 diorem
2216 1746 2393 1785 aerem
2420 1732 2595 1787 calore
2621 1732 2756 1803 ignis
2786 1741 3041 1801 penetrat.
3075 1731 3134 1787 In
3164 1732 3359 1785 olfactu
3385 1742 3564 1788 autem

1988 1823 2178 1877 transit
2204 1839 2380 1878 aerem
2413 1841 2625 1894 purum,
2655 1834 2708 1879 et
2731 1824 2976 1895 pervenit
3004 1824 3067 1878 ad
3106 1823 3373 1877 humidam
3399 1823 3564 1878 exha-

1988 1912 2256 1978 lationem,
2284 1914 2423 1969 unde
2443 1915 2671 1969 crassior
2693 1915 2806 1969 haec
2830 1930 2956 1968 aura
2981 1913 3238 1969 subsistit.
3270 1913 3324 1967 ln
3356 1922 3567 1982 gustatu

1988 2015 2042 2061 et
2067 2006 2203 2061 hanc
2228 2008 2437 2075 transit,
2466 2017 2518 2062 et
2558 2008 2797 2078 pervenit
2835 2023 3003 2077 usque
3043 2006 3111 2061 ad
3140 2008 3411 2061 humorem
3445 2022 3567 2062 cor-

1989 2099 2339 2170 pulentiorem
2384 2117 2397 2153 :
2442 2114 2549 2170 quo
2592 2101 2751 2155 etiam
2796 2108 3070 2171 penetrato
3113 2109 3271 2171 atque
3317 2099 3566 2169 trajectu,

1989 2205 2110 2246 cum
2137 2190 2204 2245 ad
2232 2200 2492 2245 terrenam
2518 2193 2826 2263 gravitatem
2853 2193 3130 2262 pervenit,
3162 2191 3409 2263 tangendi
3440 2191 3565 2246 ulti-

1990 2297 2135 2335 mum
2160 2296 2373 2337 sensum
2402 2281 2528 2352 agit.

1989 2371 2215 2429 CAPUT
2240 2372 2324 2428 Vl.
2344 2404 2413 2413 —
2434 2374 2577 2427 Aeris
2612 2374 2907 2428 elementum
2931 2391 3032 2428 non
3057 2390 3161 2429 esse
3185 2375 3571 2444 praetermissum

2504 2483 2535 2518 a
2560 2468 2804 2535 scriptore
2831 2465 3054 2521 Genesis.

2062 2555 2115 2611 8.
2156 2555 2273 2611 Non
2311 2556 2470 2627 igitur
2508 2557 2784 2629 ignorabat
2811 2569 3025 2613 naturas
3059 2558 3444 2613 elementorum
3474 2572 3571 2612 eo-

1990 2661 2213 2716 rumque
2238 2647 2496 2712 ordinem,
2524 2649 2753 2717 quicum
2782 2648 3082 2713 visibilium,
3109 2664 3226 2717 qua:
3251 2649 3387 2701 intra
3417 2662 3572 2701 mun-

1990 2734 2116 2789 dum
2144 2736 2197 2790 in
2235 2737 2511 2792 elementis
2539 2746 2721 2791 natura
2759 2748 3038 2792 moventur
3058 2779 3071 2803 ,
3100 2737 3455 2793 conditionem
3486 2735 3572 2791 in-

1992 2827 2315 2895 troduceret,
2349 2831 2493 2899 prius
2517 2830 2749 2885 caelestia
2775 2831 3074 2899 luminaria,
3101 2831 3292 2886 deinde
3316 2845 3571 2901 aquarum

1992 2918 2313 2988 animantia,
2348 2927 2606 2976 terrarum
2648 2931 2824 2977 autem
2858 2932 3124 2991 postrema
3158 2923 3428 2977 narravit:
3468 2936 3575 2977 non

1992 3011 2133 3081 quod
2178 3027 2353 3067 aerem
2404 3015 2838 3082 praetermiserit,
2885 3014 2977 3069 sed
3021 3014 3160 3085 quod
3208 3014 3472 3085 purissimi
3522 3022 3578 3069 et

1993 3102 2307 3172 quietissimi
2332 3106 2491 3172 aeris,
2521 3104 2607 3158 ubi
2634 3105 2815 3159 volare
2840 3120 2964 3160 aves
2990 3120 3098 3159 non
3124 3119 3279 3174 posse
3304 3104 3573 3170 dicuntur,

1993 3196 2037 3250 si
2068 3211 2171 3266 qua
2201 3207 2322 3251 sunt
2362 3198 2526 3266 sziliu
2550 3239 2565 3263 ,
2594 3198 2732 3253 ctelo
2772 3199 3033 3267 superiori
3071 3198 3495 3268 conjunguntur,
3521 3204 3579 3252 et

1994 3287 2115 3341 caeli
2142 3289 2528 3358 nuncupatione
2555 3290 2604 3342 in
2631 3289 2919 3358 Scripturis
2941 3289 3007 3345 ad
3032 3290 3359 3360 superiorem
3390 3290 3571 3344 mundi

1996 3384 2197 3445 partem
2226 3381 2491 3448 pertinere
2522 3381 2882 3449 intelliguntur
2907 3400 2920 3435 :
2953 3389 3009 3434 ut
3039 3390 3191 3434 terrae
3215 3381 3429 3434 nomine
3455 3381 3578 3433 uni-

1995 3472 2272 3527 versaliter
2298 3473 2399 3528 hoc
2425 3481 2590 3527 totum
2618 3473 2962 3544 significetur,
2992 3487 3057 3526 ex
3087 3487 3194 3542 quo
3220 3471 3397 3540 incipit
3423 3470 3578 3524 deor-

1995 3582 2117 3624 Sum
2159 3581 2363 3633 versus,
2393 3565 2556 3637 Ignis,
2584 3565 2798 3637 grando,
2832 3566 2941 3631 nix,
2971 3565 3177 3635 glacies,
3205 3563 3411 3633 spiritus
3449 3570 3577 3615 tem-

1999 3661 2223 3732 pestan's,
2248 3668 2291 3712 et
2321 3675 2489 3712 omnes
2514 3657 2700 3729 abyssi,
2726 3657 2894 3712 donec
2920 3657 3255 3726 perveniatur
3282 3654 3348 3710 ad
3376 3653 3579 3708 aridam

1996 3769 2115 3825 quin
2145 3754 2363 3824 proprio
2394 3752 2605 3807 nomine
2638 3760 2775 3805 terra
2802 3751 3012 3806 dicitur.
3039 3754 3146 3806 Aer
3171 3749 3348 3820 itaque
3374 3749 3463 3803 ille
3490 3762 3581 3803 su-

1998 3849 2197 3922 perior,
2224 3848 2340 3902 sive
2362 3846 2501 3916 quod
2523 3845 2587 3899 ad
2609 3846 2879 3900 caelestem
2901 3844 3083 3899 mundi
3107 3843 3333 3913 pertinet
3350 3851 3577 3912 partem,

2000 3941 2113 3997 sive
2153 3938 2295 4009 quod
2338 3938 2535 3992 nullmn
2578 3938 2736 3993 habet
2775 3938 3033 3991 visibilem
3084 3934 3469 3998 habitatorem,
3514 3930 3580 3985 de

1998 4031 2244 4102 qualibus
2267 4044 2408 4085 nunc
2432 4044 2608 4084 sermo
2635 4028 2899 4083 narrantis
2927 4036 3024 4092 est,
3055 4040 3227 4095 neque
3254 4022 3577 4094 praetermis-

2000 4140 2091 4180 sus
2106 4134 2188 4179 est
2206 4122 2344 4178 caelo
2366 4123 2656 4183 nominato,
2673 4136 2844 4190 neque
2864 4124 3241 4174 annumeratus
3264 4117 3318 4170 in
3337 4113 3580 4169 creandis

1998 4216 2313 4270 animalibus
2337 4232 2350 4267 :
2380 4215 2478 4268 iste
2502 4230 2631 4268 vero
2656 4212 2871 4266 inferior
2889 4212 2977 4282 qui
2997 4210 3192 4278 exeipit
3216 4206 3580 4262 exhalationes

2001 4310 2244 4365 humidas
2270 4309 2431 4363 maris
2460 4324 2520 4362 ac
2546 4316 2702 4362 terra:
2722 4347 2735 4371 ,
2764 4315 2817 4361 et
2839 4304 2906 4358 ad
2937 4302 3269 4358 sustinendas
3294 4314 3419 4353 aves
3444 4313 3580 4367 quo-

2000 4400 2286 4457 dammodo
2314 4411 2608 4466 crassatur,
2649 4397 2859 4451 nonnisi
2888 4412 2950 4449 ex
2979 4394 3127 4464 aquis
3154 4391 3344 4460 accipit
3372 4388 3579 4442 anima-

2000 4493 2087 4549 lia.
2118 4492 2271 4561 Quod
2295 4493 2435 4547 enim
2466 4491 2579 4560 ejus
2605 4487 2877 4542 humidum
2904 4495 2985 4539 est
3003 4526 3018 4550 ,
3056 4483 3159 4537 hoc
3184 4488 3357 4552 portat
3392 4478 3579 4532 alitum

1999 4600 2251 4655 corpora,
2281 4599 2398 4653 quae
2430 4583 2497 4635 ita
2529 4581 2769 4634 nituntur
2798 4577 2984 4647 pennis
3024 4574 3262 4627 volantes
3283 4614 3297 4640 ,
3328 4568 3579 4642 quemad-

1998 4676 2215 4731 modum
2244 4674 2413 4743 pisces
2438 4668 2749 4741 quibusdam
2778 4668 2889 4722 suis
2914 4667 3009 4721 alis
3034 4674 3293 4720 natantes.

2096 4762 2319 4820 CAPUT
2348 4762 2457 4817 Vll.
2500 4790 2571 4802 -—
2606 4759 2843 4814 Volatilia
2868 4774 2929 4812 ea:
2957 4757 3098 4828 aquis
3125 4773 3225 4810 non
3250 4755 3497 4810 immerito

2564 4854 2799 4908 dicuntur
2824 4860 3009 4906 creata.

2072 4950 2126 5006 9.
2169 4948 2399 5005 Proinde
2443 4949 2671 5003 scienter
2726 4954 2973 5015 tanquam
3025 4942 3252 5013 Spiritus
3317 4941 3441 5004 Dei,
3491 4939 3581 5009 qui

2000 5040 2251 5097 scribenti
2293 5038 2496 5101 aderat,
2543 5054 2610 5092 ex
2657 5037 2808 5107 aquis
2852 5035 2982 5089 dicit
3023 5034 3276 5104 producta
3321 5030 3578 5085 volatilia.

2000 5133 2235 5201 Quorum
2263 5140 2446 5187 natura
2474 5132 2490 5162 ι
2519 5130 2822 5200 bipartitum
2869 5128 3042 5183 locum
3072 5128 3257 5183 sortita
3288 5132 3407 5189 est;
3450 5121 3584 5177 infe-

2000 5227 2197 5282 riorem
2221 5225 2423 5280 scilicet
2448 5223 2498 5277 in
2523 5222 2660 5277 unda
2688 5222 2847 5287 labili,
2872 5221 3198 5291 superiorem
3225 5233 3352 5272 vero
3380 5217 3431 5269 in
3453 5230 3583 5271 aura

2001 5318 2162 5374 ﬂabili
2189 5337 2201 5372 :
2231 5317 2377 5372 illum
2400 5316 2708 5386 deputatum
2731 5314 3053 5379 natantibus,
3080 5314 3235 5368 istum
3262 5309 3581 5364 volantibus.

2002 5411 2148 5469 Sicut
2173 5411 2294 5465 huic
2320 5409 2585 5465 elemento
2611 5424 2871 5479 congruos
2897 5407 3029 5460 duos
3057 5406 3216 5460 etiam
3257 5416 3444 5458 sensus
3470 5402 3585 5456 ani-

2003 5503 2229 5559 malibus
2254 5502 2405 5557 datos
2426 5501 2704 5566 videmus;
2734 5498 2984 5554 olfactum
3013 5494 3351 5566 explorandis
3376 5493 3587 5565 vapori-

2002 5598 2103 5653 bus
2122 5638 2136 5663 ,
2164 5604 2430 5667 gustatum
2458 5592 2801 5665 explorandis
2831 5589 3144 5661 liquoribus.
3173 5586 3326 5656 Quod
3363 5586 3503 5641 enim
3531 5595 3588 5641 et

2002 5697 2145 5746 tactu
2173 5704 2338 5762 aquas
2365 5697 2658 5759 ventosque
2697 5686 2982 5749 sentimus,
3010 5680 3112 5737 hoc
3139 5690 3223 5737 est
3259 5679 3400 5752 quod
3432 5690 3587 5735 terra

2066 5816 3586 5890 ‘Mss.qulnque,Aquarwnenimnatwa.sicetiamm

1907 5908 1953 5947 '_
2003 5892 2150 5940 etEt.
