4056 6466
498 401 606 462 28⁸1

508 517 645 592 quod
675 533 729 574 in
772 530 875 573 usu
915 513 1163 589 loquendi
1196 511 1506 586 quotidiano
1544 509 1698 566 facile
1737 505 2088 563 animadverti

503 619 695 683 potest.
1081 653 1090 661 .

509 702 742 760 CAPUT
795 701 912 758 XII.
963 731 1034 744 —
1075 701 1212 768 Quid
1261 698 1550 756 secundum
1597 712 1799 769 genus,
1844 696 1979 765 quod
2031 695 2094 749 de

671 797 974 865 quibusdam
1001 795 1246 849 creaturis
1264 836 1279 860 ,
1307 810 1408 847 non
1433 793 1498 848 de
1525 792 1724 847 homine
1757 792 1959 844 dicitur.

579 888 668 945 18.
707 887 825 943 Non
874 890 1066 943 frustra
1108 887 1266 940 etiam
1308 886 1564 942 lectorem
1613 893 1793 939 movet
1848 891 2096 937 utrumne

507 982 707 1054 passim
735 991 791 1037 et
813 964 962 1051 quasi
993 978 1212 1036 fortuito
1232 994 1299 1033 an
1333 979 1508 1049 aliqua
1538 976 1744 1032 ratione
1765 975 1992 1041 dicatur,
2014 989 2095 1028 se-

507 1075 734 1129 cundum
761 1089 938 1145 genus,
969 1081 1219 1142 tanquam
1242 1069 1443 1126 fuerim
1466 1079 1520 1126 et
1547 1078 1701 1124 antea
1720 1111 1735 1136 ,
1773 1083 1896 1123 cum
1925 1067 2097 1136 primo

506 1176 687 1224 creata
711 1166 1037 1221 narrentur-‘
1067 1182 1081 1218 :
1109 1179 1179 1219 an
1215 1178 1386 1236 genus
1416 1179 1602 1220 eorum
1637 1162 1694 1216 in
1735 1159 2099 1231 superioribus

507 1259 803 1316 rationibus
829 1257 1227 1327 intelligendum
1257 1266 1359 1323 est,
1391 1257 1573 1328 utique
1599 1253 1981 1326 spiritualibus,
2013 1267 2099 1308 se-

509 1353 741 1409 cundum
773 1367 904 1422 quas
931 1360 1182 1406 creantur
1209 1349 1452 1408 inferius.
1485 1350 1588 1406 Sed
1619 1349 1663 1404 si
1700 1350 1770 1403 ita
1799 1355 1963 1412 esset,
1995 1345 2100 1402 hoc

508 1444 578 1500 de
599 1445 743 1509 luce,
781 1443 884 1498 hoc
903 1443 970 1498 de
998 1444 1137 1501 caelo
1155 1485 1170 1509 ,
1197 1443 1300 1500 hoc
1323 1442 1393 1499 de
1415 1443 1568 1513 aquis
1600 1451 1656 1498 et
1682 1442 1864 1504 terris,
1901 1440 2003 1494 hoc
2030 1437 2100 1495 de

507 1536 632 1592 caeli
674 1535 1022 1590 luminaribus
1059 1535 1345 1591 diceretur.
1388 1533 1526 1601 Quid
1573 1534 1714 1588 enim
1763 1546 1947 1588 eorum
1993 1537 2095 1597 est,

507 1629 662 1698 cujus
693 1642 799 1682 non
824 1639 1022 1682 aeterna
1052 1637 1105 1684 et
1130 1625 1580 1682 incommutabilis
1617 1625 1752 1681 ratio
1787 1625 1841 1680 in
1867 1625 1980 1693 ipsa
2004 1622 2102 1678 Dei

508 1720 777 1791 Sapientia
803 1721 1010 1791 vigeat,
1039 1735 1157 1791 qua:
1191 1719 1400 1791 attingit
1427 1734 1458 1774 a
1487 1719 1590 1774 fine
1616 1733 1785 1788 usque
1825 1715 1890 1771 ad
1937 1715 2098 1771 ﬁnem

509 1810 736 1877 fortiter,
767 1820 822 1867 et
843 1810 1079 1881 disponit
1101 1810 1278 1867 omnia
1299 1810 1570 1866 suaviter?
1592 1807 1746 1882 (Sap.
1768 1824 1885 1873 vni,
1918 1809 1996 1878 1.)
2015 1805 2104 1860 ln-

515 1902 646 1972 cipit
671 1911 848 1956 autem
874 1901 974 1958 hoc
1003 1901 1106 1956 dici
1127 1901 1194 1954 de
1215 1901 1394 1956 herbis
1419 1909 1473 1956 et
1496 1900 1672 1971 lignis,
1702 1914 1870 1970 usque
1893 1897 1957 1952 ad
1985 1897 2102 1952 [nec

513 2002 727 2048 terrena
744 1992 1053 2046 animantia.
1083 1992 1215 2046 Nam
1242 1999 1298 2047 et
1324 1991 1377 2046 in
1407 1991 1484 2046 eis
1513 2007 1632 2061 qua:
1658 2006 1722 2046 ex
1747 1989 1900 2060 aquis
1920 1995 2101 2044 creata

512 2095 654 2152 sunt,
679 2086 919 2155 quamvis
939 2086 990 2139 in
1031 2085 1201 2156 prima
1231 2083 1742 2140 commemoratione
1767 2083 1968 2137 dictum
1995 2097 2105 2137 non

517 2179 625 2244 sit;
653 2180 704 2234 in
732 2179 817 2233 illa
851 2189 1027 2234 tamen
1057 2177 1336 2233 iteratione
1363 2177 1561 2231 dictum
1592 2185 1702 2238 est,
1737 2173 1806 2227 Et
1827 2175 1943 2246 fecit
1969 2173 2105 2228 Deus

513 2281 645 2327 cetos
676 2287 884 2343 magnos
921 2279 970 2324 et
1006 2285 1204 2324 omnem
1238 2269 1463 2322 animam
1496 2267 1794 2320 animalium
1827 2265 2098 2335 reptilium,

515 2379 629 2434 quae
664 2363 940 2417 eduxerunt
969 2377 1114 2432 aquae
1144 2359 1422 2415 secundum
1458 2375 1613 2430 genus
1636 2373 1844 2423 eorum;
1875 2366 1922 2410 et
1960 2371 2108 2412 omne

516 2455 718 2509 volatile
740 2463 1014 2524 pennatam
1041 2452 1315 2506 secundum
1337 2467 1514 2522 genus.
2048 2522 2052 2525 ι

586 2549 674 2603 19.
714 2546 798 2602 An
825 2548 947 2618 quia
974 2546 1090 2601 haec
1109 2545 1182 2600 ita
1203 2552 1386 2599 exorta
1413 2550 1556 2605 sunt,
1585 2551 1642 2596 ut
1669 2556 1736 2596 ex
1761 2540 1839 2596 eis
1863 2539 1964 2594 alia
1985 2553 2110 2594 nas-

516 2647 784 2703 cerentur,
816 2647 873 2694 et
907 2637 1127 2708 originis
1165 2637 1387 2692 formam
1424 2634 1763 2690 successione
1808 2639 2104 2700 servarent,

515 2733 636 2790 ideo
663 2733 912 2788 dicuntur
932 2731 1207 2786 secundum
1227 2745 1406 2801 genus,
1434 2737 1651 2799 propter
1673 2725 2108 2796 propagationem

514 2825 703 2897 prolis,
729 2840 832 2895 qua
863 2837 1208 2894 permansura
1242 2820 1598 2876 creabantur?
1624 2818 1730 2873 Sed
1757 2833 1852 2872 cur
1884 2816 1951 2871 de
1979 2817 2106 2872 her-

517 2915 601 2971 bis
625 2923 681 2971 et
719 2915 877 2985 lignis
906 2928 1013 2969 non
1047 2913 1219 2968 solum
1260 2912 1474 2977 dicitur,
1507 2910 1783 2965 secundum
1808 2925 1985 2980 genus,
2010 2923 2107 2963 ve-

514 3022 636 3064 rum
673 3006 833 3063 etiam
876 3005 1151 3060 secundum
1184 3002 1595 3069 similitudinem,
1627 3015 1748 3056 cum
1779 3009 1832 3054 et
1858 2999 2109 3052 animalia

517 3098 632 3155 sive
657 3111 913 3167 aquarum
951 3097 1062 3152 sive
1095 3104 1353 3151 terrarum
1384 3092 1675 3150 secundum
1707 3091 2108 3147 similitudinem

519 3204 671 3246 suam
697 3188 996 3260 generent?
1024 3189 1128 3254 An,
1169 3187 1290 3256 quia
1319 3201 1487 3257 genus
1516 3186 1756 3256 sequitur
1783 3183 2071 3238 similitudo
2090 3224 2107 3252 ,

518 3283 690 3338 noluit
713 3298 830 3338 eam
852 3282 1048 3352 ubique
1075 3280 1358 3351 repetere?
1382 3279 1512 3333 Nam
1547 3286 1603 3333 et
1635 3292 1817 3333 semen
1850 3292 1953 3331 non
1989 3275 2109 3332 ubi-

516 3388 621 3444 que
650 3373 931 3444 repetivit;
957 3385 1080 3428 cum
1106 3381 1214 3426 tam
1255 3371 1433 3426 herbis
1470 3379 1524 3425 et
1552 3369 1710 3440 lignis
1743 3369 1904 3434 insit,
1951 3382 2109 3438 quain

516 3467 857 3535 animalibus,
885 3466 985 3523 etsi
1027 3481 1132 3520 non
1166 3464 1431 3519 omnibus.
1457 3462 1808 3519 Observatum
1852 3471 1931 3517 est
1967 3462 2107 3516 enim

516 3558 760 3631 quaedam
806 3559 877 3612 ita
923 3557 1068 3612 nasci
1109 3571 1174 3612 ex
1215 3555 1366 3626 aquis
1401 3555 1484 3610 vel
1525 3564 1684 3619 terra,
1716 3563 1775 3608 ut
1823 3569 1985 3608 sexus
2030 3553 2110 3608 eis

519 3651 696 3706 nullus
716 3651 818 3716 sit;
846 3660 899 3705 et
924 3650 1045 3706 ideo
1065 3665 1248 3704 semen
1275 3663 1463 3704 eorum
1487 3665 1592 3703 non
1623 3648 1695 3702 sit
1719 3649 1772 3701 in
1803 3647 1902 3714 eis,
1933 3632 2028 3701 sed
2054 3647 2110 3700 in

522 3742 803 3800 elementis
823 3758 888 3798 ex
909 3741 1100 3812 quibus
1124 3741 1386 3796 oriuntur.
1415 3738 1526 3794 Hoc
1559 3747 1642 3793 est
1680 3751 1809 3807 ergo
1837 3737 2111 3791 secundum

529 3851 720 3906 genus,
748 3834 837 3889 ubi
867 3841 922 3888 et
961 3833 1227 3888 seminum
1265 3832 1345 3886 vis
1386 3839 1442 3886 et
1479 3830 1775 3884 similitudo
1803 3830 2112 3900 intelligitur

521 3927 922 3984 succedentium
972 3925 1432 3990 decedentibus‘;
1471 3925 1592 3994 quia
1638 3923 1771 3978 nihil
1806 3937 1991 3977 eorum
2041 3923 2112 3979 ita

521 4029 760 4076 creatum
799 4027 882 4074 est
902 4061 916 4083 ,
948 4027 1007 4073 ut
1043 4019 1210 4073 semel
1239 4017 1523 4082 existeret,
1555 4017 1638 4071 vel
1669 4030 2111 4086 permansurum,

433 4141 438 4145 -
521 4109 606 4166 vel
635 4110 782 4164 nullo
812 4108 1134 4164 succedente
1163 4107 1528 4164 decessurum.

591 4201 682 4256 20.
725 4200 832 4256 Cur
855 4215 983 4272 ergo
1011 4209 1065 4254 et
1085 4201 1152 4256 de
1179 4199 1396 4255 homine
1423 4213 1528 4252 non
1551 4198 1619 4252 ita
1651 4196 1847 4252 dictum
1869 4206 1972 4265 est,
2005 4198 2114 4254 Fa-

522 4293 728 4349 ciamus
755 4293 1025 4348 hominem
1065 4293 1130 4347 ad
1162 4292 1444 4362 imaginem
1485 4299 1539 4345 et
1576 4290 1974 4346 similitudinem
2018 4307 2114 4346 no-

523 4393 711 4450 stram,
759 4384 1051 4440 secundum
1093 4397 1300 4454 genus,
1353 4397 1472 4437 cum
1517 4390 1572 4436 et
1611 4381 1838 4436 hominis
1881 4397 2114 4452 propago

524 4477 802 4534 manifesta
824 4477 933 4533 sit?
959 4478 1041 4533 An
1062 4476 1183 4546 quia
1211 4490 1316 4530 non
1345 4475 1415 4529 ita
1445 4475 1586 4530 Deus
1615 4473 1815 4530 fecerat
1842 4473 2114 4530 hominem

525 4578 586 4626 ut
609 4559 928 4634 moreretur,
956 4569 1002 4623 si
1033 4575 1356 4638 praeceptum
1383 4580 1598 4622 servare
1616 4565 1892 4631 voluisset,
1919 4575 1967 4622 et
1995 4566 2116 4622 ideo

527 4677 634 4718 non
675 4672 788 4715 erat
826 4661 1158 4716 necessarius
1196 4660 1466 4715 decessori
1507 4674 1786 4716 successor
1823 4678 1838 4714 :
1870 4660 1964 4716 sed
1995 4669 2116 4731 post

529 4762 803 4824 peccatum
833 4761 1170 4822 comparatus
1197 4761 1279 4807 est
1306 4752 1586 4822 pecoribus
1617 4752 1898 4806 insensatis
1917 4795 1931 4816 ,
1957 4762 2011 4807 et
2037 4753 2114 4807 si-

528 4847 669 4902 milis
697 4846 865 4901 factus
889 4855 970 4903 est
993 4847 1072 4901 eis
1099 4845 1269 4918 (Psal.
1297 4861 1479 4910 XLVI“,
1513 4846 1636 4914 15);
1668 4853 1727 4899 ut
1749 4845 1858 4914 jam
1891 4844 1981 4898 ﬁlii
2009 4860 2116 4899 sre-

527 4941 632 4996 culi
659 4939 814 5010 hujus
837 4947 1094 5010 generent
1125 4947 1179 4994 et
1204 4945 1546 5009 generentur,
1574 4952 1682 5008 quo
1709 4936 1876 5006 possit
1912 4944 2116 4991 morta-

532 5031 660 5087 lium
689 5046 857 5102 gonus
883 5041 1090 5085 servata
1119 5029 1461 5084 successione
1489 5027 1820 5082 subsistere?
1843 5025 1982 5093 Quid
2015 5027 2117 5082 sibi

532 5140 660 5195 ergo
691 5124 802 5177 vult
829 5132 948 5193 post
964 5122 1236 5178 hominem
1252 5121 1448 5176 factum
1465 5119 1552 5175 illa
1570 5117 1887 5185 bemdictio,
1904 5119 2120 5174 Crescite

533 5227 583 5273 et
614 5215 1060 5288 multiplicamini,
1089 5225 1136 5269 et
1160 5213 1365 5286 implete
1391 5223 1607 5277 terram;
1633 5211 1773 5282 quod
1799 5213 1979 5282 utique
2005 5211 2116 5267 ﬁeri

534 5317 714 5378 posset
738 5307 1078 5379 generando?
1105 5309 1186 5362 An
1231 5305 1362 5361 nihil
1407 5306 1532 5361 hinc
1562 5313 1766 5360 temere
1799 5304 2080 5360 dicendum
2101 5347 2116 5371 ,

533 5400 705 5456 donec
724 5399 792 5454 ad
818 5414 938 5453 eum
959 5399 1250 5470 Scriptura:
1274 5399 1448 5452 locum
1471 5397 1859 5467 perveniamus,
1887 5397 1972 5453 ubi
2002 5397 2121 5452 dili-

535 5493 745 5565 gentius
781 5491 878 5547 ista
905 5491 1220 5564 requirenda
1247 5500 1406 5560 atque
1435 5490 1705 5546 tractanda
1741 5493 1906 5548 sunt?
1939 5492 2122 5550 Potest

536 5585 678 5638 enim
715 5599 854 5640 nunc
898 5585 1126 5639 fortasse
1165 5582 1432 5648 sufficere,
1471 5592 1752 5654 propterea
1799 5583 1866 5640 de
1905 5585 2121 5644 homine

535 5689 644 5732 non
671 5675 873 5732 dictum
897 5691 1018 5732 esse
1035 5716 1054 5745 ,
1081 5675 1357 5730 secundum
1381 5691 1572 5747 genus,
1603 5676 1724 5746 quia
1755 5692 1891 5734 unus
1927 5676 2118 5748 fiebat,

598 5811 618 5844 ι
638 5817 689 5860 In
711 5810 929 5875 plurimis
951 5818 1004 5861 et
1017 5812 1212 5875 Optimae
1227 5818 1358 5862 nota
1379 5818 1484 5862 tm.
1497 5847 1512 5874 ,
1537 5815 1872 5862 narrarentur.

595 5873 623 5910 Ι
640 5879 744 5910 In,
771 5872 1026 5910 Ira-Imm
1050 5872 1404 5910 malum
1418 5873 1483 5910 ΑΔ
1499 5872 1869 5910 manda-libum
1931 5878 1944 5885 '
1976 5877 1986 5884 ’

640 5872 748 5925 I37.
771 5872 1871 5931 tredecim.

1392 399 1481 454 DE
1517 393 1762 454 GENESI
1803 395 1893 449 AD
1929 389 2311 466 LITTERAM,
2351 397 2412 454 S.
2451 395 2820 456 AUGUSTINI

2198 510 2266 566 de
2284 525 2391 582 quo
2409 512 2569 567 etiam
2592 494 2943 568 femina'facta
2965 520 3068 568 est.
3087 500 3205 569 Non
3230 500 3372 569 enim
3398 494 3564 570 multa
3589 530 3787 587 genera

2197 602 2497 674 hominum,
2525 604 2660 660 sicut
2685 604 2994 672 herbarum,
3025 605 3310 677 lignorum,
3343 606 3570 678 piscium
3589 649 3604 674 ,
3635 609 3790 665 vola-

2199 697 2392 763 tilium,
2420 698 2768 767 serpentium,
2783 713 3057 769 pecorum,
3078 697 3396 755 bestiarum:
3415 709 3476 755 ut
3494 703 3572 757 sic
3587 699 3792 760 dictum

2199 789 2540 856 accipiamus.
2564 789 2838 844 secundum
2857 807 3032 861 genus,
3047 805 3109 846 ac
3127 791 3170 846 si
3189 791 3458 847 diceretur
3470 795 3792 862 generatim,

2199 888 2259 934 ut
2285 879 2424 934 inter
2447 895 2506 935 se
2535 881 2727 936 similia
2757 892 2915 952 atque
2957 883 3026 937 ad
3069 898 3229 938 unam
3267 883 3526 954 originem
3569 885 3794 942 seminis

2202 973 2518 1042 pertinentia
2545 973 2994 1044 distinguerentur
3016 989 3046 1028 a
3073 974 3304 1030 caeteris.

2202 1062 2427 1120 CAPUT
2465 1064 2998 1121 Xlll.—Benedictio
3036 1083 3127 1121 cur
3169 1067 3290 1122 solis
3321 1069 3626 1136 aquatilibus
3665 1070 3800 1124 sicut

2474 1159 2664 1213 homini
2695 1160 2967 1230 impertita.
2999 1158 3231 1230 Officium
3257 1161 3515 1232 gignendi.

2275 1251 2373 1307 21.
2417 1250 2546 1307 Item
2573 1253 2828 1324 quaeritur
2855 1254 2981 1325 quid
3021 1264 3222 1310 tantum
3253 1271 3509 1326 aquarum
3547 1257 3799 1313 animalia

2206 1343 2274 1399 de
2301 1343 2555 1401 Creatorc
2577 1347 2902 1413 meruerint,
2930 1355 2987 1402 ut
3018 1347 3130 1402 sola
3160 1347 3626 1414 benedicerentur,
3661 1350 3802 1405 sicut

2207 1434 2470 1491 homines.
2493 1434 2624 1491 Nam
2646 1445 2700 1491 et
2724 1437 2834 1509 ipsa
2857 1437 3127 1492 benedixit
3147 1439 3308 1506 Deus,
3331 1439 3550 1494 dicens:
3579 1439 3803 1496 Crescite

2206 1537 2256 1582 et
2282 1527 2724 1600 multiplicamini,
2756 1541 2802 1586 et
2841 1531 3045 1600 implete
3083 1549 3241 1604 aquas
3280 1534 3437 1587 maris
3457 1576 3470 1597 ,
3503 1541 3550 1587 et
3574 1535 3804 1588 volatilia

2207 1621 2603 1690 multiplicentur
2637 1639 2788 1692 super
2831 1632 3032 1678 terram.
3066 1623 3148 1678 An
3180 1625 3232 1678 in
3261 1639 3368 1678 uno
3408 1633 3670 1679 creatum:
3703 1640 3805 1695 ge-

2210 1727 2339 1767 nere
2366 1711 2648 1768 dicendum
2680 1713 2797 1780 fuit,
2829 1724 2886 1768 nt
2915 1716 2966 1770 in
2992 1716 3203 1770 caeteris
3227 1727 3618 1786 consequenter
3643 1716 3802 1771 intel-

2209 1804 2480 1875 ligeretur,
2526 1821 2645 1874 quae
2687 1805 3118 1876 generationibus
3162 1806 3452 1862 crescunt?
3483 1806 3636 1861 Prius
3670 1821 3803 1877 ergo

2209 1895 2477 1951 diceretur
2518 1896 2570 1950 in
2615 1912 2682 1954 eo
2723 1897 2866 1968 quod
2913 1898 3140 1968 primum
3179 1899 3284 1953 tale
3311 1907 3550 1954 creatum
3592 1907 3712 1964 cst,
3746 1899 3804 1956 in

2211 1986 2380 2042 herba
2407 1986 2616 2042 scilicet
2642 1997 2801 2058 atque
2829 1989 2988 2059 ligno.
3023 1989 3106 2044 An
3137 1989 3273 2044 forte
3307 2005 3425 2059 qua;
3466 1989 3667 2044 nullum
3708 1989 3807 2045 ha-

2210 2079 2400 2134 berent
2425 2079 2780 2150 propagandae
2808 2081 2970 2151 prolis
2996 2080 3265 2148 aifectum,
3289 2096 3352 2136 ac
3371 2082 3488 2137 sine
3511 2083 3620 2137 ullo
3641 2096 3804 2138 sensu

2212 2179 2550 2242 generarent,
2584 2172 2799 2242 indigna
2829 2173 3085 2242 judicavit
3121 2174 3224 2228 illis
3265 2173 3650 2228 benedictionis
3679 2189 3806 2228 ver-

2210 2263 2310 2328 bis,
2346 2261 2562 2317 Crescite
2588 2272 2636 2316 et
2660 2264 3068 2334 multiplicamini
3094 2281 3112 2318 :
3141 2265 3230 2320 ubi
3256 2273 3433 2320 autem
3457 2265 3577 2319 talis
3605 2264 3806 2321 inesset

2211 2354 2452 2418 affectus,
2484 2353 2555 2407 ibi
2585 2353 2815 2424 primum
2846 2353 2950 2409 hoc
2977 2354 3130 2420 dixit,
3165 2363 3222 2409 ut
3259 2355 3315 2408 in
3343 2355 3571 2410 terrenis
3595 2355 3800 2409 anima-

2211 2445 2350 2499 libus
2387 2445 2549 2500 etiam
2594 2459 2699 2499 non
2731 2444 2934 2500 dictum
2974 2445 3402 2516 intelligeretur?
3431 2445 3801 2502 Necessarium

2211 2545 2386 2592 autem
2410 2536 2507 2592 fuit
2532 2537 2636 2592 hoc
2661 2539 2714 2593 in
2738 2537 2954 2594 homine
2979 2547 3246 2608 repetere,
3275 2555 3342 2594 ne
3361 2541 3642 2610 quisquam
3669 2540 3814 2596 dice-

2212 2631 2368 2685 retin
2395 2630 2575 2686 officio
2599 2630 2850 2702 gignendi
2881 2630 3020 2687 ﬁlios
3046 2631 3213 2686 ullum
3232 2645 3353 2686 esse
3382 2639 3657 2701 peccatum
3677 2671 3694 2696 ,
3719 2633 3800 2685 si-

2213 2730 2306 2780 cut
2328 2731 2414 2778 est
2439 2723 2491 2776 in
2514 2722 2758 2789 libidine,
2786 2723 2904 2778 sive
2927 2722 3242 2791 fornicandi,
3271 2723 3384 2778 sive
3418 2723 3536 2794 ipso
3558 2723 3811 2795 coniugio

2213 2814 2614 2870 immoderatius
2641 2813 2918 2870 abutendi.

2389 2904 2614 2962 CAPUT
2655 2907 2793 2960 XIV.
2821 2935 2895 2946 —
2919 2905 2996 2960 De
3027 2907 3328 2961 insectorum
3351 2907 3622 2961 creatione.

2283 2999 2374 3053 22.
2405 2999 2666 3054 Nonnulla
2689 2999 2849 3053 etiam
2871 2998 2938 3054 de
2956 2998 3274 3068 quibusdam
3298 2998 3672 3053 minutissimis
3697 2998 3817 3053 ani—

2214 3091 2440 3147 malibus
2459 3091 2684 3162 quaastio
2710 3099 2794 3145 est
2814 3131 2827 3155 ,
2858 3100 3036 3145 utrum
3067 3090 3120 3144 in
3147 3089 3332 3160 primis
3370 3082 3550 3144 rerum
3575 3090 3591 3120 ¹
3623 3089 3816 3144 condi-

2215 3183 2448 3238 tionibus
2491 3194 2669 3237 creata
2719 3184 2859 3248 sint,
2909 3197 2976 3237 an
3022 3198 3090 3238 ex
3137 3184 3585 3254 consequentibus
3630 3198 3816 3238 rerum

2215 3275 2520 3330 mortalium
2561 3275 3027 3344 corruptionibus?
3069 3273 3199 3328 Nam
3232 3275 3485 3346 pleraque
3512 3291 3697 3330 eorum
3725 3283 3820 3330 aut

2215 3365 2285 3420 de
2312 3366 2553 3420 vivorum
2581 3380 2864 3434 corporum
2895 3365 3054 3431 vitiis,
3085 3366 3167 3420 vel
3195 3367 3574 3436 purgamentis,
3607 3367 3690 3422 vel
3721 3381 3819 3421 ex-

2217 3457 2576 3514 halationibus
2605 3467 2698 3512 aut
2725 3458 3042 3513 cadaverum
3073 3458 3193 3512 tabe
3221 3459 3541 3528 gignuntur;
3571 3459 3817 3528 quadam

2216 3552 2376 3606 etiam
2406 3551 2476 3606 de
2500 3551 2842 3620 corruptione
2872 3549 3134 3622 lignorum
3160 3559 3214 3606 et
3236 3549 3540 3618 herbarum,
3570 3552 3818 3622 quzedam

2219 3649 2287 3705 de
2324 3648 2756 3720 corruptionibus
2803 3647 3072 3704 fructuum
3111 3665 3126 3702 :
3162 3662 3386 3717 quorum
3429 3649 3666 3703 omnium
3708 3663 3820 3704 non

2219 3758 2499 3814 possumus
2547 3752 2692 3798 recte
2735 3742 2914 3797 dicere
2958 3742 3122 3796 Deum
3171 3756 3278 3795 non
3327 3755 3449 3796 esse
3494 3751 3816 3796 creatorem.

2217 3836 2361 3890 Inest
2388 3835 2530 3890 enim
2561 3834 2809 3889 omnibus
2838 3833 3104 3904 quoddam
3136 3840 3342 3887 naturae
3371 3834 3450 3887 sui
3481 3833 3692 3904 generis
3715 3833 3819 3888 de-

2216 3943 2346 3996 cus,
2387 3929 2464 3983 sic
2497 3937 2554 3983 ut
2587 3929 2642 3982 in
2677 3927 2760 3982 his
2791 3927 2962 3996 major
2991 3927 3061 3981 sit
3087 3925 3369 3980 admiratio
3398 3925 3538 3980 bene
3567 3925 3819 3980 conside-

2216 4023 2420 4091 rantis,
2469 4030 2524 4078 et
2568 4021 2684 4076 laus
2734 4020 2950 4075 uberior
2997 4020 3377 4087 omnipotentis
3419 4017 3670 4084 artificis;
3723 4019 3821 4088 qui

2217 4115 2394 4170 omnia
2437 4114 2489 4168 in
2530 4113 2789 4182 sapientia
2833 4111 2958 4166 fecit
3003 4109 3174 4182 (Psal.
3201 4124 3322 4176 cm,
3350 4108 3470 4181 24),
3506 4125 3622 4179 qua:
3647 4125 3676 4162 a
3707 4109 3821 4165 fine

2218 4219 2386 4274 usque
2414 4203 2479 4257 ad
2511 4203 2669 4257 linem
2701 4201 3043 4271 pertendens,
3075 4211 3130 4255 et
3159 4201 3396 4255 suaviter
3421 4209 3609 4254 cuncta
3635 4199 3821 4270 dispo-

2220 4311 2354 4352 nens
2384 4295 2538 4363 (Sap.
2565 4310 2680 4360 vin,
2707 4294 2757 4364 -l)
2776 4336 2788 4358 ,
2820 4309 2916 4348 nec
2937 4308 2999 4348 ea
3024 4293 3134 4363 ipsa
3160 4308 3339 4348 rerum
3361 4293 3669 4357 novissima,
3697 4309 3821 4364 qua:

2220 4403 2320 4458 pro
2345 4389 2424 4442 sui
2454 4389 2665 4456 generis
2689 4385 2876 4440 ordine
2901 4384 3283 4451 dissolvuntur,
3315 4394 3366 4439 et
3393 4400 3618 4455 quarum
3647 4385 3822 4440 disso-

2219 4479 2476 4535 lutionem
2529 4495 2595 4534 ex
2653 4493 2809 4549 paena
2862 4487 3061 4533 nostrae
3112 4479 3449 4532 mortalitatis
3503 4480 3820 4549 horremus,

2222 4573 2476 4644 relinquit
2513 4571 2760 4627 informia
2791 4589 2803 4625 :
2834 4571 2926 4627 sed
2959 4569 3108 4626 c‘reat
3132 4571 3349 4626 minima
3375 4585 3630 4640 corpore,
3662 4581 3822 4627 acuta

2221 4680 2419 4733 sensu,
2455 4653 2778 4731 animantia;
2823 4672 2880 4718 ut
2924 4663 3129 4732 majore
3171 4663 3465 4718 attentione
3508 4672 3823 4732 stupeainus

2220 4758 2507 4828 agilitatem
2554 4772 2753 4812 muscae
2789 4755 3050 4824 volantis,
3083 4772 3241 4827 quam
3273 4753 3692 4826 magnitudinem
3728 4757 3823 4825 ju-

2223 4849 2388 4904 inenti
2427 4848 2717 4919 gradientis
2739 4889 2752 4912 ,
2783 4846 3118 4917 ampliusque
3157 4847 3414 4902 miremur
3438 4861 3602 4916 opera
3630 4846 3822 4902 formi-

2223 4939 2488 5004 cularum,
2525 4955 2682 5010 quam
2715 4953 2877 4994 onera
2902 4939 3246 4994 camelorum.

2293 5030 2384 5086 23.
2427 5029 2533 5085 Sed
2559 5040 2737 5084 utrum
2769 5030 2822 5084 in
2852 5028 3067 5099 primis,
3095 5040 3152 5084 ut
3172 5029 3316 5101 dixi,
3344 5044 3525 5086 rerum
3557 5030 3825 5086 conditio-

2225 5121 2410 5188 nibus,
2439 5138 2558 5192 quae
2589 5123 2690 5177 isto
2720 5137 2812 5176 sex
2838 5123 3044 5177 dierum
3071 5121 3260 5178 ordine
3290 5132 3484 5178 creata:
3511 5133 3820 5194 narrantur,

2227 5211 2342 5266 haec
2386 5226 2595 5282 quoque
2640 5212 2854 5266 minima
2899 5213 3134 5268 instituta
3178 5214 3487 5282 credamus,
3523 5230 3592 5270 an
3630 5223 3822 5287 postea

2226 5303 2676 5372 consequentibus
2695 5304 3117 5374 corruptibilium
3139 5320 3424 5376 corporum
3442 5307 3824 5377 solutionibus,

2227 5395 2329 5451 hoc
2356 5396 2630 5467 quaeritur.
2675 5397 2739 5451 Et
2768 5407 2942 5467 potest
2965 5399 3178 5469 quidem
3208 5399 3314 5455 dici
3348 5415 3414 5455 ea
3440 5401 3822 5469 minutissima,

2228 5502 2346 5558 quae
2374 5503 2439 5543 cx
2466 5488 2618 5558 aquis
2641 5488 2724 5543 vel
2750 5489 2904 5545 terris
2932 5490 3194 5558 oriuntur,
3228 5501 3352 5547 tunc
3375 5501 3552 5548 creata
3583 5510 3597 5547 :
3625 5493 3680 5547 in
3704 5494 3825 5564 qui-

2228 5583 2327 5638 bus
2351 5583 2507 5638 etiam
2538 5582 2624 5638 illa
2651 5599 2756 5638 non
2783 5583 3012 5640 absurde
3037 5584 3419 5655 intelliguntur,
3447 5601 3566 5655 quae
3593 5601 3825 5643 nascun-

2228 5684 2315 5733 tur
2350 5691 2418 5733 ει
2461 5675 2526 5733 iis
2563 5691 2683 5748 quae
2726 5684 2868 5732 terra
2905 5678 3236 5748 germinante
3274 5687 3390 5733 orta
3425 5687 3581 5744 sunt;
3614 5687 3670 5734 et
3694 5677 3823 5749 quia

2292 5813 2504 5877 ‘_lov.,
2555 5810 3046 5868 mean
3082 5813 3230 5868 Abest
3281 5811 3558 5868 mortalium
3597 5793 3663 5865 ab
3709 5810 3823 5864 alis
