4056 6446
259 521 658 587 pmcessemnt
673 510 1055 577 conditionem,
1084 522 1192 565 non
1217 508 1389 565 solum
1415 506 1745 573 animalium,
1767 508 1863 564 sed

260 610 431 665 etiam
462 609 837 674 luminarium;
879 615 935 663 et
973 606 1095 677 quia
1143 614 1301 661 terra:
1350 605 1728 661 continuantur
1769 616 1867 672 per

254 704 507 763 .radicutn
549 704 975 769 connexionem,
1020 701 1164 757 unde
1211 700 1301 756 illo
1342 700 1432 757 die
1475 715 1581 770 quo
1622 696 1868 769 apparuit

262 796 440 861 arida,
476 805 661 852 exorta
690 805 845 860 sunt,
877 803 934 849 ut
957 794 1134 865 potius
1161 792 1230 848 ad
1255 791 1682 863 supplementum
1712 788 1865 842 habi-

264 889 519 955 tationis,
565 904 726 959 quam
773 887 841 943 ad
879 902 1161 942 numerum
1203 884 1560 940 habitatorum
1599 882 1866 954 pertinere

263 980 649 1053 intelligantur.
682 979 887 1037 Caetera
913 995 1043 1035 vero
1070 994 1191 1050 quae
1217 978 1285 1033 de
1309 976 1619 1033 animalium
1644 976 1868 1046 gignun-

260 1080 355 1128 tur
372 1074 709 1145 corporibus,
727 1082 781 1128 et
803 1073 1031 1128 maxime
1051 1080 1406 1138 mortuorum,
1424 1068 1864 1125 absurdissimum

260 1177 349 1223 est
370 1167 557 1224 dicere
576 1176 702 1222 tunc
720 1177 923 1234 creata,
949 1181 1073 1221 cum
1097 1165 1346 1220 animalia
1368 1165 1483 1235 ipsa
1506 1172 1685 1218 creata
1705 1169 1861 1217 sunt:

262 1262 368 1317 nisi
394 1264 521 1333 quia
552 1263 721 1317 inerat
748 1261 859 1333 jam
888 1262 1138 1317 omnibus
1165 1260 1414 1316 animatis
1442 1259 1756 1330 corporibus
1786 1258 1864 1314 vis

262 1354 513 1424 quaedam
539 1353 826 1421 naturalis,
859 1362 913 1409 et
940 1354 1090 1423 quasi
1120 1352 1493 1424 prteseminata
1521 1360 1575 1406 et
1602 1350 1864 1421 quodam-

262 1448 431 1503 modo
453 1450 625 1503 liciata
645 1450 661 1480 ¹
684 1446 975 1519 primordia
994 1446 1290 1501 futurorum
1312 1445 1643 1511 animalium,
1662 1459 1781 1513 qua:
1797 1442 1865 1498 de

260 1540 699 1608 corruptionibus
721 1539 905 1593 talium
925 1552 1208 1607 corporum
1232 1552 1327 1607 pro
1344 1552 1441 1591 suo
1464 1550 1687 1606 quaeque
1702 1549 1865 1605 gene-

261 1647 325 1687 re
341 1647 408 1686 ac
428 1632 741 1688 differentiis
762 1642 915 1689 erant
933 1642 1204 1698 exortura,
1232 1647 1329 1702 per
1348 1629 1862 1685 administrationem

263 1724 593 1780 ineffabilem
622 1726 799 1779 omnia
828 1731 1079 1779 movente
1103 1722 1519 1779 incommutabili
1549 1721 1825 1779 Creatore.

262 1812 494 1870 CAPUT
523 1815 639 1872 XV.
662 1846 734 1857 —
756 1816 833 1870 De
856 1816 1109 1871 creatione
1145 1815 1443 1869 animalium
1484 1822 1859 1868 venenatorum.

337 1908 431 1963 24.
472 1908 549 1962 De
581 1909 867 1978 generibus
904 1924 1115 1980 quoque
1152 1907 1463 1963 animalium
1501 1906 1785 1962 venenosis
1811 1913 1866 1962 et

261 2000 585 2070 perniciosis
611 2002 776 2071 quaeri
802 2002 959 2067 solet,
988 2010 1164 2057 utrum
1191 2008 1314 2071 post
1336 2007 1610 2070 peccatum
1634 1998 1864 2056 hominis

264 2089 335 2144 ad
362 2090 650 2146 vindictam
680 2102 857 2147 creata
886 2092 1031 2159 sint;
1078 2107 1146 2146 an
1192 2092 1367 2161 potius
1394 2106 1514 2146 cum
1550 2090 1655 2160 jam
1685 2098 1864 2145 creata

265 2192 452 2238 essent
496 2184 744 2250 innoxia,
776 2185 988 2239 nonnisi
1035 2193 1220 2253 postea
1266 2184 1635 2254 peccatoribus
1670 2197 1864 2239 nocere

265 2280 552 2349 creperint.
583 2278 769 2349 Neque
792 2278 893 2333 hoc
913 2278 1107 2333 mirum
1130 2288 1232 2345 est,
1255 2276 1679 2348 quandoquidem
1702 2278 1863 2331 etiam

264 2371 599 2441 temporibus
646 2370 802 2440 hujus
849 2371 971 2425 vita:
1015 2371 1297 2425 laboriosae
1336 2382 1493 2440 atque
1524 2386 1860 2439 aerumnosas,

262 2476 389 2518 cum
413 2464 483 2518 ita
507 2464 577 2517 sit
594 2478 755 2518 nemo
773 2463 947 2533 justus
965 2471 1024 2516 ut
1044 2460 1335 2532 perfectum
1367 2478 1425 2517 se
1450 2462 1642 2517 audeat
1661 2461 1861 2530 dicere,

263 2554 499 2610 ﬁdeliter
526 2563 811 2609 attestante
839 2554 1096 2624 Apostolo
1122 2562 1176 2607 et
1200 2553 1430 2620 dicente,
1464 2552 1586 2607 Non
1613 2555 1732 2625 quia
1749 2554 1865 2624 jam

261 2649 580 2719 acceperim,
612 2658 699 2701 aut
727 2649 881 2702 etiam
908 2650 1157 2719 perfectus
1185 2648 1282 2701 sim
1321 2646 1577 2719 (Philipp.
1608 2663 1702 2714 ιιι,
1735 2646 1860 2718 l2);

263 2756 501 2812 cumque
542 2742 718 2797 adhuc
757 2742 1073 2798 exercenda:
1118 2752 1278 2812 atque
1311 2741 1364 2797 in
1398 2743 1707 2797 infirmitate
1738 2758 1862 2812 per-

264 2833 515 2890 ﬁciendae
557 2835 739 2889 virtuti
775 2836 1092 2890 necessaria:
1122 2835 1229 2889 sint
1255 2837 1575 2891 tentationes
1615 2845 1669 2891 et
1692 2836 1863 2891 mole—

264 2928 389 2981 stiae
414 2928 744 2997 corporales,
774 2927 963 2983 eodem
994 2943 1181 2983 rursus
1205 2930 1463 2999 Apostolo
1491 2929 1866 2987 manifestante

266 3021 364 3090 qui
396 3022 489 3086 ait,
520 3022 570 3075 in
597 3022 959 3092 magnitudine
986 3023 1374 3078 revelationum
1403 3040 1473 3079 ne
1498 3025 1861 3095 extolleretur,

264 3111 452 3168 datum
482 3114 583 3169 sibi
609 3130 727 3170 esse
756 3116 1028 3171 stimulum
1052 3118 1249 3184 carnis,
1281 3119 1530 3191 angelum
1557 3127 1776 3187 satauze,
1808 3128 1868 3176 ut

268 3219 394 3259 cum
424 3206 816 3275 colaphizaret,
856 3216 1205 3279 rogatumque
1232 3225 1263 3264 a
1292 3224 1351 3265 se
1376 3210 1656 3266 Dominum
1684 3215 1862 3281 tertio,

269 3307 329 3353 ut
350 3298 656 3355 discederet
681 3300 749 3354 ab
778 3314 864 3367 eo,
895 3302 1236 3371 respondisse
1261 3302 1382 3370 sibi,
1417 3302 1613 3375 Sufﬁcit
1637 3305 1725 3359 tibi
1747 3323 1867 3377 gra-

270 3392 342 3444 tia
361 3408 511 3455 mea;
536 3408 655 3445 nam
677 3392 833 3446 virtus
857 3393 912 3446 in
934 3393 1231 3462 inﬁrmitate
1252 3395 1511 3464 perﬁcitur
1538 3395 1604 3468 (II
1626 3395 1744 3451 Cor.
1765 3412 1863 3464 xu,

269 3485 432 3558 7-9)
462 3504 476 3542 :
504 3495 679 3543 tamen
728 3496 782 3543 et
823 3497 1039 3544 sanctus
1068 3490 1250 3544 Daniel
1291 3491 1430 3546 inter
1466 3492 1649 3547 leones
1690 3494 1865 3550 salvus

268 3585 431 3646 atque
460 3577 758 3649 intrepidus
800 3579 931 3634 vixit
969 3578 1129 3651 (Dan.
1161 3597 1245 3647 vt,
1274 3581 1375 3644 22;
1405 3590 1455 3636 et
1482 3599 1592 3648 xw,
1620 3583 1710 3655 58)
1732 3626 1747 3650 ,
1774 3585 1865 3654 qui

266 3682 377 3722 non
402 3669 586 3738 utique
606 3669 715 3724 Deo
735 3670 999 3725 mentiens
1021 3673 1073 3725 lu
1094 3672 1357 3735 oratione,
1387 3687 1491 3727 non
1515 3682 1717 3728 tantum
1743 3691 1869 3744 pce-

267 3768 389 3815 cata
414 3761 600 3832 populi
623 3760 727 3829 sui,
756 3760 851 3816 sed
877 3762 1036 3833 etiam
1057 3777 1152 3817 sua
1178 3761 1372 3817 fatetur
1401 3763 1509 3837 (Id.
1552 3781 1631 3830 rx,
1670 3764 1862 3838 4J9);

266 3860 323 3905 et
352 3851 407 3905 in
440 3851 608 3919 ipsius
636 3851 879 3921 Apostoli
921 3867 1083 3907 manu
1127 3853 1400 3909 mortifera
1428 3856 1605 3926 vipera
1632 3856 1861 3924 inhaesit,

266 3957 371 3997 nec
401 3943 539 3998 Itesit
567 3942 702 4015 (Act.
732 3959 941 4010 xxvnt,
983 3942 1061 4017 5).
1093 3944 1386 4001 Potuerunt
1412 3962 1538 4018 ergo
1577 3948 1676 4003 ista
1702 3951 1863 4004 etiam

267 4044 451 4091 creata
493 4036 625 4090 nihil
664 4052 893 4105 nocere,
925 4038 969 4093 si
999 4052 1159 4094 causa
1189 4054 1296 4094 non
1324 4042 1615 4097 exstitisset
1643 4043 1723 4096 vel
1754 4052 1861 4098 ter-

269 4129 565 4184 rendorum
604 4128 1101 4203 puniendorumque
1128 4133 1407 4200 vitiorum,
1449 4136 1535 4190 vel
1577 4137 1863 4206 probandae

268 4218 719 4291 mrﬁcienquue
756 4222 967 4277 virtutis
1009 4240 1021 4276 :
1063 4223 1185 4293 quia
1227 4232 1284 4279 et
1322 4226 1567 4296 exempla
1609 4237 1733 4282 sunt
1769 4228 1861 4284 de-

266 4315 619 4370 monstranda
645 4315 948 4385 patientiae,
996 4316 1064 4371 ad
1095 4316 1389 4387 profectum
1424 4328 1768 4388 caeterorum;
1809 4330 1864 4378 et

232 4432 236 4435 ν
266 4406 388 4476 ipse
416 4408 517 4462 sibi
558 4407 717 4463 homo
748 4408 803 4463 in
834 4409 1217 4466 tentationibus
1242 4411 1441 4467 certius
1467 4413 1777 4481 innotescit;
1809 4424 1864 4471 et

264 4497 411 4567 juste
440 4498 586 4552 salus
615 4499 700 4553 illa
730 4508 983 4570 perpetua
1003 4542 1019 4566 ,
1049 4516 1165 4571 quae
1194 4504 1418 4572 turpiter
1440 4504 1634 4559 amissa
1660 4514 1743 4560 est
1768 4521 1863 4576 per

272 4588 600 4657 voluptatem
628 4590 670 4652 ',
703 4590 909 4644 fortiter
932 4591 1185 4660 recipitur
1217 4608 1312 4662 per
1338 4593 1597 4650 dolorem.

267 4676 502 4733 CAPUT
531 4677 669 4732 XVI.
695 4709 767 4718 —
788 4679 972 4735 Bestia:
1007 4680 1215 4735 invicem
1258 4694 1486 4738 nocentes
1527 4702 1619 4739 cur
1659 4696 1857 4742 creata.

342 4771 434 4827 25.
469 4772 618 4827 Dicet
642 4773 837 4843 aliquis
864 4791 877 4826 :
907 4776 1013 4828 Cur
1037 4790 1164 4844 ergo
1188 4776 1411 4831 invicem
1438 4777 1620 4833 UCSliiB
1646 4789 1859 4850 nocent,

269 4864 467 4935 quibus
490 4880 589 4920 nec
616 4875 831 4936 peccata
862 4867 966 4920 ulla
994 4875 1136 4935 sunt,
1164 4876 1224 4922 ut
1250 4868 1481 4924 vindicta
1509 4870 1606 4925 ista
1634 4872 1859 4940 dicatur,

270 4972 375 5012 nec
404 4958 565 5011 ullam
594 4959 859 5028 recipiunt
888 4958 977 5012 tali
1016 4960 1395 5015 exercitatione
1424 4963 1710 5020 virtutem?
1738 4965 1862 5021 Ideo

270 5049 561 5116 nimirum,
608 5049 731 5121 quia
772 5050 976 5106 scilicet
1021 5051 1140 5105 alite
1181 5052 1286 5107 cibi
1330 5062 1452 5108 sunt
1480 5054 1723 5112 aliarum.
1752 5057 1861 5116 Nec

268 5150 417 5196 recte
456 5154 741 5211 possumus
772 5139 951 5196 dicere
980 5158 992 5194 :
1024 5141 1139 5196 Non
1169 5152 1348 5197 essent
1376 5144 1495 5199 aliae
1527 5146 1716 5216 quibus
1744 5148 1861 5204 aliae

330 5276 353 5308 ³
378 5280 454 5324 r2.
481 5283 534 5341 _et
554 5282 696 5341 Lov_.:
721 5273 1061 5326 Prmseminata
1078 5274 1301 5336 materia,
1324 5282 1371 5327 et
1391 5278 1741 5341 quodammodo
1766 5281 1861 5334 ini-

410 5334 825 5406 prirnordianuss.
846 5350 966 5406 vero
983 5344 1148 5406 carent
1165 5334 1558 5406 voce,mat'eria_:
1572 5343 1864 5406 proqueini-

267 5397 617 5461 tiata,'habent
817 5412 835 5461 ;
853 5399 925 5461 uti
949 5401 1095 5448 etiam
1126 5400 1274 5449 editio
1291 5397 1389 5449 Am.
1414 5404 1544 5461 Quod
1572 5397 1863 5457 'vocibulum

268 5434 618 5526 Μιῶἒῖ
635 5434 1273 5526 ῖῖὖῗῖῇἅὲὶῖξτῗώἴενόὲῖζ
1290 5434 1393 5526 Ξῐῖ
1415 5434 1861 5525 ἴῐῗυιῖιᾫὲυῗε

267 5520 571 5590 οωιιίλέεδε
606 5520 815 5590 latenter
850 5523 899 5571 in
929 5524 1148 5590 semine,
1182 5531 1234 5573 et
1252 5520 1523 5590 nascentes
1554 5529 1865 5590 perfectionis

267 5587 487 5646 modum,
510 5597 607 5633 non
637 5586 689 5632 in
704 5582 854 5645 mole,
876 5584 965 5635 sed
984 5585 1031 5633 in
1050 5587 1237 5635 ratione
1250 5587 1350 5648 jam
1378 5582 1570 5638 habere
1595 5589 1737 5641 docet
1769 5602 1862 5643 Au-

269 5648 530 5712 gustinus:
560 5663 583 5692 α
602 5653 766 5712 lngua
790 5649 998 5712 ratione,
1019 5648 1117 5707 ait,
1148 5650 1528 5712 uniuscmusque
1554 5654 1769 5704 materiae
1787 5657 1862 5703 in-

914 5710 1227 5768 odammodo,
1262 5718 1317 5759 ut
1351 5710 1417 5761 ita
1439 5710 1624 5773 dicam,
1657 5712 1864 5766 liciatum

277 5788 304 5819 ι
324 5772 552 5836 videtur,
588 5772 717 5836 quod
739 5772 951 5836 nondum
975 5778 1051 5823 est
1067 5806 1083 5833 ,
1115 5773 1210 5836 imo
1224 5773 1360 5836 quod
1382 5775 1533 5836 latet,
1555 5772 1645 5827 sed
1665 5791 1864 5829 accessu

277 5849 307 5883 ι
323 5835 562 5897 temporis
584 5831 696 5892 erit,
719 5831 809 5897 vel,
824 5835 986 5896 potius
1004 5831 1273 5897 apparebit.
1294 5850 1316 5879 ι

261 5926 275 5972 ,
334 5894 609 5972 ιιηῇεαιιίε,
632 5894 1331 5959 permutasse,

277 5707 303 5756 ἱ
322 5710 423 5759 dita
459 5707 703 5771 corporali
718 5712 818 5772 jam

1579 393 1786 452 LIBER
1820 390 2138 451 TERTIUS.

3446 405 3558 467 290

1975 514 2336 564 vescerentur.
2362 507 2573 565 Habent
2590 511 2731 567 enim
2752 512 2952 578 omnia,
2974 513 3227 584 quamdiu
3247 524 3392 584 sunt,
3413 534 3556 576 men-

1973 611 2153 663 suras,
2198 614 2479 667 numeros,
2519 601 2735 658 ordines
2778 618 2937 671 suos;
2968 620 3086 676 qua:
3128 615 3317 663 cuncta
3364 609 3557 667 merito

1972 692 2303 748 considerata
2333 694 2643 764 laudantur,
2674 712 2772 752 nec
2813 698 2931 753 sine
2971 699 3175 755 occulta
3209 717 3304 771 pro
3337 718 3434 758 suo
3461 718 3556 774 ge-

1973 797 2102 839 nere
2127 784 2490 842 moderatione
2514 788 2922 858 pulchritudinis
2952 792 3277 861 temporalis,
3305 794 3465 849 etiam
3490 810 3557 851 ex

1970 874 2076 929 alio
2104 875 2157 930 in
2184 876 2325 932 aliud
2360 880 2703 946 transeundo,
2735 890 3023 937 mutantur.
3055 882 3207 951 Quod
3235 886 3334 940 etsi
3366 886 3557 943 stultos

1971 966 2119 1035 latet,
2142 970 2384 1026 sublucet
2405 971 2827 1043 proficientibus,
2852 975 3161 1047 clarumque
3184 976 3433 1047 perfectis
3454 989 3553 1034 est.

1969 1057 2038 1113 Et
2061 1068 2208 1115 certe
2231 1064 2478 1119 omnibus
2510 1066 2700 1122 talibus
2735 1068 3001 1124 inferioris
3040 1081 3296 1126 creatura:
3325 1071 3557 1127 motibus

1969 1150 2275 1219 praebentur
2315 1152 2516 1210 homini
2562 1157 2802 1213 salubres
2843 1159 3263 1228 admonitiones,
3296 1171 3352 1217 ut
3381 1163 3557 1219 videat

1969 1253 2225 1311 quantum
2264 1245 2365 1301 sibi
2405 1249 2749 1319 satagendum
2789 1251 2859 1305 sit
2895 1267 2992 1321 pro
3019 1253 3187 1308 salute
3214 1254 3473 1325 spirituali
3502 1264 3557 1311 et

1968 1334 2323 1406 sempiterna,
2369 1353 2472 1408 qua
2500 1340 2747 1396 omnibus
2776 1342 3169 1399 irrationalibus
3198 1346 3555 1402 animantibus

1967 1429 2263 1485 antecellit:
2291 1445 2410 1485 cum
2434 1432 2522 1489 illa
2550 1433 2727 1489 videat
2746 1450 2775 1488 a
2800 1437 3043 1491 maximis
3068 1437 3363 1508 elephantis
3390 1454 3556 1509 usque

1967 1516 2036 1571 ad
2062 1519 2313 1575 minimos
2337 1524 2658 1580 vermiculos
2702 1539 2798 1595 pro
2843 1527 3013 1581 salute
3050 1528 3310 1598 corporali
3339 1540 3391 1584 et
3422 1539 3556 1585 tem-

1968 1609 2166 1678 porali,
2200 1628 2358 1682 quam
2408 1630 2504 1683 pro
2550 1617 2631 1670 sui
2674 1618 2886 1687 generis
2930 1617 3180 1674 inferiore
3222 1620 3558 1678 ordinatione

1967 1702 2153 1757 sortita
2198 1713 2348 1772 sunt,
2395 1707 2508 1762 sive
2548 1708 2883 1777 resistendo,
2933 1710 3045 1765 sive
3085 1712 3350 1777 cavendo,
3397 1726 3557 1782 agere

1967 1792 2221 1864 quidquid
2242 1797 2420 1851 valent
2444 1817 2457 1853 :
2480 1800 2621 1868 quod
2644 1816 2749 1854 non
2772 1809 3014 1871 apparet,
3040 1802 3142 1856 nisi
3168 1818 3287 1857 cum
3311 1803 3557 1873 quzedam

1968 1883 2312 1941 refectionem
2338 1890 2576 1957 corporis
2603 1891 2686 1945 sui
2715 1907 2781 1946 ex
2807 1893 3035 1947 aliorum
3069 1895 3382 1963 corporibus
3406 1910 3557 1965 quae-

1968 1986 2126 2045 runt;
2158 1978 2258 2032 alia
2289 1995 2348 2035 se
2374 1982 2456 2036 vel
2487 1984 2814 2054 repugnandi
2844 1983 3080 2052 viribus,
3125 1987 3208 2040 vel
3253 1985 3388 2057 fugae
3420 2002 3557 2057 prae-

1967 2071 2125 2138 sidio,
2156 2074 2241 2128 vel
2270 2073 2591 2130 latebrarum
2621 2076 2914 2133 munimine
2941 2084 3175 2132 tuentur.
3203 2077 3334 2132 Nam
3367 2086 3421 2132 et
3447 2079 3559 2148 ipse

1968 2165 2210 2234 corporis
2235 2165 2389 2221 dolor
2416 2167 2469 2222 in
2500 2170 2737 2239 quolibet
2773 2170 3043 2225 animante
3081 2185 3270 2241 magna
3309 2180 3364 2225 et
3396 2171 3556 2225 mira-

1967 2255 2091 2311 bilis
2124 2258 2318 2314 anima:
2344 2260 2425 2315 vis
2447 2273 2557 2324 est,
2599 2278 2720 2332 quae
2762 2262 2909 2317 illam
2947 2278 3258 2333 compagem
3302 2262 3556 2317 ineffabili

1968 2349 2324 2418 permixtione
2361 2352 2597 2407 vitaliter
2637 2353 2905 2422 continet,
2951 2363 3006 2409 et
3048 2355 3102 2408 in
3150 2352 3431 2423 quamdam
3476 2352 3559 2407 sui

1968 2443 2169 2498 moduli
2197 2445 2390 2515 redigit
2417 2448 2676 2502 unitatem
2695 2489 2712 2514 ,
2743 2462 2862 2503 cum
2888 2462 3009 2503 eam
3036 2462 3142 2502 non
3173 2446 3558 2512 indifferenter,

1969 2534 2086 2601 sed,
2106 2545 2162 2589 ut
2189 2536 2260 2590 ita
2284 2537 2481 2606 dicam,
2505 2538 2863 2610 indignanter,
2886 2541 3084 2611 patitur
3107 2538 3375 2610 corrumpi
3400 2546 3561 2610 atque

1968 2625 2206 2681 dissolvi.

1968 2716 2195 2774 CAPUT
2239 2718 2402 2775 XVII.
2426 2750 2498 2761 —
2523 2721 2811 2793 Scrupulus
2840 2723 2903 2778 de
2928 2725 3222 2795 corporibus
3245 2732 3560 2780 mortuorum

2632 2816 2898 2872 devoratis.

2040 2901 2131 2958 26.
2173 2902 2302 2959 Illud
2328 2905 2486 2960 etiam
2516 2905 2743 2963 fortasse
2770 2910 2999 2980 aliquem
3029 2918 3260 2977 moveat,
3288 2910 3333 2965 si
3360 2911 3561 2967 anima-

1968 2994 2041 3049 lia
2068 2996 2232 3050 noxia
2267 2997 2415 3052 vivos
2453 2998 2696 3054 homines
2740 3008 2833 3054 aut
2872 3002 3152 3071 poenaliter
3194 3001 3429 3069 laedunt,
3469 3008 3561 3057 aut

1968 3086 2255 3142 salubriter
2282 3100 2553 3155 exercent,
2574 3100 2664 3145 aut
2687 3092 2890 3148 utiliter
2920 3093 3164 3163 probant,
3197 3104 3289 3148 aut
3312 3095 3561 3165 ignoran-

1969 3184 2055 3232 ter
2073 3177 2286 3246 docent,
2314 3195 2411 3236 cur
2436 3182 2488 3236 in
2515 3197 2667 3238 escas
2690 3198 2816 3239 suas
2839 3184 3135 3240 dilacerant
3153 3187 3315 3242 etiam
3334 3201 3560 3258 corpora

1968 3266 2246 3325 hominum
2276 3274 2645 3327 mortuorum?
2673 3274 2835 3343 Quasi
2870 3292 2999 3331 vero
3026 3278 3313 3348 quidquam
3352 3279 3563 3334 intersit

1969 3362 2036 3417 ad
2066 3372 2303 3419 nostram
2333 3367 2611 3423 utilitatem
2633 3410 2649 3436 ,
2677 3368 2777 3423 ista
2802 3384 2927 3425 caro
2951 3370 3061 3440 jam
3088 3372 3351 3427 exanimis
3378 3373 3430 3427 in
3462 3388 3560 3428 na-

1971 3463 2103 3510 turae
2145 3442 2407 3525 profunda
2448 3470 2652 3515 secreta
2693 3476 2789 3530 per
2827 3476 2961 3532 quos
2990 3463 3242 3517 transitus
3267 3471 3387 3532 eat,
3418 3464 3561 3521 unde

1969 3548 2199 3604 mirabili
2249 3552 2631 3622 omnipotentia
2680 3554 2948 3609 Creatoris
2988 3556 3324 3613 reformanda
3372 3572 3560 3613 rursus

1970 3652 2207 3698 eruatur.
2237 3644 2549 3717 Quanquam
2589 3656 2644 3703 et
2680 3647 2803 3703 hinc
2828 3650 2919 3703 fiat
2944 3650 3185 3721 quaedam
3212 3651 3560 3722 prudentibus

1968 3735 2293 3802 admonitio,
2346 3748 2402 3794 ut
2448 3755 2505 3795 se
2558 3741 2629 3796 ita
2678 3743 3054 3799 commendent
3104 3744 3249 3800 fideli
3295 3746 3555 3816 Creatori,

1969 3828 2146 3881 omnia
2172 3831 2401 3886 maxima
2426 3840 2481 3888 et
2506 3834 2723 3889 minima
2749 3836 2960 3893 occulto
2983 3847 3113 3893 nutu
3140 3838 3553 3910 administranti,

1968 3919 2054 3973 cui
2096 3922 2265 3976 nostri
2294 3924 2453 3978 etiam
2493 3925 2667 3995 capilli
2699 3930 2959 3983 numerati
2989 3938 3112 3984 sunt
3150 3928 3299 4003 (Luc.
3330 3948 3441 4000 xu,
3478 3933 3556 4006 7),

1968 4025 2037 4065 ne
2065 4024 2281 4082 propter
2299 4014 2486 4070 inanes
2512 4032 2666 4072 curas
2686 4021 3106 4076 exanimatorum
3127 4037 3408 4093 corporum
3432 4039 3559 4080 suo-

1968 4117 2089 4157 rum
2120 4104 2225 4160 ulla
2254 4122 2447 4176 genera
2474 4110 2721 4165 mortium
2749 4112 3177 4181 perhorrescant,
3205 4115 3302 4171 sed
3330 4117 3429 4186 piae
3452 4117 3559 4172 for-

1968 4193 2206 4250 titudinis
2235 4213 2427 4253 nervos
2457 4200 2523 4255 ad
2555 4202 2732 4257 omnia
2761 4219 3063 4274 praeparare
3091 4222 3195 4261 non
3222 4207 3482 4264 dubitent.

1964 4308 2194 4368 CAPUT
2220 4312 2406 4370 XVIII.
2432 4345 2505 4356 ——
2526 4317 2704 4387 Spinw
2729 4328 2775 4373 et
2795 4319 2964 4374 tribuli
2987 4320 3223 4393 lignaque
3242 4324 3556 4394 infructuosa

2461 4425 2552 4464 cur
2574 4418 2624 4464 et
2647 4411 2849 4481 quando
2873 4422 3059 4467 creata.

2036 4500 2128 4557 27.
2168 4501 2312 4556 Talis
2349 4503 2508 4558 etiam
2549 4505 2773 4573 quiestio
2811 4505 2878 4560 de
2911 4506 3078 4576 spinis
3106 4514 3160 4562 et
3186 4507 3392 4564 tribulis
3419 4510 3558 4566 solet

1965 4592 2163 4648 oboriri
2183 4635 2198 4658 ,
2231 4601 2284 4648 et
2311 4593 2378 4649 de
2414 4594 2732 4664 quibusdam
2762 4595 2921 4667 lignis
2950 4597 3314 4667 infructuosis,
3350 4601 3431 4657 vel
3460 4617 3557 4657 cur

1964 4687 2049 4742 vel
2078 4686 2289 4758 quando
2317 4676 2494 4743 creata
2525 4689 2662 4757 sint,
2693 4705 2814 4746 cum
2844 4691 2987 4747 Deus
3024 4691 3251 4761 dixerit,
3294 4693 3555 4750 Producat

1966 4786 2099 4831 terra
2119 4778 2323 4832 herbam
2347 4779 2520 4851 pabuli
2537 4782 2867 4838 seminantem
2884 4800 3073 4851 semen,
3095 4795 3141 4839 et
3162 4785 3355 4858 lignum
3378 4789 3555 4859 ﬂucti-

1965 4872 2130 4941 ferum
2154 4871 2344 4941 faciens
2372 4872 2609 4941 fructum.
2642 4874 2746 4931 Sed
2775 4876 2865 4946 qui
2896 4876 2965 4931 ita
2995 4887 3305 4948 moventur,
3338 4895 3444 4935 non
3468 4881 3552 4937 in-

1965 4960 2212 5032 telligunt
2257 4964 2444 5020 saltem
2489 4964 2555 5020 de
2600 4965 2807 5022 usitatis
2853 4966 3096 5025 formulis
3140 4970 3356 5025 humani
3394 4972 3551 5042 juris,

1965 5053 2411 5123 quemadmodum
2451 5056 2748 5125 appelletur
2786 5058 3139 5116 ususfructus.
3169 5061 3380 5144 Utilitas
3408 5064 3553 5120 enim

1964 5145 2207 5216 quaedam
2246 5145 2529 5203 {ruentium
2567 5149 2624 5204 in
2661 5148 2866 5208 fructus
2906 5155 3124 5212 nomine
3161 5156 3550 5214 consideratur.

1963 5236 2185 5305 Quantae
2207 5247 2384 5295 autem
2407 5240 2515 5295 sint
2535 5241 2812 5309 utilitates,
2844 5244 2957 5301 sive
2979 5247 3295 5314 manifestae,
3324 5250 3436 5306 sive
3462 5266 3553 5306 oc-

1965 5330 2142 5397 cultae,
2165 5331 2399 5387 omnium
2422 5348 2541 5403 qua:
2563 5341 2705 5389 terra
2726 5334 2949 5407 gignens
2965 5337 3216 5394 radicitus
3235 5340 3349 5407 alit,
3376 5350 3432 5398 et
3450 5342 3551 5414 ipsi

1963 5422 2209 5494 quaedam
2236 5424 2573 5491 intueantur,
2603 5435 2658 5481 et
2682 5426 2751 5481 ab
2777 5429 3014 5498 expertis
3040 5439 3230 5486 caetera
3259 5430 3548 5504 inquirant.

2034 5514 2124 5569 28.
2168 5515 2233 5569 Et
2260 5514 2328 5569 de
2353 5515 2519 5585 spinis
2549 5516 2763 5588 quidem
2789 5533 2853 5574 ac
2878 5519 3084 5574 tribulis
3111 5520 3401 5580 absolutior
3425 5534 3550 5596 pot-

1966 5616 2048 5662 est
2087 5621 2206 5663 esse
2248 5610 2563 5678 responsio,
2606 5611 2728 5681 quia
2772 5619 2892 5681 post
2925 5621 3198 5681 peccatum
3234 5615 3433 5673 dictum
3468 5629 3552 5676 est

1966 5700 2168 5754 homini
2211 5701 2278 5757 de
2322 5711 2493 5770 terra,
2527 5703 2719 5774 Spinas
2755 5713 2801 5759 et
2840 5703 3047 5762 tribulos
3081 5710 3243 5782 pariet
3280 5713 3366 5767 tibi
3395 5713 3546 5785 (Gen.

1966 5812 2058 5861 ιιι,
2092 5795 2206 5867 l8).
2236 5795 2345 5851 Nec
2373 5806 2547 5852 tamen
2575 5795 2727 5851 facile
2756 5796 3036 5854 dicendum
3066 5810 3149 5857 est
3176 5811 3301 5861 tunc
3324 5808 3550 5877 coepisse

1969 5896 2073 5951 ista
2096 5892 2226 5949 oriri
2251 5905 2318 5948 ex
2347 5900 2508 5949 terra.
2549 5890 2815 5948 Fortassis
2854 5893 2997 5949 enim
3040 5895 3289 5953 ouoniam
3328 5897 3385 5954 in
3420 5897 3552 5960 ipsis
