4056 6476
522 509 620 567 291
1385 493 1474 554 DE
1510 491 1760 553 GENESI
1799 492 1891 546 AD
1929 490 2297 559 LITTERAM,
2339 490 2398 549 S.
2439 491 2809 551 AUGUSTINI

524 638 734 696 minque
773 617 1056 693 generibus
1093 616 1358 674 seminum
1389 613 1571 668 multm
1599 608 1936 680 reperiuntur
1964 606 2104 662 utili-

524 726 691 784 tates,
725 722 969 786 poterant
1011 712 1207 767 habere
1248 710 1426 763 locum
1469 713 1623 761 suum
1661 703 1779 759 sine
1816 702 1922 757 ulla
1951 713 2106 772 poena

523 812 776 868 hominis.
816 809 918 865 Sed
951 817 1008 863 ut
1036 808 1090 862 in
1121 807 1257 877 agris
1288 803 1340 858 in
1369 801 1558 874 quibus
1581 800 1693 868 jam
1722 798 2005 870 ptitnaliter
2030 796 2108 850 la-

521 905 774 969 borabat,
827 904 982 957 etiam
1031 901 1128 954 ista
1171 903 1544 960 nascerentur,
1591 893 1693 947 hoc
1733 891 1800 945 ad
1835 879 2105 945 eumuhitu

521 1001 695 1066 pinna:
735 994 912 1048 valere
941 990 1084 1047 credi
1123 994 1329 1059 potest,
1373 1002 1493 1041 cum
1542 990 1760 1054 possent
1787 980 1911 1035 alibi
1937 973 2103 1043 nasci,

519 1089 604 1143 vel
649 1087 714 1142 ad
751 1087 925 1140 avium
971 1085 1330 1154 pecorumque
1369 1086 1582 1148 pastus,
1631 1075 1716 1131 vel
1759 1073 1826 1130 ad
1870 1073 2106 1143 ipsorum

519 1179 796 1234 hominum
826 1177 1032 1246 aliquos
1059 1175 1204 1230 usu's.
1239 1165 1550 1242 Quanquam
1580 1175 1633 1225 et
1659 1169 1745 1223 ille
1784 1161 1970 1222 sensus
1999 1170 2105 1220 non

517 1272 771 1327 abhorret
813 1269 880 1322 ab
922 1267 1005 1322 his
1033 1267 1242 1333 verbis,
1290 1273 1394 1335 qdo
1436 1264 1507 1317 ita
1553 1260 1862 1330 intelligitur
1903 1258 2103 1313 dierum

517 1364 708 1436 θρῖπας
732 1370 778 1417 et
804 1360 1013 1415 tribulos
1037 1360 1200 1431 pariet
1227 1359 1314 1412 tibi
1329 1373 1344 1423 ;
1373 1359 1430 1410 ut
1459 1357 1572 1410 lich
1595 1354 1754 1409 etiam
1781 1361 1934 1405 antea
1965 1356 2105 1404 terra

516 1456 729 1528 pariens
751 1497 764 1520 ,
796 1465 904 1509 non
933 1455 1112 1508 tamen
1139 1451 1340 1506 homini
1369 1438 1579 1519 parerel
1617 1446 1682 1501 ad
1708 1445 1974 1508 laborem,
2009 1442 2102 1497 sed

513 1547 878 1617 cuiuscemodi
919 1544 1236 1600 animalibus
1278 1541 1684 1597 cenvcnientein
1727 1537 1937 1602 cibum;
1981 1537 2104 1589 sun‘t

511 1629 653 1698 eiiiiii
680 1635 799 1712 quae
826 1641 909 1695 his
936 1637 1236 1711 generibus,
1267 1644 1318 1691 et
1349 1632 1678 1690 mollioribus
1705 1639 1758 1686 et
1784 1628 2102 1684 aridioribus

511 1729 792 1791 commode
818 1729 1154 1802 Suaviterqtlc
1176 1727 1460 1784 vesCantu‘r
1485 1741 1499 1782 :
1530 1725 1652 1780 tunc
1677 1731 1854 1778 autem
1881 1717 2104 1792 Cmpellt

510 1817 608 1884 ista
652 1819 851 1881 Iibmini
896 1831 1084 1896 parere
1128 1819 1193 1878 ad
1236 1823 1593 1877 mrumnosum
1633 1809 1936 1888 negotium,-
1981 1813 2102 1870 cu'in

510 1911 631 1992 post
661 1911 936 1990 peccatum
959 1913 1120 1988 coepit
1149 1908 1202 1972 in
1231 1909 1365 1971 terra
1398 1911 1659 1968 laborare.
1684 1912 1801 1967 Non
1826 1911 1968 1982 quod
1987 1903 2102 1964 a‘llls

510 2012 642 2067 locis
685 2004 802 2066 haec
840 2020 994 2066 antea
1039 2003 1417 2074 nascerentur,
1451 2011 1504 2061 et
1547 2005 1668 2075 post
1705 1999 1759 2058 in
1800 2001 1940 2074 agris
1969 2019 2102 2073 quos

510 2098 671 2157 hdmo
714 2098 780 2156 ad
816 2091 1098 2172 capiendas
1136 2097 1314 2170 fruges
1353 2098 1589 2163 coleret;
1632 2090 1725 2150 sed
1769 2089 1823 2149 ct'
1866 2095 2010 2165 prius
2048 2101 2104 2149 et

509 2204 690 2266 postea
718 2195 770 2249 in
798 2194 997 2250 eisdem
1024 2189 1156 2248 locis
1188 2211 1201 2247 :
1231 2193 1376 2264 prius
1404 2193 1580 2245 tamen
1609 2195 1713 2243 non
1737 2187 1958 2251 homini,
1983 2196 2104 2258 post

508 2298 683 2344 autem
727 2278 959 2354 homini;
987 2293 1047 2343 ut
1075 2287 1176 2341 hoc
1205 2281 1529 2356 signiﬁcetur
1557 2281 1698 2352 quod
1729 2281 1963 2335 additum
1995 2289 2096 2346 est,

509 2373 596 2434 tibi
627 2396 644 2434 :
671 2377 790 2451 quia
823 2373 926 2434 no’u
959 2373 1041 2434 est
1069 2378 1301 2446 dictum,
1348 2376 1538 2447 Spinas
1568 2383 1621 2429 ct
1652 2372 1876 2427 tribulos
1908 2368 2098 2442 pariet,

507 2471 599 2526 sed
621 2512 636 2537 ,
669 2450 827 2541 pariet
854 2465 979 2536 tibi;
1015 2469 1068 2524 id
1106 2467 1185 2524 eet
1213 2466 1272 2523 ut
1298 2450 1390 2523 tibi
1414 2467 1524 2537 jam
1549 2463 1649 2520 ista
1675 2463 1819 2519 ἠθέὸί
1845 2461 2102 2533 incipiant

506 2562 572 2616 ad
601 2557 858 2627 iuberem,
885 2569 1003 2631 qua!
1025 2559 1092 2615 ad
1120 2567 1326 2630 pastum
1353 2547 1723 2614 tantummodo
1749 2555 1868 2612 aliis
1897 2557 2100 2611 anima-

507 2655 644 2710 libus
675 2664 831 2710 antea
861 2655 1236 2710 nascebantur.

503 2735 731 2806 CAPUT
759 2745 901 2805 XIX.
918 2781 989 2790 -—
1008 2743 1086 2803 De
1111 2735 1238 2804 vels.
1259 2741 1349 2814 26,
1385 2741 1476 2813 Ξᾟ
1507 2755 1601 2803 etc.
1631 2747 1734 2803 Cur
1753 2733 1806 2802 iit
1825 2729 1982 2802 solius
2003 2733 2097 2800 ho-

508 2893 510 2895 _
804 2844 954 2898 minis
995 2837 1244 2898 creatidne
1265 2829 1475 2909 dictum,
1509 2841 1811 2905 Faciamus.
1907 2831 1914 2838 ’

574 2927 664 2992 29.
706 2927 774 2989 Et
804 2925 932 2989 dixit
959 2929 1098 2988 Deus
1122 2950 1141 2989 :
1162 2927 1438 2988 Fatiamns
1459 2932 1709 2986 hominem
1737 2931 1805 2986 ad
1828 2915 2098 3003 imaginem

507 3025 552 3080 et
570 3021 951 3082 similitudinem
974 3019 1233 3092 nostrain;
1265 3035 1308 3080 et
1331 3023 1613 3079 dominetur
1634 3025 1846 3095 piscium
1872 3021 2028 3078 indi-is
2051 3009 2098 3078 et

506 3119 784 3174 balatilium
810 3109 950 3187 coeli,
983 3125 1028 3173 et
1055 3117 1276 3172 omnium
1305 3106 1558 3189 pecorum,
1593 3121 1637 3170 et
1666 3114 1828 3170 clunis
1857 3105 2021 3184 let-rte,
2051 3116 2098 3171 et

505 3207 729 3278 Omnium
754 3202 1008 3282 reptilium
1033 3211 1310 3281 repentium
1329 3197 1478 3280 super
1499 3219 1701 3264 terram.
1727 3191 1795 3264 El
1820 3202 1936 3281 fecil
1962 3197 2096 3266 Deiis

505 3303 790 3367 hominem,
825 3297 892 3357 {id
930 3295 1196 3374 itilbginein
1238 3289 1336 3356 Dei
1381 3303 1495 3376 fecit
1532 3303 1643 3356 eum
1683 3291 2010 3358 .‘indsculitm
2050 3291 2097 3359 iit

506 3391 746 3466 [omnium
775 3388 892 3466 fecit
918 3393 1018 3450 eos.
1059 3386 1128 3449 Et
1164 3391 1415 3451 benedixit
1453 3391 1536 3451 eos
1561 3393 1698 3451 Deus
1727 3395 1894 3453 dicens
1925 3414 1942 3452 :
1973 3399 2095 3454 Cre-

502 3486 656 3554 s'cite,
689 3485 736 3540 et
761 3482 1203 3557 multiplicamini,
1234 3481 1278 3540 el
1307 3487 1508 3557 implete
1537 3483 1720 3542 terrllm'
1740 3532 1754 3556 ,
1786 3497 1830 3543 et
1859 3477 2094 3544 dominii-

503 3575 629 3633 mini
657 3575 784 3652 ejus,
817 3588 864 3634 et
893 3579 1250 3651 principiimini
1279 3583 1490 3651 piscium
1520 3583 1709 3648 maris,
1743 3591 1788 3636 et
1815 3583 2094 3638 co'latiliam

502 3669 612 3730 cib'li
633 3717 646 3743 ,
679 3673 726 3729 et
755 3669 976 3730 amulum
1007 3681 1274 3747 pecorum,
1307 3663 1355 3732 et
1392 3679 1554 3733 omnis
1584 3686 1758 3745 terra},
1792 3689 1840 3732 et
1869 3680 2095 3733 omnium

501 3761 758 3840 r'eplilium
782 3765 1057 3838 repentium
1094 3786 1244 3841 super
1277 3767 1482 3824 terram.
1515 3769 1585 3825 Et
1609 3771 1735 3826 dixit
1760 3771 1930 3839 Deus,
1965 3761 2095 3827 Ecce

503 3859 620 3916 dedi
640 3858 773 3915 vobis
795 3877 938 3916 omne
959 3852 1198 3934 pabulum
1217 3863 1474 3930 seminale,
1497 3853 1750 3920 seminans
1775 3851 1941 3919 semen
1961 3867 2094 3936 quod

503 3949 576 4007 est
600 3957 750 4023 super
772 3947 964 4008 omnm
993 3959 1176 4010 terram
1195 4000 1207 4022 ,
1238 3965 1284 4010 et
1313 3959 1458 4011 omne
1487 3957 1678 4028 lignum
1702 3958 1836 4028 quod
1867 3957 2011 4011 habet
2040 3959 2093 4011 in

502 4051 554 4101 se
582 4043 796 4119 frdituiit‘
839 4047 1046 4105 seminis“
1085 4049 1376 4116 sentindiis;
1420 4051 1554 4106 vobis
1584 4053 1675 4105 erit
1709 4054 1776 4105 ad
1815 4071 2012 4121 escam,
2047 4064 2092 4107 et

503 4135 732 4195 onmib'lls
774 4139 939 4196 bestiis
967 4153 1144 4209 terra},
1192 4153 1238 4197 et
1283 4143 1510 4197 omnibus
1549 4143 1834 4196 volatilibus
1873 4128 2013 4212 ca’li,
2047 4154 2092 4199 et

503 4231 638 4286 οηυή
665 4223 832 4303 reptili
861 4229 1054 4305 repenti
1082 4245 1234 4306 super
1265 4237 1467 4299 terram',
1493 4233 1626 4305 quod
1652 4233 1797 4289 habet
1823 4225 1876 4289 in
1904 4255 1955 4290 se
1982 4233 2090 4307 spi-

501 4325 654 4379 ritum
678 4327 792 4382 vita:
808 4342 828 4391 ;
852 4336 898 4381 et
923 4325 1068 4381 omne
1093 4328 1331 4399 pabulum
1353 4325 1510 4381 viride
1528 4329 1580 4381 in
1602 4344 1784 4383 escam.
1813 4327 1880 4381 Et
1900 4329 2091 4398 factum

501 4429 572 4472 est
592 4420 684 4473 sic.
707 4419 772 4472 Et
793 4420 914 4474 vidit
935 4419 1073 4474 Deus
1093 4419 1262 4474 omnia
1281 4435 1392 4491 qute
1414 4422 1550 4492 fecit,
1577 4432 1623 4475 et
1641 4439 1753 4475 ecce
1773 4423 1900 4476 bona
1920 4423 2085 4477 valde.

501 4509 568 4563 Et
610 4517 745 4581 facta
788 4522 860 4566 est
899 4523 1137 4582 vespera,
1170 4519 1216 4566 et
1245 4513 1436 4583 factum
1462 4522 1537 4568 est
1574 4527 1720 4568 mane
1757 4513 1865 4569 dies
1899 4509 2086 4569 sextus.

500 4604 673 4658 Etiam
700 4605 856 4674 atque
875 4601 1035 4660 etiam
1058 4605 1126 4660 de
1147 4601 1331 4660 natura
1356 4606 1586 4660 hominis
1614 4603 1732 4677 post
1757 4608 1852 4662 erit
1878 4607 2090 4662 uberior

500 4696 872 4752 considerandi
918 4706 973 4752 et
1021 4697 1323 4768 diligentius
1373 4695 1672 4754 disserendi
1721 4701 1890 4754 locus.
1937 4693 2088 4756 Nunc

502 4795 676 4844 tamen
700 4832 715 4857 ,
744 4799 802 4843 ut
832 4791 990 4859 opera
1021 4801 1114 4843 sex
1140 4790 1342 4844 dierum
1371 4799 1552 4846 nosu'a
1583 4791 1852 4860 inquisitio
1877 4800 2086 4861 pertra-

498 4884 766 4952 ctatioque
801 4881 1116 4950 concludat,
1159 4881 1260 4939 hoc
1302 4882 1530 4953 prlmmn
1570 4884 1801 4939 breviter
1840 4885 2083 4951 dicimus,

497 4989 604 5029 non
648 4970 1012 5029 indiﬂ‘ereutci'
1047 4971 1413 5044 accipiendum
1441 4975 1584 5046 quod
1613 4977 1664 5029 in
1692 4977 1809 5031 aliis
1837 4979 2086 5046 Operibus

495 5069 715 5135 dicitur,
742 5063 878 5121 Dixit
901 5068 1059 5135 Dens,
1089 5063 1245 5136 Fiat;
1269 5070 1355 5124 hic
1381 5078 1584 5134 autem,
1616 5068 1759 5123 Dixit
1783 5068 1944 5134 Deus,
1974 5069 2084 5124 Fa—

495 5163 690 5216 ciamus
716 5162 965 5216 hominem
985 5163 1052 5215 ad
1069 5163 1338 5234 imaginem
1359 5167 1403 5216 et
1424 5153 1804 5216 similitudinem
1830 5165 2084 5218 nostram:

496 5258 564 5312 ad
595 5255 963 5312 insinuandam
1006 5258 1236 5322 scilicet,
1267 5255 1326 5312 ul
1363 5258 1433 5310 ita
1476 5255 1685 5322 dicam,
1728 5253 2084 5325 pluralitatem

495 5361 844 5419 personarum
887 5358 1103 5420 propter
1139 5350 1389 5416 Patrem,
1421 5351 1474 5404 et
1498 5347 1718 5416 Filium,
1749 5356 1803 5404 et
1828 5349 2082 5420 Spiritum

495 5434 757 5500 sanctum.
786 5445 953 5512 Quam
979 5449 1155 5500 tamen
1177 5444 1388 5500 deitatis
1411 5444 1662 5499 unitatem
1689 5431 2086 5516 intelligendam

494 5537 671 5591 statim
702 5539 983 5605 admonet,
1016 5525 1232 5604 dicens;
1277 5532 1347 5590 El
1385 5536 1501 5609 fecit
1539 5535 1679 5591 Deus
1724 5523 1979 5593 hominem
2018 5541 2085 5593 ad

490 5631 760 5704 imaginem
783 5632 916 5700 Dei;
943 5648 1047 5686 non
1076 5631 1228 5700 quasi
1251 5630 1409 5686 Pater
1431 5630 1496 5686 ad
1517 5631 1799 5701 imaginem
1821 5630 1963 5700 Filii,
1993 5640 2086 5688 aut

493 5721 660 5779 Filius
688 5725 754 5780 ad
781 5725 1061 5794 imaginem
1089 5723 1290 5790 Patris;
1322 5713 1554 5795 alioquin
1583 5729 1689 5778 non
1728 5739 1854 5780 vere
1883 5724 2084 5782 dictum

491 5826 607 5886 est,
649 5819 716 5872 ad
754 5817 1023 5887 imaginem
1060 5826 1308 5885 nostram,
1353 5819 1398 5874 si
1436 5819 1502 5874 ad
1537 5819 1709 5876 Patris
1751 5803 1949 5889 solius,
1994 5831 2086 5877 aut

493 5909 613 5964 Filii
639 5911 801 5965 solius
834 5910 1114 5981 imaginem
1147 5909 1313 5967 ﬂictus
1340 5913 1418 5966 est
1444 5897 1603 5967 liomo
1631 5934 1643 5967 :
1672 5911 1766 5970 sed
1789 5917 1859 5971 ita
1885 5915 2084 5973 dictum

492 6010 610 6068 est,
642 6004 756 6058 fecit
779 6001 920 6059 Deus
948 6005 1014 6058 ad
1044 6005 1312 6073 imaginem
1338 6005 1470 6063 Dei;
1509 6018 1760 6078 tanquam
1794 6011 2080 6078 diceretur,

3700 495 3810 562 292

2213 605 2341 662 fecit
2363 608 2505 663 Deus
2531 607 2598 662 ad
2630 607 2913 678 imaginem
2939 620 3111 662 suam.
3142 605 3274 666 Cum
3303 615 3483 664 autem
3506 621 3652 666 nunc
3672 607 3803 666 dici-

2215 703 2332 766 tur,
2365 700 2432 754 ad
2462 701 2731 772 imaginem
2765 700 2894 767 Dei,
2927 715 3047 756 cum
3083 700 3326 770 superius
3363 700 3562 756 dictum
3595 700 3695 767 sit,
3737 698 3805 758 al

2211 791 2482 864 imaginem
2512 804 2774 858 nostram;
2814 793 3142 863 s'igniiiCatur
3168 793 3308 862 quod
3338 793 3534 848 nonid
3565 801 3692 864 agat
3714 793 3806 852 illa

2212 885 2488 955 pluralitas
2517 899 2864 956 personarum
2885 929 2900 952 ,
2943 894 3000 942 ut
3041 887 3218 956 plures
3257 888 3389 945 ,deos
3425 886 3508 942 vel
3536 886 3802 955 dicimus.

2212 979 2296 1033 vel
2316 979 2614 1045 credamus,
2644 979 2724 1034 vel
2751 979 3141 1049 intelligamus;
3172 978 3265 1035 sed
3289 979 3503 1038 Patrem
3529 988 3583 1034 et
3607 977 3806 1036 Filium

2212 1078 2270 1127 et
2288 1070 2540 1141 Spiritum
2563 1083 2824 1140 sanctum,
2848 1080 3068 1143 propter
3085 1086 3246 1142 quam
3267 1070 3582 1149 Trinitatem
3602 1071 3805 1130 dietum

2212 1175 2294 1222 est
2321 1168 2388 1219 ad
2425 1167 2694 1238 imaginem
2735 1174 2996 1235 nostram,
3042 1181 3205 1222 unum
3243 1165 3418 1238 Deum.
3455 1163 3804 1232 accioiamus,
3849 1167 3870 1176 ‘

2211 1265 2427 1329 propter
2453 1259 2595 1329 quod
2623 1259 2822 1315 dictum
2850 1268 2955 1326 est,
2985 1258 3051 1313 ad
3077 1258 3349 1328 imaginem
3375 1253 3494 1318 De‘i,
3539 1315 3546 1318 _

2210 1350 2437 1406 CAPUT
2468 1351 2664 1405 ΧΧ.--
2691 1349 2758 1407 In
2781 1369 2879 1423 quo
2919 1351 3068 1408 homo
3114 1351 3280 1420 factus
3319 1349 3386 1404 ait
3421 1347 3490 1402 ad
3529 1347 3805 1426 imaginem

2281 1444 2398 1498 Dei.
2431 1445 2532 1499 Cur
2555 1446 2619 1500 de
2646 1446 2866 1500 hominis
2889 1445 3138 1500 creatione
3165 1459 3268 1498 non
3294 1441 3498 1508 dicitur,
3525 1439 3596 1497 Et
3616 1441 3694 1497 sic
3717 1447 3805 1496 est

2249 1554 2254 1560 ·
2280 1536 2497 1602 factum.
3505 1591 3508 1594 .

2279 1631 2368 1687 50.
2410 1632 2509 1687 llic
2549 1632 2710 1688 etiam
2746 1632 2880 1688 illud
2912 1647 3018 1687 non
3057 1641 3140 1687 est
3179 1630 3644 1702 praetereundum,
3675 1643 3800 1699 quia

2208 1741 2328 1782 cum
2355 1726 2600 1795 dixiSset,
2627 1726 2695 1780 ad
2714 1727 2983 1799 imaginem
3008 1736 3266 1790 nostram;
3295 1725 3475 1780 statim
3504 1723 3798 1793 subiunxit,

2209 1828 2255 1873 et
2298 1818 2476 1873 habeat
2515 1823 2806 1888 potestatem
2843 1820 3055 1891 piscium
3091 1819 3248 1872 maris
3276 1827 3320 1871 et
3351 1816 3629 1871 volatiliu‘m
3654 1814 3798 1878 caeli,

2210 1922 2264 1968 et
2292 1912 2606 1967 emterorum
2644 1913 2954 1967 animalium
2997 1912 3225 1976 rationis
3263 1911 3600 1980 expertiuui:
3633 1918 3690 1964 ut
3715 1908 3800 1962 vi-

2207 2003 2404 2059 delicet
2433 2004 2787 2074 intelligamus
2817 2005 2871 2066 in
2897 2018 2965 2059 eo
2990 2003 3189 2059 factum
3215 2003 3484 2058 hominem
3509 2001 3575 2058 ad
3606 2000 3800 2073 imagi-

2208 2110 2331 2149 nem
2355 2097 2469 2163 Dei,
2499 2095 2554 2150 in
2575 2112 2680 2166 quo
2706 2095 3106 2152 irrationalibus
3125 2095 3481 2150 animantibus
3503 2092 3798 2148 antecellit.

2207 2189 2262 2244 ld
2287 2200 2465 2244 autem
2507 2199 2594 2245 est
2631 2191 2745 2260 ipsa
2775 2192 2910 2246 ratio
2929 2233 2944 2259 ,
2975 2190 3057 2245 vel
3083 2193 3236 2244 mens
3255 2229 3270 2256 ,
3301 2189 3384 2243 vel
3424 2186 3796 2258 intelligentia,

2207 2284 2288 2339 vel
2317 2280 2493 2355 si‘quo
2521 2285 2628 2340 alio
2654 2285 2912 2340 vocabulo
2935 2283 3268 2339 commodius
3291 2282 3603 2353 appellatur.
3639 2279 3802 2351 [inde

2205 2388 2261 2434 et
2284 2379 2571 2449 Apostolus
2591 2379 2738 2444 dicit,
2763 2377 3095 2433 Renovamini
3116 2378 3171 2430 in
3191 2377 3371 2447 spiritu
3394 2374 3572 2429 meritis
3593 2381 3796 2439 vestrm,

2204 2479 2254 2524 et
2280 2465 2475 2524 induite
2501 2485 2687 2523 novum
2712 2469 2962 2522 hominem
2991 2467 3204 2540 (Ephes.
3229 2483 3301 2532 tv,
3323 2467 3414 2533 25,
3442 2465 3560 2536 25),
3590 2465 3676 2534 qui
3712 2481 3798 2520 re-

2205 2571 2418 2616 novatur
2437 2563 2490 2614 in
2518 2556 2826 2632 agnitionem
2839 2560 2958 2628 Dei,
2981 2561 3260 2622 secundum
3281 2558 3553 2629 imaginem
3580 2558 3692 2627 ejus
3711 2557 3800 2625 qui

2205 2655 2393 2707 creavit
2417 2670 2532 2708 eum
2561 2651 2790 2727 (Coloss.
2817 2669 2894 2719 ιιι,
2927 2653 3066 2723 l0);
3094 2653 3224 2709 satis
3266 2649 3556 2706 ostendens
3595 2649 3685 2706 ubi
3729 2649 3800 2704 sit

2207 2743 2370 2798 homo
2393 2754 2605 2800 creatus
2623 2745 2691 2799 ad
2717 2745 3001 2815 imaginem
3020 2744 3138 2811 Dei,
3159 2743 3285 2813 quia
3312 2756 3416 2797 non
3437 2740 3712 2811 Corporeis
3733 2740 3799 2800 li-

2205 2839 2534 2905 neamentis,
2565 2837 2660 2893 sed
2689 2837 2919 2908 quadam
2949 2836 3118 2892 forma
3154 2832 3470 2905 intelligibili
3498 2833 3699 2890 mentis
3729 2832 3796 2888 il-

2202 2928 2492 2984 luminatac.
3563 2979 3568 2983 .
3754 2983 3774 2993 -

2277 3023 2366 3078 51.
2407 3022 2486 3077 Ac
2525 3037 2621 3091 per
2648 3021 2753 3077 hoc
2777 3021 2916 3076 sicut
2941 3021 2999 3076 in
3026 3019 3115 3074 illa
3141 3019 3311 3090 prima
3342 3019 3492 3096 luce,
3523 3018 3573 3074 si
3598 3033 3665 3075 eo
3692 3033 3796 3074 no-

2204 3115 2348 3168 mine
2364 3121 2510 3170 recte
2531 3113 2843 3189 intelligitur
2863 3114 3000 3168 facta
3022 3112 3111 3168 lux
3131 3112 3510 3170 intellectualis.
3523 3111 3792 3180 particeps

2211 3217 2425 3264 tuterna:
2451 3218 2611 3280 atque
2640 3207 3087 3264 incommutabilis
3113 3205 3391 3276 sapientiae
3416 3205 3546 3276 Dei,
3575 3220 3681 3260 non
3711 3205 3796 3262 di-

2203 3310 2346 3357 ctum
2375 3311 2479 3367 est,
2505 3303 2572 3358 Et
2597 3301 2675 3358 sic
2703 3309 2786 3357 ρει
2809 3302 3027 3368 factum,
3050 3308 3110 3354 ut
3134 3298 3326 3356 deinde
3354 3306 3702 3370 repeteretur,
3727 3298 3797 3353 Et

2205 3395 2332 3451 fecit
2357 3397 2497 3452 Deus
2522 3414 2534 3450 :
2560 3396 2681 3466 quia
2709 3396 2846 3451 sicut
2865 3396 2999 3466 jam,
3027 3403 3284 3465 quantum
3313 3393 3600 3462 potuimus,
3622 3391 3795 3447 disse-

2203 3491 2429 3558 ruimus,
2458 3505 2568 3544 non
2599 3489 2758 3544 ﬁebat
2784 3489 3016 3558 cognitio
3042 3487 3218 3557 aliqua
3238 3484 3399 3541 Verbi
3420 3485 3514 3541 Dei
3537 3484 3593 3542 in
3619 3484 3794 3556 prima

2207 3591 2471 3649 creatura,
2496 3593 2554 3638 ut
2577 3592 2698 3652 post
2726 3597 2844 3638 eam
2870 3581 3228 3652 cognitionem
3254 3579 3474 3634 inferius
3495 3588 3792 3646 crearetur,

2202 3677 2340 3746 quod
2363 3679 2414 3730 in
2432 3692 2498 3731 eo
2518 3676 2691 3731 Verbo
2716 3677 3026 3739 creabatur;
3055 3673 3148 3729 sed
3175 3673 3289 3743 ipsa
3317 3673 3487 3742 prima
3511 3671 3794 3727 creabatur

2202 3773 2316 3837 lux,
2343 3775 2396 3826 in
2422 3788 2524 3842 qua
2555 3773 2705 3826 lieret
2733 3771 2968 3840 cognitio
2994 3769 3156 3824 Verbi
3187 3768 3315 3834 Dei,
3345 3783 3441 3836 per
3469 3766 3608 3836 quod
3633 3781 3794 3820 crea-

2199 3864 2373 3929 batur,
2396 3875 2557 3934 atque
2587 3862 2700 3932 ipsa
2727 3863 2959 3932 cognitio
2981 3861 3058 3915 illi
3089 3870 3232 3916 esset
3256 3860 3325 3913 ab
3347 3859 3669 3915 inlormitate
3689 3874 3790 3914 sua

2197 3958 2434 4012 converti
2465 3956 2531 4010 ad
2562 3958 2877 4011 formantem
2903 3954 3070 4008 Deum
3091 3996 3106 4020 ,
3139 3962 3194 4008 et
3236 3953 3440 4015 creari,
3471 3959 3628 4023 atque
3673 3954 3789 4006 lor-

2200 4050 2333 4103 mari
2367 4068 2377 4103 :
2408 4059 2594 4119 postea
2618 4063 2744 4102 vero
2776 4050 2826 4102 in
2854 4047 3064 4102 caeteris
3094 4047 3354 4101 creaturis
3381 4047 3592 4112 dicitur,
3623 4045 3687 4098 Et
3716 4047 3792 4100 sic

2197 4151 2271 4196 est
2297 4145 2522 4213 factum;
2548 4141 2636 4194 ubi
2666 4140 2988 4210 significatur
3013 4139 3065 4192 in
3097 4138 3182 4192 illa
3211 4138 3349 4203 luce,
3376 4137 3479 4192 hoc
3506 4147 3591 4192 est
3615 4137 3670 4190 in
3696 4137 3784 4190 in—

2200 4234 2486 4289 lellectuali
2529 4242 2800 4298 creatura,
2847 4229 2994 4302 prius
3035 4232 3172 4287 facta
3207 4230 3370 4286 Verbi
3413 4230 3681 4300 cognitio;
3725 4245 3790 4286 ac

2195 4328 2391 4384 deinde
2419 4344 2539 4382 eum
2567 4327 2780 4391 dicitur,
2805 4324 2872 4380 Et
2897 4323 3014 4398 fecit
3039 4324 3196 4391 Deus,
3222 4324 3390 4393 ipsius
3413 4332 3668 4378 creatura:
3690 4337 3791 4393 ge-

2196 4439 2296 4479 nus
2324 4423 2437 4478 fieri
2460 4423 2876 4487 demonstratur,
2903 4419 3042 4492 quod
3065 4421 3115 4474 in
3141 4418 3314 4474 Verbo
3339 4417 3433 4471 Dei
3452 4417 3649 4471 dictum
3669 4426 3790 4472 erat

2195 4526 2254 4570 ut
2275 4518 2426 4572 licret
2451 4535 2462 4570 :
2487 4515 2590 4570 hoc
2615 4525 2667 4571 et
2693 4515 2746 4570 in
2773 4514 3004 4569 heminis
3032 4512 3336 4568 conditione
3361 4509 3619 4564 servatur.
3645 4509 3790 4562 Dixit

2195 4608 2335 4662 enim
2359 4608 2518 4673 Deus,
2543 4606 2820 4660 Faciamus
2846 4606 3098 4659 hominem
3117 4605 3184 4658 ad
3203 4593 3472 4674 imaginem
3492 4609 3539 4656 et
3558 4601 3789 4655 similitu-

2195 4702 2364 4756 dinem
2393 4709 2635 4768 nostram,
2663 4710 2767 4756 etc.
2792 4701 2868 4754 Ac
2895 4699 3087 4754 deinde
3117 4699 3221 4751 non
3249 4697 3459 4761 dicitur,
3495 4689 3564 4748 Et
3597 4695 3670 4748 sic
3708 4693 3789 4748 est

2194 4801 2424 4870 factum;
2455 4796 2548 4850 sed
2584 4794 2693 4865 jam
2739 4791 3084 4858 subinfertur,
3114 4789 3182 4844 Et
3213 4790 3329 4860 fecit
3355 4788 3496 4843 Deus
3530 4787 3788 4843 hominem

2194 4890 2262 4943 ad
2286 4889 2555 4958 imaginem
2584 4883 2680 4938 Dei
2710 4903 2722 4939 :
2751 4885 2874 4954 quia
2904 4891 2958 4938 et
2987 4883 3098 4953 ipsa
3127 4892 3313 4935 natura
3343 4881 3542 4935 scilicet
3571 4879 3786 4937 intelle'

2192 4981 2384 5035 ctualis
2411 4986 2512 5043 est,
2542 4979 2680 5033 sicut
2708 4977 2796 5031 illa
2820 4977 2930 5040 lux,
2958 4983 3011 5029 et
3035 4982 3316 5045 propterea
3338 4971 3441 5026 hoc
3465 4983 3547 5026 est
3571 4973 3620 5026 ei
3641 4970 3778 5037 ﬁeri,

2191 5073 2334 5145 quod
2361 5078 2442 5126 ρει
2468 5085 2759 5141 agnoscere
2788 5068 3021 5123 Verbum
3052 5067 3141 5121 Dei
3173 5067 3268 5136 per
3294 5064 3435 5135 quod
3464 5065 3536 5118 iit.

2263 5165 2350 5223 52.
2391 5165 2521 5219 Nam
2551 5166 2596 5218 si
2627 5163 2912 5228 diceretur,
2947 5160 3014 5215 Et
3043 5162 3116 5216 sic
3153 5167 3224 5214 est
3264 5163 3487 5232 factum,
3517 5163 3572 5212 et
3598 5165 3782 5228 postea

2191 5259 2601 5328 subinferretur,
2625 5257 2692 5312 Et
2720 5256 2837 5329 fecit
2860 5255 3036 5322 Deus;
3057 5255 3208 5325 quasi
3233 5253 3379 5325 prius
3400 5250 3785 5326 factumfintel-

2191 5347 2444 5431 ligerctur
2472 5355 2526 5410 in
2560 5353 2864 5424 cognitione
2890 5350 3166 5405 rationalis
3191 5345 3469 5431 crea'turic,
3499 5360 3562 5431 ac
3587 5344 3786 5431 deinde

2191 5428 2250 5508 in.
2274 5433 2450 5520 aliqua
2471 5437 2715 5504 creatura
2745 5462 2864 5517 quae
2890 5431 3166 5500 ratiOnalis
3185 5435 3291 5496 non
3319 5425 3462 5496 CSSei
3480 5419 3628 5511 :qu‘ia
3653 5419 3785 5492 verb

2190 5547 2246 5618 et
2270 5543 2381 5612 ipsa
2411 5541 2688 5595 rationalis
2716 5543 2960 5594 creatura
2990 5545 3105 5604 est,
3143 5543 3198 5591 et
3238 5535 3350 5618 ipsa
3385 5533 3574 5589 eadem
3598 5531 3789 5618 cogni-

2192 5605 2337 5692 tione
2379 5633 2613 5706 perfecta
2653 5642 2753 5690 est.
2795 5631 2944 5690 Sicut
2979 5631 3123 5687 enim
3165 5605 3290 5700 post
3325 5625 3534 5699 lapsum

2193 5728 2351 5784 homo
2367 5727 2420 5783 in
2441 5728 2709 5799 agnitione
2731 5726 2822 5781 Dei
2850 5732 3157 5802 renovatur,
3173 5721 3469 5802 secundum
3494 5720 3785 5802 imaginem

2194 5823 2308 5893 ejus
2328 5809 2422 5892 qui
2447 5810 2646 5876 ereavit
2665 5836 2816 5886 cum;
2848 5809 2918 5873 ita
2938 5819 2992 5872 in
3012 5805 3128 5887 ipsa
3145 5799 3415 5887 agnitione
3440 5805 3654 5871 creatus
3675 5797 3782 5879 esi,

2193 5930 2475 5988 antequam
2497 5917 2692 5971 delicto
2713 5915 3090 5977 veterasceret,
3114 5911 3256 5968 u‘nde‘
3275 5919 3488 5967 rursum
3513 5911 3566 5963 in
3587 5907 3783 5963 eadem

2193 6010 2460 6077 agnitione
2487 6019 2857 6067 renovaretur.
2882 6007 3010 6075 Quae
3047 6019 3228 6063 autem
3265 6020 3370 6061 non
3411 6005 3464 6059 in
3500 6018 3564 6060 ea
3592 6001 3782 6074 cogni-
