4056 6446
290 520 443 585 esse
472 516 651 587 creata
675 516 829 598 sam,
852 516 976 600 quis
1004 514 1115 585 sive
1144 518 1367 601 corpora
1404 530 1514 589 sive
1545 520 1878 592 i‘rrationaies

288 620 487 677 animm
524 623 865 691 creabantur,
890 612 1062 693 primo
1090 622 1225 679 facta
1261 634 1343 680 est
1379 625 1430 680 in
1457 638 1697 682 creatura
1725 627 1878 683 intel-

288 706 507 768 lectuali
552 714 785 784 cognitio
822 724 1006 770 eorum
1037 729 1065 768 a
1088 713 1282 783 Verbo,
1317 733 1421 787 quo
1450 718 1647 774 dictum
1696 730 1777 775 est
1820 732 1876 775 ut

285 804 483 861 fierent
508 827 522 862 :
550 812 767 878 propter
802 822 961 878 quam
997 802 1348 880 cognitionem
1375 810 1549 879 primo
1576 800 1868 881 dicebatur,

282 888 356 951 Et
395 888 471 953 sic
504 906 577 954 est
613 888 837 971 fectum:
869 909 927 955 ut
953 896 1325 957 ostenderetur
1347 901 1482 957 facta
1508 905 1619 974 ipsa
1642 905 1871 976 cognitio

278 980 335 1047 in
364 980 430 1048 ea
458 984 664 1063 natura,
698 988 816 1065 q'uze
846 996 945 1050 hoc
976 996 1030 1051 in
1054 982 1229 1051 Verbo
1254 994 1348 1052 Dei
1388 1002 1509 1052 ante
1545 986 1871 1068 cegnosccre

278 1076 525 1154 poterat;
550 1096 619 1167 ac
634 1074 829 1142 deinde
857 1078 1055 1142 ﬁebant
1241 1078 1544 1159 cerporaies
1574 1096 1626 1145 et
1654 1086 1866 1167 irratio-

280 1164 439 1232 nales
466 1166 743 1244 creaturae,
774 1168 993 1249 propter
1017 1163 1159 1251 quod
1182 1166 1432 1252 deinceps
1462 1178 1772 1251 addebatur,
1801 1164 1869 1237 Et

276 1267 398 1337 fecit
424 1264 583 1323 Deus.
608 1344 611 1345 ν
1626 1342 1631 1345 ν

274 1347 507 1417 ΒᾹῘίῠΤ
533 1344 675 1416 XXl.
703 1364 777 1403 -Ξ
802 1350 883 1417 De
918 1354 1133 1417 lio‘nzinis
1176 1350 1551 1421 imiiwrtaiitate
1596 1344 1864 1438 iii/ficulias

776 1446 837 1508 ei
866 1446 974 1508 cibo
997 1446 1097 1527 ipsi
1124 1450 1367 1530 privatim.
1856 1448 1859 1451 ’

346 1528 439 1600 33.
481 1532 763 1615 Quiih‘iSdii
784 1536 959 1603 autem
987 1528 1145 1605 homo
1171 1550 1485 1607 immortalis
1508 1551 1678 1607 factus
1696 1539 1784 1621 sit,
1809 1540 1863 1609 et

274 1626 546 1709 acceperit
574 1632 751 1695 és‘cam
782 1640 901 1695 cum
931 1639 1047 1696 aliis
1076 1634 1408 1711 animalibus,
1440 1643 1656 1699 herbam
1682 1644 1861 1717 pabuli

270 1725 535 1787 ferentem
561 1732 764 1799 semen,
788 1740 842 1789 et
869 1736 1065 1808 lignum
1089 1735 1437 1805 fructiferum,
1461 1747 1513 1792 et
1542 1734 1759 1794 herbam
1782 1740 1860 1794 vi-

269 1812 477 1890 ridem,
509 1808 727 1881 difficile
765 1836 847 1881 est
873 1818 1071 1883 dicere.
1106 1827 1164 1883 Si
1193 1830 1333 1885 enim
1362 1840 1582 1901 peccato
1621 1820 1858 1886 mortalis

270 1902 627 2001 eﬂ‘ectus
650 1910 830 2001 iitique
857 1914 977 1977 ante
1002 1912 1277 1993 peccatum
1304 1939 1409 1979 non
1438 1914 1705 2001 indigebat
1738 1916 1857 1981 tali-

270 1927 497 1972 etrectus
524 1927 830 2062 esEIu'tique
857 1927 975 1977 ante
1002 1927 1277 1993 peccatum
1304 1939 1409 1979 non
1438 1927 1705 2001 indigebat
1738 1927 1855 1981 tali-

269 1996 373 2061 bus
403 1994 559 2063 cibis.
631 1998 767 2097 eque
793 2002 935 2067 enim
962 2010 1147 2089 posset
1175 2010 1526 2097 corpus‘illud
1558 2015 1695 2073 fame
1735 2034 1855 2097 cor-

270 2025 373 2061 nus
403 2025 559 2063 Cinis.
584 2025 662 2065 ne
702 2027 766 2065 ue
793 2027 935 2067 enim
962 2025 1147 2089 posset
1175 2030 1367 2086 corpus
1398 2025 1526 2071 illud
1558 2025 1695 2073 fame
1735 2034 1855 2097 cor-

268 2097 468 2168 rumpi.
490 2094 625 2155 Na‘iii
660 2025 790 2157 iilu'd
828 2102 969 2174 quod
998 2104 1193 2160 dictum
1225 2116 1339 2175 est,
1370 2090 1585 2163 Crescite
1608 2104 1652 2163 et
1680 2100 1855 2164 inuiti-

268 2184 554 2261 plicam‘ini,
581 2184 631 2248 ét
656 2184 860 2266 implete
880 2196 1082 2274 terram,
1108 2200 1404 2271 quanquam
1426 2201 1526 2256 nisi
1546 2194 1643 2274 per
1662 2186 1858 2258 concir-

266 2279 440 2338 bittim
469 2272 636 2341 mai-is
654 2276 707 2342 ei
732 2276 943 2343 feminae
970 2272 1081 2344 ﬁeri
1114 2290 1218 2345 non
1242 2294 1397 2361 posse
1420 2282 1690 2359 videnlur;
1716 2282 1856 2350 unde

272 2373 399 2431 hinc
665 2374 965 2457 iiiertaliilm
1000 2380 1283 2453 corporum
1320 2374 1519 2440 exstitit
1558 2380 1805 2443 indicium
1838 2409 1853 2444 :

265 2456 449 2536 potest
474 2458 654 2524 iamen
682 2460 806 2537 dici,
832 2472 992 2527 alium
1016 2462 1229 2529 modum
1256 2476 1374 2531 eSSe
1403 2480 1637 2547 potuisse
1665 2479 1715 2533 in
1738 2474 1857 2533 cor-

264 2546 490 2627 poribus
521 2550 937 2631 immortalibus,
973 2566 1029 2619 ut
1058 2556 1173 2620 Solo
1210 2566 1310 2636 piae
1339 2546 1612 2623 charitatis
1641 2562 1853 2637 allectu,

269 2638 422 2706 nulla
471 2656 825 2726 corruptionis
872 2650 1298 2729 concupiscentia
1347 2652 1441 2714 filii
1489 2652 1851 2737 nascerentur,

263 2756 370 2798 nec
395 2730 627 2799 ﬁioftiiis
654 2738 961 2815 parentibus
988 2746 1303 2817 suctéessuri,
1331 2768 1429 2806 nec
1453 2752 1553 2822 ipsi
1578 2746 1851 2819 morituri;

263 2834 439 2892 donec
455 2839 599 2894 terra
622 2840 1008 2898 immortalibus
1032 2842 1332 2900 hominibus
1351 2844 1679 2917 impleretur,
1696 2865 1758 2904 ac
1780 2851 1873 2906 sic

261 2928 519 2987 instituto
553 2933 701 3003 justo
728 2944 783 2989 et
818 2947 1003 2991 sancto
1031 2939 1245 3007 populo,
1278 2922 1489 3015 qualem
1527 2932 1645 3011 pust
1678 2934 1860 3011 resne:
1912 2990 1917 2995 .

261 3024 563 3079 rectionem
591 3024 823 3081 futurum
853 3027 1145 3095 credimus,
1175 3032 1427 3086 nascendi
1461 3034 1622 3087 etiam
1666 3035 1855 3089 modus

264 3113 427 3170 ﬁeret
455 3132 471 3171 :
700 3118 915 3207 quidem
941 3118 1043 3176 diei
1066 3164 1079 3189 ,
1100 3126 1171 3207 get
1210 3120 1476 3193 qUomodb
1502 3124 1725 3194 dicatur,
1754 3127 1854 3182 alia

264 3198 631 3266 consideratio
659 3198 773 3277 és‘i;
809 3198 901 3268 sed
930 3204 1035 3269 non
1061 3200 1218 3270 etiam
1246 3214 1347 3272 hoc
1374 3219 1649 3289 quisquam
1678 3222 1853 3276 dicere

264 3301 520 3370 audebit,
550 3303 790 3359 ciborum
818 3306 1163 3377 indigentiam
1188 3309 1377 3378 quibus
1398 3310 1721 3378 reﬁciantur,
1750 3314 1853 3368 nisi

264 3396 583 3451 mortalibus
608 3398 916 3467 corporibus
942 3414 1061 3456 esse
1088 3416 1246 3470 posse
1269 3403 1308 3456 ί.

260 3482 349 3539 CA
361 3479 501 3541 PUT
530 3478 694 3565 XX":
721 3480 1005 3565 -'_—_-_0pinio
1034 3481 1369 3565 quoi-pinea»?
1406 3485 1591 3548 dirimit»
1637 3488 1851 3551 creatio-

335 3571 454 3636 nent
492 3558 807 3636 ξηρή-Λξὲ
840 3558 1130 3632 verbis,,'Et
1152 3563 1307 3631 fecit,
1332 3570 1452 3634 ate,
1475 3570 1701 3636 carperis
1738 3572 1852 3624 vero

334 3628 558 3696 istia,_Et
582 3630 733 3686 tinxit
757 3634 917 3701 Deus,
942 3628 1037 3689 etc.

336 3720 432 3776 54.
474 3719 725 3778 Nonnulli
752 3733 928 3781 autem
952 3727 1112 3781 etiam
1138 3725 1242 3781 hoc
1264 3728 1517 3799 suspicati
1535 3737 1686 3798 sunt,
1714 3746 1854 3786 nunc

268 3808 587 3867 interiorem
625 3812 894 3871 hominem
930 3817 1157 3886 factum,
1197 3834 1391 3889 corpus
1420 3830 1598 3876 autem
1624 3822 1853 3879 hominis

261 3912 478 3973 postea,
506 3919 626 3959 cum
654 3908 729 3961 ait
752 3905 1047 3979 Scriptum,
1075 3910 1144 3965 Et
1167 3912 1314 3980 ﬁnxit
1336 3911 1479 3967 Deus
1513 3914 1762 3969 hominem
1790 3917 1853 3971 de

261 3998 387 4051 limo
415 4008 564 4054 (ma:
587 4018 601 4054 :
626 4009 682 4055 ut
707 4002 846 4073 quod
868 4003 1061 4059 dictum
1091 4014 1189 4069 est,
1211 4006 1346 4077 fecit,
1373 4006 1439 4061 ad
1468 4008 1710 4077 Spiritum
1730 4022 1852 4079 per-

264 4090 471 4158 tineat;
500 4095 644 4163 quod
667 4104 874 4161 autem,
900 4098 1076 4166 ﬁnxit,
1105 4099 1173 4154 ad
1199 4114 1413 4171 corpus.
1436 4099 1547 4156 Nec
1574 4104 1853 4160 attendunt

262 4184 570 4240 masculum
588 4178 653 4241 'et
680 4187 929 4244 feminam
957 4192 1167 4246 nonnisi
1195 4192 1486 4248 secundum
1519 4206 1712 4265 corpus
1739 4194 1851 4251 ﬁeri

262 4276 525 4345 potuisse.
570 4278 721 4336 Licet
760 4281 904 4336 enim
948 4282 1292 4339 subtilissime
1331 4284 1639 4354 disseratur,
1681 4288 1849 4357 ipsam

258 4379 502 4426 mentem
529 4371 758 4429 hominis
797 4374 851 4429 in
877 4391 981 4447 qua
1025 4376 1195 4433 factus
1220 4387 1302 4434 est
1326 4380 1391 4434 ad
1416 4376 1697 4451 imaginem
1721 4382 1845 4451 Dei,

262 4462 558 4532 quamdam
572 4465 776 4522 scilicet
786 4470 1096 4526 rationalem
1108 4472 1291 4539 vitam,
1306 4472 1551 4529 distribui
1569 4475 1620 4528 in
1636 4483 1849 4531 interna:

260 4557 729 4627 contemplationis
758 4563 1073 4632 veritatem,
1102 4574 1156 4620 et
1190 4564 1243 4621 in
1271 4578 1448 4622 rerum
1482 4570 1847 4638 temporalium

265 4646 784 4707 administrationem
811 4656 854 4718 ²;
881 4664 1039 4726 atque
1066 4657 1136 4711 ita
1165 4658 1279 4713 ﬁeri
1304 4660 1453 4729 Quasi
1481 4652 1772 4716 intisculum
1796 4666 1849 4718 et

262 4736 551 4807 feminam,
584 4742 676 4797 illa
706 4750 857 4814 parte
889 4749 1229 4815 consulente,-
1274 4750 1374 4806 hac
1408 4742 1846 4822 ebiemperante:

262 4830 321 4885 in
368 4830 469 4887 hac
519 4844 697 4891 tamen
734 4837 1106 4897 distributione
1133 4856 1242 4897 non
1279 4852 1422 4899 recte
1449 4845 1640 4900 dicitur
1676 4838 1849 4919 imago

263 4920 381 4991 Dei,
410 4925 516 4979 nisi
540 4926 667 4983 illud
687 4929 830 4999 quod
859 4930 1083 4987 inbmret
1108 4935 1525 5004 contemplandm
1554 4936 1847 4993 incommu-

264 5013 416 5071 ω)ϋὶ
441 5017 673 5073 veritati.
696 5018 756 5075 In
779 5020 930 5092 cujus
956 5024 1034 5079 rei
1063 5024 1227 5095 ﬁgura
1253 5026 1445 5081 Paulus
1466 5030 1736 5098 apestoius
1766 5029 1845 5084 vi-

263 5121 385 5162 rum
429 5117 638 5165 tantum
676 5111 806 5167 dicit
846 5113 1130 5186 imaginem
1168 5124 1223 5171 et
1257 5118 1478 5188 gloriam
1507 5119 1599 5174 Dei
1624 5136 1635 5172 :
1661 5112 1849 5175 Mulier

266 5208 459 5266 autem,
508 5200 699 5272 inquit,
746 5204 909 5274 gloria
950 5208 1044 5260 viri
1089 5215 1162 5262 est
1199 5207 1405 5279 (lCor.
1432 5224 1508 5275 χι,
1535 5210 1628 5283 7).
1669 5212 1848 5282 itaque

262 5293 512 5361 qumvis
525 5292 629 5349 hoc
640 5294 692 5349 in
706 5295 910 5353 duobus
920 5298 1222 5356 hominibus
1234 5300 1429 5357 diversi
1444 5316 1602 5357 sexus
1618 5303 1849 5359 exterius

261 5382 563 5440 secundum
594 5401 788 5458 corpus
816 5389 1094 5460 figuratum
1139 5393 1238 5459 sit,
1277 5394 1417 5463 quod
1459 5395 1617 5451 etiam
1658 5396 1710 5450 in
1746 5398 1848 5450 una

263 5474 502 5532 hominis
529 5477 758 5534 interius
785 5481 964 5538 mente
994 5482 1338 5554 intelligitur;
1368 5490 1543 5542 tamen
1574 5495 1629 5542 et
1654 5486 1849 5543 femina

263 5580 386 5638 qua:
406 5576 491 5624 est
517 5585 746 5641 corpore
776 5573 991 5642 femina,
1023 5586 1307 5632 renovatur
1331 5576 1489 5634 etiam
1519 5578 1631 5649 ipsa
1656 5580 1709 5635 in
1739 5578 1848 5651 spi-

324 5680 1143 5768 :esxgeehesbaeswe
1162 5686 1619 5768 νεβάςραηιξιτνζηίεί
1639 5693 1852 5768 malati-

670 5762 773 5808 ωε
806 5764 903 5804 non
1092 5740 1615 5817 segnissimi;
1638 5740 1853 5819 in

192 5921 199 5925 .
1526 5870 1853 5947 AbeStituam-

1671 390 2222 494 crassissima

3456 410 3555 510 "siet

1988 539 2090 594 ritu
2114 542 2305 596 mentis
2336 556 2444 598 suae
2474 530 2529 599 in
2554 530 2818 616 agnitione
2958 528 3247 609 secundum
3275 538 3558 629 imaginem

1985 629 2098 699 ejus
2124 631 2211 701 qui
2236 634 2452 699 creavit,
2483 636 2571 691 ubi
2597 653 2703 693 non
2732 648 2813 694 est
2838 628 3104 698 masCulus
3131 655 3183 699 et
3208 628 3565 705 femina.Sica

1983 728 2042 773 ut
2064 731 2238 777 autem
2264 724 2332 778 ab
2359 724 2459 779 hac
2495 729 2658 799 gratia
2695 724 3072 800 renovationis,
3100 745 3155 791 et
3179 726 3556 798 reformatione

1982 811 2223 899 imaginis
2244 815 2356 882 Dei,
2377 832 2482 872 non
2508 832 2820 889 separantur
2838 812 3065 895 feminae,
3090 818 3330 899 quamvis
3350 832 3403 885 in
3424 822 3553 890 scitu

1978 888 2217 974 eorpOris
2245 907 2425 963 earum
2455 906 2594 966 aliud
2622 912 2898 985 figuratum
2927 904 3021 985 sit,
3053 906 3269 991 propter
3304 924 3443 993 quod
3474 925 3555 981 vir

1975 996 2123 1052 solus
2163 997 2354 1054 dicitur
2381 1016 2501 1058 esse
2540 1003 2713 1075 imago
2738 1017 2791 1062 et
2822 1009 2985 1079 gloria
3010 1000 3137 1085 Dei;
3169 1011 3244 1067 sic
3274 1024 3329 1069 et
3358 1013 3409 1068 in
3440 1016 3553 1085 ipsa

1974 1090 2140 1159 prima
2187 1092 2507 1177 conditione
2535 1092 2764 1155 hominis
2784 1142 2798 1168 ,
2832 1076 3117 1158 secundum
3148 1092 3199 1160 id
3227 1086 3369 1177 quod
3397 1118 3450 1163 et
3475 1108 3552 1165 fe-

1974 1183 2117 1261 mina
2139 1183 2300 1240 homo
2327 1184 2462 1256 erat,
2492 1170 2719 1245 habebat
2746 1178 2928 1263 utique
2959 1178 3191 1251 mentem
3222 1188 3372 1253 suam
3400 1215 3551 1255 eam-

1972 1272 2200 1362 demque
2251 1276 2597 1348 rationalem,
2644 1282 2933 1338 secundum
2978 1274 3133 1357 quam
3183 1280 3294 1359 ipsa
3342 1286 3553 1362 quoque

1970 1348 2106 1420 iacta
2132 1368 2215 1421 eSt
2238 1366 2304 1422 ad
2326 1362 2606 1447 imaginem
2638 1364 2749 1427 Dei.
2776 1364 2877 1429 Sed
2908 1366 3123 1447 propter
3149 1348 3404 1437 unitatem
3425 1399 3551 1439 con-

1962 1450 2253 1528 junctionis
2272 1504 2287 1530 ,
2318 1446 2461 1518 Fecit
2484 1450 2624 1519 Deus
2644 1509 2658 1534 ,
2688 1466 2885 1538 inquit,
2913 1464 3167 1547 hominem
3188 1477 3253 1527 ad
3282 1475 3550 1546 imaginem

1966 1544 2082 1637 Dei.
2105 1550 2184 1609 Ac
2213 1571 2278 1610 ne
2306 1550 2582 1629 quisquam
2610 1550 2816 1630 putaret
2844 1564 3014 1618 solum
3044 1544 3286 1635 spiritum
3314 1569 3545 1637 hominis

1966 1630 2157 1699 factum
2180 1690 2193 1715 ,
2227 1640 2469 1728 quamvis
2497 1640 2789 1708 Secundum
2821 1644 2993 1709 solum
3033 1652 3275 1728 spiritum
3303 1661 3453 1715 fieret
3478 1654 3547 1715 ad

1964 1724 2246 1807 imaginem
2279 1740 2402 1809 Dei,
2438 1726 2581 1797 Freit
2607 1740 2771 1814 illum,
2807 1736 2993 1819 inquit,
3022 1742 3298 1804 masculum
3325 1764 3370 1823 et
3398 1753 3546 1823 femi-

1966 1845 2101 1897 nam,
2130 1840 2185 1884 ut
2202 1828 2308 1900 jam
2330 1830 2491 1913 etiam
2514 1829 2706 1913 corpus
2730 1834 2920 1893 factum
2950 1834 3291 1912 intelligatur.
3316 1834 3543 1899 Rursum

1965 1910 2030 1975 ne
2057 1918 2334 1995 quisquam
2366 1910 2715 1984 arbitrareiiir
2745 1932 2813 1985 ita
2847 1916 3039 1987 facium
3060 1975 3075 2003 ,
3128 1946 3182 2005 ut
3230 1936 3281 1990 in
3332 1936 3546 1995 homine

1964 2006 2215 2086 singulari
2244 2012 2465 2092 uterque
2496 2010 2653 2078 sexus
2678 2014 3085 2095 exprimeretur,
3117 2016 3254 2082 sicut
3280 2028 3544 2086 interdum

1963 2096 2274 2177 nascuntiir,
2303 2108 2435 2181 quos
2462 2113 2799 2187 andrOgynos
2825 2104 3047 2186 vocant;
3077 2104 3307 2189 osiendit
3336 2137 3394 2177 se
3428 2123 3542 2177 sin-

1960 2200 2199 2270 guiarcm
2247 2218 2527 2260 numerum
2579 2217 2813 2279 propter
2845 2200 3234 2280 conjunctionis
3288 2214 3544 2270 unitatem

1963 2278 2222 2361 iiDSUiSSC,
2249 2302 2300 2349 et
2323 2284 2461 2365 quod
2484 2286 2551 2352 de
2572 2290 2685 2353 viro
2707 2284 2898 2376 mulier
2926 2300 3059 2356 facta
3080 2288 3177 2368 ρει,
3205 2294 3340 2358 sicut
3360 2294 3543 2376 postea

1960 2370 2405 2466 manifestabitur,
2431 2404 2551 2442 cum
2584 2388 2637 2443 id
2666 2374 2807 2460 quod
2837 2390 2921 2445 hic
2950 2384 3182 2448 breviter
3201 2378 3396 2449 dictum
3425 2380 3506 2450 est
3525 2440 3540 2466 ,

1961 2458 2263 2545 diiigentius
2291 2480 2514 2549 coeperit
2542 2474 2791 2551 explicari
2824 2503 2835 2537 :
2868 2470 2920 2539 ei
2941 2484 3058 2539 idco
3078 2478 3333 2556 pluralem
3356 2482 3542 2545 nume-

1960 2562 2076 2646 rum
2091 2564 2341 2625 COiiliiiiIO
2356 2572 2603 2646 subjecit,
2619 2566 2818 2642 dicens,
2833 2574 2978 2631 Fecit
2996 2570 3101 2646 eos,
3116 2590 3161 2633 et
3173 2564 3422 2634 benedixit
3432 2600 3536 2636 eos.

1958 2644 2082 2744 Scii,
2116 2666 2169 2715 nt
2194 2660 2304 2732 jam
2330 2644 2467 2737 dixi,
2485 2658 2793 2737 diligentius
2821 2666 2871 2723 in
2899 2668 3241 2742 consequenti
3267 2656 3539 2744 Scriptura

1959 2730 2025 2803 de
2059 2748 2283 2809 heminis
2309 2746 2577 2813 creatione
2605 2752 2957 2829 requiremus.
3054 2834 3059 2839 ι

1959 2840 2186 2899 CAPUT
2216 2841 2402 2902 XXI".
2422 2880 2492 2888 ——
2512 2842 2623 2915 Quo
2650 2843 2835 2923 spectet
2860 2842 2987 2908 illud
3007 2844 3132 2909 vers.
3151 2842 3239 2925 50,
3348 2842 3426 2915 sic
3454 2869 3537 2916 est

2166 3004 2191 3015 γ’
2372 3006 2381 3018 ι
2540 3010 2559 3017 ιη
2648 2942 2864 2998 factum.

2030 3030 2118 3085 55'.
2142 3032 2294 3087 Nunc
2315 3034 2697 3090 advertendum
2723 3048 2823 3105 est,
2848 3038 2989 3109 quod
3017 3049 3359 3111 posteaquam
3382 3043 3534 3112 dixit,

1958 3116 2027 3173 Et
2051 3118 2123 3205 sic
2151 3120 2343 3205 factum
2368 3122 2439 3180 est
2455 3143 2476 3192 ;
2504 3124 2683 3205 statim
2711 3116 2955 3205 Subjecit,
2983 3130 3051 3185 Et
3073 3126 3196 3187 vidi!
3216 3124 3351 3189 Deus
3371 3132 3539 3190 oninia

1957 3200 2071 3283 qua:
2096 3200 2246 3287 fecit,
2280 3204 2327 3272 et
2355 3236 2464 3272 ecce
2494 3202 2622 3274 bona
2652 3210 2795 3275 valde
2818 3238 2835 3276 :
2861 3200 2948 3277 ubi
2982 3225 3287 3295 intelligitUr
3305 3236 3541 3296 potestas

1957 3315 2010 3359 et
2052 3305 2273 3362 facultas
2322 3310 2433 3378 ipsa
2482 3312 2603 3366 data
2652 3324 2855 3368 natura:
2905 3315 3150 3370 humanae
3195 3320 3437 3375 sumendi
3473 3321 3541 3375 ad

1958 3411 2147 3477 escam
2164 3402 2414 3477 pabulum
2443 3406 2553 3474 agri
2580 3414 2633 3460 et
2663 3406 2864 3461 fructus
2888 3408 3035 3477 ligni.
3057 3409 3139 3463 Ad
3171 3409 3271 3465 hoc
3296 3413 3437 3467 enim
3459 3415 3537 3467 iu-

1958 3478 2097 3571 tiilii,
2124 3476 2192 3547 Ῐῖέ
2217 3484 2287 3549 Sic
2318 3486 2389 3549 eiii
2410 3486 2613 3571 facim»,
2644 3489 2783 3571 quod
2812 3492 2879 3554 ab
2912 3476 3000 3555 illo
3027 3492 3143 3556 loco
3175 3494 3534 3571 inchoaverat,

1961 3517 2097 3561 uiui,
2124 3517 2189 3547 ut
2217 3517 2287 3549 διε
2318 3517 2387 3549 εει
2410 3517 2613 3571 laetum,
2684 3517 2783 3554 nou
2812 3517 2879 3554 at)
2912 3517 3000 3555 iiJO
3027 3517 3143 3556 iOCO
3175 3517 3534 3571 Incnoaverat,

1957 3570 2045 3638 ubi
2076 3574 2173 3653 ait,
2210 3586 2277 3640 Et
2307 3586 2435 3642 dixit
2462 3588 2618 3656 Deus,
2644 3517 2779 3644 (ifcce
2812 3590 2929 3645 dedi
2956 3592 3090 3647 vobis
3123 3590 3360 3662 pabulum
3386 3584 3538 3650 semi-

1956 3668 2088 3746 nale,
2121 3678 2224 3735 etc.
2252 3674 2383 3737 Nam
2415 3684 2458 3738 si
2487 3672 2565 3757 ad
2581 3672 2757 3740 omnia
2787 3682 2907 3757 qua:
2939 3703 3097 3757 supra
3127 3680 3263 3744 dicta
3294 3684 3419 3745 sunt
3449 3680 3537 3746 re-

1959 3766 2232 3830 tulerimus
2260 3770 2399 3849 quod
2422 3766 2513 3845 aii,
2539 3754 2604 3833 [Et
2632 3774 2702 3835 sic
2732 3792 2801 3836 est
2827 3788 3017 3863 factum
3041 3802 3059 3849 ;
3085 3780 3416 3863 consequens
3438 3789 3540 3843 erit

1956 3860 2013 3924 ut
2038 3862 2387 3926 cenliteainur
2407 3864 2564 3928 etiam
2587 3870 2816 3929 crevisse
2848 3856 2964 3931 iilos
2990 3864 3120 3947 jam,
3146 3887 3198 3959 et
3224 3874 3539 3950 multiplica-

1956 3944 2039 4053 ios
2070 3958 2373 4035 implevisse
2404 3968 2599 4022 terram
2631 3969 2681 4023 in
2713 3952 2905 4024 eodem
2935 3956 3086 4026 sesio
3119 3962 3204 4027 die
3229 3990 3253 4053 ;'
3275 3956 3417 4051 quod
3445 3960 3537 4029 ea—

1956 4036 2075 4109 deni
2108 4050 2378 4128 SCriptura
2405 4052 2629 4116 testante
2660 4046 2777 4133 post
2808 4050 3001 4118 multos
3038 4052 3207 4119 annos
3233 4038 3428 4120 factum
3460 4056 3541 4120 in~

1955 4138 2213 4231 venimus.
2254 4136 2623 4231 Quapropter,
2653 4144 2773 4208 cum
2816 4153 2936 4208 data
2978 4165 3119 4210 esset
3160 4155 3275 4210 haec
3314 4146 3538 4212 facultas

1958 4226 2170 4317 edendi,
2195 4226 2373 4300 ethoc
2392 4238 2503 4302 Deo
2528 4240 2734 4304 dicente
2761 4240 2919 4303 homo
2946 4250 3299 4321 cognovisset,
3324 4250 3535 4320 dicitur,

1954 4326 2022 4387 Et
2065 4324 2138 4389 sic
2183 4328 2252 4391 est
2295 4341 2519 4408 factum;
2560 4340 2613 4392 in
2659 4328 2760 4423 hoc
2803 4330 2982 4411 utique
3013 4341 3152 4411 quod
3182 4342 3293 4421 Deo
3327 4342 3536 4423 dicente

1954 4425 2116 4481 homo
2146 4420 2411 4511 cognovit.
2439 4430 2575 4509 Nam
2596 4430 2639 4483 si
2671 4418 2723 4483 id
2759 4429 2915 4484 etiam
2958 4440 3081 4485 tunc
3115 4420 3335 4511 egisset,
3370 4418 3423 4485 id
3455 4440 3537 4487 est

1954 4514 2009 4571 in
2049 4508 2226 4573 escam
2271 4498 2359 4573 illa
2398 4538 2515 4591 quae
2545 4500 2664 4574 data
2695 4531 2817 4575 sunt
2845 4521 3002 4575 etiam
3039 4508 3301 4597 vescendo
3330 4536 3536 4578 assum-

1953 4602 2185 4680 psisset,
2233 4604 2538 4667 servaretur
2588 4602 2689 4677 iiia‘,
2725 4612 3054 4667 consuetudo
3102 4611 3426 4681 Scriptum,
3478 4621 3537 4669 ut

1953 4694 2297 4772 posteaquam
2319 4694 2518 4758 dictum
2538 4686 2637 4770 est,
2666 4686 2731 4756 Et
2762 4706 2835 4757 sic
2862 4696 2932 4757 est
2963 4707 3175 4776 factum,
3205 4705 3343 4775 quod
3364 4705 3431 4787 ad
3452 4722 3536 4762 ex-

1955 4786 2286 4865 primendam
2307 4797 2691 4867 praecedentem
2708 4798 3064 4868 cognitionem
3081 4799 3329 4868 pertinet,
3344 4799 3535 4855 deinde

1955 4890 2238 4944 inferretur
2266 4892 2423 4944 etiam
2454 4890 2565 4967 ipsa
2596 4891 2852 4961 operatio,
2882 4906 2944 4945 ac
2969 4891 3251 4967 diceretur,
3286 4892 3354 4946 Et
3379 4908 3534 4948 acce-

1955 4993 2145 5054 perunt
2168 4993 2224 5039 et
2251 4984 2493 5039 ederunt.
2519 4984 2733 5039 Poterat
2760 4986 2901 5040 enim
2926 4985 2995 5039 ita
3022 4985 3147 5053 dici,
3175 4986 3381 5065 etiamsi
3424 4976 3531 5040 non

1955 5091 2140 5131 rursus
2166 5078 2531 5132 nominaretur
2557 5062 2716 5131 Dens.
2747 5076 2895 5131 Sicut
2942 5077 2993 5131 in
3035 5076 3128 5131 illo
3166 5062 3283 5153 loco
3318 5085 3532 5147 postea-

1953 5186 2113 5242 quam
2151 5170 2350 5225 dictum
2393 5178 2503 5236 est,
2531 5168 2867 5241 Congregetur
2892 5185 3023 5239 aqua
3051 5185 3162 5238 quae
3189 5167 3277 5221 sub
3307 5167 3430 5221 caelo
3463 5178 3533 5221 est

1955 5250 2006 5316 in
2030 5262 2464 5335 congregationem
2502 5276 2687 5327 unam,
2716 5270 2762 5337 et
2790 5269 3031 5345 appareat
3057 5260 3236 5324 arida;
3262 5258 3529 5314 subinfer-

1957 5364 2063 5429 tur,
2087 5336 2154 5409 Et
2178 5356 2249 5409 sic
2278 5362 2349 5408 est
2376 5356 2565 5426 factum
2587 5370 2600 5406 :
2626 5368 2688 5407 ac
2724 5351 2920 5433 deinde
2951 5338 3053 5406 non
3084 5351 3291 5417 dicitur,
3319 5349 3387 5404 Et
3418 5353 3535 5423 fecit

1958 5452 2128 5519 Deus;
2153 5450 2251 5507 sed
2278 5460 2454 5506 tamen
2483 5451 2553 5505 ita
2582 5444 2858 5522 repetitur,
2881 5448 2948 5501 Et
2975 5455 3275 5517 congregata
3304 5453 3376 5501 est
3404 5462 3533 5516 aqua

1957 5546 2011 5600 in
2033 5545 2441 5616 congregatione:
2469 5560 2609 5612 suos,
2635 5552 2742 5599 etc.

1958 5657 2182 5715 CAPUT
2232 5656 2421 5713 XXIV.
2440 5688 2510 5700 -—
2528 5656 2633 5713 Cur
2659 5658 2723 5711 de
2754 5657 2956 5710 homine
2985 5670 3086 5708 non
3116 5654 3434 5723 singulatim,
3456 5654 3532 5707 uti

1993 5752 2057 5805 de
2082 5752 2302 5819 caeteris,
2335 5751 2525 5805 dictum
2557 5750 2621 5804 sit
2641 5791 2657 5817 ,
2691 5748 2832 5803 Vidit
2856 5748 2996 5802 Deus
3019 5746 3140 5817 quia
3161 5745 3356 5800 bonum
3385 5752 3488 5800 est.
3530 5800 3533 5807 ,

2018 5843 2128 5899 56.
2168 5844 2321 5912 Quod
2357 5852 2535 5899 amem
2576 5857 2684 5905 non
2726 5838 3025 5911 singulatim
3048 5880 3062 5905 ,
3110 5847 3171 5893 ut
3212 5839 3262 5892 in
3303 5836 3531 5903 caeteris,

1961 5936 2121 5993 etiam
2144 5935 2212 5991 de
2238 5939 2469 5991 humana
2494 5941 2735 5991 creatura
2783 5932 2951 6000 dixit,
2991 5930 3061 5986 Et
3095 5930 3215 5986 vidit
3244 5929 3380 5983 Deus
3417 5928 3535 5997 quia
