4074 6356
516 458 702 514 bonum
765 464 873 520 est;
919 452 1013 510 sed
1039 461 1162 526 post
1206 451 1475 510 hominem
1525 451 1718 509 factum
1739 493 1756 518 ,
1821 451 2106 522 datamque

519 549 596 606 illi
656 555 972 620 potestatem
1017 546 1099 603 vel
1156 545 1463 601 dominandi
1507 543 1590 599 vel
1637 541 1826 598 edendi
1855 583 1870 606 ,
1919 541 2103 597 subin-

519 641 640 696 tulit
679 639 747 695 de
791 639 1069 705 omnibus,
1098 637 1164 692 Et
1212 638 1330 692 vidit
1380 637 1516 691 Deus
1567 635 1733 690 omnia
1789 651 1902 704 qua:
1949 635 2101 706 fecit,

522 745 573 792 et
596 751 708 790 ecce
741 733 873 788 bona
900 733 1046 788 valde
1067 774 1082 798 ,
1109 733 1300 787 merito
1334 730 1498 801 quaeri
1525 737 1720 802 potest.
1759 727 1936 783 Potuit
1960 727 2104 782 enim

521 829 696 902 primo
721 827 873 883 reddi
904 825 1106 882 homini
1132 826 1432 898 singulatim
1452 865 1468 890 ,
1501 824 1640 895 quod
1666 823 1969 894 singulatim
1994 837 2106 878 cae.â€”

521 920 653 976 teris
676 935 796 990 qua:
824 927 980 974 antea
1005 917 1141 974 facta
1167 927 1293 973 sunt
1312 915 1576 972 redditum
1606 924 1721 980 est;
1752 924 1861 968 tum
1890 913 2105 968 demum

524 1013 591 1068 de
611 1012 858 1069 omnibus
879 1011 986 1067 dici
1011 1026 1128 1083 quae
1157 1011 1280 1067 fecit
1305 1010 1466 1076 Deus,
1495 1009 1628 1064 Ecce
1652 1010 1781 1064 bona
1813 1008 1976 1062 valde.
2023 1008 2106 1062 An

524 1103 664 1161 forte
689 1104 814 1174 quia
839 1113 992 1160 sexto
1014 1102 1100 1158 die
1130 1102 1472 1174 perficiuntur
1497 1102 1674 1156 omnia
1694 1142 1709 1165 .
1740 1111 2017 1171 propterea
2041 1099 2109 1155 de

525 1196 773 1253 omnibus
798 1195 1081 1251 dicendum
1110 1193 1234 1261 fuit,
1276 1193 1414 1248 Vidit
1442 1193 1580 1248 Deus
1608 1193 1776 1247 omnia
1814 1208 1925 1262 qua:
1952 1191 2106 1261 fecit,

527 1298 574 1344 et
601 1305 711 1344 ecce
736 1288 866 1342 bona
890 1287 1072 1353 valde;
1097 1304 1203 1344 non
1227 1287 1529 1358 singillatim
1557 1285 1624 1342 de
1651 1287 1714 1340 iis
1732 1301 1849 1356 qua:
1881 1285 1996 1354 ipso
2019 1283 2110 1340 die

527 1377 662 1434 facta
683 1378 845 1434 sunt?
866 1379 972 1434 Cur
999 1394 1126 1450 ergo
1146 1378 1212 1434 de
1241 1378 1521 1450 pecoribus
1541 1386 1594 1433 et
1621 1376 1803 1432 bestiis
1821 1384 1876 1431 et
1900 1375 2110 1446 reptili-

529 1470 627 1527 bus
654 1480 813 1527 terra:
834 1471 1036 1528 dictum
1065 1481 1178 1537 est,
1212 1488 1330 1542 qua:
1365 1471 1432 1527 ad
1461 1469 1706 1526 eumdem
1733 1470 1874 1526 diem
1901 1478 2109 1525 sextum

525 1565 835 1637 pertinent?
865 1565 968 1620 nisi
998 1565 1134 1621 forte
1160 1564 1248 1620 illa
1276 1573 1330 1620 et
1355 1563 1662 1634 singillatim
1690 1563 1740 1617 in
1771 1577 1869 1617 suo
1885 1577 2107 1632 genere,

527 1666 582 1712 et
608 1673 728 1714 cum
755 1657 964 1712 ueteris
990 1655 1361 1711 universaliter
1385 1654 1489 1710 dici
1526 1653 1662 1709 bona
1690 1662 2031 1719 meruerunt;
2056 1661 2113 1709 et

528 1747 692 1805 homo
721 1749 891 1804 factus
917 1749 982 1804 ad
1009 1747 1292 1820 imaginem
1320 1747 1446 1812 Dei,
1477 1747 1690 1804 nonnisi
1731 1762 1851 1802 cum
1900 1745 2111 1801 ueteris

526 1840 630 1898 hoc
678 1843 784 1897 dici
837 1843 1048 1899 meruit.
1093 1844 1174 1898 An
1215 1841 1334 1913 quia
1372 1840 1637 1911 perfectus
1675 1841 1910 1897 nondum
1956 1848 2109 1906 erat,

528 1935 649 2005 quia
678 1933 912 1990 nondum
940 1943 1055 1990 erat
1078 1935 1132 1990 in
1164 1933 1408 2004 paradiso
1427 1933 1780 1989 constitutus?
1805 1933 1956 2004 quasi
1983 1947 2114 1989 vero

530 2036 874 2098 posteaquam
898 2027 967 2084 Ibi
993 2028 1312 2085 constitutus
1349 2037 1460 2097 est,
1499 2028 1700 2084 dictum
1738 2029 1808 2085 sit
1849 2028 1990 2100 quod
2026 2027 2115 2085 hic

531 2119 944 2187 praetermissum
975 2128 1076 2174 est.

603 2207 694 2265 57.
735 2209 872 2276 Quid
897 2225 1025 2281 ergo
1049 2210 1324 2267 dicemus?
1351 2213 1431 2268 An
1456 2211 1580 2284 quia
1614 2213 1932 2284 przesciebat
1969 2213 2114 2269 Deus

530 2298 799 2356 hominem
831 2311 1202 2371 peccaturum,
1248 2319 1347 2360 nec
1395 2304 1446 2358 in
1498 2319 1610 2360 suae
1648 2304 1894 2376 imaginis
1937 2303 2114 2374 perfe-

531 2391 706 2448 ctione
718 2407 1048 2460 mansurum,
1067 2410 1172 2450 non
1185 2396 1490 2466 singillatim
1499 2437 1513 2462 ,
1533 2395 1626 2452 sed
1637 2410 1757 2452 cum
1775 2397 1983 2452 caeteris
1991 2411 2116 2452 eum

530 2481 707 2538 dicere
723 2484 890 2539 voluit
903 2485 1121 2550 bonum,
1136 2486 1280 2542 velut
1295 2487 1542 2542 intimans
1556 2486 1681 2558 quid
1697 2497 1840 2543 esset
1851 2486 2118 2542 futurum?

531 2572 663 2642 Quia
680 2592 802 2631 eum
815 2592 877 2632 ea
892 2592 1010 2649 quae
1037 2570 1168 2634 facta
1183 2587 1326 2646 sunt,
1345 2579 1399 2635 in
1413 2595 1478 2636 eo
1489 2578 1629 2650 quod
1647 2577 1780 2634 facta
1798 2589 1940 2644 sunt,
1959 2595 2120 2650 quan-

533 2673 646 2721 tum
661 2677 1000 2740 acceperunt,
1025 2678 1261 2738 manent,
1282 2670 1418 2726 sicut
1437 2670 1523 2727 vel
1549 2671 1636 2725 illa
1656 2686 1775 2742 qua:
1797 2686 1902 2726 non
1925 2686 2116 2742 pecca-

1363 337 1453 393 DE
1488 335 1736 394 GENESI
1773 334 1868 390 AD
1903 332 2281 404 LITTERAM,
2320 335 2382 394 S.
2421 335 2790 396 AUGUSTINI

2208 463 2417 522 verunt,
2444 455 2528 511 vel
2557 455 2644 510 illa
2671 470 2787 526 qum
2825 469 3051 527 peccare
3077 471 3186 512 non
3223 465 3484 526 possunt;
3515 465 3571 514 et
3603 457 3812 530 singula

2209 545 2366 611 bona,
2395 557 2448 602 et
2475 548 2525 601 in
2555 549 2803 604 universo
2822 549 2956 604 bona
2974 549 3123 605 valde
3147 560 3290 606 sunt.
3311 551 3423 606 Non
3445 553 3587 608 enim
3613 552 3812 610 frustra

2207 649 2289 694 est
2309 639 2568 706 additum,
2597 640 2783 706 valde;
2822 641 2948 712 quia
2973 651 3028 696 et
3047 658 3287 714 corporis
3315 645 3553 700 membra
3576 647 3621 700 si
3641 647 3810 702 etiam

2207 731 2413 802 singula
2463 731 2688 803 pulchra
2735 743 2878 796 sunt,
2907 735 3071 790 multo
3113 744 3236 790 sunt
3265 747 3439 791 tamen
3483 737 3535 791 in
3567 738 3808 794 universi

2209 824 2448 894 corporis
2499 839 2758 897 compage
2794 827 2974 882 omnia
3023 827 3346 898 pulchriora.
3389 829 3522 899 Quia
3550 831 3808 896 oculum,

2210 916 2357 973 verbi
2383 917 2546 987 gratia
2566 959 2582 983 ,
2614 917 2864 988 placitum
2903 929 3062 991 atque
3108 921 3376 977 laudatum
3397 964 3411 985 .
3443 933 3622 978 tamen
3651 923 3696 978 si
3724 937 3812 978 se-

2211 1017 2449 1078 paratum
2474 1025 2503 1064 a
2523 1025 2748 1081 corpore
2768 1010 3090 1078 videremus,
3112 1028 3216 1068 non
3233 1015 3536 1070 diceremus
3558 1024 3662 1068 tam
3694 1015 3814 1084 pul-

2211 1101 2591 1173 chrum,quam
2614 1103 2664 1156 in
2687 1103 2773 1157 illa
2792 1105 3124 1160 eonnexione
3147 1106 3532 1171 membrorum,
3551 1120 3671 1162 cum
3693 1108 3812 1161 loco

2213 1207 2309 1250 suo
2326 1195 2526 1265 positus
2543 1196 2594 1250 in
2610 1195 2858 1252 universo
2876 1213 3100 1268 corpore
3112 1208 3440 1254 cerneretur.
3458 1200 3528 1253 Ea
3551 1213 3810 1268 veroque

2215 1289 2478 1358 peccando
2496 1288 2748 1345 amittunt
2767 1291 2932 1346 decus
2954 1273 3245 1362 proprium.
3273 1292 3422 1348 nullo
3441 1300 3621 1348 tamen
3643 1291 3811 1346 modo

2213 1379 2527 1436 efficiuntut
2555 1397 2658 1436 non
2686 1382 2846 1437 etiam
2891 1383 3004 1452 ipsa
3047 1393 3191 1440 recte
3227 1383 3471 1440 ordinata
3494 1426 3510 1450 ,
3539 1399 3661 1440 cum
3695 1393 3812 1439 toto

2213 1482 2373 1542 atque
2400 1472 2649 1528 universo
2671 1473 2809 1530 bona
2836 1475 2963 1530 sint.
2992 1475 3164 1530 llomo
3185 1475 3344 1546 igitur
3371 1484 3497 1531 ante
3527 1485 3808 1545 peccatum

2213 1573 2268 1621 et
2310 1565 2361 1619 in
2403 1582 2500 1621 suo
2546 1568 2729 1637 utique
2773 1583 2973 1638 genere
3019 1569 3190 1625 bonus
3226 1576 3377 1634 erat;
3407 1567 3502 1623 sed
3528 1567 3806 1639 Scriptura

2215 1657 2556 1726 praetermisit
2582 1657 2684 1713 hoc
2713 1658 2912 1723 dicere,
2948 1666 3007 1713 ut
3037 1659 3163 1714 illud
3196 1660 3373 1729 potius
3413 1659 3619 1714 diceret
3659 1658 3807 1730 quod

2216 1744 2450 1801 futurum
2473 1747 2671 1819 aliquid
2693 1750 3096 1819 praenuntiaret.
3119 1749 3230 1804 Non
3251 1751 3395 1805 enim
3420 1750 3606 1805 falsum
3627 1749 3694 1805 de
3715 1751 3810 1806 illo

2215 1837 2414 1894 dictum
2453 1847 2552 1895 est.
2583 1841 2685 1909 Qui
2719 1842 2863 1896 enim
2900 1842 3205 1912 singillatim
3247 1841 3419 1898 bonus
3465 1853 3587 1910 est,
3635 1845 3810 1912 magis

2218 1935 2398 2003 utique
2443 1948 2565 1988 cum
2613 1933 2858 1988 omnibus
2899 1934 3069 1988 bonus
3107 1942 3208 1990 est.
3240 1933 3353 1989 Non
3385 1943 3561 1989 autem
3592 1934 3811 2004 quando

2217 2040 2338 2082 cum
2363 2026 2611 2082 omnibus
2637 2025 2808 2080 bonus
2835 2034 2918 2080 est
2939 2069 2952 2090 ,
2977 2027 3215 2096 sequitur
3261 2035 3318 2080 ut
3361 2027 3522 2081 etiam
3568 2025 3812 2096 singilla-

2219 2119 2313 2174 tim
2339 2119 2510 2176 bonus
2538 2121 2626 2175 sit.
2654 2119 2982 2176 Moderatum
3008 2131 3090 2176 est
3117 2121 3294 2191 itaque
3335 2129 3394 2175 ut
3436 2120 3484 2174 id
3515 2120 3809 2186 diceretur,

2219 2210 2359 2282 quod
2386 2209 2438 2265 in
2469 2213 2714 2281 prmsenti
2741 2226 2922 2267 verum
2949 2223 3111 2277 esset,
3139 2219 3196 2267 et
3224 2210 3609 2282 praescientiam
3639 2209 3813 2279 signi-

2223 2300 2406 2356 ï¬caret
2423 2300 2607 2357 futuri.
2633 2303 2771 2358 Dens
2791 2303 2933 2358 enim
2953 2312 3255 2358 naturarum
3283 2303 3512 2372 optimus
3539 2300 3809 2367 conditor,

2223 2394 2551 2464 peccantium
2601 2408 2728 2448 vero
2747 2394 3075 2463 justissimus
3108 2393 3380 2448 ordinator
3407 2401 3521 2457 est;
3557 2402 3614 2446 ut
3641 2391 3808 2446 etiam

2223 2483 2270 2539 si
2297 2500 2402 2555 qua
2432 2484 2735 2554 singillatim
2759 2486 2891 2538 liunt
2910 2484 3266 2554 delinquendo
3284 2482 3565 2548 deformia,
3591 2497 3813 2552 semper

2226 2584 2401 2631 tamen
2447 2590 2568 2630 cum
2613 2577 2692 2631 eis
2736 2576 3049 2630 universitas
3082 2577 3299 2645 pulchra
3348 2577 3436 2631 sit.
3477 2574 3581 2630 Sed
3605 2575 3715 2644 jam
3742 2588 3811 2629 ea

2223 2682 2341 2737 qua:
2368 2675 2660 2736 sequuntur
2683 2667 2734 2720 in
2758 2668 2999 2737 sequenti
3029 2667 3297 2723 volumine
3323 2675 3731 2738 pertractemus.

542 2789 3799 2817 Îœá¿„-

1479 2877 1962 2984 LIBER
2058 2875 2158 3002 Ï
2182 2873 2495 2983 Î—Î‘Î’
2517 2875 2836 2982 TUS.

593 3064 838 3118 Ructatur
857 3067 1044 3129 mitium
1063 3077 1169 3129 mp.
1192 3062 1226 3114 3
1560 3068 1732 3129 Postqu

1735 3073 1782 3123 e_
1808 3058 2040 3123 manulla
2067 3059 2133 3112 de
2163 3061 2340 3123 senarii
2385 3061 2574 3110 numeri
2603 3059 2900 3123 perfectione
2914 3095 2930 3121 ,
2955 3070 3177 3114 movetur

3383 3079 3415 3116 Î¿
3438 3079 3648 3126 rut-sun,
3665 3069 3801 3118 circa

533 3141 664 3192 vers.
691 3129 724 3178 5
743 3140 848 3192 cap.
869 3128 894 3178 l
912 3162 928 3190 ,
946 3121 1186 3191 quomodo
1211 3125 1398 3176 scilicet
1416 3130 1580 3176 creata
1600 3121 1740 3187 luce,
1763 3121 1886 3174 facta
1905 3122 1971 3173 sit
1986 3132 2195 3185 vespera
2221 3129 2273 3172 et
2296 3122 2471 3172 laetum
2492 3121 2634 3172 mne
2650 3155 2668 3184 ,
2689 3124 2856 3186 sicque
2873 3122 2982 3174 dies
3008 3121 3246 3177 numerati
3267 3140 3424 3191 usque
3443 3129 3505 3179 ad
3524 3121 3726 3179 sextum
3750 3135 3810 3180 et

533 3191 810 3255 septimm.

1946 3289 2368 3345 WB

571 3417 795 3476 CAPUT
829 3415 1111 3474 PRIMUM.
1134 3445 1204 3458 â€”
1223 3414 1346 3470 Dies
1380 3431 1471 3472 sea:
1495 3413 1744 3486 quomodo
1769 3412 2073 3486 accipiendi.

606 3513 660 3567 1.
700 3510 767 3565 Et
792 3517 1139 3566 consummata
1161 3519 1278 3564 sunt
1304 3509 1482 3564 caelum
1507 3517 1554 3562 et
1581 3516 1732 3574 terra,
1763 3516 1810 3562 et
1836 3507 1999 3562 omnis
2024 3523 2112 3561 or-

533 3612 683 3659 natus
727 3621 919 3658 eorum.
951 3603 1018 3658 Et
1044 3603 1402 3658 consummavit
1425 3601 1562 3656 Deus
1587 3603 1640 3656 in
1663 3601 1746 3656 die
1777 3611 1917 3656 sexto
1958 3615 2114 3670 opera

532 3711 642 3751 sua:
664 3711 778 3767 qua
802 3694 952 3766 fecit;
975 3703 1021 3749 et
1044 3695 1283 3765 requievit
1304 3693 1438 3748 Deus
1456 3695 1510 3748 in
1530 3694 1610 3748 die
1630 3695 1840 3764 septimo
1865 3693 1929 3746 ab
1951 3693 2114 3746 omni-

535 3785 628 3842 bus
653 3786 881 3857 aperibus
893 3788 1000 3841 suis
1027 3802 1138 3856 qua:
1149 3787 1284 3856 fecit.
1303 3783 1372 3839 Et
1392 3785 1637 3840 benedixit
1654 3785 1791 3841 Deus
1805 3785 1938 3840 diem
1956 3785 2113 3852 septi-

536 3893 675 3931 mum
696 3917 713 3944 ,
759 3885 808 3931 et
842 3877 1171 3945 sancti/ienuit
1211 3893 1360 3942 eum;
1394 3878 1512 3947 quia
1541 3879 1593 3932 in
1619 3877 1730 3948 ipso
1776 3877 2010 3948 requievit
2049 3875 2113 3930 ab

535 3968 768 4023 omnibus
801 3967 1035 4040 aperibus
1067 3968 1171 4022 suis
1210 3984 1323 4040 quae
1356 3969 1606 4024 inchoavit
1634 3969 1772 4025 Deus
1798 3973 1982 4042 facere.
2013 3970 2114 4025 Ar-

535 4057 700 4114 duum
721 4057 934 4128 quidem
953 4067 1112 4129 atque
1135 4058 1499 4114 difficillimum
1525 4069 1608 4116 est
1633 4061 1834 4116 viribus
1860 4061 2112 4116 intentio-

530 4145 622 4204 nis
641 4155 836 4204 nostra;
855 4190 871 4215 ,
899 4149 1224 4205 voluntatem
1249 4151 1522 4221 scriptoris
1549 4152 1602 4206 in
1629 4152 1745 4207 istis
1768 4167 1866 4208 sex
1893 4152 2110 4223 diebus,

535 4239 732 4294 mentis
772 4239 1052 4295 vivacitate
1097 4249 1395 4310 penetrare,
1422 4251 1598 4296 utrum
1627 4243 1977 4312 praeterierint
2001 4243 2114 4300 dies

535 4330 647 4399 illi,
679 4338 734 4388 et
769 4331 950 4389 addito
989 4334 1250 4402 septimo,
1279 4349 1422 4390 nunc
1461 4350 1556 4404 per
1596 4335 1862 4391 volumina
1913 4345 2117 4407 tempo-

533 4437 652 4479 rum
673 4465 689 4492 ,
733 4439 840 4479 non
882 4439 942 4480 re
963 4466 977 4490 ,
1009 4424 1104 4495 sed
1143 4424 1358 4479 nomine
1394 4435 1717 4496 repetantur.
1749 4425 1806 4482 ln
1836 4435 1947 4484 toto
1973 4429 2116 4484 enim

535 4522 775 4585 tempore
805 4516 958 4571 multi
987 4516 1103 4572 dies
1128 4517 1350 4572 veniunt
1376 4520 1654 4588 praeteritis
1687 4518 1909 4585 similes,
1941 4520 2118 4575 nullus

533 4614 715 4662 autem
752 4607 891 4662 idem
935 4608 1087 4664 redit.
1118 4609 1303 4665 Utrum
1327 4625 1455 4681 ergo
1476 4611 1830 4680 praterierint
1857 4611 1973 4668 dies
2001 4611 2114 4678 illi;

535 4709 606 4750 an
630 4695 746 4751 istis
767 4699 855 4768 qui
882 4711 1064 4752 eorum
1094 4700 1362 4755 vocabulis
1388 4709 1443 4755 et
1473 4718 1695 4757 numero
1723 4713 2028 4770 censentur,
2061 4703 2116 4760 in

536 4794 838 4858 temporum
880 4789 1066 4846 ordine
1109 4792 1344 4861 quotidie
1384 4796 1896 4862 transcurrentibus,
1945 4797 2018 4850 illi
2061 4799 2113 4851 in

537 4877 668 4949 ipsis
693 4895 869 4935 rerum
889 4879 1286 4938 conditionibus
1321 4894 1569 4940 maneant
1599 4903 1612 4917 Î¿
1640 4896 1697 4940 ut
1726 4901 1832 4941 non
1861 4887 2030 4941 solum
2063 4888 2114 4942 in

539 4969 642 5025 illis
669 4971 836 5027 tribus
863 4980 1146 5042 antequam
1186 4973 1374 5030 ï¬erent
1411 4976 1688 5031 luminaria
1711 5019 1726 5042 ,
1751 4977 1845 5033 sed
1874 4979 2032 5032 etiam
2060 4979 2112 5034 in

532 5059 756 5131 reliquis
782 5061 908 5117 item
938 5061 1126 5128 tribus,
1149 5063 1252 5119 diei
1275 5080 1464 5122 nomen
1489 5067 1844 5138 intelligamus
1864 5067 1915 5122 in
1938 5069 2114 5138 specie

533 5151 611 5207 rei
641 5168 758 5223 qua:
799 5162 976 5208 creata
1018 5163 1126 5222 est,
1157 5166 1470 5226 noctemque
1497 5157 1608 5228 ejus
1633 5158 1685 5212 in
1713 5159 2006 5228 privatione
2031 5160 2114 5215 vel

535 5242 779 5311 defectu,
812 5245 898 5300 vel
937 5245 982 5300 si
1026 5261 1132 5317 quo
1157 5248 1260 5302 alio
1287 5248 1501 5302 nomine
1543 5249 1734 5303 melius
1763 5248 2110 5320 significatur,

537 5351 658 5391 cum
683 5338 947 5394 amittitur
974 5341 1211 5409 species,
1249 5342 1421 5411 aliqua
1467 5343 1752 5397 mutatione
1780 5359 1808 5396 a
1837 5342 2007 5398 forma
2046 5344 2110 5398 ad

537 5426 910 5486 informitatem
937 5431 1234 5486 declinante
1259 5442 1417 5501 atque
1440 5441 1686 5502 vergente
1711 5451 1724 5486 :
1748 5449 1866 5503 quze
1892 5435 2113 5490 mutatio

538 5517 594 5573 in
619 5521 763 5574 omni
803 5511 1043 5576 creatura
1073 5524 1184 5578 sive
1216 5523 1728 5592 possibiliuiteiuest,
1744 5524 1950 5580 etiamsi
1978 5526 2114 5582 desit

539 5608 763 5676 effectu,
792 5611 928 5668 sicut
951 5610 1004 5667 in
1031 5613 1335 5668 coelestibus
1363 5615 1755 5683 superioribus;
1788 5617 1900 5673 sive
1924 5617 1988 5671 ad
2016 5618 2116 5672 im-

539 5701 786 5773 plendam
809 5703 860 5758 in
882 5704 1077 5760 inlimis
1095 5707 1254 5761 rebus
1276 5705 1718 5775 pulchritudinem
1743 5711 2110 5780 temporalem,

537 5804 636 5866 per
659 5792 933 5852 ordinatas
955 5797 1100 5853 vices
1125 5811 1454 5870 quorumque
1477 5798 1808 5857 mutabilium
1840 5801 2111 5860 decessio-

2075 5949 2102 5958 -Î¿Î¹

2225 3412 2381 3467 nibus
2407 3414 2423 3444 á½·
2445 3413 2974 3485 successionibusque
2997 3417 3286 3488 peragitur,
3307 3419 3444 3476 sicut
3463 3421 3809 3480 manifestum

2221 3511 2304 3557 est
2333 3502 2384 3556 in
2413 3502 2575 3558 rebus
2603 3506 2831 3559 terrenis
2856 3516 3013 3574 atque
3053 3508 3363 3564 mortalibus
3389 3529 3402 3564 :
3425 3526 3646 3582 vespera
3675 3528 3812 3569 vero

2219 3595 2272 3650 in
2301 3596 2547 3651 omnibus
2573 3596 2818 3666 perfecta:
2847 3599 3163 3654 conditionis
3189 3603 3338 3671 quasi
3365 3603 3580 3673 quidam
3608 3607 3805 3661 termi-

2219 3702 2318 3741 nus
2357 3687 2422 3741 sit
2461 3706 2474 3742 :
2512 3702 2666 3742 mane
2709 3697 2882 3743 autem
2924 3690 3220 3760 incipientis
3263 3694 3579 3761 exordium;
3625 3696 3813 3752 omnis

2219 3777 2360 3832 enim
2381 3789 2555 3833 creata
2582 3791 2766 3835 natura
2786 3783 2945 3836 certis
2961 3783 3074 3838 suis
3101 3784 3263 3839 initiis
3281 3787 3539 3842 etlinibus
3565 3789 3815 3845 contine-

2221 3877 2306 3924 tur
2330 3887 2343 3922 :
2369 3871 2615 3938 indagare
2639 3872 2856 3928 difficile
2874 3884 2973 3930 est.
2996 3875 3098 3931 Sed
3126 3877 3237 3933 sive
3254 3878 3375 3944 hoc,
3393 3880 3504 3936 sive
3521 3880 3672 3948 illud,
3691 3883 3814 3938 sive

2217 3961 2410 4029 aliquid
2439 3963 2596 4018 etiam
2616 3965 2828 4018 tertium
2848 3966 3191 4035 probabilius,
3217 3970 3356 4039 quod
3383 3969 3609 4036 dicatur,
3635 3973 3815 4043 possit

2219 4049 2459 4117 lnveniri,
2479 4053 2617 4123 quod
2641 4055 2691 4109 in
2714 4071 2993 4126 progressu
3012 4057 3382 4130 disputationis
3403 4061 3622 4118 forsitan
3643 4079 3816 4134 appa-

2218 4143 2373 4206 rebit,
2389 4144 2830 4214 quemadmodum
2855 4147 2906 4202 in
2929 4149 3031 4203 illis
3049 4149 3235 4206 diebus
3247 4161 3302 4207 et
3319 4167 3420 4206 nos
3438 4164 3493 4208 et
3511 4170 3735 4224 vespera
3753 4167 3814 4214 et

2218 4253 2376 4294 mane
2405 4239 2761 4310 intelligatur:
2792 4257 2896 4298 non
2924 4251 3006 4296 est
3035 4252 3208 4299 tamen
3233 4244 3330 4301 abs
3359 4261 3418 4302 re
3437 4288 3452 4313 ,
3485 4257 3540 4302 ut
3559 4251 3812 4305 conside-

2221 4343 2398 4384 remus
2426 4331 2621 4385 senarii
2651 4333 2856 4387 numeri
2881 4334 3262 4403 perfectionem
3305 4337 3356 4391 in
3401 4339 3513 4408 ipsa
3561 4341 3808 4398 interiori

2221 4430 2406 4476 natura
2432 4439 2772 4480 numerorum
2793 4442 2810 4488 Ï‚
2835 4442 2992 4496 quam
3036 4439 3213 4485 mente
3243 4430 3509 4487 intuentes
3531 4474 3544 4494 .
3575 4449 3640 4489 ea
3681 4451 3810 4505 quze

2221 4514 2465 4569 scusibus
2486 4516 2642 4570 etiam
2664 4518 2904 4587 corporis
2928 4518 3188 4590 adjacent,
3211 4539 3552 4580 numeramus
3568 4566 3585 4590 ,
3609 4541 3809 4582 numeâ€”

2224 4618 2450 4675 roseque
2473 4605 2827 4675 disponimus.

2360 4695 2588 4752 CAPUT
2614 4696 2763 4751 ll.â€”
2780 4698 2860 4754 De
2883 4704 3071 4756 senarii
3097 4705 3293 4758 numeri
3329 4707 3654 4776 perfectione.

2290 4786 2346 4840 2.
2389 4787 2690 4843 Invenimus
2741 4806 2869 4860 ergo
2917 4794 3180 4846 senarium
3238 4811 3514 4850 ntuuertnn
3570 4799 3804 4866 primum

2221 4892 2340 4933 esse
2367 4879 2656 4949 perfectum
2675 4921 2689 4945 ,
2718 4896 2780 4935 ea
2812 4883 3016 4938 ratione
3043 4883 3181 4953 quod
3223 4887 3331 4940 suis
3371 4888 3610 4956 partibus
3657 4904 3808 4945 coinâ€”

2220 4968 2446 5038 pleatur.
2476 4969 2612 5026 Sunt
2635 4974 2776 5026 enim
2804 4981 2858 5026 et
2882 4975 2971 5028 alii
2999 4976 3204 5030 numeri
3251 4977 3371 5034 aliis
3419 4981 3596 5036 causis
3638 4984 3806 5038 ratio-

2220 5059 2477 5128 nibusque
2503 5061 2738 5130 perfecti.
2778 5064 3008 5120 Proinde
3035 5067 3190 5121 istum
3213 5071 3481 5124 senarium
3507 5089 3568 5126 ea
3595 5074 3806 5130 ratione

2220 5151 2510 5220 perfectum
2537 5153 2801 5222 diximus,
2839 5157 2980 5227 quod
3021 5160 3132 5212 suis
3174 5162 3409 5228 partibus
3447 5164 3801 5234 compleatur,

2222 5244 2412 5299 talibus
2447 5244 2702 5302 duntaXat
2737 5250 3011 5318 partibus,
3043 5267 3161 5321 quae
3197 5253 3556 5324 multiplicata:
3595 5258 3805 5327 possint

2219 5351 2589 5394 consummare
2619 5356 2896 5396 numerum
2919 5343 3070 5414 cujus
3096 5353 3274 5414 partes
3296 5356 3440 5402 sunt.
3481 5348 3625 5404 Talis
3653 5350 3805 5406 enim

2220 5443 2343 5498 pars
2368 5431 2572 5485 numeri
2599 5431 2704 5487 dici
2731 5442 2902 5504 potest
2922 5445 3082 5506 quota
3109 5438 3196 5491 sit.
3223 5436 3356 5492 Nam
3396 5440 3659 5494 ternarias
3698 5457 3807 5496 nu-

2220 5535 2398 5576 merus
2442 5531 2616 5592 potest
2653 5523 2754 5580 dici
2792 5541 2942 5596 pars.
2984 5543 3091 5582 non
3135 5537 3340 5583 tantum
3384 5531 3616 5597 senarii,
3650 5534 3811 5603 cujus

2219 5610 2434 5666 dimidia
2462 5623 2580 5681 est,
2606 5615 2699 5670 sed
2742 5618 2980 5673 omnium
3023 5619 3340 5688 ampliorum
3369 5635 3527 5690 quam
3565 5632 3651 5677 est
3691 5623 3816 5692 ipso

2223 5707 2503 5762 ternarias.
2531 5707 2663 5763 Nam
2704 5717 2761 5766 et
2796 5713 3122 5782 quaternarii
3152 5722 3206 5769 et
3227 5713 3454 5785 quinarii
3479 5728 3606 5785 pars
3631 5715 3816 5787 major

2215 5869 2223 5878 _
2282 5818 2301 5850 â¸
2321 5824 2456 5886 In.
2473 5817 2776 5876 Î¹Î¹ÎµÎµá½¶Î±Î¹á½·á½ºÏ‰.
