4056 6446
278 393 381 451 39'!

281 506 551 560 ternarius
579 512 663 561 est
688 524 702 560 :
733 514 906 578 potest
929 508 1071 564 enim
1101 509 1261 565 dividi
1303 520 1359 568 et
1402 516 1773 583 quaternarius
1798 518 1855 572 in

282 597 383 652 tria
412 605 467 653 et
493 615 656 654 unum
677 640 694 667 ,
739 609 794 655 et
829 602 1099 672 quinarius
1124 606 1176 658 in
1208 605 1303 660 tria
1345 614 1399 661 et
1437 606 1563 663 duo.
1594 610 1661 663 Et
1687 619 1863 680 septe-

278 688 423 745 narii
449 699 504 745 et
530 693 787 747 octonarii
813 704 865 749 et
898 696 1203 763 novenarii,
1232 704 1288 752 et
1321 698 1575 769 quidquid
1612 701 1745 756 ultra
1781 713 1862 758 est

277 796 628 838 numerorum
647 826 662 849 ,
691 801 818 856 pars
843 798 925 842 eSt
952 788 1236 856 tertiarius,
1268 805 1373 845 non
1400 791 1572 863 major
1595 793 1679 847 vel
1705 794 1860 850 dimi-

273 870 384 937 dia,
409 873 506 929 sed
530 875 722 930 minor.
748 876 879 932 Nam
908 885 1241 948 septenarius
1263 897 1474 953 quoque
1501 883 1661 939 dividi
1687 895 1862 956 potest

274 961 331 1015 in
357 962 460 1019 tria
504 974 557 1018 et
589 976 833 1036 quatuor,
863 975 916 1023 et
952 969 1256 1025 octonarius
1293 972 1344 1025 in
1388 974 1483 1028 tria
1510 984 1564 1030 et
1591 977 1855 1047 quinque,

270 1064 327 1107 et
349 1056 681 1111 novenarius
707 1058 757 1111 in
785 1060 881 1113 tria
907 1070 960 1114 et
986 1076 1076 1115 sex
1100 1079 1113 1115 :
1134 1062 1228 1117 sed
1254 1063 1447 1119 nullius
1474 1064 1661 1121 horum
1681 1077 1859 1139 potest

270 1144 379 1201 dici
410 1150 672 1203 ternarius
696 1159 854 1221 quota
892 1152 960 1206 sit
996 1169 1137 1222 pars,
1171 1156 1270 1209 nisi
1302 1165 1503 1212 tantum
1546 1161 1853 1229 novenarii,

270 1240 428 1306 cujus
458 1255 583 1309 pars
611 1242 765 1298 tertia
810 1252 924 1311 est,
971 1246 1109 1300 sicut
1154 1248 1349 1303 senarii
1395 1248 1631 1305 dimidia.
1675 1250 1857 1322 Itaque

269 1330 465 1386 borum
498 1334 735 1389 omnium
760 1353 894 1406 quos
930 1341 1370 1409 commemoravi,
1398 1344 1573 1399 nullus
1602 1359 1855 1400 consum-

270 1434 450 1479 matur
477 1443 544 1481 ex
572 1428 773 1499 aliquot
800 1431 1078 1496 ternariis,
1110 1431 1210 1487 nisi
1254 1435 1497 1490 senarius
1536 1445 1590 1491 et
1625 1453 1856 1493 novena-

265 1516 401 1571 rius.
427 1517 560 1572 Nam
587 1519 677 1576 ille
706 1531 913 1577 constat
938 1539 1005 1578 ex
1031 1522 1237 1580 duobus
1254 1527 1522 1594 ternariis,
1552 1526 1651 1584 iste
1674 1537 1852 1585 autem

265 1620 333 1661 ex
364 1607 557 1664 tribus.
1710 1683 1713 1686 ἠ

343 1699 403 1753 5.
443 1700 695 1756 Senarius
742 1718 869 1773 ergo
912 1720 1201 1776 numerus,
1244 1718 1303 1764 ut
1337 1710 1514 1768 dicere
1547 1728 1846 1786 cmperam.

263 1791 513 1859 partibus
548 1794 656 1848 suis
694 1799 1087 1853 connumeratis
1111 1810 1165 1856 et
1190 1801 1240 1856 in
1269 1818 1529 1861 summam
1564 1808 1763 1877 ductis,
1798 1813 1849 1866 in

264 1894 326 1935 se
365 1874 685 1953 completur.
731 1887 833 1941 Alii
882 1904 1110 1960 namque
1158 1903 1280 1948 sunt
1329 1900 1573 1968 numeri,
1624 1917 1848 1971 quorum

262 1981 449 2041 partes
476 1976 636 2029 simul
672 1976 843 2033 ducta:
886 1980 1144 2036 minorem
1185 1997 1445 2041 summam
1490 1989 1719 2059 faciunt,
1761 1995 1849 2049 alii

261 2079 394 2120 vero
411 2068 722 2137 ampliorem
749 2087 761 2123 :
791 2073 949 2126 certis
980 2090 1105 2130 vero
1132 2076 1527 2136 intervallorum
1558 2086 1851 2143 rationibus

262 2159 550 2225 pauciores
576 2161 933 2231 inveniuntur,
956 2166 1044 2235 qui
1072 2168 1182 2222 suis
1204 2171 1439 2239 partibus
1459 2178 1845 2250 compleantur,

260 2265 489 2319 quarum
513 2267 720 2308 summa
741 2271 840 2309 nec
859 2257 989 2311 citra
1016 2258 1242 2326 insistat,
1273 2280 1372 2321 nec
1394 2267 1528 2322 ultra
1551 2283 1844 2341 excrescat,

260 2343 357 2397 sed
385 2344 451 2398 ad
478 2353 682 2400 tantum
723 2358 998 2415 occurrat,
1043 2363 1271 2422 quantus
1315 2366 1397 2412 est
1440 2360 1555 2431 ipse
1596 2380 1849 2421 numerus

260 2441 417 2510 cujus
462 2455 642 2513 partes
680 2455 823 2501 sunt.
855 2448 1054 2504 Horum
1085 2454 1285 2521 primus
1315 2456 1557 2512 senarius
1582 2465 1683 2513 est.
1713 2458 1847 2513 Nam

262 2534 421 2588 unius
450 2536 504 2589 in
532 2541 768 2595 numeris
795 2542 952 2596 nullae
976 2553 1156 2613 partes
1180 2555 1321 2601 sunt.
1347 2547 1435 2603 Sic
1474 2550 1615 2605 enim
1654 2550 1850 2607 dicitur

262 2642 428 2681 unum
448 2628 501 2681 in
526 2634 759 2687 numeris
787 2635 978 2705 quibus
1006 2654 1346 2695 numeramus
1367 2682 1381 2708 ,
1413 2650 1469 2696 ut
1510 2658 1616 2697 non
1655 2642 1849 2699 habeat

259 2714 544 2773 dimidium
590 2723 666 2777 vel
714 2723 944 2794 aliquam
991 2739 1229 2797 partem,
1259 2733 1350 2786 sed
1381 2748 1504 2788 vere
1545 2750 1610 2790 ac
1637 2752 1767 2805 pure
1794 2746 1851 2792 et

258 2811 577 2880 simpliciter
603 2831 763 2870 unum
791 2818 879 2873 sit.
907 2818 1142 2875 Duorum
1177 2831 1354 2878 autem
1386 2841 1509 2894 pars
1533 2843 1695 2882 unum
1732 2836 1846 2899 est,

258 2909 314 2955 et
336 2917 404 2956 ea
431 2903 670 2972 dimidia,
703 2923 802 2963 nec
840 2910 947 2964 ulla
989 2912 1174 2967 altera.
1224 2914 1510 2972 Ternarius
1544 2935 1671 2974 vero
1714 2921 1848 2978 duas

258 2990 458 3061 habet,
503 3013 657 3051 unam
703 3015 821 3069 qua:
862 3002 966 3057 dici
1013 3005 1179 3074 possit
1223 3017 1383 3076 quota
1428 3010 1530 3075 sit,
1576 3011 1718 3079 quod
1764 3024 1848 3068 est

256 3100 462 3154 nullm,
488 3105 610 3144 nam
652 3094 803 3147 tertia
844 3095 958 3165 ejus
997 3104 1110 3164 est;
1139 3108 1193 3153 et
1229 3100 1385 3154 aliam
1429 3102 1683 3172 majorem
1728 3119 1847 3176 quae

257 3194 367 3235 non
402 3185 571 3251 possit
596 3185 699 3239 dici
730 3195 889 3255 quota
920 3188 1025 3254 sit,
1056 3190 1107 3243 id
1132 3199 1215 3245 est
1237 3191 1345 3247 duo
1370 3211 1383 3247 :
1406 3208 1508 3250 nec
1532 3194 1690 3264 hujus
1718 3211 1845 3265 ergo

258 3284 440 3341 partes
469 3277 768 3345 computari
796 3288 1016 3347 possunt
1045 3280 1170 3349 illae,
1202 3282 1268 3337 de
1297 3284 1489 3352 quibus
1525 3286 1729 3355 agimus
1747 3326 1765 3353 ,
1792 3287 1843 3342 id

256 3374 337 3417 est
359 3382 480 3434 qua:
506 3367 611 3421 dici
639 3379 861 3438 possunt
901 3382 1076 3441 quota:
1106 3374 1230 3428 sint.
1274 3375 1440 3431 Porro
1479 3380 1845 3447 quaternarius

252 3451 391 3509 duas
432 3456 593 3513 habet
642 3462 808 3516 tales:
836 3477 954 3515 nam
992 3479 1183 3528 unum,
1222 3475 1407 3535 quarta
1436 3468 1550 3537 ejus
1576 3477 1686 3536 est;
1714 3469 1841 3539 duo,

251 3545 513 3610 dimidia;
552 3550 647 3605 sed
692 3552 862 3607 amba:
889 3554 941 3608 in
970 3570 1230 3611 summam
1258 3557 1430 3616 ducta:
1451 3602 1464 3625 ,
1494 3560 1544 3614 id
1569 3570 1651 3616 est
1677 3578 1841 3617 unum

251 3648 305 3692 et
328 3638 439 3694 duo
468 3642 662 3709 simul,
697 3646 983 3702 ternarium
1022 3647 1252 3717 faciunt,
1280 3667 1387 3705 non
1417 3657 1838 3721 quaternarium.

249 3727 371 3785 Non
402 3748 533 3802 ergo
562 3750 681 3789 eum
708 3738 976 3807 complent
1011 3749 1190 3810 partes
1218 3756 1357 3811 suae,
1382 3745 1503 3813 quia
1546 3747 1598 3799 in
1635 3764 1841 3805 summa

248 3821 465 3878 minore
494 3827 809 3882 consistunt.
842 3830 1128 3895 Quinarius
1170 3849 1277 3888 non
1325 3835 1485 3890 habet
1531 3838 1687 3894 talem
1737 3842 1839 3897 nisi

250 3930 432 3981 unam,
466 3917 518 3972 id
540 3928 623 3973 est
646 3920 816 3989 ipsum
846 3938 1008 3977 unum
1029 3966 1044 3991 ,
1069 3941 1186 3994 qua:
1214 3926 1395 3996 quinta
1422 3942 1542 3997 pars
1567 3930 1683 3999 ejus
1709 3939 1791 3986 est
1822 3952 1838 3989 :

247 4023 373 4063 nam
403 4018 460 4064 et
483 4009 589 4065 duo
618 4014 860 4081 quamvis
901 4031 1022 4084 pars
1056 4017 1172 4087 ejus
1215 4018 1390 4073 minor
1414 4021 1484 4075 sit
1511 4030 1565 4075 et
1592 4023 1688 4076 tria
1720 4039 1838 4078 ma-

237 4097 366 4167 jor;
410 4111 600 4156 neutra
642 4114 815 4160 tamen
846 4122 1029 4162 earum
1055 4108 1157 4163 dici
1190 4120 1363 4179 potest
1386 4122 1546 4181 quota
1574 4130 1695 4183 pars
1722 4116 1838 4186 ejus

243 4190 333 4244 sit.
372 4190 629 4247 Senarius
654 4212 782 4251 vero
825 4206 935 4253 tres
974 4209 1155 4268 partes
1180 4202 1313 4256 tales
1351 4202 1543 4269 habet,
1590 4215 1793 4262 sextam
1817 4251 1832 4278 ,

246 4284 484 4350 tertiam,
512 4285 785 4342 dimidiam
805 4309 819 4345 :
839 4300 985 4345 sexta
1012 4292 1146 4361 ejus,
1180 4310 1341 4349 unum
1367 4304 1484 4363 est;
1508 4300 1682 4364 tertia,
1705 4300 1832 4369 duo,

240 4373 488 4443 dimidia,
508 4379 627 4432 tria.
662 4380 754 4435 Hae
781 4394 956 4438 autem
984 4394 1162 4454 partes
1188 4388 1239 4441 in
1269 4403 1531 4445 summam
1559 4392 1751 4462 ducta),
1781 4396 1833 4451 id

241 4477 325 4518 εει
373 4483 535 4521 unum
565 4478 617 4523 et
637 4470 742 4525 duo
769 4481 824 4527 et
854 4475 974 4541 tria,
1000 4475 1156 4531 simul
1181 4479 1428 4535 eumdem
1458 4497 1832 4542 consummant

240 4558 629 4629 perliciuntque
653 4565 938 4619 senarium.

312 4650 365 4700 4.
410 4649 526 4703 Jam
574 4656 1042 4721 septenarius'non
1076 4659 1237 4716 habet
1281 4664 1436 4720 talem
1482 4676 1682 4736 partem
1728 4674 1828 4727 nisi

240 4738 523 4804 septimam
547 4783 562 4807 ,
595 4745 734 4812 quod
757 4756 838 4801 est
858 4765 1041 4804 unum.
1064 4750 1378 4809 Octonarius
1402 4766 1525 4823 tres,
1553 4770 1789 4817 octavam
1810 4805 1827 4832 ,

239 4836 515 4894 quartam,
549 4831 822 4889 dimidiam
844 4881 856 4900 ,
892 4838 943 4892 id
988 4851 1067 4895 est
1108 4858 1271 4897 unum
1293 4887 1308 4911 ,
1338 4846 1445 4903 duo
1471 4860 1523 4903 et
1550 4864 1779 4920 quatuor
1808 4872 1822 4909 :

239 4918 333 4972 sed
372 4919 455 4974 ha:
486 4924 643 4978 simul
672 4926 846 4983 ductae
876 4936 1231 5001 septenarium
1278 4937 1475 4994 faciunt
1512 4918 1645 4998 infra
1694 4947 1826 5009 insi-

236 5019 467 5068 stentem
493 5058 508 5082 ,
554 5033 661 5074 non
700 5036 826 5090 ergo
870 5026 1140 5095 complent
1184 5031 1429 5085 eumdem
1473 5039 1821 5093 octonarium.

232 5102 571 5163 Novenarius
612 5110 745 5166 duas
784 5113 969 5182 habet,
1015 5134 1239 5187 nonam,
1273 5124 1411 5190 quod
1436 5135 1518 5179 est
1544 5144 1739 5197 unum;
1772 5142 1826 5187 et

234 5199 472 5267 tertiam,
501 5203 640 5271 quod
682 5216 763 5261 est
804 5207 899 5261 tria
930 5228 943 5263 :
978 5209 1060 5264 hae
1096 5221 1273 5266 autem
1318 5216 1506 5283 simul,
1535 5228 1823 5288 quaterna-

230 5288 372 5341 rium
405 5289 606 5347 faciunt
634 5294 791 5365 longe
816 5301 1104 5354 novenario
1125 5303 1404 5359 minorem.
1438 5308 1692 5365 Denarius
1714 5322 1821 5367 tres

232 5379 394 5436 habet
434 5386 569 5439 tales
610 5398 820 5455 partes;
850 5407 1011 5445 unum
1060 5392 1351 5465 decimam,
1398 5398 1504 5455 duo
1545 5404 1814 5472 quintam,

230 5473 468 5542 quinque
492 5474 801 5546 dimidiam,
834 5481 922 5551 qui
954 5484 1161 5539 numeri
1191 5486 1344 5542 simul
1372 5490 1512 5545 ducti
1559 5495 1624 5547 ad
1666 5506 1815 5552 octo—

229 5562 441 5619 narium
488 5570 838 5638 perveniunt,
884 5590 988 5628 non
1032 5576 1098 5629 ad
1144 5577 1438 5634 denarium.
1487 5582 1816 5644 Undenarius

228 5668 334 5707 non
383 5656 545 5712 habet
587 5661 686 5715 nisi
736 5663 904 5719 solam
930 5666 1291 5737 undecimam,
1322 5672 1458 5725 sicut
1484 5680 1814 5743 septenarius

228 5745 395 5801 solam
427 5750 742 5823 septimam,
770 5765 824 5810 et
852 5757 1124 5824 quinarius
1155 5762 1319 5814 solam
1350 5765 1604 5831 quintam,
1632 5778 1687 5822 et
1709 5778 1814 5825 ter-

227 5838 409 5894 narius
446 5842 616 5897 solam
656 5846 895 5914 tertiam,
924 5858 977 5903 et
1001 5850 1237 5907 binarius
1285 5856 1452 5910 solam
1498 5857 1806 5932 dimidiam,

512 5933 719 5998 Sacr
753 5980 766 5995 .
815 5940 1090 6001 Ausus'r.
1136 5942 1246 6004 ΙΙΙ.

1623 403 1823 459 LIBER
1861 404 2205 474 QUARTUS.

3438 429 3546 490 298

1971 520 2110 589 quod
2137 521 2188 575 in
2216 522 2460 581 omnibus
2486 540 2650 582 unum
2686 537 2788 603 est.
2818 529 3179 592 Duodenarius
3215 551 3345 596 vero
3381 546 3547 611 parti-

1969 608 2069 664 bus
2096 612 2206 667 suis
2232 613 2423 676 talibns
2448 617 2603 672 simul
2626 619 2818 689 ductis,
2852 639 2955 680 non
2981 625 3094 695 ipse
3121 608 3540 703 consummatur,

1968 700 2062 756 sed
2101 704 2373 761 exceditur
2398 723 2413 775 ;
2441 711 2748 779 ampliorem
2777 713 2971 785 quippe
2998 716 3323 778 duodenario
3347 700 3537 781 nume;

1968 808 2087 848 rum
2126 794 2371 854 faciunt:
2411 817 2530 856 nam
2576 820 2741 875 usque
2783 807 2849 862 ad
2895 810 3160 867 sexdecim
3206 818 3536 884 perveniunt.

1970 883 2137 942 liabet
2164 889 2303 944 enim
2326 906 2416 946 eas
2437 895 2687 965 quinque,
2716 897 3106 969 duodecimam,
3130 883 3355 972 sentam,
3382 924 3541 979 quar-

1965 986 2092 1045 tam,
2126 982 2364 1050 tertiam,
2397 985 2664 1042 dimidiam
2694 1007 2707 1044 :
2736 1007 2857 1047 nam
2884 993 3193 1052 duodecima
3228 999 3345 1070 ejus
3374 1019 3539 1061 unum

1963 1078 2078 1136 est;
2108 1082 2283 1142 sexta,
2314 1075 2452 1143 duo;
2478 1090 2693 1149 quarta,
2723 1084 2854 1152 tria;
2886 1089 3059 1156 tertia,
3084 1099 3335 1163 quatuor;
3380 1096 3538 1153 dimi-

1963 1159 2070 1227 dia,
2098 1178 2191 1219 sex
2215 1183 2228 1219 :
2256 1182 2418 1222 unum
2458 1181 2633 1226 autem
2654 1216 2669 1241 ,
2698 1185 2752 1230 et
2784 1175 2889 1231 duo
2911 1220 2923 1242 ,
2957 1189 3013 1235 et
3040 1159 3141 1238 tria
3160 1226 3177 1253 ,
3208 1193 3263 1241 et
3286 1159 3535 1261 quatuor,

1961 1261 2016 1308 et
2044 1271 2156 1321 sex,
2186 1258 2238 1312 in
2262 1274 2521 1317 summam
2551 1265 2703 1321 ducta
2733 1270 2995 1326 sexdecim
3023 1286 3163 1330 sunt.

2032 1346 2084 1401 5.
2112 1348 2177 1403 Et
2204 1366 2272 1405 ne
2301 1353 2482 1409 multis
2510 1372 2707 1425 morer,
2734 1358 2785 1414 in
2817 1362 3018 1419 infinita
3035 1368 3173 1423 serie
3191 1386 3533 1431 numerorum

1960 1435 2139 1505 plures
2167 1444 2369 1497 numeri
2398 1448 2754 1517 reperiuntur,
2781 1454 2870 1522 qui
2914 1456 3041 1511 tales
3082 1468 3257 1529 partes
3299 1474 3391 1519 aut
3427 1484 3533 1522 non

1961 1524 2158 1582 habent
2182 1532 2281 1586 nisi
2310 1534 2571 1605 singulas,
2603 1539 2736 1595 sicut
2760 1551 3048 1615 ternarius,
3076 1524 3130 1606 et
3157 1555 3448 1627 quinarius,
3480 1570 3533 1617 et

1959 1619 2134 1673 caeteri
2166 1621 2459 1692 ejusmodi;
2488 1638 2578 1682 aut
2600 1630 2668 1685 ita
2693 1632 2871 1701 plures
2894 1637 3089 1694 habent
3105 1619 3234 1700 tales
3260 1619 3458 1719 partes,
3478 1662 3535 1707 ut

1957 1708 2010 1763 in
2025 1727 2183 1766 unum
2202 1714 2372 1772 ductae
2392 1727 2548 1790 atque
2570 1714 2623 1777 in
2641 1739 2900 1783 summam
2925 1732 3152 1790 redacta;
3172 1740 3255 1794 vel
3272 1741 3536 1799 citrainsi-

1957 1812 2115 1869 stant,
2131 1806 2265 1861 sicut
2282 1817 2363 1864 est
2383 1816 2703 1884 octonarius,
2725 1828 2776 1873 et
2795 1825 3110 1881 novenarius
3129 1838 3181 1882 et
3197 1830 3283 1886 alii
3301 1834 3527 1904 plurimi,

1959 1896 2044 1949 vel
2076 1897 2209 1951 ultra
2236 1903 2522 1969 excedant,
2558 1908 2691 1963 sicut
2717 1910 3062 1972 duodecimus
3088 1928 3141 1974 et
3166 1896 3533 1997 duod'evigesi;

1953 2000 2095 2057 mus,
2113 1997 2166 2043 et
2180 1992 2331 2046 multi
2345 1995 2492 2050 tales.
2514 1997 2696 2055 Plures
2707 2016 2831 2073 ergo
2846 2008 3182 2075 reperiuntur
3194 1992 3421 2084 quilibet
3429 2020 3530 2074 ho-

1954 2092 2091 2144 rum,
2111 2095 2266 2150 quam
2296 2084 2370 2139 illi
2387 2087 2473 2155 qui
2490 2089 2701 2157 perfecti
2716 2106 2986 2165 vocantur,
3006 2116 3072 2155 eo
3088 2105 3229 2173 quod
3248 2110 3357 2163 suis
3376 2112 3532 2168 simul

1954 2167 2125 2225 ductis
2166 2173 2355 2229 talibus
2394 2180 2628 2245 partibus
2663 2186 3044 2255 compleantur.
3077 2167 3206 2251 Nam
3234 2209 3354 2267 post
3379 2216 3533 2259 sena-

1953 2259 2089 2313 rium
2116 2262 2595 2337 duodetrigesimus
2621 2273 2902 2346 invenitur,
2933 2283 3019 2350 qui
3048 2285 3290 2344 similiter
3315 2293 3427 2348 suis
3454 2303 3533 2350 ta-

1953 2348 2093 2404 libus
2118 2355 2355 2421 partibus
2375 2368 2578 2415 constat
2606 2380 2619 2416 :
2643 2362 2801 2420 habet
2835 2348 2974 2424 enim
3009 2388 3098 2427 eas
3126 2377 3358 2451 quinque
3386 2348 3531 2456 vige-

1953 2439 2142 2496 simam
2174 2456 2439 2519 octavam,
2473 2457 2999 2529 quartamdecimam,
3031 2469 3342 2543 septimam,
3374 2493 3530 2546 quar-

1954 2540 2083 2598 tam,
2117 2536 2418 2607 dimidiam;
2449 2543 2499 2597 id
2527 2554 2608 2599 est
2636 2564 2795 2603 unum
2815 2592 2829 2616 ,
2873 2562 2927 2607 et
2962 2555 3066 2611 duo
3082 2536 3103 2623 ,ν
3124 2570 3178 2614 et
3206 2536 3445 2637 quattuor,
3476 2577 3531 2624 et

1953 2637 2188 2694 septem,
2219 2640 2273 2684 et
2305 2636 2732 2706 quattuordecim;
2755 2656 2871 2711 quae
2895 2646 3048 2701 simul
3079 2650 3251 2709 ductas
3280 2636 3525 2714 eumdem

1950 2714 2451 2791 duodetrigesimum
2480 2730 2939 2799 complent:liunt
2980 2742 3119 2797 enim
3160 2745 3341 2817 viginti
3381 2760 3523 2807 octo.

1951 2806 2018 2860 Et
2037 2818 2234 2877 quanto
2256 2829 2596 2873 numerorum
2625 2822 2755 2877 ordo
2780 2806 3529 2906 pmcedit,tantopr(iduuio-

1951 2898 2098 2953 ribus
2144 2917 2244 2972 pro
2287 2915 2399 2960 rata
2440 2912 2681 2977 portione
2708 2916 2725 2946 ί
2750 2907 3046 2979 intervallis
3087 2898 3425 2996 reperiuntur
3472 2936 3525 2991 hi

1949 2995 2155 3047 numeri
2178 3037 2192 3061 ,
2215 2997 2303 3066 qui
2328 2999 2437 3055 suis
2460 3003 2645 3059 talibus
2666 3010 2900 3076 partibus
2921 3014 2971 3067 in
2994 3031 3250 3075 summam
3275 3025 3523 3097 redactis,

1948 3082 2014 3136 ad
2056 3085 2260 3154 seipsos
2300 3105 2614 3162 occurrunt,
2650 3096 3001 3174 dicunturque
3026 3106 3272 3177 perfecti:
3290 3082 3523 3182 Quorum

1948 3175 2088 3228 enim
2140 3192 2480 3237 numerorum
2524 3186 2653 3242 tales
2696 3200 2873 3260 partes
2904 3196 3060 3251 simul
3087 3200 3258 3257 ducta:
3288 3223 3390 3262 non
3422 3209 3523 3264 im-

1948 3265 2096 3332 plent
2124 3270 2339 3324 eosdem
2366 3288 2617 3331 numeros
2643 3295 2864 3348 quorum
2896 3296 3075 3355 partes
3094 3303 3245 3359 sunt,
3277 3296 3498 3369 imperfe

1947 3358 2016 3410 cti
2044 3362 2416 3419 nominantur:
2441 3383 2663 3436 quorum
2686 3382 2861 3430 autem
2891 3379 3047 3435 etiam
3076 3358 3371 3458 excedunt,
3404 3394 3524 3463 plus

1946 3464 2102 3519 quam
2132 3455 2353 3523 perfecti
2375 3462 2726 3529 appellantur.

2017 3542 2071 3598 6.
2111 3544 2354 3603 Perfecto
2383 3566 2508 3621 ergo
2541 3570 2762 3612 numero
2789 3559 2996 3618 dierum
3015 3607 3028 3629 ,
3057 3566 3159 3625 hoc
3181 3579 3262 3626 est
3290 3579 3518 3647 senario,

1943 3638 2165 3705 perfecit
2189 3640 2330 3696 Deus
2357 3659 2516 3712 opera
2543 3663 2635 3703 sua
2664 3666 2779 3720 qme
2817 3654 2958 3709 fecit.
2990 3658 3063 3713 Ita
3091 3663 3233 3719 enim
3265 3638 3517 3739 scriptum

1943 3737 2026 3781 est
2053 3746 2066 3781 :
2090 3728 2162 3783 Et
2186 3739 2548 3792 consummavit
2571 3738 2708 3795 Deus
2732 3744 2785 3797 in
2813 3746 2894 3800 die
2919 3761 3058 3807 sexto
3083 3754 3103 3784 ²
3130 3771 3281 3827 Opera
3299 3728 3392 3813 suo
3412 3778 3523 3832 qum

1938 4290 2062 4335 sunt
2090 4283 2281 4352 quibus
2306 4296 2540 4355 constat;
2570 4309 2751 4363 unum,
2780 4309 2959 4363 sexta;
2991 4303 3115 4371 duo,
3161 4312 3311 4363 tertia
3330 4283 3354 4376 ;’
3374 4315 3469 4368 tria
3493 4358 3507 4383 ,

1939 4370 2154 4426 dimidia
2187 4391 2199 4424 :
2228 4375 2297 4428 ita
2328 4392 2435 4433 uno
2460 4380 2546 4435 die
2580 4383 2712 4438 facta
2742 4398 2825 4441 est
2850 4390 2939 4445 lux
2958 4434 2971 4455 ,
3002 4370 3206 4452 duobus
3229 4370 3401 4456 autem
3430 4370 3514 4460 se:

1936 4461 2219 4529 quentibus
2245 4463 2441 4522 fabrica
2467 4473 2646 4526 mundi
2679 4475 2867 4545 hujus;
2900 4496 3006 4535 uno
3026 4488 3267 4554 superior
3288 4508 3427 4560 pars,
3459 4495 3510 4548 id

1936 4562 2018 4607 est
2043 4555 2430 4613 firmamentum
2454 4603 2467 4626 ,
2500 4563 2666 4620 altero
2692 4567 2931 4636 inferior,
2963 4574 3014 4628 id
3051 4587 3131 4631 est
3160 4596 3303 4636 mare
3331 4594 3383 4639 et
3409 4594 3512 4640 ter-

1936 4660 1991 4697 ra
2014 4663 2025 4697 :
2050 4646 2143 4700 sed
2173 4659 2371 4716 partem
2395 4654 2719 4721 superiorem
2745 4661 2900 4715 nullis
2928 4665 3297 4725 alimentorum
3324 4690 3510 4746 corpo-

1933 4735 2122 4788 ralium
2152 4740 2434 4806 generibus
2462 4743 2715 4813 implevit,
2748 4752 2866 4820 quia
2888 4770 2992 4808 non
3014 4757 3084 4811 ibi
3111 4772 3221 4815 erat
3244 4767 3508 4832 positurus

1932 4842 2153 4897 corpora
2174 4831 2263 4885 tali
2286 4833 2573 4893 refectione
2594 4840 2907 4914 indigentia;
2927 4859 2981 4903 at
3001 4831 3324 4925 inferiorem,
3349 4877 3506 4930 quam

1931 4922 2029 4976 sibi
2060 4929 2471 4995 congruentibus
2497 4936 2810 4994 animalibus
2840 4957 3126 5002 ornaturus
3151 4963 3284 5016 erat,
3318 4970 3507 5010 neces-

1929 5016 2084 5068 sariis
2129 5032 2313 5074 eorum
2356 5022 2655 5093 indigentia:
2695 5032 2990 5090 cibis‘ante
3026 5038 3228 5094 ditavit.
3272 5043 3506 5115 Reliquis

1927 5120 2054 5176 ergo
2080 5111 2246 5165 tribus
2288 5114 2475 5170 diebus
2501 5134 2560 5171 ea
2592 5133 2764 5176 creata
2810 5137 2962 5193 sunt,
3012 5147 3131 5199 quae
3176 5134 3309 5187 intra
3357 5152 3507 5191 mun-

1927 5197 2081 5263 dum,
2115 5202 2164 5255 id
2203 5214 2284 5256 est
2326 5206 2459 5261 intra
2511 5211 2663 5266 istam
2696 5216 3088 5274 universitatem
3132 5225 3391 5280 visibilem
3438 5245 3505 5285 ex

1926 5290 2203 5347 elementis
2231 5298 2475 5352 omnibus
2502 5300 2724 5369 lactant,
2759 5307 2982 5363 visibilia
3020 5314 3129 5367 suis
3166 5322 3219 5369 et
3258 5320 3507 5387 congruis

1925 5385 2155 5440 motibus
2181 5401 2504 5457 agerentur:
2538 5397 2706 5465 primo
2739 5400 2789 5453 in
2830 5403 3162 5461 firmamento
3199 5409 3497 5480 luminaria,

1924 5478 2042 5545 quia
2073 5478 2217 5547 prius
2247 5490 2361 5536 erat
2398 5482 2589 5542 factum
2624 5489 3044 5562 firmamentum;
3071 5498 3261 5556 deinde
3290 5502 3342 5556 in
3371 5478 3502 5561 infe-

1985 5630 2285 5742 :tgggeplures
2306 5648 2361 5686 ac
2381 5636 2596 5692 melioris
2615 5651 2743 5694 noue
2784 5655 2889 5697 Mss.
2915 5657 2969 5699 At
2992 5652 3128 5713 editi,
3152 5668 3241 5719 pro
3259 5663 3365 5708 rata
3387 5672 3501 5723 pro-

1918 5704 2146 5752 portione.
3116 5704 3171 5719 ’⁷
3219 5704 3229 5707 ἡ
3289 5704 3363 5708 Ἦ
3387 5704 3469 5723 Γ*

1918 5755 2004 5843 ,εΒέ
2025 5758 2707 5843 nine‘s'eusis,septimo,juxta
2743 5774 3017 5843 versionem
3059 5779 3320 5843 vulgatam.
3357 5792 3411 5834 At
3450 5787 3497 5834 in

1917 5820 2877 5908 5.53.22.25310222253:!Lifzgtﬁs’iisquim
2895 5820 3365 5908 Ᾱιίὲίιείίῖιίιῗὲιὶῐῖε»
3389 5820 3437 5896 ἶιο
3450 5820 3497 5908 ἶ

1922 5884 1972 5924 et
1996 5883 2167 5940 passim
2194 5883 2387 5943 [»ro?'crt,
2411 5883 2460 5932 in
2485 5883 2561 5935 dit"
2582 5898 2730 5941 serto.

2865 5984 3097 6054 {Diam}
