4074 6356
570 430 677 487 299
852 492 861 499 Ι
1506 425 1596 482 DE
1632 425 1877 484 GENESI
1914 427 2006 483 AD
2041 426 2415 498 LITTERAM,
2454 429 2513 488 S.
2552 428 2921 489 AUGUSTINI
3730 440 3837 501 εσυ

570 548 714 605 riore
751 545 1076 615 animantia,
1100 544 1240 607 sicut
1274 543 1407 601 ordo
1433 543 1547 613 ipse
1574 543 1862 614 poscebat,
1899 558 2007 600 uno
2034 543 2142 612 die,
2160 525 2221 537 Μ

569 652 861 710 aquarum;
887 636 1025 704 alio,
1050 644 1331 693 terrarum.
1374 633 1484 689 Nec
1521 633 1799 705 quisquam
1822 633 1896 689 ita
1924 632 2147 695 demens

570 740 655 791 est
672 772 688 797 ,
721 740 777 793 ut
802 729 996 789 uideat
1018 727 1198 785 dicere
1220 744 1329 784 non
1358 726 1592 798 potuisse
1618 727 1780 782 Deum
1824 726 1999 785 facere
2040 742 2147 785 uno

569 822 661 881 die
674 830 889 891 cuncta,
912 822 962 879 si
985 819 1292 887 vellet;'aut
1312 818 1362 875 si
1390 817 1551 874 vellet
1574 816 1754 884 biduo,
1784 833 1891 873 uno
1917 816 2006 874 die
2032 814 2147 888 s‘pi-

567 917 813 977 ritualem
840 926 1158 985 crastinam,
1182 922 1239 971 et
1262 914 1369 975 alio
1394 914 1758 986 corporalem;
1786 913 1902 971 sive
1928 928 2036 970 uno
2056 911 2147 969 die

566 1010 764 1073 enim
802 1024 925 1069 cum
963 1006 1209 1065 omnibus
1249 1005 1660 1079 pertinentibus,
1701 1012 1756 1062 et
1797 1005 1902 1063 alio
1945 1014 2143 1061 terram

567 1120 691 1175 cum
728 1104 981 1167 omnibus
1020 1116 1142 1173 qua
1180 1100 1235 1157 in
1280 1115 1344 1158 ea
1386 1109 1542 1165 sunt;
1570 1109 1626 1171 et
1668 1099 1886 1155 omnino
1933 1096 2146 1168 quando

567 1196 757 1265 vellet,
792 1178 1042 1267 quamdiu
1087 1191 1275 1261 vellet,
1298 1198 1354 1248 et
1387 1189 1655 1264 quomodo
1693 1190 1886 1245 vellet:
1909 1188 2028 1259 quis
2063 1197 2148 1245 est

565 1288 658 1360 qui
678 1287 825 1345 dicat
852 1279 1108 1342 voluntaﬁ
1126 1283 1242 1356 ejus
1264 1282 1466 1354 aliquid
1494 1283 1730 1354 potuisse
1750 1278 2039 1338 resistere?

635 1376 863 1437 CAPUT
880 1376 976 1433 ιω.
998 1405 1070 1418 -
1086 1374 1167 1431 De
1188 1392 1249 1431 eo
1268 1374 1404 1447 quod
1428 1374 1674 1446 scriptum
1695 1381 1767 1429 est
1786 1371 1917 1445 Sap.
1947 1386 2025 1440 ιι,
2053 1369 2146 1437 21,

1022 1466 1205 1525 Omnia
1221 1468 1276 1523 in
1298 1482 1553 1533 mensura,
1584 1474 1689 1525 etc.

635 1562 689 1617 7.
727 1561 1060 1632 Quapropter
1083 1575 1206 1617 cum
1240 1575 1364 1619 eum
1390 1559 1614 1631 legimus
1635 1572 1733 1615 sex
1758 1555 1945 1615 diebus
1968 1554 2147 1613 omnia

564 1652 874 1725 perfecisse,
896 1660 956 1711 et
978 1652 1247 1709 senarium
1291 1665 1569 1708 numerum
1611 1648 2043 1716 considerantes,
2064 1647 2147 1707 iu-

564 1744 809 1803 veuimus
831 1758 953 1801 esse
976 1743 1270 1815 perfectum
1290 1784 1306 1812 ,
1334 1752 1494 1813 alque
1518 1742 1591 1797 ita
1614 1749 1979 1799 creaturarum
2005 1737 2150 1795 ordi-

565 1851 690 1894 nem
710 1850 949 1902 αιτιοι-θ,
970 1844 1031 1891 ut
1055 1835 1217 1891 etiam
1242 1834 1480 1905 ipsarum
1496 1833 1737 1907 partium
1759 1874 1775 1901 ,
1807 1831 1998 1903 quibus
2045 1830 2147 1895 iste

566 1944 820 1989 numerus
832 1929 1133 2002 .perticitur,
1150 1936 1403 2000 appareat
1418 1926 1573 1999 quasi
1599 1925 1817 1998 gradata
1842 1923 2144 1992 distinctio;

564 2022 745 2081 veniat
784 2021 946 2079 etiam
971 2019 1102 2079 illud
1132 2020 1185 2077 in
1215 2028 1484 2085 mentem,
1514 2016 1656 2087 quod
1698 2016 1804 2075 alio
1845 2015 1965 2072 loco
2004 2013 2148 2072 Scri-

556 2123 835 2187 pturarum
860 2113 910 2169 ei
934 2112 1149 2179 dicitur,
1180 2111 1364 2168 Omnia
1384 2110 1442 2167 in
1468 2125 1736 2175 mensura,
1768 2117 1817 2163 et
1850 2122 2078 2172 numero,
2099 2114 2147 2162 et

560 2206 784 2279 pondere
822 2204 1114 2277 disposuisti
1165 2203 1318 2277 (Sap.
1359 2218 1444 2269 xi,
1485 2200 1794 2274 2i);atque
1838 2200 1913 2255 ita
1950 2197 2149 2270 cogitet

560 2299 759 2368 anima,
786 2314 909 2375 quae
928 2306 1132 2370 .potest,
1162 2296 1411 2353 invocato
1428 2295 1491 2350 in
1516 2293 1772 2351 auxilium
1794 2292 1933 2361 Deo,
1962 2300 2018 2349 et
2044 2292 2145 2347 im-

560 2392 824 2463 pertiente
845 2402 1005 2462 atque
1028 2390 1320 2459 inspirante
1339 2389 1499 2454 vires,
1524 2397 1698 2443 utrum
1719 2387 1835 2443 lucc
1854 2385 1973 2454 tria,
1998 2402 2146 2441 men-

556 2498 707 2551 sura,
740 2492 992 2541 numerus
1012 2524 1026 2549 ,
1056 2482 1262 2553 pondus
1282 2522 1297 2549 ,
1326 2483 1383 2541 in
1406 2480 1600 2552 quibus
1623 2481 1792 2537 Deum
1820 2478 2147 2549 disposuisse

556 2580 739 2639 orariis
760 2579 1023 2650 scriptum
1045 2588 1158 2646 est,
1180 2586 1335 2635 erant
1353 2576 1548 2635 alicubi
1565 2586 1853 2648 antequam
1872 2582 2147 2631 crearetur

562 2672 806 2731 universa
842 2679 1117 2736 creatura,
1152 2685 1219 2727 an
1254 2670 1413 2726 etiam
1446 2670 1560 2740 ipsa
1600 2678 1780 2726 creata
1814 2677 1967 2733 sunt;
2005 2674 2061 2722 et
2094 2664 2146 2723 si

559 2772 716 2821 erant
749 2772 935 2830 antea,
968 2764 1055 2823 ubi
1083 2773 1258 2819 erant.
1298 2761 1481 2833 Neque
1500 2761 1645 2819 enim
1682 2769 1809 2819 ante
1846 2768 2145 2815 creaturam

563 2860 684 2909 erat
707 2853 904 2924 aliquid
926 2854 1029 2912 nisi
1055 2864 1283 2915 creator.
1308 2852 1367 2909 in
1393 2853 1510 2924 ipso
1528 2867 1658 2924 engo
1680 2861 1854 2907 erant.
1878 2850 1988 2907 Sed
2014 2863 2150 2920 quo-

562 2943 753 3000 modo?
777 2958 903 3005 nam
928 2953 985 3001 et
1011 2944 1113 3001 ista
1140 2960 1258 3014 (tua:
1291 2952 1473 2999 creata
1502 2952 1658 3012 sunt,
1686 2942 1744 2999 in
1767 2942 1884 3016 ipso
1909 2957 2030 2999 esse
2068 2942 2146 3001 le-

559 3036 734 3105 gimus
754 3035 931 3107 (Rom.
952 3052 1030 3104 ιι,
1053 3034 1143 3109 56)
1168 3051 1184 3088 :
1204 3050 1277 3091 an
1302 3035 1393 3091 illa
1418 3035 1558 3093 sicut
1568 3036 1715 3106 ipse,
1734 3035 1837 3090 ista
1855 3050 1985 3091 vero
2008 3035 2147 3093 sicut

558 3129 618 3185 in
660 3129 752 3187 illo
778 3144 811 3184 a
828 3143 943 3200 quo
981 3138 1238 3200 reguntur
1260 3138 1318 3184 et
1336 3127 1740 3201 gubernantur?
1766 3127 1837 3187 Et
1875 3125 2144 3198 quomodo

558 3220 649 3279 illa
666 3220 827 3293 ipse?
852 3219 1037 3292 Neque
1062 3219 1207 3276 enim
1238 3220 1377 3277 Deus
1408 3234 1656 3278 mensura
1681 3227 1792 3285 est,
1816 3222 1912 3275 aut
1952 3233 2143 3275 nume-

556 3326 671 3381 rus,
701 3321 794 3370 aut
820 3311 1058 3384 pondus,
1092 3321 1191 3369 aut
1224 3312 1334 3370 ista
1376 3310 1573 3368 omnia.
1620 3313 1705 3368 An
1748 3310 2047 3369 secundum
2088 3309 2143 3367 id

558 3406 704 3477 quod
728 3406 975 3464 novimus
1000 3419 1306 3461 mensuram
1333 3404 1392 3463 in
1417 3404 1494 3461 eis
1518 3400 1929 3475 quaemtimur,
1953 3409 2010 3459 et
2032 3417 2141 3479 nu-

556 3513 765 3555 merum
790 3498 847 3557 in
868 3499 953 3555 eis
978 3508 1101 3569 qua:
1116 3508 1489 3566 mutuamur,
1516 3508 1571 3554 et
1605 3496 1812 3568 pondus
1826 3497 1893 3553 lin
1912 3497 1994 3555 eis
2018 3512 2142 3567 quae

555 3589 939 3661 appendimus,
983 3605 1087 3647 non
1124 3597 1211 3646 est
1245 3590 1387 3645 Deus
1422 3587 1874 3649 istatsecundum
1914 3587 1967 3643 id
2011 3602 2142 3644 vero

556 3681 703 3754 quod
729 3695 980 3738 mensura
994 3682 1151 3739 omni
1174 3682 1257 3737 rei
1282 3680 1500 3737 modum
1528 3679 1778 3750 praeﬁgit,
1804 3687 1860 3736 et
1884 3692 2142 3737 numerus

556 3773 709 3830 omni
733 3774 814 3830 rei
838 3773 1071 3845 speciem
1102 3772 1333 3843 praebet,
1363 3780 1419 3828 et
1441 3770 1651 3842 pondus
1672 3784 2032 3829 omnem-rem
2071 3769 2141 3826 ad

554 3865 793 3936 quietem
818 3878 884 3920 sc
920 3863 1262 3931 stabilitatem
1290 3861 1484 3928 trahit,
1519 3862 1612 3919 ille
1638 3861 1890 3932 primitus
1910 3870 1966 3917 et
1988 3876 2142 3917 vera-

553 3956 690 4011 citer
716 3964 771 4012 et
802 3952 1140 4026 singulariter
1175 3953 1417 4021 istaest,
1456 3953 1548 4024 qui
1588 3953 1835 4011 terminat
1870 3953 2046 4007 omnia
2082 3961 2139 4011 et

550 4044 755 4103 format
767 4046 964 4113 omnia,
982 4055 1037 4103 et
1054 4044 1266 4103 ordinat
1291 4045 1469 4101 omnia
1487 4062 1505 4111 ;
1521 4045 1759 4116 nihilque
1776 4043 1918 4101 aliud
1936 4045 2137 4103 dictum

554 4138 891 4211 intelligitur,
915 4138 1187 4210 quomodo
1228 4153 1325 4211 per
1359 4153 1453 4195 cor
1496 4148 1551 4195 et
1586 4139 1818 4210 linguam
1848 4139 2137 4199 humanam

555 4232 757 4303 potuit,
784 4231 971 4289 Omnia
999 4232 1054 4289 in
1077 4246 1333 4298 malva,
1356 4239 1653 4300 unumne,
1690 4240 1740 4286 et
1785 4232 2006 4302 pondere
2038 4233 2139 4288 dis-

556 4324 791 4395 posuisti,
813 4323 937 4392 nisi,
954 4321 1148 4381 Omnia
1176 4323 1233 4379 lu
1254 4330 1310 4379 te
1335 4321 1680 4392 disposuisti?

621 4416 677 4473 8.
716 4415 965 4488 Magnum
1014 4423 1098 4471 est
1148 4414 1435 4487 paucisque
1478 4427 1835 4482 coemam,
1874 4415 2134 4472 excedere

554 4505 733 4562 omnia
754 4521 875 4577 quae
899 4504 1077 4563 metiri
1101 4514 1351 4577 possunt,
1376 4511 1436 4562 ut
1456 4503 1703 4563 videatur
1732 4520 1980 4563 mensura
2016 4508 2135 4564 sine

550 4598 1118 4666 mansurum
1142 4598 1322 4656 omnia
1351 4599 1762 4671 qumnumerari
1798 4607 2048 4671 possunt,
2076 4608 2136 4656 ut
2182 4626 2193 4635 -

555 4689 801 4747 videatur
821 4704 1078 4747 numaus
1092 4690 1211 4747 sine
1234 4704 1493 4758 numero;
1520 4690 1784 4749 excedere
1809 4692 1989 4749 omnia
2013 4708 2132 4763 qtae

549 4778 784 4852 appendi
804 4787 1046 4851 possunt,
1072 4788 1129 4836 ut
1146 4779 1393 4838 videatur
1416 4779 1622 4852 pondus
1646 4782 1767 4839 sine
1786 4783 2045 4854 pondere.

550 4871 778 4933 CAPUT
824 4871 915 4929 IV.
940 4871 1094 4929 -ιη
1133 4872 1242 4931 Deo
1276 4888 1385 4931 me
1412 4875 1836 4932 omnium
1859 4892 2128 4946 nume,

654 4965 1313 5035 mitissimo,
1342 4974 1389 5020 st
1426 4966 1755 5035 panditurhic
1782 4967 2020 5040 pandae.

616 5056 806 5130 Neque
826 5058 972 5115 enim
996 5073 1247 5116 mensura
1270 5067 1328 5115 et
1359 5074 1615 5117 numerus
1642 5068 1701 5117 et
1727 5060 1938 5132 pondus
1964 5061 2021 5119 in
2048 5062 2130 5119 la-

548 5151 762 5222 pidibus
782 5150 1152 5208 tantummodo
1174 5160 1235 5209 et
1257 5152 1416 5224 lignis
1444 5161 1608 5225 atque
1644 5153 1951 5226 huiusmodi
1976 5155 2132 5212 moli-

545 5246 683 5316 bus,
706 5257 762 5303 et
784 5247 1223 5318 quantiscumque
1262 5245 1629 5316 corporalibus
1668 5246 1753 5303 vel
1790 5247 2132 5305 terrestribus

548 5339 631 5395 vel
679 5338 988 5398 cmisstibus
1032 5338 1383 5396 sninmdverti
1426 5347 1482 5396 et
1523 5338 1743 5412 cogitari
1790 5348 1982 5411 potest.
2034 5341 2131 5397 Est

547 5431 711 5487 etiam
739 5444 986 5489 mensura
1004 5431 1209 5503 ὕψη
1241 5430 1433 5504 agendi
1452 5472 1467 5498 ,
1496 5446 1569 5487 ne
1593 5431 1663 5489 sit
1685 5430 2049 5489 irrevocabilis
2072 5441 2131 5489 et

548 5520 892 5578 immoderata
912 5522 1244 5601 progressio;
1266 5530 1321 5578 et
1337 5532 1421 5578 est
1438 5537 1691 5579 numerus
1712 5531 1768 5580 et
1790 5522 2128 5580 all‘ectionum

547 5615 711 5672 animi
736 5627 791 5674 et
811 5620 1084 5687 virtutum,
1109 5628 1217 5692 quo
1241 5617 1309 5674 ab
1328 5618 1561 5673 stultitim
1579 5616 1932 5687 deformitate,
1954 5616 2021 5675 ad
2036 5634 2129 5675 sa-

542 5709 758 5779 pientia:
800 5709 1024 5768 formam
1070 5710 1341 5784 decusque
1380 5709 1672 5780 colligitur;
1700 5718 1757 5765 et
1796 5718 1879 5765 est
1919 5710 2128 5779 pondus

545 5800 832 5858 voluntatis
859 5810 914 5860 et
936 5803 1169 5872 amoris,
1199 5802 1292 5859 ubi
1328 5810 1547 5874 apparet
1573 5802 1755 5873 quanti
1795 5801 2025 5874 quidque
2071 5804 2127 5860 in

539 5894 863 5967 appetendo,
902 5894 1172 5968 fugiando,
1216 5895 1593 5968 ρνωροηθιλάο,
1650 5897 2189 5984 postponendoque,,

2068 6038 2077 6043 ·
2126 6027 2181 6069 εἰ

2253 544 2516 617 pendatur
2538 563 2553 602 :
2575 545 2669 603 sed
2692 544 2806 605 haec
2829 546 3125 602 animorum
3153 556 3310 620 atque
3329 550 3586 608 mentium
3610 559 3667 609 et
3685 570 3838 613 meu-

2254 649 2379 693 sura
2402 637 2506 693 alia
2531 652 2781 694 mensura
2804 638 3100 707 cohibetur,
3122 647 3178 696 et
3203 654 3458 699 numerus
3474 642 3580 701 alio
3609 661 3838 705 numero

2253 728 2532 798 formatur,
2578 737 2635 787 et
2668 730 2878 801 pondus
2912 730 3019 787 alio
3060 732 3296 807 pondere
3332 734 3555 808 rapitur.
3582 730 3837 794 Mensura

2253 830 2431 876 autem
2453 821 2571 879 sine
2592 836 2840 878 mensura
2860 830 2942 879 est
2957 864 2976 893 ,
2997 824 3083 879 cui
3106 834 3345 897 aequatur
3362 825 3506 898 quod
3524 826 3591 884 de
3618 826 3710 884 illa
3729 837 3831 897 est,

2252 926 2354 969 nec
2377 911 2591 969 aliunde
2617 913 2731 986 ipsa
2757 921 2840 971 est
2856 930 2871 968 :
2889 930 3143 971 numerus
3169 915 3284 973 sine
3316 933 3538 975 numero
3579 926 3662 975 est
3684 961 3701 988 ,
3728 933 3838 992 quo

2251 998 2551 1060 formantur
2590 1004 2802 1074 omnia,
2847 1021 2947 1063 nec
2980 994 3247 1063 Tormatur
3284 1006 3436 1079 ipse:
3469 1008 3675 1085 pondus
3715 1008 3837 1065 sine

2251 1094 2487 1165 pondere
2527 1105 2637 1165 est,
2681 1113 2788 1170 quo
2828 1098 3133 1155 referuntur
3167 1108 3225 1156 ut
3252 1100 3564 1174 quiescant,
3607 1118 3835 1177 quorum

2251 1187 2405 1259 quies
2420 1203 2620 1261 parum
2638 1189 2890 1263 gaudium
2914 1198 3002 1249 est
3012 1232 3034 1261 ,
3062 1206 3164 1251 nec
3189 1191 3320 1250 illud
3337 1192 3452 1269 jam
3489 1192 3721 1252 refertur
3762 1192 3835 1251 ad

2252 1277 2414 1333 aliud.

2321 1367 2378 1427 9.
2416 1364 2523 1428 Sed
2567 1370 2782 1430 nomina
2808 1390 3072 1432 mensum
3106 1386 3163 1434 et
3203 1378 3411 1436 numeri
3439 1388 3496 1436 et
3530 1378 3788 1453 ponderis
3810 1422 3828 1451 ,

2250 1461 2491 1534 quisquis
2536 1463 2749 1521 nonnisi
2794 1464 3073 1525 visibiliter
3123 1469 3290 1537 novit,
3342 1469 3608 1527 serviliter
3662 1472 3832 1531 novit.

2250 1548 2616 1611 Transcendat
2640 1554 2819 1629 itaque
2844 1572 3005 1615 omne
3031 1558 3173 1630 quod
3211 1559 3286 1616 ita
3311 1560 3478 1628 novit,
3502 1570 3597 1617 aut
3623 1552 3669 1617 si
3694 1577 3837 1617 non-

2250 1644 2377 1702 dum
2418 1656 2611 1719 potest,
2651 1664 2755 1711 nec
2780 1650 2910 1723 ipsis
2951 1652 3254 1723 nominibus
3281 1652 3504 1723 haereat,
3550 1653 3619 1710 de
3643 1648 3836 1725 quibus

2249 1738 2484 1810 cogitare
2508 1741 2610 1797 nisi
2649 1741 2862 1799 sordide
2901 1759 3012 1801 non
3046 1754 3245 1819 potest.
3290 1746 3461 1803 Tanto
3498 1747 3640 1803 enim
3665 1750 3837 1820 magis

2248 1832 2440 1905 cuique
2466 1833 2568 1890 ista
2604 1834 2661 1891 in
2693 1837 3056 1909 superioribus
3096 1839 3257 1913 cbara
3284 1849 3453 1910 sunt,~
3478 1850 3674 1913 quanto
3719 1843 3837 1912 ipse

2249 1925 2427 1983 minus
2449 1934 2533 1985 est
2561 1927 2619 1984 in
2642 1927 2984 1988 inferioribus
3012 1948 3158 1989 caro.
3195 1932 3349 2003 Quod
3385 1933 3432 1991 si
3458 1950 3566 1990 non
3592 1934 3705 1990 vult
3729 1934 3835 1989 ali-

2249 2018 2370 2088 quis
2387 2035 2450 2075 ea
2476 2021 2751 2088 vocabula,
2777 2038 2895 2094 qua:
2914 2014 3148 2081 in’rebus
3170 2025 3367 2082 inlimis
3390 2033 3449 2083 et
3459 2026 3834 2098 abjectissimis

2249 2100 2452 2179 didicit,
2479 2110 2769 2170 transferre
2795 2114 2863 2171 ad
2898 2104 2987 2170 illa
3031 2115 3296 2182 sublimia,
3335 2116 3526 2189 quibus
3563 2117 3834 2174 intuendis

2250 2211 2481 2258 mentem
2500 2217 2752 2263 serenare
2776 2216 3020 2276 conatur,
3042 2222 3149 2263 non
3172 2216 3255 2265 est
3281 2208 3544 2279 urgendus
3567 2220 3623 2265 ut
3648 2208 3829 2264 faciat.

2244 2288 2384 2349 Dum
2413 2292 2556 2352 enim
2598 2294 2701 2354 hoc
2740 2298 3063 2372 intelligatur
3099 2302 3241 2374 quod
3275 2302 3670 2375 intelligendum
3706 2313 3790 2360 est
3813 2346 3833 2375 ,

2248 2400 2355 2441 non
2393 2400 2714 2460 magnopere
2755 2391 3047 2448 curandum
3098 2402 3182 2449 est
3222 2392 3350 2464 quid
3396 2404 3632 2452 vocetur.
3682 2393 3835 2452 Scire

2250 2486 2462 2548 Oportet
2490 2488 2666 2537 tamen
2685 2479 2979 2553 cuiusmodi
3005 2482 3296 2541 similitudo
3315 2493 3401 2541 est
3426 2483 3736 2540 interiorum
3760 2484 3832 2540 ad

2248 2568 2544 2639 superiora.
2586 2568 2705 2628 Non
2733 2574 2876 2629 enim
2901 2575 3056 2633 aliter
3078 2585 3223 2633 recte
3250 2574 3373 2633 hinc
3399 2574 3525 2632 illuc
3550 2576 3685 2632 ratio
3715 2582 3835 2632 ten-

2248 2659 2346 2729 dit,
2374 2668 2429 2718 et
2454 2661 2658 2718 nititur.

2320 2752 2408 2809 10.
2447 2752 2567 2809 Jam
2592 2768 2719 2809 vero
2745 2752 2791 2810 si
2816 2756 3095 2827 quisquam
3123 2754 3504 2813 dicit'creatam
3528 2771 3648 2813 esse
3673 2766 3831 2813 men-

2248 2857 2426 2899 suram
2446 2854 2495 2900 et
2522 2856 2805 2900 numerum
2829 2856 2885 2903 et
2909 2847 3130 2918 pondus,
3162 2848 3216 2905 in
3240 2847 3431 2921 quibus
3456 2848 3620 2904 Deum
3645 2848 3832 2904 omnia

2249 2930 2576 3008 disposuisse
2600 2934 2871 3010 Scriptura
2895 2950 3149 3011 testatur;
3178 2941 3224 2998 si
3249 2941 3303 2998 in
3328 2938 3431 2998 illis
3454 2943 3631 2998 omnia
3649 2940 3836 3013 dispo-

2248 3027 2375 3093 suit,
2404 3027 2591 3084 eadem
2632 3028 2745 3099 ipsa
2776 3030 2860 3087 ubi
2887 3030 3189 3102 disposuit?
3230 3033 3275 3088 si
3304 3033 3356 3089 in
3385 3033 3522 3099 aliis,
3557 3032 3834 3105 quomodo

2247 3122 2376 3189 ergo
2407 3118 2458 3175 in
2485 3118 2612 3190 ipsis
2636 3121 2836 3190 omnia,
2863 3124 3075 3193 quando
3102 3124 3214 3196 ipsa
3243 3124 3296 3180 in
3322 3120 3442 3181 aliis
3458 3125 3484 3179 ἲ
3506 3118 3625 3182 Non
3650 3125 3835 3196 itaque

2247 3208 2594 3266 dubitandum
2623 3220 2705 3268 est
2727 3212 2817 3268 illa
2847 3229 2968 3270 esse
2990 3224 3139 3272 extra
3163 3232 3225 3272 ea
3254 3231 3376 3289 qua:
3402 3216 3657 3289 disposita
3679 3224 3831 3285 sunt,

2246 3300 2301 3356 in
2325 3298 2517 3374 quibus
2540 3306 2716 3360 omnia
2741 3305 2996 3378 disposita
3021 3317 3168 3365 sunt.

2247 3382 2472 3454 CAPUT
2508 3396 2574 3453 γ.
2602 3427 2672 3439 -
2693 3396 2764 3454 In
2803 3398 2914 3456 Deo
2938 3401 3049 3473 ipso
3077 3402 3236 3458 exstat
3274 3403 3404 3457 ratio
3446 3416 3833 3474 mensura,“-

2351 3488 2477 3544 meri
2495 3498 2543 3544 et
2567 3490 2825 3562 ponderis,
2855 3493 2923 3547 ad
2945 3512 3095 3565 quant
3122 3495 3367 3569 disposita
3389 3506 3507 3553 sunt
3525 3498 3715 3553 omnia.

2318 3580 2408 3636 ll.
2446 3581 2528 3636 An
2558 3580 2699 3640 forte
2725 3585 3028 3655 putabimus
3066 3586 3137 3642 ita
3163 3586 3360 3643 dictum
3386 3602 3526 3657 esse,
3559 3586 3747 3643 Omnia
3774 3588 3836 3644 in

2246 3688 2500 3743 mensura,
2529 3685 2578 3729 et
2614 3692 2842 3744 numero,
2869 3686 2916 3731 et
2944 3678 3161 3749 pondere
3184 3676 3497 3751 disposuisti,
3519 3693 3583 3736 ac
3608 3679 3655 3735 si
3680 3678 3837 3737 dice-

2245 3770 2414 3833 retur,
2441 3760 2628 3821 Omnia
2657 3768 2734 3823 sic
2759 3767 3087 3840 disposuisti,
3118 3780 3177 3826 ut
3203 3769 3464 3828 baberent
3496 3786 3830 3841 mensuram,

2246 3864 2301 3912 et
2338 3872 2642 3927 numerum,
2674 3868 2728 3915 et
2753 3860 2993 3931 pondus?
3017 3860 3148 3931 Quia
3176 3871 3230 3919 et
3255 3862 3299 3918 si
3325 3860 3607 3930 diceretur,
3633 3856 3835 3920 Omnia

2244 3966 2469 4023 corpora
2494 3952 2550 4008 in
2574 3950 2844 4011 coloribus
2865 3953 3171 4025 disposuisti
3196 3973 3211 4023 ;
3241 3970 3345 4011 non
3370 3956 3493 4012 hinc
3523 3964 3665 4012 esset
3690 3971 3833 4012 con-

2245 4058 2476 4115 sequens
2501 4053 2558 4100 ut
2601 4046 2714 4116 ipsa
2742 4042 2839 4102 Dei
2884 4047 3174 4119 Sapientia,
3206 4064 3301 4118 per
3325 4064 3486 4120 quam
3528 4047 3668 4104 facta
3696 4059 3831 4106 sunt

2245 4136 2442 4204 omnia,
2472 4137 2681 4194 colores
2705 4137 2759 4194 in
2783 4153 2844 4196 se
2873 4138 3020 4209 prius
3045 4137 3295 4195 habuisse
3331 4138 3736 4210 intelligeretur,
3769 4140 3828 4196 in

2243 4228 2436 4300 quibus
2464 4227 2665 4286 faceret
2691 4245 2915 4303 corpora
2948 4249 2961 4285 :
2992 4230 3086 4286 sed
3125 4231 3197 4286 ita
3238 4231 3590 4302 acciperetur,
3634 4229 3833 4288 Omnia

2243 4335 2467 4393 corpora
2491 4320 2547 4378 in
2572 4322 2840 4379 coloribus
2863 4323 3193 4395 dieposuisti,
3223 4339 3286 4379 ac
3313 4324 3358 4379 si
3382 4323 3668 4392 diceretur,
3696 4321 3835 4380 Om-

2242 4410 2331 4469 nia
2355 4428 2579 4487 corpora
2599 4414 2677 4472 sic
2691 4414 3018 4486 disposuisti,
3046 4424 3104 4472 ut
3131 4417 3387 4475 baberent
3403 4416 3628 4474 colores.
3656 4416 3831 4486 Quasi

2243 4526 2372 4568 vero
2388 4527 2422 4568 a
2447 4521 2689 4568 creatore
2713 4512 2824 4568 Deo
2846 4511 3101 4584 disposita
3127 4513 3182 4567 in
3207 4512 3474 4568 coloribus
3498 4526 3747 4584 corpora,
3772 4510 3833 4569 id

2241 4614 2326 4661 est
2372 4605 2446 4662 ita
2484 4604 2741 4676 disposita
2778 4613 2836 4662 ut
2870 4606 3106 4663 colorata
3134 4616 3343 4675 essent,
3374 4604 3544 4678 possit
3565 4606 3721 4663 aliter
3746 4606 3835 4663 in-

2243 4695 2431 4768 telligi,
2479 4696 2580 4752 nisi
2625 4697 2801 4768 aliqua
2845 4697 2981 4753 ratio
3006 4696 3246 4754 colorum
3290 4696 3511 4769 singulis
3538 4711 3833 4768 corporum

2240 4787 2524 4859 generibus
2548 4787 3034 4845 distribuendorum
3053 4788 3106 4844 in
3130 4786 3245 4859 ipsa
3269 4786 3599 4859 disponentis
3612 4788 3833 4858 sapien-

2241 4878 2317 4934 tia
2342 4893 2448 4935 non
2475 4878 2710 4935 defuisse
2730 4878 3076 4951 intelligatur,
3104 4878 3207 4936 etsi
3233 4879 3380 4934 color
3408 4878 3482 4935 ibi
3504 4894 3612 4936 non
3635 4879 3832 4952 appel-

2242 4968 2400 5025 latur.
2431 4966 2543 5025 Hoc
2567 4978 2650 5025 est
2672 4972 2815 5025 enim
2843 4968 2986 5041 quod
3011 4964 3120 5025 dixi
3147 4987 3162 5024 :
3190 4968 3318 5025 dum
3343 4984 3432 5028 res
3449 4969 3794 5043 cognoscitur

2241 5074 2351 5114 non
2378 5074 2497 5115 esse
2524 5059 2592 5114 de
2615 5059 2884 5116 vocabulis
2920 5058 3288 5117 laborandum.

2313 5150 2401 5208 l2.
2442 5150 2723 5208 Faciamus
2762 5153 2780 5184 ⁸
2808 5167 2938 5225 ergo
2984 5151 3058 5209 ita
3109 5150 3308 5208 dictum
3351 5167 3492 5222 esse,
3543 5148 3732 5209 Omnia
3773 5155 3840 5211 ira

2242 5258 2494 5310 mensura,
2524 5252 2571 5297 et
2613 5259 2842 5312 numero,
2882 5253 2930 5298 et
2954 5243 3178 5316 pondere
3218 5243 3527 5315 disposuisti,
3569 5251 3837 5323 tanquam

2241 5332 2437 5390 dictum
2463 5340 2627 5403 esset,
2657 5334 2729 5389 ita
2754 5334 3009 5406 disposita
3030 5344 3090 5392 ut
3109 5333 3369 5392 baberent
3395 5335 3637 5409 proprias
3663 5351 3836 5394 men-

2241 5441 2397 5482 suras
2417 5440 2561 5496 suas,
2584 5435 2640 5483 et
2654 5427 2898 5499 proprios
2918 5441 3189 5496 numeros,
3215 5436 3271 5484 et
3292 5428 3565 5500 pr0prium
3588 5427 3841 5500 pondus,

2242 5531 2362 5589 quae
2389 5517 2442 5572 in
2467 5517 2546 5574 eis
2569 5532 2666 5589 pro
2693 5517 2776 5573 sui
2810 5517 3068 5590 cujusque
3089 5517 3303 5591 generis
3328 5516 3680 5575 mutabilitate
3709 5534 3844 5577 mu-

2242 5618 2502 5679 tarentur,
2528 5608 2826 5682 augmentis
2849 5620 2903 5668 et
2924 5608 3382 5681 diminutionibus,
3410 5608 3752 5669 multitudine
3770 5624 3842 5671 et

2240 5700 2525 5772 paucitate,
2553 5700 2768 5759 levitate
2793 5709 2849 5760 et
2876 5700 3156 5775 gravitate,
3193 5701 3485 5761 secundum
3513 5696 3841 5775 dispositio-

2241 5810 2364 5849 nem
2408 5791 2500 5849 Dei
2533 5794 2829 5865 :numqnid
2870 5794 3012 5852 sicut
3055 5795 3158 5853 ista
3199 5805 3488 5862 mutantur,
3530 5790 3606 5854 ita
3647 5794 3836 5868 ipsum

2306 5910 2321 5938 ³
2347 5907 2488 5969 mni,
2503 5906 2757 5971 fatemur.
2780 5916 2888 5963 Im.
2908 5923 3048 5973 vero,
3072 5908 3324 5965 faciams.

2235 6032 2264 6071 ,μ
2913 6004 2961 6052 /
