4090 6536
359 505 464 564 301

364 626 457 682 Dei
482 624 786 690 consilium,
807 623 868 678 in
893 638 999 694 quo
1023 637 1085 679 ea
1106 623 1383 694 disposuit,
1410 621 1660 679 mutabile
1681 624 1943 680 dicimus?

360 718 772 788 Averteriteipse
799 724 1000 770 tantam
1039 715 1380 770 dementiam.

306 780 322 880 ⁸,
360 809 592 867 CAPUT
630 780 717 865 vi.
737 837 817 850 —
839 806 945 864 {Ibi
964 808 1198 862 cernebat
1235 807 1374 863 Deus
1397 807 1535 864 unde
1578 807 1747 863 omnia
1774 807 1946 880 dispo-

1073 909 1230 956 ﬂeret.

428 994 851 1067 -Ctnnergorhmc
877 993 950 1050 ita
971 993 1484 1064 'disponerentnr,'ut
1509 993 1765 1049 haberent
1788 1007 1941 1049 men-

361 1105 541 1156 suras,
585 1098 639 1145 et
663 1102 940 1155 numeros,
970 1095 1025 1143 et
1055 1086 1286 1157 pondera
1317 1101 1430 1153 sua,
1457 1085 1557 1141 'u‘bi
1601 1099 1662 1142 ea
1691 1084 1944 1141 cernebat

361 1182 481 1253 ipse
505 1178 834 1251 disponens?
859 1179 1042 1250 Neque
1056 1179 1199 1234 enim
1219 1185 1368 1234 extra
1389 1177 1645 1249 seipsum,
1670 1177 1805 1232 Sicut
1828 1193 1944 1232 cer-

357 1275 540 1329 nimus
559 1273 727 1328 oculis
745 1285 1002 1342 corpora;
1018 1286 1147 1342 quae
1170 1271 1347 1341 utique
1367 1269 1600 1325 nondum
1628 1279 1798 1335 erant,
1824 1284 1943 1325 cum

357 1366 773 1435 disponerentur
792 1373 851 1419 ut
873 1363 1088 1419 tierent.
1136 1361 1245 1418 Nec
1269 1363 1406 1417 intra
1436 1362 1670 1432 seipsum
1699 1362 1798 1416 ista
1823 1375 1944 1416 cer-

359 1456 542 1522 nebat,
579 1456 728 1512 sicut
753 1455 934 1510 animo
975 1453 1245 1510 cernimus
1276 1453 1579 1524 phantasias
1620 1465 1940 1522 corporum,

359 1565 480 1619 quae
501 1563 612 1604 non
642 1556 834 1618 praesto
859 1547 1195 1614 suntvocuiis,
1227 1546 1320 1601 sed
1344 1561 1410 1600 ea
1433 1561 1550 1616 quae
1576 1544 1831 1611 vidimus,
1855 1543 1945 1598 vel

358 1657 432 1695 ex
457 1641 535 1695 eis
554 1655 674 1711 quae
693 1639 924 1694 vidimus
939 1638 1281 1708 imaginando
1307 1638 1618 1708 cogitamus.
1649 1633 1765 1704 Quo
1787 1634 1945 1690 modo

356 1749 491 1805 ergo
513 1735 622 1789 ista
662 1733 934 1801 cernebat,
976 1733 1135 1787 ut‘ita
1177 1729 1526 1802 disponeret?
1553 1728 1691 1798 Quo,
1733 1727 1838 1784 nisi
1879 1741 1944 1782 eo

347 1843 468 1900 quo
498 1828 644 1883 solus
667 1824 884 1896 potest“?

431 1923 522 1978 15.
563 1921 758 1977 Verum
775 1919 934 1974 etiam
957 1919 975 1952 ί
1006 1933 1102 1972 nos
1121 1916 1372 1973 mortales
1392 1924 1447 1972 et
1465 1922 1792 1986 peccatores,
1812 1926 1944 1984 quo-

357 2031 480 2071 rum
509 2015 712 2069 animas
740 2019 1026 2084 aggravant
1051 2026 1275 2081 corpora
1302 2009 1682 2079 corruptibilia,
1714 2014 1768 2063 et
1805 2020 1941 2076 quo—

345 2123 478 2164 runt
523 2122 737 2163 sensum
783 2106 947 2160 multa
974 2104 1294 2174 cogitantem
1326 2111 1536 2156 terrena
1566 2099 1815 2172 deprimit
1835 2096 1944 2151 'ha-

343 2201 547 2256 'bitatio
574 2200 724 2273 (’Sap.
749 2215 820 2266 ix,
852 2199 943 2269 l5)
963 2216 977 2264 ;
999 2211 1306 2268 quanquam
1328 2194 1427 2251 etsi
1467 2194 1626 2249 corda
1652 2191 1941 2248 mundissi-

354 2310 444 2349 ma
474 2303 529 2349 et
571 2301 779 2349 mentes
827 2290 1247 2361 simplicissimas
1273 2303 1604 2360 gereremus,
1634 2284 1940 2356 sanctisque

349 2385 574 2457 ‘Angelis
597 2385 705 2455 jam
745 2378 981 2438 essemus
1010 2382 1262 2451 mquales,
1310 2395 1414 2434 non
1455 2379 1643 2449 utique
1670 2376 1824 2434 nobis
1865 2375 1943 2431 ita

353 2490 482 2534 nota
509 2487 652 2536 esset
675 2477 852 2532 divina
877 2475 1168 2531 substantia
1199 2473 1337 2530 sicut
1361 2473 1471 2542 ipsa
1497 2470 1617 2526 sibi.

349 2570 582 2629 CAPUT
617 2569 731 2626 VII.
753 2598 826 2610 -—-
845 2567 1054 2625 'Senarii
1093 2565 1288 2621 numeri
1315 2564 1668 2638 perfectionem
1690 2561 1942 2634 quomodo

985 2677 1270 2716 cernamus.

425 2755 629 2819 Tamen
644 2754 796 2810 istam
815 2751 1009 2807 senarii
1030 2749 1238 2805 numeri
1255 2746 1653 2820 perfectionem,
1667 2759 1766 2802 nec
1790 2752 1939 2801 extra

349 2865 452 2903 nos
501 2849 648 2918 ipsos
695 2845 982 2912 cernimus,
1033 2845 1170 2898 sicut
1215 2842 1383 2896 oculis
1428 2855 1691 2910 corpora;
1727 2853 1825 2894 nec
1867 2837 1939 2892 ita

349 2943 495 2997 intra
523 2939 895 3009 nosmetipsos,
925 2935 1369 3007 quemadmodum
1398 2947 1681 3003 corporum
1712 2929 1938 3001 phanta-

352 3037 488 3103 sias,
527 3043 582 3089 ct
606 3032 895 3089 visibilium
927 3031 1180 3101 imagines
1207 3044 1408 3093 rerum,
1451 3025 1546 3082 sed
1575 3025 1679 3079 alio
1707 3021 1935 3094 quodam

352 3128 515 3197 longe
553 3124 820 3181 differenti
864 3122 1042 3178 modo.
1092 3121 1342 3189 Quamvis
1383 3119 1523 3176 enim
1574 3133 1630 3171 sc
1669 3115 1938 3185 objectent

348 3212 552 3268 mentis
578 3207 815 3279 aspectui
853 3206 1003 3277 quasi
1040 3203 1477 3275 corpusculorum
1508 3200 1748 3273 quzedam
1775 3199 1939 3253 s'im'u-

349 3302 518 3367 lacra,
565 3315 687 3356 cum
730 3298 926 3354 senarii
967 3295 1174 3353 numeri
1222 3294 1536 3364 compositio
1583 3291 1666 3346 vel
1693 3290 1824 3346 ordo
1853 3288 1938 3344 vel

351 3394 570 3465 partitio
621 3391 926 3462 cogitatur:
961 3399 1135 3444 tamen
1195 3387 1421 3442 validior
1470 3395 1519 3439 et
1562 3380 1939 3454 praepotentior

350 3487 584 3555 desuper
607 3484 744 3539 ratio
770 3497 878 3537 non
906 3482 984 3537 eis
1007 3480 1210 3548 annuit,
1243 3479 1568 3548 interiusque
1589 3476 1802 3531 numeri
1829 3475 1938 3529 vim

349 3585 679 3640 contuetur;
720 3589 816 3644 per
859 3587 1020 3644 quem
1077 3572 1368 3628 contuitum
1407 3570 1642 3624 fidenter
1684 3567 1833 3631 dicit,
1886 3567 1939 3621 id

349 3667 497 3738 quod
517 3667 713 3721 dicitur
735 3679 902 3721 unum
924 3664 978 3718 in
1003 3663 1258 3727 numeris,
1293 3661 1346 3715 in
1369 3660 1547 3714 nullas
1575 3667 1752 3729 partes
1773 3656 1937 3712 dividi

351 3776 553 3832 posse;
587 3758 728 3814 nulla
755 3767 932 3814 autem
960 3769 1182 3826 corpora
1207 3753 1309 3808 nisi
1341 3754 1390 3806 in
1418 3761 1597 3821 partes
1626 3751 1938 3804 innumera-

351 3854 490 3908 biles
515 3850 712 3917 disidi';
739 3858 795 3905 et
814 3848 1017 3904 facilius
1033 3847 1227 3903 cmlum
1250 3852 1305 3898 et
1332 3852 1527 3898 terram
1542 3841 1799 3906 transire,
1821 3855 1938 3910 quze

351 3942 651 4000 secundum
689 3940 954 3997 senarium
999 3933 1559 3993 numernm'fabrieata
1593 3940 1748 3998 sunt,
1781 3946 1939 4001 quam

351 4036 493 4092 efﬁci
521 4049 682 4106 posse
714 4041 774 4087 ut
814 4031 1056 4086 senarius
1098 4043 1349 4083 numerus
1397 4041 1500 4080 non
1545 4025 1656 4079 suis
1699 4023 1940 4093 partibus

349 4127 706 4198 compleatur.
737 4123 947 4181 Gratias
977 4123 1150 4192 itaque
1179 4118 1418 4174 Creatori
1444 4133 1654 4186 semper
1680 4115 1937 4186 agat-ani-

337 4237 473 4275 mus
514 4218 802 4283 humanus,
832 4231 864 4269 a
909 4227 1014 4285 quo
1052 4212 1123 4267 ita
1160 4218 1368 4265 creatus
1391 4218 1491 4274 est,
1531 4219 1599 4262 ut
1632 4208 1734 4262 hoc
1773 4205 1942 4276 possit

331 4293 560 4376 lvidere,
602 4306 747 4379 quod
773 4307 947 4361 avium
983 4304 1146 4368 nulla,
1190 4301 1331 4356 nulla
1369 4300 1682 4366 bestiarum,
1712 4306 1941 4368 qum-ta-

353 4419 477 4458 men
505 4400 788 4456 nobiscum
815 4397 1076 4453 vident-et
1101 4394 1317 4460 coelum,
1361 4401 1414 4447 et
1442 4402 1656 4458 terram,
1687 4400 1741 4447 et
1783 4391 1941 4444 Iumi-

353 4497 527 4563 naria,
555 4501 611 4548 et
635 4507 803 4555 mare,
826 4499 882 4547 et
917 4489 1217 4556 aridam,-et
1241 4487 1415 4542 omnia
1441 4502 1557 4556 quae
1581 4486 1632 4539 in
1659 4485 1737 4540 eis
1766 4493 1907 4538 sunt.

429 4587 514 4639 l-l.
557 4581 915 4652 Quamobrem
959 4593 1063 4636 non
1106 4591 1384 4648 possumus
1421 4576 1618 4641 dicere,
1665 4582 1940 4644 prOptorea

354 4678 628 4735 Seuerium
661 4690 938 4730 numerum
979 4688 1098 4728 esse
1128 4670 1438 4742 perfectum,
1471 4669 1591 4739 quia
1619 4681 1710 4722 sex
1754 4666 1940 4721 diebus

351 4768 580 4838 perfecit
609 4768 750 4823 Deus
779 4765 955 4821 omnia
983 4779 1140 4834 opera
1170 4778 1263 4818 sua
1291 4781 1302 4826 ;
1334 4762 1426 4816 sed
1463 4769 1742 4830 propterea
1765 4759 1938 4814 ‘Dcum

353 4873 452 4916 sex
483 4859 674 4914 diebus
699 4857 987 4928 perfecisse
1011 4870 1170 4923 opera
1198 4869 1313 4920 sua,
1346 4853 1466 4922 quia
1487 4851 1938 4906 senarius-nume-

356 4966 456 5008 rus
483 4951 752 5022 perfectus
795 4957 893 5003 est.
930 4947 1142 5016 itaque,
1185 4944 1393 4999 etiamsi
1437 4945 1533 4998 ista
1575 4958 1680 4996 non
1713 4950 1937 5008 essent,

351 5045 631 5120 perfectus
659 5043 746 5095 ille
791 5049 970 5103 esset;
1001 5039 1099 5093 nisi
1142 5047 1314 5091 autem
1347 5037 1432 5091 ille
1472 5035 1733 5107 perfectus
1773 5044 1937 5104 esset,

360 5139 462 5192 ista
487 5131 779 5189 secundum
805 5145 925 5186 eum
953 5127 1187 5200 perfecta
1215 5127 1552 5181 non-fierent.

361 5223 590 5284 CAPUT
627 5223 764 5280 V-lll.
788 5253 858 5264 —
884 5221 1035 5289 Quies
1079 5219 1173 5275 Dei
1203 5219 1262 5272 in
1305 5218 1386 5274 die
1415 5219 1628 5289 septimo
1663 5225 1722 5272 ut
1754 5217 1945 5272 intelli-

1059 5313 1240 5385 gentia.

439 5412 530 5468 15.
571 5409 823 5466 Jamero
855 5405 994 5477 quod
1019 5405 1400 5476 scriptum-est,
1429 5402 1756 5473 requievisse
1779 5401 1945 5456 Deum

361 5506 422 5560 in
448 5503 538 5558 die
581 5499 813 5570 septimo
833 5498 914 5552 ab
940 5496 1187 5552 erunibus
1214 5492 1463 5565 operibus
1505 5494 1614 5547 suis
1639 5506 1756 5563 quae
1773 5491 1944 5558 fecit;

364 5606 420 5651 et
447 5594 569 5650 ideo
597 5588 860 5649 eumdem
885 5588 1028 5644 diem
1072 5585 1427 5653 benedixisse,
1457 5593 1513 5639 et
1553 5584 1944 5648 sanctificasse,

367 5689 488 5760 quia
511 5684 1002 5758 inipso-requievit;
1019 5689 1078 5737 ut
1096 5679 1363 5753 quomodo
1377 5693 1678 5749 possumus,
1693 5685 1946 5748 quantum

367 5782 436 5836 ab
461 5782 581 5852 ipso
605 5777 1072 5850 adiuti-fuerimus,
1095 5774 1364 5830 intellectu
1387 5787 1644 5828 conemur
1666 5770 1946 5841 attingere,

375 5875 520 5946 prius
545 5873 614 5929 de
645 5871 746 5930 hoc
773 5868 1016 5929 carnales
1041 5866 1316 5924 hominum
1341 5862 1669 5935 suspiciones
1695 5877 1728 5918 a
1754 5862 1951 5926 nostris

439 5990 454 6020 ³
480 5995 612 6034 MSS.-
637 5989 972 6035 uerwtuamen.

1700 505 1908 564 “BER
1944 507 2286 576 QUARTUS.

3524 527 3627 583 5οΞ

2052 629 2315 684 mentibus
2351 629 2642 699 abigamus.
2673 629 2937 703 Numquid
2962 634 3103 689 enim
3135 655 3236 692 uici
3267 654 3345 693 vet
3372 640 3516 694 credi
3543 640 3624 696 fas

2051 727 2133 772 est
2170 719 2336 776 Deum
2366 720 2633 777 laborasse
2672 722 2722 776 in
2753 725 3042 794 operando,
3074 743 3194 782 cum
3222 745 3283 785 ea
3311 745 3426 802 quae
3465 747 3622 802 supra

2052 806 2246 877 scripta
2273 821 2396 865 sunt
2429 811 2685 879 condidit,
2715 814 2925 883 quando
2948 815 3178 885 dicebat,
3207 827 3260 873 et
3284 818 3521 876 fiebant?
3551 821 3625 878 lta

2051 900 2244 970 quippe
2270 917 2366 956 nec
2410 901 2570 959 homo
2595 903 2819 974 laborat,
2848 907 2894 961 si
2919 907 3117 978 aliquid
3157 910 3470 980 faciendum,
3504 931 3629 969 mox

2051 998 2110 1044 ut
2136 990 2346 1060 dixerit,
2394 994 2504 1049 fiat.
2557 995 2806 1062 Quamvis
2833 997 2973 1054 enim
3004 998 3233 1055 humana
3277 1005 3436 1059 verba
3482 1007 3631 1061 sonis

2051 1081 2421 1139 adminiculata
2462 1087 2533 1141 ita
2588 1087 2960 1158 proferantur,
3016 1102 3071 1147 ut
3119 1106 3297 1150 sermo
3347 1095 3630 1153 diuturnus

2051 1175 2234 1247 fatiget
2265 1196 2278 1232 :
2310 1187 2483 1235 tamen
2511 1195 2629 1235 cum
2659 1191 2762 1237 tam
2789 1198 2956 1253 pauca
2988 1195 3131 1254 sunt,
3173 1203 3331 1256 quam
3360 1204 3527 1264 pauca
3553 1191 3629 1244 le-

2049 1267 2222 1337 gimus
2249 1269 2302 1324 in
2327 1285 2393 1326 eo
2421 1271 2563 1342 quod
2587 1273 2842 1343 scriptum
2871 1283 2971 1342 est,
3004 1292 3125 1332 cum
3157 1277 3296 1334 Deus
3325 1277 3476 1349 dixit,
3506 1279 3628 1335 Fiat

2053 1357 2160 1426 lux,
2211 1360 2332 1416 Fiat
2385 1364 2770 1432 ﬁrmamentum,
2815 1377 2869 1422 et
2915 1378 3105 1425 caetera
3162 1386 3331 1440 usque
3368 1373 3421 1427 in
3464 1373 3627 1430 ﬁnem

2050 1466 2288 1522 operum,
2322 1469 2440 1525 qua:
2469 1465 2618 1512 sexto
2645 1457 2730 1514 die
2759 1462 3179 1529 consummavit;
3222 1463 3380 1519 nimis
3411 1464 3626 1521 absurdi

2050 1541 2378 1600 deliramenti
2409 1555 2510 1615 est,
2541 1547 2703 1604 istum
2731 1549 2814 1604 vel
2839 1550 3086 1619 hominis,
3110 1552 3304 1609 nedum
3336 1554 3448 1623 Dei,
3475 1553 3626 1614 labo-

2050 1647 2163 1689 rem
2193 1644 2399 1704 putare.

2122 1727 2209 1782 16.
2239 1728 2321 1782 An
2342 1727 2477 1786 forte
2493 1732 2611 1802 quis
2631 1731 2842 1801 dixerit,
2868 1734 3093 1790 dicendo
3109 1737 3321 1808 quidem
3343 1748 3396 1794 ut
3415 1739 3624 1808 fierent,

2049 1832 2168 1887 quae
2209 1821 2459 1876 continuo
2496 1819 2632 1878 facta
2670 1835 2813 1894 sunt,
2855 1825 3020 1881 Deum
3053 1837 3158 1883 non
3197 1830 3490 1900 laborasse,
3533 1834 3628 1889 sed

2048 1906 2186 1964 forte
2226 1911 2504 1981 cogitando
2551 1914 2677 1984 quid
2705 1915 2820 1969 fieri
2863 1915 3174 1985 debuisset;
3207 1936 3307 1990 qua
3335 1936 3458 1975 cura
3489 1917 3632 1978 velut

2049 1999 2303 2056 liberatus
2329 2019 2505 2058 rerum
2541 2003 2864 2074 perfectione
2899 2008 3235 2078 requieverit,
3267 2020 3321 2066 et
3349 2028 3411 2066 eo
3441 2014 3632 2068 merito

2050 2091 2189 2147 diem
2232 2108 2337 2162 quo
2379 2092 2551 2164 primo
2580 2095 2757 2150 factus
2785 2106 2867 2152 est
2895 2097 2961 2152 ab
3009 2097 3106 2153 hac
3147 2101 3308 2155 animi
3339 2101 3630 2158 intentione

2049 2197 2288 2254 securus,
2321 2186 2655 2257 benedicere,
2683 2199 2739 2244 et
2761 2191 3094 2248 sanctificare
3114 2194 3380 2250 voluerit?
3408 2197 3560 2265 Quod
3588 2200 3632 2252 si

2049 2275 2165 2332 haec
2212 2294 2417 2348 sapere,
2463 2281 2684 2336 multum
2729 2281 2970 2356 desipere
2996 2295 3079 2340 est
3107 2285 3308 2360 (rerum
3336 2290 3478 2346 enim
3503 2306 3632 2345 con-

2048 2368 2338 2425 dendarum
2367 2381 2471 2427 tam
2499 2373 2740 2442 facultas,
2769 2392 2924 2446 quam
2955 2377 3178 2434 facilitas
3204 2381 3629 2452 incomparabilis

2048 2470 2204 2532 atque
2231 2462 2506 2520 inetl'abilis
2535 2475 2618 2522 est
2658 2467 2795 2536 apud
2822 2469 3035 2538 Deum),

2069 2551 2308 2611 CAPUT
2344 2555 2435 2613 IX.
2459 2588 2531 2598 —
2553 2558 2672 2623 'Quo
2706 2576 2855 2614 sensu
2881 2559 3022 2616 Deus
3050 2565 3354 2633 requiescere
3391 2565 3592 2625 dicitur.

2570 2650 2794 2707 Tristitia
2817 2653 3109 2710 laudabilis.

2107 2740 2254 2810 Quid
2281 2751 2447 2798 restat
2475 2752 2531 2798 ut
2557 2743 2932 2816 intelligamus,
2964 2747 3067 2803 nisi
3095 2748 3228 2802 forte
3253 2759 3512 2807 creatura:
3538 2769 3627 2808 ra-

2043 2833 2252 2900 tionali,
2285 2835 2338 2889 in
2367 2851 2468 2906 qua
2491 2845 2544 2892 et
2564 2835 2838 2893 hominem
2869 2841 3088 2907 creavit,
3117 2841 3169 2894 in
3195 2843 3370 2913 seipse
3392 2847 3628 2915 requiem

2035 2927 2357 2996 praebuisse,
2387 2938 2508 2997 post
2535 2928 2650 2999 ejus
2682 2930 3076 2998 perfectionem,
3110 2949 3204 3002 per
3230 2934 3426 2990 donum
3457 2936 3628 3008 Spiri-

2041 3025 2131 3071 tus
2146 3017 2334 3084 sancti,
2353 3033 2450 3087 per
2468 3036 2624 3090 quem
2642 3019 2948 3076 diffunditur
2961 3023 3193 3078 Charitas
3207 3025 3256 3078 in
3274 3027 3520 3082 cordibus
3536 3046 3631 3085 no-

2047 3110 2172 3164 stris
2189 3109 2362 3181 (Rom.
2383 3126 2439 3178 ν,
2456 3107 2509 3182 5)
2534 3112 2723 3167 ntilluc
2739 3112 2972 3170 feramur
2984 3117 3218 3187 appetitu
3239 3117 3507 3186 desiderii,
3524 3137 3628 3191 quo

2037 3216 2167 3257 cum
2178 3206 2451 3273 perveneri
2461 3221 2574 3260 mus
2589 3207 3000 3276 requiescamus,
3016 3208 3067 3263 id
3081 3220 3160 3264 est
3176 3210 3304 3264 nihil
3318 3213 3541 3282 amplius
3559 3230 3633 3269 re-

2046 3299 2354 3367 quiramus?
2379 3300 2524 3354 Sicut
2549 3302 2689 3357 enim
2704 3311 2860 3358 recte
2874 3301 3068 3358 dicitur
3094 3305 3232 3360 Deus
3248 3306 3443 3374 facere,
3473 3308 3625 3378 quid-

2037 3388 2305 3459 quidipso
2326 3391 2376 3444 in
2407 3392 2562 3446 nobis
2583 3402 2836 3464 Operante
2857 3391 3166 3460 fecerimus;
3193 3397 3262 3450 ita
3279 3407 3423 3453 recte
3439 3399 3630 3454 dicitur

2033 3479 2188 3536 'Deus
2219 3483 2574 3553 requiescere,
2611 3499 2732 3539 cum
2752 3484 2867 3553 ejus
2893 3501 3112 3540 munere
3140 3487 3540 3557 requiescimus.

2105 3573 2203 3626 -'-l7.
2248 3573 2359 3628 Hoc
2388 3573 2600 3646 quidem
2643 3584 2786 3631 recte
2815 3576 3187 3646 intelligimus;
3222 3579 3340 3648 quia
3368 3590 3418 3634 et
3446 3596 3625 3634 verum

2039 3673 2146 3730 est,
2175 3671 2230 3718 et
2255 3680 2360 3718 non
2408 3681 2611 3735 magnae
2655 3665 2962 3722 intentionis
3005 3657 3313 3738 indigebat
3355 3670 3628 3727 videamus

2043 3756 2116 3810 ita
2143 3755 2247 3810 dici
2269 3757 2600 3827 requiescere
2628 3759 2812 3825 Deum,
2847 3775 2966 3814 cum
2997 3761 3331 3830 requiescere
3361 3779 3458 3818 nos
3476 3765 3625 3832 facit,

2045 3846 2181 3902 sicut
2209 3847 2400 3902 dicitur
2428 3863 2769 3919 cognoscere,
2799 3865 2919 3905 cum
2945 3851 3112 3906 efficit
3141 3863 3196 3906 ut
3225 3869 3626 3923 cognoscamus.

2041 3935 2227 4007 Neque
2265 3942 2403 3994 enim
2432 3939 2572 3995 Deus
2611 3943 2972 4015 temporaliter
3001 3945 3274 4012 cognoscit
3311 3945 3449 4015 quod
3476 3956 3629 4002 antea

2047 4044 2153 4084 non
2200 4039 2460 4096 noverat;
2495 4041 2549 4086 et
2578 4044 2751 4089 tamen
2784 4034 2912 4088 dicit
2948 4035 3012 4089 ad
3042 4035 3326 4101 Abraham,
3363 4037 3515 4093 Nune
3540 4058 3625 4093 co—

2045 4122 2194 4192 gnovi
2229 4123 2466 4193 quoniam
2501 4125 2640 4178 times
2670 4123 2833 4179 Deum
2864 4123 3011 4197 (Gen.
3047 4142 3185 4193 xm,
3222 4127 3308 4200 12)
3346 4148 3357 4182 :
3387 4129 3473 4184 ubi
3504 4131 3630 4200 quid

2032 4213 2188 4268 aliud
2209 4215 2515 4283 accipimus,
2548 4215 2669 4280 nisi,
2696 4213 2844 4271 Nunc
2865 4216 2964 4271 feci
2987 4227 3041 4271 ut
3061 4222 3507 4288 cognosceretur?
3539 4223 3629 4276 llis

2047 4301 2370 4359 locutionum
2400 4306 2590 4370 modis,
2619 4323 2740 4361 cum
2760 4323 2820 4363 ea
2849 4324 2967 4378 quae
2992 4325 3095 4362 non
3118 4311 3363 4364 accidunt
3385 4312 3492 4366 Deo
3514 4325 3626 4366 tan-

2043 4394 2205 4468 quam
2235 4398 2308 4452 illi
2339 4397 2579 4453 accidaut
2608 4398 2894 4468 loquimur,
2925 4415 3044 4454 eum
3075 4399 3250 4455 facere
3289 4394 3622 4470 agnoscimus

2046 4496 2106 4544 ut
2130 4489 2280 4544 nobis
2323 4489 2602 4555 accidant;
2637 4505 2706 4545 'ea
2727 4490 2980 4543 duntaxat
3007 4506 3121 4559 quae
3151 4491 3431 4546 laudabilia
3461 4502 3584 4547 sunt
3609 4511 3623 4548 :

2047 4588 2101 4636 e‘t
2126 4580 2242 4634 haec
2285 4581 2549 4649 quantum
2577 4579 2967 4648 Scripturarum
2999 4595 3123 4634 usus
3164 4581 3408 4635 admittit.
3442 4580 3626 4652 Neque

2048 4677 2188 4732 enim
2224 4689 2321 4729 nos
2345 4683 2547 4729 temere
2571 4672 2766 4743 aliquid
2792 4673 2896 4728 tale
2921 4674 2987 4729 de
3011 4670 3120 4729 Deo
3149 4675 3325 4732 dicere
3351 4676 3623 4745 debemus,

2049 4767 2187 4838 quod
2214 4767 2267 4821 in
2287 4767 2559 4836 Scriptura
2579 4765 2695 4836 ejus
2718 4781 2824 4821 non
2852 4766 3093 4837 legimus.
3565 4755 3569 4762 ’

2121 4858 2208 4912 1-8.
2239 4851 2460 4911 Ἐπ-Ιιοε
2486 4855 2767 4911 locutionis
2795 4853 2952 4910 modo
2995 4854 3222 4911 arbitror
3259 4857 3456 4914 dictum
3483 4859 3628 4916 illud

2050 4950 2116 5006 ab
2139 4949 2393 5019 Apostolo
2421 4966 2432 5000 :
2465 4946 2635 5003 Nolite
2674 4949 2968 5003 contristare
3002 4949 3252 5020 Spiritum
3275 4945 3502 5006 sanctum
3533 4952 3631 5006 Dei

2049 5041 2103 5094 in
2128 5056 2227 5111 quo
2246 5040 2436 5111 signati
2459 5041 2576 5094 estis
2591 5041 2652 5094 in
2675 5040 2756 5093 die
2791 5039 3146 5112 redemptionis
3173 5040 3383 5113 (Ephes.
3414 5056 3486 5106 ιγ’,
3517 5027 3627 5114 30).

2050 5131 2230 5202 Neque
2251 5133 2391 5186 enim
2412 5132 2524 5203 ipsa
2549 5130 2777 5202 Spiritus
2797 5132 2985 5199 saneti,
3009 5147 3112 5201 qua
3139 5140 3221 5186 est
3242 5127 3490 5202 quidquid
3516 5135 3628 5203 ipse

2049 5233 2153 5290 est,
2198 5225 2492 5280 substantia
2519 5224 2822 5280 contristari
2850 5233 3057 5293 potest;
3089 5239 3208 5277 cum
3239 5222 3429 5277 habeat
3470 5233 3628 5279 acter-

2049 5332 2176 5371 nam
2213 5326 2371 5388 atque
2413 5316 2896 5371 incommutabilem
2928 5314 3632 5398 beatitudinem,'magisquc

2052 5410 2123 5466 sit
2149 5411 2262 5482 ipsa
2289 5420 2484 5466 aeterna
2512 5418 2567 5465 et
2590 5407 3031 5465 incommutabilis
3057 5409 3345 5463 beatitudo.
3376 5410 3482 5466 Sed
3508 5409 3631 5483 quia

2051 5503 2128 5558 ita
2153 5502 2207 5557 in
2235 5502 2432 5557 sanctis
2457 5501 2685 5570 habitat,
2733 5511 2789 5556 ut
2830 5509 2924 5556 "eos
2953 5500 3166 5569 impleat
3191 5501 3486 5576 .charitate,
3525 5515 3630 5572 qua

2056 5609 2276 5651 necesse
2303 5602 2387 5650 est
2411 5601 2470 5649 ut
2493 5594 2736 5650 homines
2758 5608 2825 5649 ex
2845 5602 3082 5662 tempore
3109 5591 3374 5661 gaudeant
3394 5593 3633 5663 profectu

2056 5689 2295 5747 fidelium
2321 5697 2375 5745 et
2407 5689 2560 5745 bonis
2597 5688 2878 5759 operibus;
2907 5697 2961 5740 et
2984 5684 3102 5740 ideo
3129 5700 3346 5742 necesse
3368 5694 3452 5743 est
3475 5689 3636 5743 etiam

2059 5782 2436 5838 contristentur
2470 5781 2621 5851 lapsu
2665 5781 2749 5835 vel
2779 5777 3010 5849 peccatis
3046 5777 3252 5846 eorum,
3298 5779 3366 5835 de
3409 5795 3632 5850 quorum

2060 5875 2165 5930 fide
2193 5891 2255 5928 ac
2281 5875 2476 5944 pietate
2499 5873 2827 5944 gaudebant;
2851 5870 3202 5941 quae-tristitia
3223 5872 3507 5929 laudabilis
3529 5883 3630 5936 est,

2061 5966 2185 6036 quia
2212 5964 2354 6019 venit
2377 5979 2444 6020 ex
2471 5963 2755 6020 dilectione
2782 5977 2939 6034 quam
2965 5958 3192 6031 Spiritus
3217 5975 3434 6021 sanctus
3461 5961 3637 6019 infun-
