4090 6528
535 371 640 426 305

529 487 644 544 dit:
671 494 953 558 propterea
992 486 1106 556 ipse
1132 483 1358 556 Spiritus
1383 482 1576 538 dicitur
1608 477 1912 537 contristari
1941 477 2007 531 ab
2033 477 2111 532 eis

527 577 619 660 qu_i
659 577 738 635 sic
766 585 945 650 agunt,
973 585 1033 633 ut
1074 593 1257 634 eorum
1293 575 1457 652 factis
1485 572 1866 629 contristentur
1895 569 2061 625 sancti
2092 610 2108 637 ,

526 688 634 730 non
654 672 723 728 ob
746 671 890 729 aliud
913 673 1016 729 nisi
1042 673 1164 744 quia
1187 671 1441 743 Spiritum
1470 679 1710 726 sanctum
1741 667 1971 731 habent;
2002 680 2109 736 quo

523 763 666 820 dono
691 770 796 819 tam
826 763 950 819 boni
974 770 1118 831 sunt,
1158 771 1218 818 ut
1243 777 1338 819 eos
1360 761 1486 817 mali
1524 757 1881 824 mmstiflcent,
1910 757 1966 813 hi
1990 772 2108 812 ma-

522 855 666 912 xime
702 871 836 928 quos
878 857 1045 912 bonos
1071 855 1235 912 fuisse
1270 855 1381 910 sive
1411 862 1673 910 noverunt
1709 853 1822 908 sive
1862 851 2107 908 credide-

518 956 661 1004 runt.
693 948 823 1018 Quae
851 947 1088 1020 profecto
1115 948 1326 1003 tristitia
1351 964 1457 1002 non
1486 947 1656 1002 solum
1683 961 1786 1000 non
1817 943 2103 1014 culpanda,

518 1057 702 1100 verum
731 1043 890 1098 etiam
920 1043 1184 1114 praecipue
1225 1041 1487 1096 laudanda
1529 1056 1594 1097 ac
1622 1039 1956 1110 praedicanda
1998 1045 2100 1093 est.

587 1135 676 1191 19.
719 1135 834 1194 Hoc
867 1151 1062 1207 genere
1105 1136 1385 1190 locutionis
1420 1149 1604 1190 rursus
1644 1134 1785 1190 idem
1830 1123 2102 1204 apostolus

457 1269 472 1328 \
513 1227 827 1283 mirabiliter
851 1243 976 1283 usus
997 1237 1099 1296 est,
1130 1228 1216 1284 ubi
1239 1229 1312 1282 ait
1341 1246 1354 1282 :
1381 1227 1536 1282 Nunc
1554 1237 1723 1282 autem
1750 1237 2101 1299 cognoscentes

511 1320 698 1390 Deum,
742 1322 843 1376 imo
871 1322 1057 1394 cogniti
1087 1339 1118 1374 a
1153 1321 1260 1376 Deo
1296 1319 1490 1395 (Galat.
1526 1338 1600 1388 tv,
1638 1321 1717 1392 9).
1747 1321 1927 1390 Neque
1955 1321 2096 1374 enim

510 1423 639 1472 tunc
661 1431 755 1471 eos
781 1424 1102 1487 cognoverat
1127 1416 1290 1484 Deus,
1329 1416 1679 1486 praecognitos
1705 1415 1952 1469 videlicet
1975 1421 2098 1469 ante

508 1506 941 1562 constitutionem
991 1508 1172 1562 mundi
1193 1506 1236 1580 (Ι
1283 1506 1479 1571 Petr.t,
1513 1503 1636 1576 lO);
1677 1505 1769 1558 sed
1809 1505 1931 1575 quia
1972 1513 2096 1559 tunc

506 1591 607 1662 ipsi
632 1607 755 1647 eum
787 1592 927 1647 illius
955 1607 1194 1661 munere,
1238 1608 1342 1646 non
1389 1606 1486 1645 suo
1515 1589 1706 1645 merito
1734 1590 1815 1643 vel
1844 1588 2094 1643 facultate

504 1690 884 1753 cognoverant,
914 1683 1101 1738 maluit
1135 1683 1337 1753 tropice
1364 1683 1528 1752 loqui,
1560 1690 1618 1735 ut
1646 1689 1770 1734 tunc
1796 1680 1863 1734 ab
1888 1681 1975 1734 illo
2003 1695 2095 1734 co-

501 1774 680 1844 gnitos
708 1773 929 1843 diceret,
952 1790 1074 1830 cum
1102 1775 1180 1830 eis
1208 1773 1637 1845 cognoscendum
1664 1788 1722 1828 se
1749 1772 2009 1842 prmstitit,
2038 1779 2092 1826 et

500 1864 723 1922 verbum
744 1866 1030 1939 corrigere,
1054 1868 1205 1938 quasi
1228 1869 1329 1922 hoc
1351 1869 1526 1921 minus
1544 1873 1692 1920 recte
1710 1864 1920 1928 dixerit,
1947 1863 2088 1933 quod

501 1959 712 2028 proprie
750 1959 975 2026 dixerat,
1020 1975 1179 2031 quam
1208 1962 1382 2014 sinere
1421 1969 1481 2014 ut
1522 1958 1625 2013 hoc
1653 1958 1753 2013 sibi
1780 1963 2089 2028 arrogarent

499 2065 560 2108 se
585 2051 839 2122 potuisse,
869 2053 1010 2124 quod
1037 2053 1117 2108 eis
1144 2069 1296 2123 posse
1329 2054 1417 2108 ille
1443 2053 1752 2108 donaverat.

498 2142 725 2200 CAPUT
760 2143 830 2199 X.
856 2174 930 2184 —
955 2143 1175 2210 Quaestio
1203 2161 1270 2198 an
1305 2145 1414 2214 ipse
1455 2143 1590 2198 Deus
1629 2143 1832 2214 proprie
1866 2142 2088 2214 requies‘

1097 2251 1208 2292 cere
1243 2237 1478 2306 potuerit.

565 2326 658 2383 20.
698 2327 796 2384 llic
815 2343 942 2400 ergo
961 2329 1282 2397 intellectus,
1309 2331 1361 2384 in
1381 2345 1447 2384 eo
1466 2329 1607 2399 quod
1629 2331 1856 2398 positum
1887 2339 1968 2385 est
1998 2345 2081 2384 re-

491 2419 762 2491 quievisse
801 2421 967 2476 Deum
1002 2421 1071 2476 ab
1101 2423 1347 2476 omnibus
1371 2422 1623 2491 operibus
1649 2423 1780 2490 suis,
1813 2439 1930 2492 quae
1958 2422 2082 2477 fecit

493 2513 630 2568 bona
652 2514 824 2580 valde,
847 2515 967 2585 quia
997 2515 1112 2585 ipse
1144 2531 1241 2571 nos
1262 2516 1385 2572 facit
1409 2517 1763 2586 requiescere,
1797 2533 1917 2572 cum
1943 2518 2080 2573 bona

496 2621 658 2676 opera
680 2605 985 2675 fecerimus,
1014 2609 1328 2678 quibusdam
1356 2608 1494 2664 forte
1521 2609 1824 2664 suffecerit:
1857 2611 1952 2666 sed
1982 2625 2079 2667 nos

491 2696 648 2767 hujus
664 2698 942 2778 sententiae
960 2699 1350 2770 Scripturarum
1369 2701 1796 2757 consideratione
1807 2711 2072 2772 suscepta,

492 2805 744 2860 urgemur
787 2807 1029 2870 qumrere
1055 2794 1450 2863 quonammodo
1492 2803 1547 2851 et
1589 2796 1702 2864 ipse
1744 2781 2078 2866 requiescere

489 2883 756 2951 potuerit;
783 2886 1026 2953 quamvis
1050 2889 1234 2957 requie
1258 2901 1352 2942 sua
1373 2887 1526 2942 nobis
1552 2888 1835 2954 insinuata,
1859 2905 2076 2961 sperare

494 2975 830 3031 admonuerit
873 2977 928 3031 in
969 2993 1028 3033 se
1070 2981 1311 3053 requiem
1352 2990 1588 3036 nostram
1627 2981 1881 3037 futuram.
1926 2983 2076 3039 Sicut

486 3065 630 3120 enim
675 3065 790 3137 ipse
827 3067 955 3123 fecit
989 3070 1184 3125 caelum
1223 3079 1278 3125 et
1311 3084 1528 3139 terram,
1568 3081 1623 3127 et
1656 3088 1716 3128 ea
1750 3091 1868 3145 qua:
1902 3076 1956 3129 in
1995 3076 2074 3131 eis

485 3166 630 3223 sum,
676 3166 731 3213 et
769 3159 943 3214 omnia
989 3170 1141 3217 sexto
1169 3162 1257 3218 die
1294 3166 1712 3231 consummavit;
1756 3182 1853 3222 nec
1899 3167 1951 3222 in
1995 3169 2074 3224 eis

485 3248 686 3320 aliquid
712 3249 815 3305 dici
840 3261 1016 3322 potest
1036 3269 1134 3308 nos
1155 3269 1389 3319 creasse,
1415 3255 1504 3310 illo
1529 3255 1759 3312 donante
1788 3266 1844 3312 ut
1863 3274 2074 3316 creare-

483 3355 624 3406 mus,
660 3351 715 3397 et
752 3342 872 3398 ideo
901 3344 1098 3399 dictum
1137 3361 1278 3413 esse,
1318 3345 1694 3402 Consummavit
1728 3349 1864 3405 Deus
1903 3351 1955 3404 in
1993 3353 2074 3408 die

482 3442 622 3487 sexto
657 3449 810 3506 opera
846 3452 940 3489 sua
964 3452 1076 3506 qua:
1098 3439 1237 3509 fecit,
1261 3438 1380 3507 quia
1412 3447 1468 3492 ut
1496 3454 1526 3492 a
1557 3440 1709 3494 nobis
1735 3455 2074 3498 consumma-

482 3534 669 3581 rentur
695 3527 810 3597 ipse
840 3530 1085 3598 prmstitit
1108 3547 1122 3584 :
1147 3530 1220 3584 ita
1249 3540 1302 3586 et
1328 3529 1470 3601 quod
1497 3530 1695 3587 dictum
1724 3541 1824 3597 est,
1856 3533 2072 3604 Requie-

481 3616 548 3668 uit
585 3615 722 3671 Deus
750 3619 803 3671 in
843 3619 924 3672 die
956 3620 1169 3686 septimo
1202 3619 1264 3673 ab
1300 3621 1531 3676 omnibus
1568 3624 1801 3694 operibus
1829 3625 1933 3679 suis
1958 3642 2072 3696 qua

482 3707 619 3778 fecit,
651 3723 754 3764 non
783 3711 966 3780 utique
992 3721 1231 3766 nostram
1261 3715 1523 3783 requiem,
1553 3731 1710 3785 quam
1742 3718 2071 3775 concedente

485 3797 602 3866 ipso
638 3799 878 3868 adepturi
920 3818 1124 3869 sumus,
1171 3804 1264 3858 sed
1294 3805 1460 3873 ipsius
1495 3807 1738 3875 primitus
1773 3808 2069 3880 intelligere

479 3888 757 3956 debemus,
790 3906 892 3961 qua
919 3892 969 3946 in
1006 3895 1232 3963 septimo
1266 3894 1352 3949 die
1383 3897 1659 3966 requievit,
1685 3901 2069 3956 consummatis

479 3982 762 4051 Operibus;
792 3992 849 4037 ut
870 3984 1014 4052 prius
1041 3987 1219 4040 omnia
1244 4002 1364 4056 quae
1382 3986 1578 4056 scripta
1605 3998 1730 4043 sunt
1749 3989 1886 4044 facta
1915 4006 2066 4046 mon-

479 4080 737 4143 strentur,
766 4084 818 4129 et
847 4076 1037 4134 deinde
1067 4077 1110 4132 si
1149 4093 1282 4147 opus
1309 4088 1411 4146 est,
1455 4080 1613 4134 etiam
1643 4081 1838 4152 aliquid
1868 4083 2067 4152 signiti-

481 4180 633 4233 casse
676 4165 987 4222 doceantur.
1040 4169 1205 4224 Recte
1254 4171 1448 4240 quippe
1487 4172 1701 4241 dicitur,
1747 4175 1886 4229 sicut
1925 4177 2065 4231 Deus

478 4265 599 4326 post
635 4272 796 4327 opera
836 4274 930 4312 sua
957 4259 1094 4313 bona
1125 4262 1404 4330 requievit,
1445 4263 1512 4318 ita
1539 4272 1595 4318 et
1622 4280 1718 4318 nos
1747 4275 1864 4333 post
1901 4281 2063 4336 Opera

477 4359 658 4405 nostra
687 4352 822 4406 bona
854 4354 1210 4422 requieturos.
1251 4353 1354 4409 Sed
1385 4356 1454 4410 ob
1485 4355 1586 4411 hoc
1612 4359 1771 4411 etiam
1799 4367 1944 4412 recte
1971 4359 2067 4414 ﬂa-

473 4442 690 4510 gitatur,
730 4451 788 4498 ut
816 4445 1264 4512 quemadmodum
1306 4446 1632 4516 disputatum
1668 4457 1752 4503 est
1787 4449 1855 4504 de
1884 4451 2064 4519 operi-

475 4533 574 4588 bus
600 4535 718 4601 Dei,
751 4551 869 4605 quae
896 4537 1060 4606 ipsius
1087 4553 1208 4592 esse
1244 4539 1372 4593 satis
1400 4549 1649 4609 apparet;
1689 4541 1759 4595 ita
1783 4540 1850 4596 de
1876 4542 2062 4612 requie

475 4626 570 4681 Dei
613 4627 742 4681 satis
790 4627 1118 4696 disseratur,
1167 4646 1286 4700 quae
1331 4632 1576 4701 propria‘
1618 4632 1785 4702 ipsius
1835 4632 2061 4689 demon-

471 4727 689 4774 stretur.

470 4792 695 4868 CAPUT
711 4810 879 4866 XL—
900 4814 1162 4880 Quomodo
1191 4825 1458 4886 utrumque
1477 4826 1690 4883 constat,
1712 4816 1879 4873 Deum
1901 4819 1956 4872 in
1980 4820 2062 4874 die

648 4908 860 4976 septimo
889 4909 1204 4977 requievisse,
1237 4918 1283 4960 et
1311 4925 1442 4962 nunc
1470 4926 1626 4980 usque
1655 4913 1872 4980 operari.
2040 4971 2042 4974 ,

540 4998 632 5053 21.
686 4998 1021 5068 Quapmpter
1072 5001 1364 5068 justissima
1426 5001 1635 5057 ratione
1685 5005 2058 5073 compellimur

469 5087 740 5158 indagare,
765 5090 809 5143 si
840 5091 1129 5154 valeamus,
1158 5101 1316 5161 atque
1337 5092 1532 5162 eloqui,
1562 5095 1830 5162 quomodo
1853 5105 2058 5150 utrum-

467 5197 572 5250 que
606 5183 670 5236 sit
701 5198 911 5248 verum,
942 5193 995 5238 et
1029 5183 1167 5253 quod
1197 5182 1281 5238 hic
1309 5186 1564 5254 scriptum
1605 5195 1706 5249 est,
1735 5187 1786 5240 in
1823 5187 2053 5254 septimo

465 5275 551 5330 die
586 5277 909 5346 requievisse
946 5277 1111 5332 Deum
1143 5280 1209 5331 ah
1236 5279 1487 5347 operibus
1512 5280 1642 5346 suis,
1670 5296 1786 5349 qua:
1813 5279 1966 5343 fecit;
1999 5289 2054 5337 et

466 5368 607 5438 quod
654 5371 705 5422 in
737 5369 1026 5440 Evangelio
1068 5370 1195 5424 dicit
1234 5371 1367 5441 ipse,
1414 5387 1510 5439 per
1547 5387 1702 5442 quem
1744 5372 1880 5428 facta
1928 5383 2051 5429 sunt

461 5462 665 5527 Omnia,
699 5459 849 5514 Pater
877 5478 1016 5514 meus
1051 5478 1204 5528 usque
1227 5478 1359 5515 nunc
1391 5472 1646 5534 operatur,
1684 5473 1729 5516 et
1757 5480 1847 5534 ego
1871 5480 2052 5532 operor

469 5550 648 5623 (Joan.
679 5567 736 5619 ν,
781 5553 894 5625 Π).
929 5554 1018 5607 Eis
1061 5553 1202 5606 enim
1243 5552 1347 5608 hoc
1377 5554 1671 5624 respondit,
1704 5560 1792 5624 qui
1835 5567 2050 5625 propter

463 5646 706 5715 requiem
747 5645 840 5700 Dei
877 5644 1166 5713 Scriptura:
1205 5643 1362 5712 hujus
1390 5645 1703 5702 auctoritate
1759 5648 2047 5718 antiquitus

461 5737 896 5794 commendatum
924 5736 1221 5801 sabbatum,
1249 5735 1317 5791 ab
1336 5752 1401 5792 eo
1429 5753 1534 5793 non
1557 5738 1827 5793 observari
1853 5755 2044 5796 onere-

523 5848 942 5912 ίωμωηιιο.
963 5847 1174 5912 πυρήια

1459 369 1549 424 DE
1586 363 1832 424 GENESI
1869 361 1960 417 AD
1999 357 2371 433 LITTERAM,
2413 366 2471 421 S.
2511 369 2881 430 AUGUSTINI

2177 532 2181 536 .
2220 481 2430 538 bantur.
2463 481 2533 539 Et
2556 483 2659 539 dici
2684 485 2896 555 quidem
2921 485 3260 556 probabiliter
3283 497 3480 561 potest,
3508 493 3806 551 observem

3699 383 3808 441 θοι

2217 574 2342 628 dum
2373 576 2647 633 sabbatum
2673 577 2872 635 Iudaeis
2901 577 3062 636 fuisse
3081 590 3403 653 praeceptum
3431 585 3484 640 in
3507 587 3697 642 umbra
3719 588 3803 644 fu-

2217 666 2344 736 turi,
2374 682 2493 738 qua:
2524 671 2850 740 spiritualem
2891 673 3126 744 requiem
3165 673 3435 745 ﬁguraret,
3467 693 3624 749 quam
3654 681 3798 736 Deus

2214 761 2457 831 exemplo
2480 761 2637 832 hujus
2653 764 2845 833 quietis
2865 781 2974 820 suae
2997 765 3241 822 fidelibus
3261 768 3398 824 bona
3415 785 3578 841 opera
3594 774 3800 829 facien-

2214 851 2352 908 tibus
2376 869 2567 910 arcana
2593 856 2979 927 significatione
3011 860 3377 931 pollicebatur.
3403 864 3568 935 Cujus
3599 867 3799 937 quietis

2211 951 2268 1000 et
2304 945 2418 1014 ipse
2444 946 2702 1004 Dominus
2727 947 2988 1017 Christus,
3023 951 3113 1022 qui
3136 953 3362 1012 nonnisi
3388 955 3600 1025 quando
3626 948 3808 1014 voluit

2210 1051 2398 1106 passus
2423 1047 2526 1107 est,
2557 1042 2715 1096 etiam
2737 1043 3008 1112 sepultura
3039 1058 3132 1099 sua
3169 1047 3478 1116 mysterium
3503 1049 3794 1104 confirma-

2210 1129 2306 1184 vit.
2335 1129 2494 1201 lpso‘
2533 1132 2728 1203 quippe
2754 1134 2842 1190 die
2887 1135 3090 1191 sabbati
3117 1135 3377 1206 requievit
3422 1138 3472 1193 in
3517 1140 3790 1209 sepulcro,

2205 1235 2435 1292 eumque
2456 1231 2622 1278 totum
2652 1223 2790 1280 diem
2821 1226 3001 1280 habuit
3029 1235 3227 1282 sanctae
3252 1228 3524 1297 cujusdam
3555 1232 3794 1287 vacatio.

2203 1313 2308 1380 nis,
2341 1323 2680 1387 posteaquam
2707 1328 2860 1374 sexto
2881 1319 2988 1384 die,
3016 1320 3064 1374 id
3086 1329 3169 1375 est
3195 1337 3499 1391 parasceve,
3524 1341 3682 1395 quam
3712 1326 3795 1382 di-

2201 1414 2329 1459 cunt
2366 1417 2570 1462 sextam
2599 1409 2824 1476 sabbati,
2855 1411 3242 1467 consummavit
3267 1415 3442 1469 omnia
3473 1429 3637 1486 Opera
3664 1432 3783 1485 sua,

2199 1510 2319 1551 cum
2349 1496 2417 1552 de
2446 1497 2538 1553 illo
2563 1516 2681 1570 qua:
2715 1501 2911 1571 scripta
2946 1512 3089 1570 sunt,
3121 1503 3174 1558 in
3213 1504 3328 1573 ipso
3353 1506 3524 1561 crucis
3548 1508 3790 1578 patibulo

2199 1588 2612 1656 complerentur.
2642 1590 2773 1646 Nam
2794 1602 2849 1649 et
2878 1592 2980 1649 hoc
3003 1594 3165 1649 verbo
3192 1609 3318 1650 usus
3341 1605 3426 1650 est
3444 1597 3656 1666 quando
3675 1599 3748 1652 ait
3771 1617 3785 1652 :

2197 1675 2608 1735 Consummatum
2631 1694 2742 1750 est;
2769 1693 2813 1738 et
2847 1685 3088 1740 inclinato
3120 1688 3286 1758 capite
3314 1689 3524 1742 tradidit
3546 1691 3786 1760 spiritum

2197 1768 2374 1844 (Joan.
2406 1775 2794 1845 xtx,50).Quid
2826 1792 2953 1847 ergo
2981 1779 3169 1832 mirum
3201 1779 3244 1833 si
3279 1779 3418 1835 Deus
3432 1781 3588 1836 istum
3616 1783 3783 1848 diem,

2195 1877 2299 1932 quo
2323 1873 2437 1919 erat
2456 1865 2700 1922 Christus
2726 1867 2777 1922 in
2805 1869 3075 1938 sepultura
3097 1871 3391 1940 quieturus,
3416 1873 3598 1928 volens
3619 1875 3783 1928 etiam

2194 1955 2297 2010 hoc
2339 1957 2498 2013 modo
2530 1962 2909 2029 praenuntiam,
2946 1962 3014 2017 ab
3042 1963 3293 2032 cperibus
3321 1965 3433 2021 suis
3471 1965 3524 2020 in
3559 1981 3665 2021 uno
3692 1967 3784 2023 die

2193 2049 2472 2118 requievit,
2505 2051 2757 2133 deinceps
2797 2061 3112 2123 operaturus
3154 2055 3394 2111 ordinem
3435 2058 3780 2127 saeculorum,

2190 2155 2251 2196 ut
2297 2149 2352 2196 et
2390 2142 2517 2197 illud
2572 2159 2698 2200 vere
2733 2145 3021 2212 diceretur,
3067 2145 3226 2200 Pater
3264 2165 3402 2202 meus
3441 2165 3598 2220 usque
3644 2165 3781 2204 nunc

2189 2241 2427 2300 operatur
2441 2235 2468 2288 .9

2186 2325 2414 2382 CAPUT
2452 2326 2566 2382 XII.
2603 2357 2676 2369 —
2699 2327 2818 2382 Alia
2855 2329 2984 2383 ratio
3018 2329 3322 2385 conciliandi
3357 2330 3677 2402 Scripturam
3703 2333 3772 2388 de

2452 2421 2624 2490 requie
2648 2431 2695 2474 et
2721 2422 2784 2475 de
2802 2421 3041 2474 continua
3069 2423 3356 2491 operatione
3379 2422 3495 2478 Dei.
3719 2476 3722 2480 .

2256 2511 2346 2566 22.
2387 2512 2573 2568 Potest
2603 2514 2763 2568 etiam
2797 2514 3015 2584 intelligi
3038 2514 3203 2568 Deum
3229 2514 3554 2585 requievisse
3577 2531 3607 2571 a
3638 2532 3774 2572 con-

2185 2604 2373 2660 dendis
2394 2605 2677 2676 generibus
2697 2617 2976 2670 creaturae,
3005 2607 3127 2676 quia
3153 2607 3290 2661 ultra
3310 2607 3419 2678 jam
3453 2625 3558 2663 non
3587 2609 3774 2664 condi-

2180 2696 2262 2752 dit
2285 2697 2458 2767 aliqua
2478 2712 2674 2767 genera
2696 2713 2831 2752 nova
2856 2715 2868 2750 ε
2894 2697 3146 2767 deinceps
3171 2707 3347 2753 autem
3370 2715 3537 2770 usque
3554 2716 3695 2755 nunc
3713 2710 3774 2756 et

2183 2788 2319 2842 ultra
2349 2789 2560 2858 operari
2601 2789 2914 2844 eorumdem
2939 2805 3192 2860 generum
3229 2789 3769 2860 administrationem,

2181 2897 2300 2952 quae
2328 2890 2454 2936 tunc
2491 2881 2729 2937 insrituta
2761 2891 2916 2948 sunt;
2958 2897 3064 2937 non
3107 2892 3163 2937 ut
3200 2883 3317 2952 ipso
3349 2884 3537 2938 saltem
3568 2883 3655 2939 die
3685 2900 3772 2940 se-

2183 2975 2349 3044 ptimo
2375 2975 2610 3043 potentia
2635 2974 2752 3045 ejus
2789 2991 2818 3028 a
2848 2975 2970 3031 celi
2997 2983 3052 3028 et
3077 2984 3252 3039 terrae,
3291 2977 3637 3047 omniumque
3674 2992 3766 3032 re-

2180 3082 2299 3122 rum
2323 3081 2456 3136 quas
2483 3065 2810 3131 condiderat,
2837 3066 3221 3134 gubernatione
3248 3076 3500 3132 cessaret,
3532 3066 3770 3138 alioquin

2178 3158 2430 3212 continuo
2459 3156 2837 3211 dilaberentur.
2861 3155 3134 3211 Creatoris
3172 3172 3400 3228 namque
3427 3159 3680 3228 potentia,
3713 3166 3773 3215 et

2178 3249 2556 3319 omnipotentis
2579 3256 2738 3320 atque
2764 3249 3142 3304 omnitenentis
3174 3249 3364 3316 virtus,
3393 3265 3551 3304 causa
3587 3251 3765 3306 subsi-

2178 3343 2350 3398 stendi
2387 3351 2471 3398 est
2516 3343 2660 3396 omni
2704 3353 2964 3398 creaturae
2995 3359 3007 3394 :
3037 3357 3154 3411 quae
3191 3343 3360 3397 virtus
3405 3343 3475 3398 ab
3521 3343 3599 3398 eis
3647 3359 3770 3412 qum

2177 3444 2352 3491 creata
2379 3442 2504 3491 sunt
2541 3435 2808 3505 regendis,
2839 3434 2884 3489 si
2912 3434 3196 3504 aliquando
3225 3443 3480 3500 cessaret,
3521 3435 3681 3490 simul
3709 3444 3769 3492 et

2180 3527 2389 3581 illorum
2415 3535 2652 3582 cessaret
2672 3526 2900 3595 species,
2923 3526 3201 3596 omnisque
3227 3535 3415 3580 natura
3437 3526 3766 3582 concideret.

2176 3619 2360 3689 Neque
2397 3619 2561 3685 enim,
2599 3619 2735 3672 sicut
2770 3627 3002 3672 structor
3029 3617 3222 3672 aedium
3252 3633 3373 3672 cum
3400 3617 3764 3685 fabricaverit,

2175 3710 2431 3775 abscedit,
2479 3719 2638 3779 atque
2679 3709 2770 3764 illo
2811 3716 3056 3763 cessante
3097 3719 3255 3778 atque
3293 3708 3616 3765 abscedente
3659 3719 3772 3765 stat

2175 3817 2312 3871 opus
2341 3801 2485 3871 ejus;
2519 3801 2590 3854 ita
2619 3799 2851 3855 mundus
2878 3800 2960 3854 vel
3000 3801 3105 3854 ictu
3130 3797 3270 3856 oculi
3309 3809 3452 3856 stare
3475 3801 3691 3872 poterit,
3721 3802 3770 3856 si

2159 3894 2221 3954 ei
2249 3894 2389 3947 Deus
2415 3892 2654 3963 regimen
2675 3892 2757 3946 sui
2785 3891 3125 3946 subtraxerit.

2244 3987 2334 4042 25.
2376 3985 2605 4040 Proinde
2629 3993 2685 4040 et
2703 3984 2846 4055 quod
2873 3985 3126 4040 Dominus
3145 3983 3239 4051 ait,
3263 3982 3422 4040 Pater
3445 4003 3585 4042 meus
3609 4002 3770 4057 usque

2172 4094 2307 4131 nunc
2336 4086 2594 4147 operatur,
2625 4076 3075 4132 continuationem
3101 4076 3385 4146 quamdam
3415 4079 3593 4146 operis
3621 4078 3763 4147 ejus.

2172 4186 2274 4241 qua
2304 4170 2606 4226 universam
2631 4180 2930 4225 creaturam
2957 4169 3195 4225 continet
3217 4178 3379 4241 atque
3403 4169 3765 4240 administrat,

2171 4263 2425 4318 ostendit.
2470 4263 2641 4318 Aliter
2687 4263 2828 4317 enim
2861 4269 3042 4332 posset
3087 4261 3307 4332 intelligi
3347 4262 3394 4317 si
3435 4261 3653 4328 diceret,
3694 4263 3766 4318 Et

2171 4372 2313 4411 nunc
2336 4365 2607 4427 operatur,
2637 4355 2727 4410 ubi
2757 4370 2862 4410 non
2887 4364 3031 4410 esset
3058 4369 3277 4410 necesse
3303 4364 3359 4408 ut
3387 4354 3564 4424 operis
3587 4355 3764 4409 couti-

2171 4450 2473 4504 nuationem
2502 4449 2903 4518 acciperemus:
2933 4447 3088 4501 aliter
3134 4454 3310 4501 autem
3353 4446 3494 4515 cogit
3531 4445 3761 4515 intelligi

2171 4555 2290 4594 cum
2317 4540 2408 4604 ait,
2446 4537 2617 4610 Usque
2642 4553 2798 4604 nunc,
2829 4552 2892 4591 ex
2922 4536 3016 4591 illo
3053 4536 3256 4590 scilicet
3283 4550 3389 4605 quo
3412 4545 3602 4591 cuncta
3633 4550 3760 4590 cum

2169 4632 2425 4690 conderet
2461 4640 2712 4702 Operatus
2747 4639 2846 4685 est.
2879 4628 2948 4684 Et
2972 4629 3112 4700 quod
3153 4629 3409 4699 scriptum
3449 4638 3532 4684 est
3556 4629 3622 4684 de
3663 4644 3758 4683 sa-

2168 4729 2365 4800 pientia
2390 4729 2528 4798 ejus,
2553 4726 2801 4797 Pertingit
2825 4743 2856 4779 a
2881 4726 2984 4796 ﬁne
3009 4742 3164 4797 usque
3189 4725 3259 4778 ad
3277 4726 3428 4795 ﬁnem
3458 4727 3675 4797 fortiter,
3711 4736 3761 4784 et

2169 4820 2390 4892 disponit
2431 4818 2600 4873 omnia
2645 4819 2862 4872 suaviter
2899 4817 3055 4886 (Sap.
3080 4832 3192 4880 VIII,
3228 4815 3318 4886 l);
3369 4815 3438 4871 de
3477 4831 3579 4886 qua
3627 4817 3757 4870 item

2166 4913 2426 4982 scriptum
2451 4920 2550 4974 est,
2579 4911 2720 4980 quod
2761 4917 2934 4964 motus
2973 4908 3090 4978 ejus
3113 4908 3303 4978 agilior
3325 4907 3657 4976 celeriorque
3684 4909 3758 4963 sit

2163 5006 2408 5061 omnibus
2426 5005 2656 5058 motibus
2677 5002 2836 5076 (Ibid.
2855 5018 2948 5068 vn,
2965 5001 3060 5072 24)
3078 5019 3093 5056 :
3113 5002 3242 5055 satis
3261 5011 3482 5072 apparet
3500 5010 3644 5057 recte
3673 5001 3760 5055 in-

2163 5098 2450 5160 tuentibus,
2478 5095 2616 5148 hunc
2636 5095 2806 5162 ipsum
2834 5092 3298 5161 incomparabilem
3323 5101 3377 5146 et
3401 5091 3751 5159 ineffabilem,

2160 5198 2214 5244 et
2241 5189 2284 5243 si
2312 5187 2479 5258 possit
2499 5186 2738 5256 intelligi,
2763 5185 3004 5240 stabilem
3028 5193 3228 5240 motum
3250 5200 3426 5251 suum,
3447 5185 3609 5241 rebus
3628 5200 3753 5241 eam

2160 5281 2400 5351 praebere
2436 5283 2670 5335 suaviter
2696 5277 3076 5347 disponendis;
3107 5292 3215 5348 quo
3247 5278 3428 5348 utique
3454 5279 3749 5344 subtracto,

2161 5372 2206 5426 si
2235 5371 2302 5426 ab
2332 5371 2432 5425 hac
2455 5370 2764 5439 operatione
2801 5369 3112 5435 cessaverit,
3139 5383 3232 5422 eas
3256 5368 3511 5423 continuo
3542 5369 3750 5436 peritu-

2159 5475 2267 5516 ras.
2300 5461 2366 5515 Et
2386 5460 2511 5514 illud
2536 5459 2677 5530 quod
2703 5460 2778 5514 ait
2800 5458 3090 5528 Apostolus
3109 5473 3230 5512 cum
3253 5463 3418 5513 Deum
3452 5457 3751 5513 Athenien—

2159 5552 2308 5608 sibus
2348 5553 2677 5623 praedicaret,
2713 5551 2779 5607 In
2816 5553 2904 5607 illo
2928 5552 3158 5617 uiuimus,
3203 5565 3251 5606 et
3286 5569 3540 5606 movemur
3575 5562 3620 5606 et
3653 5569 3751 5607 su-

2159 5663 2271 5701 mus
2301 5645 2436 5718 (Act.
2471 5663 2602 5714 xvn,
2628 5645 2745 5718 28),
2785 5645 2985 5717 liquide
3016 5647 3304 5718 cogitatum
3347 5659 3604 5718 quantum
3643 5645 3751 5702 hn-

2155 5754 2312 5795 mana
2346 5753 2511 5795 .mens
2557 5740 2722 5805 valet,
2767 5739 2980 5809 adjuvat
3035 5739 3174 5796 hanc
3227 5748 3582 5810 sententiam,
3636 5755 3748 5811 qua

2257 5864 2389 5919 Lov.,
2406 5857 2516 5908 ideo
2529 5855 2721 5921 quippe.
2748 5861 2802 5905 At
2815 5855 2923 5905 alia:
2945 5853 3187 5908 editiones
3202 5865 3256 5908 et
3275 5863 3406 5918 Mss,
3425 5854 3545 5918 ipso.
